4048 6494
162 423 248 479 33]
1558 405 1726 461 LIBEI

1837 404 2003 461 iNUS.

162 537 239 591 ille
266 540 336 588 est
362 527 444 600 qui
466 527 525 598 fit
558 541 717 579 causa
745 521 1039 595 generandi.
1069 520 1173 577 Sed
1202 519 1329 577 novi
1358 521 1449 591 qui
1490 535 1735 574 murmu-

161 635 304 684 rent:
334 618 465 690 Quid
510 617 591 685 si,
620 615 902 687 inquiunt,
944 629 1137 670 omnes
1179 612 1427 668 homines
1465 611 1632 667 velint
1671 611 1739 668 ab

161 716 292 775 omni
316 709 597 769 concubitu
624 707 936 772 continere;
969 705 1109 760 unde
1147 705 1404 760 subsistet
1443 719 1610 774 genus
1638 701 1737 756 bu-

161 808 397 867 manum?
417 803 634 861 Utinam
661 812 850 856 omnes
876 798 979 854 hoc
997 798 1220 863 vellent,
1244 796 1501 873 duntaxat
1526 796 1577 850 in
1605 794 1735 850 cha-

164 904 303 959 ritate
325 898 390 953 de
414 894 581 951 corde
622 908 759 965 puro
784 900 839 948 et
875 890 1201 946 conscientia
1248 889 1385 943 bona
1415 878 1602 944 et'ﬁde
1629 881 1734 942 non

164 994 269 1047 ﬁcta
296 989 333 1061 (l
350 986 480 1041 Tim.
513 1001 550 1051 ι,
578 982 637 1055 5)
655 1003 669 1039 :
686 983 853 1039 multo
873 982 1031 1038 citius
1045 981 1139 1036 Dei
1153 980 1339 1035 civitas
1352 979 1729 1050 compleretur,

164 1094 213 1139 et
248 1081 630 1136 acceleraretur
677 1075 936 1132 terminus
973 1073 1175 1130 saeculi.
1225 1072 1361 1142 Quid
1403 1073 1546 1129 enim
1591 1071 1735 1127 aliud

168 1174 348 1231 hortari
370 1180 590 1243 apparet
615 1157 956 1241 Apostolum,
989 1167 1077 1222 ubi
1103 1168 1197 1234 ait,
1240 1182 1362 1222 cum
1390 1164 1513 1221 inde
1544 1165 1733 1236 loque-

165 1278 316 1333 retur,
349 1263 535 1319 Vellem
555 1278 729 1317 omnes
750 1277 856 1317 esse
869 1261 998 1314 sicut
1018 1275 1099 1313 me
1122 1258 1330 1329 ipsum?
1349 1259 1455 1313 Aut
1474 1257 1564 1313 illo
1584 1256 1730 1313 loco:

168 1358 269 1413 lloc
294 1366 451 1410 autem
473 1355 610 1421 dico,
634 1358 817 1425 fratres
841 1367 860 1406 :
879 1361 1076 1421 tempus
1103 1352 1246 1404 breue
1268 1358 1375 1414 est;
1395 1349 1642 1420 reliquum
1662 1357 1735 1402 est

165 1458 211 1503 ut
229 1460 272 1503 et
300 1448 348 1501 hi
373 1446 458 1516 qui
481 1446 667 1500 habent
695 1459 877 1498 uxores
895 1484 911 1510 ,
950 1451 1187 1512 tanquam
1213 1456 1314 1495 non
1340 1440 1573 1494 habentes
1597 1439 1735 1505 sint;

164 1548 205 1595 ct
228 1556 310 1601 qui
339 1540 481 1605 ﬂent,
522 1547 760 1608 tanquam
784 1551 886 1590 non
917 1536 1093 1604 [lentes
1110 1549 1133 1598 ;
1156 1542 1202 1588 et
1237 1532 1323 1604 qui
1345 1532 1586 1604 gaudent,
1616 1540 1734 1585 tan-

162 1648 300 1701 quam
322 1646 418 1684 non
445 1620 759 1700 gaudentes;
787 1634 835 1681 et
858 1627 946 1697 qui
968 1633 1159 1691 emunt,
1183 1633 1421 1696 tanquam
1441 1640 1541 1677 non
1560 1638 1733 1677 emen-

166 1734 256 1778 tes:
281 1731 325 1776 et
354 1720 437 1792 qui
472 1727 691 1774 utuntur
716 1719 812 1773 hoc
836 1717 1046 1783 mundo,
1076 1726 1313 1788 tanquam
1337 1731 1438 1769 non
1477 1722 1684 1769 utantur
1712 1729 1761 1799 :_

165 1816 363 1886 premit
388 1813 525 1867 enim
546 1812 715 1882 ﬁgura
740 1810 891 1881 hujus
920 1809 1117 1863 mundi.
1158 1807 1285 1863 Volo
1304 1824 1390 1862 vos
1413 1807 1521 1861 sine
1538 1806 1733 1861 sollici-

165 1903 319 1957 tudine
338 1919 458 1956 esse.
486 1901 692 1957 Deinde
721 1900 990 1972 subjungit
1015 1918 1027 1953 :
1059 1900 1159 1966 Qui
1190 1901 1298 1954 sine
1320 1916 1478 1954 uxore
1503 1908 1573 1955 cst
1591 1941 1607 1968 ,
1648 1916 1733 1954 co-

164 1997 277 2069 gitat
309 2010 367 2051 ea
396 2009 514 2065 quae
552 2001 671 2047 sunt
710 1991 949 2058 Domini,
991 1992 1240 2061 quomodo
1264 1991 1461 2063 placeat
1490 1990 1729 2045 Domino.

168 2088 258 2156 Qui
279 2095 435 2142 autem
464 2084 790 2141 matrimonio
816 2084 1113 2151 coniunctus
1135 2092 1207 2137 est
1223 2124 1238 2149 ,
1269 2083 1454 2154 cogitat
1482 2099 1593 2152 qua:
1616 2091 1734 2138 sunt

164 2179 338 2244 mundi,
359 2179 614 2250 quomodo
641 2179 838 2251 placeat
868 2176 1035 2233 uxori.
1063 2174 1133 2230 Et
1160 2175 1321 2231 divisa
1344 2186 1417 2231 est
1446 2177 1626 2231 mulier
1652 2177 1733 2231 in-

164 2282 304 2342 nupta
326 2281 369 2327 et
394 2272 535 2343 virgo
554 2272 573 2304 ί
606 2262 766 2343 ε’ᾳηιε
788 2271 1002 2343 innupta
1030 2279 1134 2341 est,
1175 2270 1392 2327 sollicita
1422 2280 1499 2327 est
1526 2288 1585 2326 ea
1621 2287 1734 2343 quae

164 2376 267 2421 sunt
284 2364 504 2432 Domini,
532 2370 587 2419 ut
606 2367 670 2419 sit
689 2374 864 2419 sancta
891 2374 937 2419 et
962 2380 1173 2436 corpore
1199 2372 1245 2419 et
1268 2366 1484 2435 spiritu;
1507 2379 1622 2437 qua!
1639 2381 1733 2420 att-

164 2466 248 2511 tem
267 2446 414 2527 nupta
444 2463 541 2518 est,
579 2456 797 2510 sollicita
829 2465 902 2511 est
936 2472 1051 2527 qua:
1084 2464 1204 2511 sunt
1239 2458 1447 2524 mundi,
1478 2458 1731 2527 quomodo

163 2547 339 2617 placeat
360 2546 483 2601 uiro.
518 2546 669 2602 Unde
694 2546 825 2601 mihi
850 2545 1062 2602 videtur
1082 2547 1186 2602 hoc
1209 2556 1449 2617 tempore
1469 2549 1613 2603 solos
1636 2563 1730 2605 eos

161 2638 242 2706 qui
273 2652 329 2692 se
352 2653 451 2692 non
482 2637 795 2703 continent,
830 2637 1104 2708 conjugari
1136 2647 1405 2708 oportere,
1434 2639 1728 2695 secundum

160 2729 294 2784 illam
321 2729 552 2799 ejusdem
587 2729 817 2800 apostoli
855 2729 1177 2785 sententiam
1213 2746 1226 2782 :
1263 2729 1412 2796 Quod
1449 2731 1492 2784 si
1533 2747 1584 2785 se
1628 2748 1729 2786 non

160 2820 415 2886 continent,
442 2820 670 2885 nubant;
692 2821 869 2875 melius
883 2829 957 2875 est
986 2821 1118 2874 enim
1148 2820 1333 2875 nubere
1350 2838 1501 2891 quam
1527 2822 1629 2875 uri.

224 2910 306 2965 11.
344 2910 445 2967 Nec
470 2912 604 2981 ipsis
631 2912 1114 2981 tamen'peccatum
1137 2921 1260 2967 sunt
1289 2914 1508 2982 nuptiae,
1533 2929 1651 2984 qua:
1681 2914 1727 2970 si

158 3000 207 3056 in
227 2996 611 3073 comparatione
638 3002 1006 3059 fornicationis
1030 2990 1375 3074 eligerentur,
1408 3005 1584 3061 minus
1605 3021 1727 3076 pec-

158 3104 315 3149 catum
343 3104 517 3151 essent
560 3088 723 3166 quam
748 3094 1069 3163 ‘l’ornicatio,
1098 3095 1194 3152 sed
1239 3106 1413 3153 tamen
1450 3109 1724 3168 peccatum

157 3195 335 3240 essent.
364 3186 507 3242 Nunc
531 3178 713 3242 autem
736 3174 863 3257 quid
889 3186 1082 3243 dicturi
1107 3202 1293 3244 sumus
1326 3188 1584 3245 adversus
1610 3190 1724 3245 evi-

158 3273 496 3331 dentissimam
528 3268 718 3333 vocem
746 3266 987 3355 Apostoli
1028 3276 1253 3336 dicentis
1282 3268 1477 3349 {Quod
1512 3280 1618 3336 vult
1645 3283 1726 3355 fa-

158 3366 280 3429 ciat;
306 3384 399 3421 non
421 3364 616 3439 peccat,
639 3368 687 3422 si
696 3369 850 3422 nubat
872 3354 990 3435 ;‘et,
1015 3368 1341 3441 Siacceperis
1362 3387 1590 3439 uxorem,
1622 3390 1726 3429 non

157 3459 395 3523 peccasti;
424 3467 468 3511 et
488 3459 537 3513 si
558 3450 786 3529 nupserit
814 3459 974 3531 uirgo,
1004 3460 1104 3515 non
1134 3471 1306 3531 peccat
1334 3461 1373 3534 (l
1406 3462 1524 3518 Cor.
1547 3480 1639 3531 vn,
1667 3466 1720 3530 7,

154 3543 344 3618 28-56).
374 3548 506 3604 Hinc
535 3558 686 3605 certe
706 3550 817 3621 jam
858 3551 1105 3607 dubitare
1146 3553 1225 3609 fas
1265 3571 1371 3609 non
1403 3566 1485 3611 est
1513 3559 1724 3629 nuptias

154 3650 248 3691 non
265 3653 377 3694 esse
403 3650 703 3710 peccatum.
729 3641 844 3696 Non
874 3642 1053 3714 itaque
1081 3644 1292 3714 nuptias
1316 3648 1607 3702 secundum
1633 3665 1725 3705 ve-

155 3729 278 3783 niam
306 3732 551 3787 concedit
579 3733 867 3804 Apostolus
897 3751 911 3790 :
945 3749 1066 3789 nam
1096 3735 1215 3807 quis
1256 3737 1490 3808 ambigat
1532 3739 1723 3795 absur-

155 3820 350 3878 dissime
387 3823 491 3879 dici
543 3840 650 3879 non
690 3840 786 3880 eos
825 3839 1077 3896 peccasse
1117 3822 1313 3898 quibus
1339 3831 1493 3885 venia
1523 3830 1725 3888 datur?

154 3911 242 3966 Sed
269 3914 409 3970 illum
454 3918 801 3972 concubitum
849 3920 1144 3975 secundum
1187 3923 1395 3977 veniam
1440 3926 1720 3995 concedit,

154 4003 229 4071 qui
250 4004 301 4058 ﬁt
328 4021 419 4076 per
440 4008 904 4077 incontinentiam,
934 4025 1040 4066 non
1060 4012 1174 4067 sola
1198 4028 1357 4069 causa
1383 4017 1721 4086 procreandi,

150 4102 199 4147 et
235 4095 506 4165 aliquando
555 4099 697 4154 nulla
727 4114 884 4155 causa
927 4103 1280 4171 procreandi;
1325 4121 1483 4176 quem
1526 4109 1724 4179 nuptim

150 4200 243 4240 non
288 4188 396 4244 ﬁeri
441 4200 669 4262 cogunt,
705 4193 800 4248 sed
848 4194 1047 4264 ignosci
1095 4196 1417 4265 impetrant:
1452 4186 1498 4254 si
1545 4208 1724 4256 tamen

150 4292 243 4331 non
267 4279 331 4333 ita
362 4282 428 4335 sit
459 4283 682 4348 nimius,
710 4292 771 4338 ut
805 4284 1058 4355 impediat
1078 4302 1196 4357 quae
1224 4289 1456 4358 seposita
1479 4305 1601 4346 esse
1625 4292 1723 4347 de-

150 4368 263 4425 bent
284 4382 517 4444 tempora
539 4377 749 4444 orandi,
777 4392 876 4433 nec
900 4380 1211 4436 immutetur
1237 4382 1285 4436 in
1311 4397 1434 4438 eum
1458 4399 1611 4440 usum
1633 4385 1723 4455 qui

149 4472 222 4514 est
237 4473 412 4519 contra
443 4476 717 4533 naturam,
749 4468 815 4523 de
840 4485 946 4539 quo
972 4473 1259 4541 Apostolus
1288 4482 1467 4530 tacere
1497 4491 1603 4530 non
1626 4491 1723 4547 po-

150 4553 266 4617 tuit,
306 4572 423 4612 cum
463 4559 533 4614 de
560 4562 879 4631 corruptelis
907 4563 1084 4618 nimiis
1113 4566 1510 4623 immundorum
1533 4579 1588 4624 et
1617 4570 1719 4624 im-

146 4645 333 4712 piorum
366 4651 647 4706 hominum
678 4654 986 4724 loqueretur
1014 4655 1198 4725 (Rom.
1234 4674 1271 4721 ι,
1301 4659 1393 4727 26,
1422 4660 1489 4715 27
1513 4660 1555 4731 ).
1584 4661 1725 4717 Con-

147 4737 338 4794 cubitus
364 4742 507 4797 enim
539 4746 876 4800 necessarius
900 4762 1058 4802 causa
1086 4750 1395 4818 generandi,
1426 4752 1721 4822 inculpabi-

145 4828 204 4882 lis
241 4839 293 4885 et
326 4835 472 4889 solus
517 4837 632 4905 ipse
678 4839 929 4907 nuptialis
958 4849 1060 4895 est.
1103 4840 1197 4896 Ille
1241 4851 1417 4898 autem
1456 4846 1544 4916 qui
1582 4846 1719 4901 ultra

144 4918 282 4973 istam
314 4927 689 4982 necessitatem
722 4930 1078 5001 progreditur,
1104 4932 1215 5001 jam
1248 4950 1350 4989 non
1383 4936 1597 5006 rationi,
1624 4938 1719 4994 sed

144 5009 332 5069 libidini
358 5017 696 5089 obsequitur.
741 5021 811 5076 Et
842 5014 983 5079 hunc
1009 5030 1186 5081 tamen
1218 5042 1322 5082 non
1354 5030 1589 5101 exigere,
1623 5032 1719 5088 sed

143 5103 349 5163 reddere
387 5112 628 5182 eonjugi,
671 5128 739 5169 ne
770 5114 1081 5171 fornicando
1113 5112 1486 5178 dam‘nabiliter
1510 5133 1717 5193 peccet,

139 5194 196 5247 ad
217 5213 493 5265 personant
518 5206 749 5274 pertinet
770 5207 1123 5278 conjugalem.
1149 5209 1204 5265 Si
1236 5221 1412 5266 autem
1439 5214 1598 5269 ambo
1622 5216 1717 5271 tali

138 5292 577 5361 concupiscentia:
626 5292 960 5367 subiguntur,
1005 5315 1119 5354 rem
1175 5300 1376 5356 faciunt
1418 5319 1522 5358 non
1561 5306 1720 5377 plane

138 5383 448 5449 nuptiarum.
482 5388 863 5445 Verumtamen
890 5393 932 5446 si
956 5393 1124 5463 magis
1151 5394 1201 5449 in
1228 5410 1321 5450 sua
1343 5396 1719 5467 conjunctione

193 5515 388 5591 itectio
411 5518 623 5591 est
645 5522 855 5591 omnium
882 5524 987 5591 fere
1012 5534 1237 5591 veterum
1261 5535 1371 5591 Mss.
1393 5528 1632 5591 explicata
1655 5533 1719 5582 ab

135 5578 459 5653 Augustinum
484 5580 616 5653 libro
631 5583 692 5632 de
715 5592 881 5653 Sancta
903 5589 1209 5653 \‘irgtnitate,
1225 5602 1329 5650 cap.
1353 5590 1432 5650 22,
1455 5578 1505 5640 et
1530 5578 1575 5640 in
1592 5578 1717 5644 tiu};

134 5632 329 5713 depono
360 5643 635 5713 \itlnitatis,
669 5659 771 5713 cap.
806 5632 1337 5713 afq’dié’liiiidléin'ﬂié
1356 5632 1719 5713 ixi'ainié".§{iiii§

138 5697 251 5773 ritate
276 5705 536 5773 emendata
566 5697 870 5773 tui-tat'bunc
908 5697 956 5759 in
984 5697 1717 5766 multum'E'ﬁ'liirnéi'ésiilli}:

137 5760 402 5840 ldurnnptff.
438 5774 487 5813 ct
529 5765 664 5840 ""ng
692 5771 1023 5840 chjmnpta
1061 5760 1485 5840 admisisti};
1510 5760 1714 5840 illas-Elin

135 5826 466 5901 g'afruuntiam
492 5826 712 5897 culicum
737 5826 993 5883 latinorum
1019 5839 1199 5888 natavit
1222 5826 1611 5901 llicro'tymtts'iu
1632 5826 1711 5889 lib.

138 5878 334 5933 tuatua
369 5892 681 5938 tmizt'rzumm.

3342 423 3447 477 582

1854 519 2081 590 diligunt
2111 520 2253 591 quod
2285 521 2587 591 honestum,
2617 540 2774 597 quam
2797 527 2940 599 quod
2966 528 3308 589 inhonestum
3339 549 3439 600 est,

1848 611 1899 666 id
1926 619 2030 677 est,
2059 612 2199 683 quod
2225 621 2311 668 est
2332 615 2655 684 nuptiarum,
2681 634 2839 689 quam
2868 620 2920 675 id
2942 622 3082 692 quod
3110 639 3215 678 non
3245 634 3328 680 est
3346 643 3444 681 uu-

1846 703 2074 773 ptiarum
2092 746 2107 771 ,
2137 703 2240 760 hoc
2265 704 2345 759 eis
2371 715 2589 761 auctore
2618 709 2879 779 Apostolo
2907 715 3199 770 secundum
3230 718 3439 772 veniam

1841 793 2156 849 conceditur
2183 811 2197 848 :
2233 796 2387 866 cujus
2413 796 2591 853 delicti
2628 815 2736 854 non
2758 799 2960 856 habent
2991 804 3310 862 hortatrices
3340 825 3439 862 uu-

1843 887 2002 958 ptias,
2031 886 2126 943 sed
2153 886 2579 963 deprecatrices,
2618 891 2665 945 si
2694 891 2789 945 Dei
2820 893 3239 950 misericordiam
3272 880 3376 953 non
3408 915 3438 953 a

1842 994 1901 1034 se
1934 988 2200 1047 avertant,
2231 981 2317 1037 vel
2343 996 2451 1035 non
2481 982 2799 1038 abstinendo
2824 984 3141 1054 quibusdam
3168 988 3356 1043 diebus
3380 1003 3437 1043 ut

1842 1071 2172 1127 orationibus
2192 1080 2400 1141 vacent,
2420 1081 2474 1128 et
2500 1088 2597 1144 per
2622 1072 2759 1129 hanc
2780 1074 3156 1130 abstinentiam
3184 1079 3319 1132 sicut
3344 1096 3438 1149 per

1837 1160 2038 1233 jejunia
2062 1163 2440 1219 commendent
2469 1179 2657 1236 preces
2683 1179 2831 1233 suas,
2862 1166 2946 1220 vel
2978 1166 3309 1222 immutando
3336 1187 3434 1222 na-

1842 1255 2068 1311 turaletn
2095 1272 2247 1312 usum
2279 1257 2331 1311 in
2359 1272 2481 1313 eum
2506 1274 2661 1313 usum
2688 1256 2779 1329 qui
2818 1266 2904 1314 est
2941 1268 3129 1314 contra
3154 1269 3395 1314 naturam
3419 1302 3432 1325 ,

1840 1345 1981 1417 quod
2003 1346 2360 1404 damnabilius
2386 1350 2441 1403 lit
2461 1348 2514 1402 in
2540 1348 2786 1421 conjuge.

1908 1438 2137 1495 CAPUT
2175 1439 2265 1496 XI.
2292 1470 2365 1480 —
2392 1439 2481 1495 12.
2531 1439 2666 1497 Usus
2703 1450 2880 1496 contra
2922 1450 3160 1496 naturam
3196 1457 3432 1495 exsecra-

1840 1531 1989 1587 bilior
2009 1533 2060 1587 in
2086 1549 2265 1601 uxore,
2288 1549 2440 1603 quam
2464 1533 2518 1587 in
2543 1534 2823 1588 meretrice.
2848 1531 3193 1605 lnnuptarum
3216 1535 3433 1603 amplior

1838 1623 2081 1678 sanctitas
2110 1624 2481 1691 commendata,
2512 1640 2615 1678 non
2642 1632 2824 1697 negata
2860 1625 3104 1680 sanctitas
3128 1634 3428 1692 nuptarum.

1837 1713 1969 1769 Nam
1994 1729 2117 1770 cum
2146 1715 2235 1771 ille
2260 1715 2522 1771 naturalis
2549 1730 2701 1783 usus,
2731 1716 2946 1787 quando
2972 1716 3270 1786 prolabitur
3294 1716 3431 1770 ultra

1839 1815 1991 1877 pacta
2022 1807 2299 1878 nuptialia,
2342 1807 2396 1862 id
2436 1816 2538 1874 est,
2578 1808 2718 1864 ultra
2760 1808 3089 1879 propagandi
3132 1810 3430 1864 necessita-

1838 1907 1971 1968 tem,
2000 1899 2225 1955 venialis
2249 1900 2317 1955 sit
2356 1900 2409 1956 in
2450 1915 2637 1967 uxore,
2670 1902 2725 1956 in
2754 1900 3035 1957 meretrice
3058 1900 3379 1957 damnabilis
3408 1918 3426 1968 ;

1838 1990 1940 2046 iste
1963 1991 2053 2062 qui
2082 2000 2166 2047 est
2193 2000 2380 2048 contra
2410 2001 2676 2061 naturam,
2706 1992 3109 2049 exsecrabiliter
3140 1994 3197 2047 ﬁt
3226 1994 3278 2048 in
3310 2009 3429 2049 mc-

1838 2080 2052 2147 retrice,
2104 2081 2202 2137 sed
2246 2082 2632 2139 exsecrabilius
2679 2082 2733 2137 in
2785 2098 2973 2138 uxore.
3017 2082 3248 2138 Tantum
3292 2084 3433 2138 valet

1838 2162 2104 2229 ordinatio
2130 2172 2404 2231 Creatoris
2431 2184 2486 2232 et
2525 2174 2659 2231 ordo
2690 2184 2971 2242 creaturae,
3001 2183 3061 2230 ut
3090 2176 3144 2231 in
3172 2176 3334 2232 rebus
3363 2176 3430 2230 ad

1838 2262 2097 2319 utendum
2147 2266 2455 2333 concessis,
2500 2266 2661 2322 etiam
2715 2282 2837 2322 cum
2888 2266 3082 2322 modus
3132 2267 3428 2330 exceditur,

1838 2354 1997 2426 longe
2039 2357 2109 2410 sit
2153 2356 2506 2424 tolerabilius,
2552 2372 2712 2427 quam
2756 2358 2809 2412 in
2852 2358 2932 2413 eis
2962 2360 2978 2390 ί
3010 2373 3131 2429 quae
3171 2372 3424 2414 concessa

1837 2463 1942 2505 non
1973 2456 2119 2519 sunt,
2149 2448 2237 2507 vel
2267 2464 2405 2506 unus
2432 2450 2518 2505 vel
2549 2465 2704 2506 rarus
2731 2465 3005 2506 excessus.
3038 2449 3107 2505 Et
3136 2449 3255 2505 ideo
3285 2450 3337 2504 in
3368 2466 3426 2505 re

1835 2557 2092 2599 concessa
2124 2542 2497 2599 immoderatio
2525 2541 2795 2616 conjugis,
2826 2559 2895 2599 ne
2922 2542 2977 2598 in
3015 2557 3129 2598 rem
3157 2558 3265 2597 non
3291 2556 3426 2598 con-

1835 2649 2047 2690 cessam
2090 2634 2256 2689 libido
2300 2643 2646 2705 prorumpat,
2688 2634 2965 2691 toleranda
3011 2642 3115 2690 est.
3164 2634 3301 2691 illuc
3345 2642 3431 2691 est

1835 2727 1995 2780 etiam
2026 2725 2167 2795 quod
2218 2724 2374 2796 lange
2405 2726 2582 2780 minus
2625 2735 2811 2797 peccat
2857 2726 3151 2797 quamlibet
3180 2726 3429 2786 assiduus

1834 2816 1901 2872 ad
1930 2833 2169 2881 uxorem,
2215 2834 2374 2887 quam
2412 2818 2494 2873 vel
2537 2817 2846 2873 rarissimus
2884 2819 2951 2873 ad
2992 2817 3425 2875 fornicationem.

1833 2909 1965 2963 Cum
1994 2924 2122 2964 vero
2144 2909 2226 2964 vir
2253 2910 2495 2964 membro
2525 2910 2766 2965 mulieris
2792 2926 2901 2965 non
2930 2911 2997 2966 ad
3036 2911 3139 2968 hoc
3166 2927 3425 2968 concesso

1834 3000 1910 3054 uti
1938 3000 2187 3067 voluerit,
2234 3001 2442 3071 turpior
2483 3009 2567 3055 est
2604 3015 2739 3055 uxor
2781 3001 2827 3055 si
2871 3001 2924 3055 in
2966 3017 3058 3069 se,
3089 3018 3248 3073 quam
3283 3004 3329 3057 si
3373 3003 3425 3057 in

1832 3090 1934 3146 alia
1968 3091 2085 3147 ﬁeri
2114 3091 2439 3162 permiserit.
2474 3092 2645 3148 Decus
2674 3108 2803 3164 ergo
2848 3092 3126 3165 conjugale
3155 3103 3237 3149 est
3265 3095 3428 3149 casti-

1833 3193 1916 3241 tas
1963 3184 2298 3256 procreandi,
2348 3194 2404 3242 et
2450 3184 2707 3242 reddendi
2757 3186 2987 3241 carnalis
3035 3185 3203 3241 debiti
3254 3186 3423 3241 ﬁdes:

1834 3281 1936 3336 hoc
1962 3289 2044 3335 est
2071 3296 2206 3351 opus
2236 3281 2562 3352 nuptiarum,
2590 3277 2694 3335 hoc
2716 3279 2784 3335 ab
2811 3278 2959 3334 omni
2985 3279 3210 3335 crimine
3238 3278 3427 3335 defen-

1831 3372 1909 3428 dit
1934 3373 2223 3442 Apostolus
2252 3372 2515 3441 dicendo,
2544 3371 2613 3427 Et
2651 3372 2697 3427 si
2737 3373 2992 3443 acceperis
3034 3390 3279 3439 uxorem,
3324 3389 3426 3426 non

1832 3465 2093 3534 peccasti:
2119 3475 2168 3519 et
2206 3466 2251 3519 si
2292 3465 2520 3537 nupserit
2563 3464 2702 3535 virgo
2727 3503 2741 3529 ,
2773 3480 2875 3518 non
2915 3473 3126 3535 peccat;
3155 3473 3243 3531 et,
3276 3463 3425 3530 Quod

1830 3552 1936 3610 calt
1983 3556 2183 3627 faciat;
2230 3572 2333 3610 non
2383 3564 2575 3626 peccat,
2621 3554 2667 3608 si
2713 3553 2888 3608 nubat.
2942 3552 3202 3624 Exigendi
3242 3563 3422 3608 autem

1830 3646 1997 3702 debiti
2042 3648 2110 3702 ab
2157 3648 2418 3703 alterutro
2463 3662 2596 3703 sexu
2644 3647 3049 3704 immoderatior
3095 3649 3421 3718 progressio,

1831 3748 2050 3808 propter
2093 3739 2178 3793 illa
2211 3754 2331 3809 qua:
2374 3753 2535 3810 supra
2576 3737 2730 3806 dixit,
2762 3736 3082 3809 conjugibus
3127 3738 3421 3792 secundum

1830 3830 2039 3885 veniam
2087 3828 2421 3885 conceditur.

1904 3924 1991 3979 15.
2024 3921 2175 3990 Quod
2206 3938 2333 3993 ergo
2362 3922 2457 3990 ait,
2492 3921 2619 3990 Qua:
2643 3922 2859 3994 innupta
2888 3928 2981 3990 est,
3012 3921 3200 3993 cogitat
3226 3937 3286 3975 ea
3310 3936 3424 3992 qua:

1829 4026 1946 4074 sunt
1975 4016 2203 4083 Domini,
2235 4025 2290 4069 ut
2332 4016 2399 4071 sit
2439 4025 2614 4071 sancta
2654 4024 2701 4069 et
2735 4032 2945 4085 corpore
2983 4024 3030 4070 et
3072 4014 3275 4085 spiritu,
3315 4031 3419 4069 non

1829 4111 1909 4166 sic
1933 4107 2302 4179 accipiendum
2347 4115 2449 4176 est,
2493 4115 2552 4162 ut
2594 4116 2842 4178 putemus
2881 4122 2985 4161 non
3018 4122 3138 4163 esse
3184 4116 3421 4160 sanctam

1829 4216 2057 4271 corpore
2116 4199 2463 4256 Christianam
2528 4198 2811 4270 conjugem
2874 4207 3099 4254 castam.
3162 4197 3424 4253 Omnibus

1828 4294 2025 4366 quippe
2074 4292 2321 4347 ﬁdelibus
2364 4291 2565 4347 dictum
2610 4301 2726 4359 est,
2778 4290 3001 4347 Nescitis
3045 4292 3163 4363 quia
3204 4307 3423 4360 corpora

1828 4394 1991 4438 vestra
2022 4385 2265 4453 templum
2295 4383 2347 4437 in
2377 4382 2514 4437 vobis
2541 4394 2613 4437 est
2654 4382 2882 4453 Spiritus
2924 4383 3119 4449 sancti,
3151 4400 3297 4453 quem
3333 4383 3425 4435 hu-

1828 4473 1955 4529 betis
1979 4491 2009 4527 a
2048 4473 2158 4527 Dco
2187 4471 2236 4546 (1
2270 4472 2386 4528 Cor.
2413 4490 2494 4541 γι,
2526 4472 2638 4543 19).
2683 4474 2877 4528 Sancta
2916 4482 3042 4527 sunt
3084 4488 3211 4543 ergo
3258 4473 3419 4528 etiam

1829 4582 2055 4638 corpora
2084 4565 2511 4637 coniugatorum,
2547 4565 2705 4619 ﬁdem
2735 4564 2836 4619 sibi
2865 4573 2919 4620 et
2950 4565 3176 4619 Domino
3204 4578 3424 4619 servan-

1831 4660 1984 4716 tium.
2011 4659 2110 4714 Cui
2148 4659 2415 4713 sanctitati
2442 4658 2726 4728 cujuslibet
2765 4674 2949 4714 eorum
2973 4700 2987 4724 ,
3020 4674 3119 4714 nec
3150 4656 3422 4713 inﬁdelem

1828 4750 2111 4822 conjugem
2155 4750 2439 4816 obsistere,
2488 4750 2582 4805 sed
2628 4750 2805 4820 potius
2853 4750 3190 4805 sanctitatem
3237 4747 3425 4801 uxoris

1830 4842 2087 4913 prodesse
2128 4840 2326 4896 inﬁdeli
2358 4842 2494 4907 viro,
2535 4850 2628 4895 aut
2654 4842 2989 4896 sanctitatem
3026 4841 3123 4894 viri
3164 4839 3425 4910 prodesse

1828 4933 2029 4990 inﬁdeli
2075 4935 2260 4999 uxori,
2307 4933 2448 4991 idem
2506 4934 2782 5004 apostolus
2842 4934 2995 4988 testis
3041 4940 3159 4998 est,
3207 4930 3421 4990 dicens,

1828 5022 2194 5091 Sanctiﬁcatus
2237 5034 2310 5079 est
2351 5025 2483 5079 enim
2518 5025 2593 5079 vir
2630 5024 2855 5095 inﬁdelis
2884 5024 2935 5077 in
2961 5039 3118 5076 uxore
3144 5024 3186 5085 ’,
3220 5033 3266 5075 et
3302 5039 3413 5074 san-

1826 5117 2050 5187 ctiﬁcata
2098 5125 2169 5169 est
2214 5116 2396 5170 mulier
2444 5115 2665 5184 inﬁdelis
2712 5116 2765 5167 in
2812 5118 2973 5185 fratre
3015 5111 3135 5183 (Id.
3166 5127 3270 5176 vn,
3308 5112 3418 5180 li).

1826 5207 2060 5264 Proinde
2087 5206 2214 5261 illud
2244 5207 2443 5270 dictum
2480 5216 2567 5261 est
2604 5204 2899 5261 secundum
2940 5204 3253 5274 ampliorem
3292 5218 3417 5255 sau-

1824 5303 2061 5359 ctitatem
2111 5301 2451 5369 innuptarum
2501 5313 2661 5369 quam
2711 5308 3031 5369 nuptarum,
3077 5296 3163 5352 cui
3212 5311 3421 5350 merces

1825 5396 1987 5451 etiam
2033 5392 2257 5449 debetur
2304 5391 2533 5460 amplior
2573 5390 2868 5446 secundum
2920 5389 3060 5461 quod
3120 5388 3222 5443 isto
3274 5388 3419 5443 bono

1825 5485 1955 5541 illud
1984 5492 2066 5539 est
2110 5483 2300 5538 melius
2333 5500 2346 5537 :
2379 5482 2502 5553 quia
2532 5490 2588 5536 et
2630 5482 2733 5537 hoc
2779 5482 2954 5537 solum
2983 5481 3180 5553 cogitat
3206 5480 3248 5547 ³,
3281 5495 3416 5551 (ιιιος

1888 5596 1904 5629 ¹
1931 5602 2060 5645 uss"
2086 5593 2133 5644 in
2157 5607 2232 5645 ea.

1885 5659 1906 5690 ³
1933 5630 2336 5715 Ἐ’έιῖίὶξνέηιῦἆοιέ
2371 5653 2541 5718 ﬁdeli;
2575 5663 2626 5705 et
2649 5656 2796 5706 iidem
2831 5656 2971 5715 infra,
2996 5654 3043 5705 in
3067 5655 3219 5718 fratre
3259 5649 3419 5715 ﬁdeli.

1824 5727 1943 5783 \‘ox,
1968 5717 2122 5783 ﬁdeli,
2149 5727 2357 5779 utroque
2372 5717 2483 5783 loco
2505 5721 2646 5783 abest
2664 5734 2689 5768 a
2711 5727 2814 5767 Mss.
2846 5727 2896 5767 et
2919 5717 3127 5783 τυπψῴ
3142 5725 3282 5766 textu
3302 5727 3413 5778 Apo-

1823 5781 1952 5830 stoli.
1968 5779 2198 5844 Soletque
2220 5781 2456 5842 praeteriri
2475 5782 2537 5829 ab
2562 5784 2842 5844 augustino,
2865 5789 2918 5830 ut
2944 5782 3028 5829 lib.
3050 5782 3067 5827 l
3099 5779 3163 5828 de
3186 5790 3415 5829 seruiens

1824 5848 2007 5904 Utlltllll
2035 5844 2081 5891 iu
2108 5853 2290 5902 monte,
2310 5858 2415 5904 cap.
2450 5844 2522 5891 16.

1889 5906 1909 5936 ³
1926 5902 2060 5967 [ωε-η
2084 5908 2253 5970 γρυπαὶ
2272 5902 2470 5964 limum.
2503 5908 2665 5968 .tbcsl,
2689 5904 2884 5964 femina,
2910 5906 2969 5954 ab
2994 5910 3067 5954 llr.
3096 5912 3148 5955 et
3163 5913 3267 5955 βω.
