4048 6544
522 500 630 557 583

525 616 684 672 modo
731 613 934 683 placeat
960 607 1210 664 Domino.
1255 603 1441 673 Neque
1485 600 1627 656 enim
1675 599 1871 654 femina
1915 595 2106 661 fidelis,

524 721 744 763 servans
774 701 1079 773 pudicitiam
1107 696 1461 767 coniugalem,
1489 708 1593 746 non
1621 690 1816 761 cogitat
1844 686 2112 758 quomodo

523 800 728 868 placeat
773 793 1035 859 Domino,
1081 790 1175 845 sed
1236 789 1416 858 utique
1475 786 1691 849 minus;
1754 783 1876 852 quia
1919 779 2114 849 cogitat

522 890 679 942 etiam
721 901 841 956 qua:
879 893 1005 938 sunt
1047 880 1253 945 mundi,
1295 876 1564 950 quomodo
1590 875 1798 946 placeat
1827 873 1959 926 viro.
2004 871 2113 925 lloc

522 979 664 1034 enim
709 977 778 1032 de
827 977 930 1031 illis
977 975 1156 1029 dicere
1181 972 1370 1036 voluit,
1402 967 1543 1040 quod
1575 969 1590 999 ⁸
1647 973 1868 1036 possunt
1914 963 2112 1018 habere

524 1071 757 1142 quodam
805 1069 966 1124 modo
997 1068 1064 1122 de
1109 1065 1426 1121 necessitate
1471 1061 1744 1126 connubii,
1778 1068 1835 1112 ut
1879 1058 2114 1126 cogitent

523 1180 641 1233 quae
675 1171 798 1217 sunt
827 1161 1030 1224 mundi,
1066 1157 1333 1230 quomodo
1365 1155 1609 1225 placeant
1640 1152 1765 1206 viris
1791 1149 1923 1204 suis.

596 1255 824 1310 CAPUT
865 1253 978 1307 XII.
1025 1281 1096 1291 —
1144 1251 1228 1304 M.
1283 1247 1487 1317 Nuptas
1544 1261 1642 1298 non
1695 1243 1967 1313 cogitantes
2018 1237 2114 1292 nisi

525 1347 779 1418 quomodo
812 1347 1041 1416 placeant
1070 1342 1177 1396 Deo
1209 1356 1442 1413 perraras
1481 1354 1602 1392 esse.
1645 1333 1798 1404 Quod
1839 1342 2015 1388 utrum
2047 1329 2114 1385 de

527 1439 778 1492 omnibus
810 1438 987 1507 nuptis
1017 1435 1229 1499 dixerit,
1260 1449 1327 1486 an
1357 1431 1422 1486 de
1449 1429 1639 1484 talibus
1669 1427 1852 1497 quales
1881 1427 1950 1480 ita
1979 1426 2116 1480 mul-

527 1539 594 1583 tre
622 1539 764 1593 sunt,
793 1538 851 1583 ut
879 1543 1015 1597 pene
1041 1542 1228 1580 omnes
1259 1523 1430 1594 putari
1463 1522 1687 1591 possint,
1718 1535 1824 1574 non
1852 1518 2117 1573 immerito

528 1620 818 1672 dubitatur.
857 1618 1039 1688 Neque
1080 1617 1220 1670 enim
1253 1625 1306 1668 et
1334 1612 1462 1667 illud
1491 1611 1632 1682 quod
1662 1611 1728 1665 de
1759 1609 1994 1678 innuptis
2020 1609 2114 1672 ait,

531 1711 656 1774 Qua:
693 1711 903 1778 innupta
933 1718 1038 1772 est,
1070 1708 1254 1777 cogitat
1293 1723 1351 1758 ea
1392 1720 1505 1774 qua:
1540 1712 1656 1756 sunt
1685 1701 1924 1765 Domini,
1969 1710 2022 1754 ut
2054 1702 2119 1753 sit

526 1812 700 1856 sancta
729 1815 773 1854 et
805 1816 1018 1870 corpore
1065 1809 1108 1853 et
1156 1798 1357 1868 spiritu,
1389 1796 1454 1850 ad
1485 1809 1673 1851 omnes
1713 1794 1964 1864 innuptas
1996 1807 2116 1860 per-

529 1895 702 1956 tinet;
755 1909 876 1947 cum
929 1894 1036 1946 sint
1091 1891 1331 1961 quaadam
1378 1889 1551 1942 vidua:
1601 1895 1846 1952 morltnc,
1896 1899 2015 1955 qua:
2063 1884 2116 1937 in

525 1987 733 2042 deliciis
757 1988 940 2040 vivunt
977 1985 1032 2058 (l
1060 1984 1194 2038 Tim.
1224 2001 1278 2047 v,
1305 1983 1383 2053 6).
1414 1982 1792 2036 Verumtamen
1821 1977 1962 2047 quod
1996 1977 2120 2030 atti-

528 2089 619 2134 net
648 2080 714 2133 ad
741 2078 1027 2148 quamdam
1057 2077 1452 2131 distinctionem
1482 2082 1535 2129 et
1560 2073 1710 2143 quasi
1739 2070 2118 2141 proprietatem

528 2172 866 2238 innuptarum
915 2178 1074 2239 atque
1127 2177 1456 2236 nuptarum;
1504 2165 1642 2218 sicut
1691 2163 1911 2216 nimium
1965 2161 2117 2214 dcte-

527 2261 717 2314 standa
746 2269 826 2313 est
847 2301 861 2325 ,
895 2275 1012 2329 qua:
1039 2259 1321 2312 continens
1349 2272 1377 2310 a
1405 2255 1625 2324 nuptiis,
1658 2253 1709 2307 id
1737 2262 1819 2307 est
1847 2267 1876 2305 a
1904 2267 1961 2306 re
1986 2266 2117 2305 con-

529 2366 722 2414 cessa,
773 2364 878 2403 non
928 2350 1166 2402 coatinet
1213 2364 1240 2400 a
1291 2345 1540 2411 delictis,
1589 2344 1673 2398 vel
1730 2344 1991 2408 luxuriat,
2034 2341 2117 2396 vel

529 2441 820 2509 superlihe,
863 2439 947 2494 vel
988 2439 1312 2493 curiositatis
1357 2446 1410 2491 et
1449 2436 1788 2490 verbositatis
1829 2453 1842 2488 :
1889 2437 1958 2488 ita
1999 2449 2118 2488 rara

532 2542 692 2601 nupta
734 2541 834 2596 est,
883 2548 1001 2602 qua:
1049 2531 1100 2585 in
1143 2532 1259 2600 ipso
1302 2544 1513 2600 quoque
1556 2528 1813 2597 obsequio
1852 2524 2119 2595 coniugali

529 2640 634 2678 non
674 2625 871 2693 cogitat
911 2624 1010 2676 nisi
1051 2621 1318 2692 quomodo
1356 2623 1559 2692 placeat
1589 2619 1733 2685 Deo,
1767 2616 2011 2672 ornando
2037 2632 2116 2680 se,

532 2733 636 2770 non
666 2716 878 2771 intortis
905 2715 1164 2781 crinibus,
1191 2721 1284 2768 aut
1320 2729 1450 2767 auro
1479 2721 1532 2766 et
1564 2710 1862 2780 margaritis
1892 2718 1946 2762 et
1971 2717 2120 2763 veste

531 2811 784 2880 pretiosa,
821 2808 917 2864 sed
960 2809 1103 2879 quod
1135 2809 1290 2862 decet
1330 2807 1582 2861 mulieres
1607 2805 1976 2875 promittentes
2003 2803 2118 2874 pie-

531 2911 697 2957 tatem
750 2918 844 2972 per
885 2901 1081 2955 bonam
1127 2899 1587 2954 conversationem
1621 2895 1741 2969 (Id.
1773 2912 1837 2958 ιι,
1882 2895 1972 2950 9et
1998 2895 2118 2965 l0).

534 2993 682 3046 Talia
713 2993 908 3061 quippe
940 2991 1185 3060 coniugia
1224 2990 1414 3044 Petrus
1443 3002 1656 3058 quoque
1682 2987 1956 3055 apostolus
1987 3001 2123 3054 prte-

531 3083 778 3152 cipiendo
817 3082 1073 3136 describit
1103 3099 1114 3134 :
1147 3080 1428 3145 Similiter,
1460 3079 1668 3150 inquit,
1697 3077 1931 3132 mulieres
1961 3077 2121 3131 obau-

533 3175 722 3228 dientes
764 3173 960 3227 maritis
1000 3174 1142 3236 suis;
1188 3182 1243 3226 ut
1285 3181 1332 3226 et
1373 3171 1415 3227 si
1456 3172 1543 3242 qui
1572 3187 1671 3224 non
1701 3170 1909 3224 credunt
1952 3169 2120 3235 verba,

535 3283 628 3335 per
680 3267 949 3319 tnulierutn
1002 3265 1427 3319 conversationem
1475 3264 1582 3318 sine
1633 3262 1830 3334 loquela
1883 3263 2125 3332 lucriﬁeri

534 3358 766 3426 possint,
812 3357 1034 3410 videntes
1084 3357 1311 3409 timorem
1362 3364 1408 3408 et
1457 3365 1648 3410 castam
1694 3355 2124 3409 conversationem

534 3459 747 3502 vestram
782 3464 800 3502 :
828 3457 883 3501 ut
921 3448 1020 3501 sint
1051 3465 1150 3501 non
1180 3463 1293 3518 qua:
1330 3463 1361 3500 α
1390 3447 1517 3516 [oris
1547 3455 1792 3500 ornantur
1819 3445 2125 3515 capillorum

533 3538 1008 3610 incrispationibus,
1043 3548 1130 3592 aut
1167 3538 1494 3592 circumdata:
1540 3553 1687 3603 auro,
1733 3546 1819 3590 aut
1863 3547 1993 3590 veste
2032 3536 2124 3590 de-

533 3648 690 3694 cora;
731 3631 820 3685 sed
862 3631 948 3684 ille
987 3629 1308 3684 absconditus
1337 3629 1503 3682 cordis
1543 3630 1691 3682 vestri
1718 3629 1738 3659 ’
1768 3629 1919 3682 homo
1947 3629 2001 3681 in
2031 3627 2126 3681 illa

536 3725 870 3795 perpetuitate
916 3724 1069 3794 quieti
1116 3733 1163 3778 et
1210 3723 1423 3777 modesti
1475 3723 1714 3793 spiritus,
1759 3722 1846 3791 qui
1893 3731 1940 3776 et
1985 3721 2126 3793 apud

535 3818 812 3872 Demittunt
853 3816 1077 3888 locuples
1106 3827 1198 3871 est.
1232 3816 1371 3870 Nam
1416 3817 1489 3870 sic
1517 3817 1747 3886 qtttedattt
1787 3826 1979 3870 sancta:
2013 3832 2128 3868 ntu-

533 3911 680 3964 lieres
706 3925 820 3982 qua:
858 3911 908 3963 itt
940 3908 1218 3964 Dominum
1255 3909 1555 3980 sperabant,
1585 3909 1833 3962 ornabant
1860 3925 1934 3973 se,
1977 3908 2123 3961 obse—

532 4012 736 4070 quentes
763 4002 880 4055 viris
914 4001 1062 4066 suis;
1105 4001 1355 4072 quomodo
1384 3999 1518 4054 Sara
1563 3999 1860 4052 obauditbat
1886 3998 2124 4065 Abraha’,

535 4094 795 4145 dominum
821 4093 968 4145 illum
1003 4108 1187 4145 vocans
1205 4109 1224 4156 ;
1255 4092 1401 4162 cujus
1439 4091 1587 4161 facta:
1622 4092 1740 4144 estis
1771 4091 1894 4158 ﬁlia:
1918 4089 2124 4160 benefa-

535 4184 740 4245 cietttcs,
789 4194 836 4235 et
877 4199 978 4235 non
1023 4182 1252 4237 timentes
1295 4183 1456 4235 ullunt
1496 4199 1682 4236 vanum
1727 4183 1974 4236 timorem.
2017 4180 2128 4234 Viri

537 4274 694 4327 simili
735 4274 928 4327 ratione
967 4276 1238 4329 concordes
1265 4283 1311 4328 et
1336 4285 1470 4329 caste
1506 4276 1721 4329 viventes
1747 4292 1860 4328 cum
1886 4275 2127 4330 uxoribus

537 4367 716 4420 vestris
736 4407 748 4428 ,
781 4376 828 4420 et
859 4376 1097 4435 tanquam
1127 4368 1235 4420 vasi
1272 4368 1545 4435 inﬁrmiori
1584 4377 1630 4420 et
1673 4369 1897 4437 subjecto
1927 4370 2129 4424 tribuite

540 4458 803 4522 honorem,
832 4459 978 4526 quasi
1006 4459 1348 4512 cohwredibtts
1377 4459 1581 4528 gratia},
1611 4469 1655 4512 et
1693 4460 1853 4513 videte
1883 4477 1944 4513 ne
1966 4461 2128 4530 impe-

539 4550 836 4622 diutum-(rt)
851 4552 1100 4606 orationes
1116 4561 1288 4605 vestra:
1317 4550 1363 4623 (I
1385 4550 1522 4606 Petr.
1548 4567 1630 4615 ιιι,
1663 4551 1806 4622 1-7).
1834 4552 1977 4606 Itane
2003 4569 2129 4607 vero

539 4641 784 4712 coniugia
844 4641 966 4696 talia
1016 4657 1121 4696 non
1176 4642 1412 4711 cogitant
1450 4657 1512 4697 ea
1564 4657 1682 4710 qum
1727 4650 1852 4695 sunt
1895 4641 2123 4709 Domini,

536 4735 811 4805 quomodo
838 4736 1078 4805 placeant
1112 4735 1378 4788 Domino?
1421 4734 1524 4789 Sed
1561 4746 1778 4804 perrara
1812 4745 1955 4790 sunt.
2000 4735 2130 4802 Quis

539 4828 736 4898 negat?
777 4837 828 4882 et
855 4828 905 4881 in
935 4827 1046 4897 ipsa
1074 4827 1291 4880 raritate
1322 4841 1457 4895 pene
1485 4841 1672 4880 omnes
1708 4826 1796 4895 qui
1827 4827 1958 4881 tales
1983 4837 2127 4892 sunt,

537 4937 644 4975 non
677 4929 734 4974 ut
762 4921 892 4974 tales
923 4927 1105 4974 essent
1136 4917 1409 4988 coniuncti
1437 4926 1582 4984 sunt,
1606 4917 1700 4971 sed
1723 4917 1832 4988 iam
1857 4918 2130 4989 conjuncti

537 5015 670 5069 tales
699 5015 818 5070 facti
849 5023 991 5068 sunt.

610 5107 838 5163 CAPUT
881 5107 1017 5162 XIII.
1045 5138 1116 5146 —
1147 5105 1234 5161 15.
1270 5103 1493 5175 Nuptias
1522 5119 1656 5157 nunc
1685 5103 1806 5157 solis
1847 5120 1948 5157 non
1973 5105 2134 5158 couti-

541 5198 802 5259 ttentibus,
835 5199 956 5252 olim
999 5215 1112 5252 vero
1156 5198 1308 5252 etiam
1352 5195 1717 5249 continentibus
1757 5195 2134 5265 antplectendas

546 5290 716 5356 fuisse.
757 5288 840 5340 Uti
886 5290 1121 5360 conjugio
1167 5289 1279 5343 sola
1325 5289 1484 5358 prolis
1528 5304 1704 5353 causa,
1745 5296 1895 5357 quam
1934 5304 2130 5340 rarum.

547 5376 648 5442 Qui
682 5376 821 5428 enim
853 5379 1020 5430 nostri
1052 5380 1308 5447 temporis
1337 5379 1578 5433 homines
1603 5376 1893 5432 Christiani
1926 5378 2136 5448 nuptia-

547 5485 665 5523 rum
699 5470 909 5524 vineulo
959 5470 1109 5524 liberi
1147 5472 1390 5527 valentes
1435 5473 1504 5525 ab
1549 5471 1695 5526 omni
1742 5470 2028 5525 concubitu
2077 5485 2136 5525 se

547 5562 846 5626 continere,
887 5576 1006 5615 cum
1047 5562 1156 5631 iam
1202 5574 1396 5633 tempus
1438 5580 1557 5619 esse
1589 5565 1972 5633 perspicerent,
2001 5565 2137 5618 sicut

547 5654 807 5722 scriptum
838 5660 939 5717 est,
971 5668 1072 5705 non
1112 5652 1474 5723 amplectendi,
1507 5655 1595 5708 sed
1623 5655 1906 5709 abstinendi
1933 5655 1995 5709 ab
2023 5672 2138 5708 atn-

615 5766 628 5796 ί
656 5765 728 5812 sic
746 5770 854 5812 Mss.
880 5761 996 5810 [τΔίιὶ
1023 5776 1157 5819 vero,
1178 5774 1304 5825 qtae.

613 5829 632 5857 ³
652 5826 756 5874 Sola
783 5826 934 5874 editio
957 5831 1086 5878 ιον..
1112 5823 1278 5874 nostri.

613 5889 686 5946 (tl)
722 5897 814 5936 {Non
840 5888 911 5954 sic
929 5885 1124 5954 \ulgata
1152 5888 1196 5934 iu
1216 5887 1371 5954 sacris
1397 5885 1571 5953 nihliis.
1601 5887 1886 5954 stalhabet,
1910 5896 2136 5954 tanquam

553 5957 596 6000 st
629 5949 960 6000 colurrettibas
985 5948 1156 6010 gratia:
1183 5947 1305 6006 t‘i.tt’,
1332 5954 1379 5998 t.t
1414 5960 1502 5997 non
1528 5947 1865 6008 itttpedirmtur.

1559 485 1646 539 DE
1689 483 1865 539 BONO
1884 477 2280 544 CONJUGALI,
2323 483 2380 538 S.
2424 486 2787 544 AUGUSTINI

2222 597 2372 666 plextt
2400 599 2596 670 (Eccle.
2631 619 2707 669 ιιι,
2739 603 2829 674 5),
2875 619 2982 659 ιιοη
3021 605 3197 676 potius
3236 608 3497 679 eligerent
3524 613 3611 667 vel
3645 614 3805 684 virgi-

2221 691 2394 750 nalem
2426 697 2509 752 vel
2537 698 2804 754 vidualem
2831 701 3214 759 continentiam
3253 719 3584 764 conservare
3603 749 3622 774 ,
3652 727 3813 780 quam

2222 785 2620 844 tribulationem
2662 792 2872 858 carnis,
2922 794 3038 850 sine
3084 810 3187 866 qua
3234 798 3486 868 coniugia
3533 815 3660 856 esse
3710 817 3815 858 non

2221 891 2444 948 possunt
2484 879 2574 955 (ut
2613 883 2718 938 alia
2760 893 3036 940 taceantur
3072 901 3104 942 a
3143 887 3345 957 quibus
3379 890 3552 958 parcit
3581 894 3817 961 Aposto-

2221 970 2362 1045 lus),
2414 975 2561 1030 nullo
2597 975 2708 1045 iam
2756 985 2978 1047 cogente
3022 978 3270 1034 humana:
3313 981 3594 1037 societatis
3637 982 3821 1039 officio

2221 1065 2529 1120 sustinere?
2572 1065 2679 1121 Sed
2719 1081 2840 1121 cum
2884 1067 3192 1124 dominante
3222 1072 3661 1141 concupiscentia
3707 1073 3820 1129 fue-

2221 1156 2330 1210 rint
2368 1157 2620 1226 copulati,
2670 1159 2713 1214 si
2758 1175 2875 1214 eam
2922 1170 3104 1230 postea
3132 1162 3378 1230 vicerint,
3422 1166 3549 1234 quia
3593 1179 3704 1220 non
3750 1167 3820 1220 ita

2222 1245 2344 1300 licet
2387 1246 2682 1303 dissolvere
2711 1250 3038 1320 coniugium,
3083 1253 3222 1307 sicut
3269 1253 3470 1309 licebat
3511 1270 3629 1310 non
3663 1256 3820 1311 colli-

2220 1352 2368 1405 gare,
2403 1339 2535 1392 liunt
2567 1340 2696 1395 tales
2733 1343 2917 1410 quales
2947 1344 3222 1411 proﬁtetur
3262 1344 3434 1400 forma
3465 1347 3819 1416 nuptiarum;

2223 1428 2293 1481 ita
2323 1438 2379 1484 ιιι
2408 1430 2491 1484 vel
2532 1431 2642 1498 pari
2673 1446 2938 1486 consensu
2965 1433 3258 1489 ascendant
3287 1436 3574 1492 celsiorem
3616 1438 3820 1493 sancti-

2225 1522 2346 1576 tatis
2374 1523 2614 1591 gradmn,
2649 1534 2740 1578 aut
2785 1525 2830 1578 si
2861 1540 2964 1579 non
3005 1527 3164 1580 ambo
3208 1535 3334 1581 sunt
3378 1528 3533 1594 tales,
3577 1529 3682 1584 erit
3731 1529 3824 1599 qui

2225 1613 2343 1667 talis
2387 1622 2469 1668 est
2515 1629 2623 1668 non
2671 1626 2903 1681 exactor,
2949 1617 3043 1671 sed
3087 1618 3326 1673 rcdditor
3365 1618 3556 1688 debiti,
3595 1633 3821 1676 servans

2227 1701 2276 1756 in
2311 1705 2559 1758 omnibus
2589 1715 2790 1760 castam
2838 1707 3247 1777 religiosamque
3289 1709 3659 1764 concordiam.
3713 1710 3820 1766 Illis

2225 1809 2351 1848 vero
2379 1795 2727 1864 temporibus,
2755 1811 2874 1851 cum
2903 1798 3076 1852 adhuc
3107 1799 3432 1868 propheticis
3458 1802 3821 1855 sacramentis

2225 1885 2413 1939 salutis
2439 1897 2635 1940 nostra:
2668 1888 2979 1957 mysterium
3013 1889 3316 1955 velabatur,
3348 1891 3511 1944 etiam
3557 1891 3655 1960 qui
3698 1901 3825 1948 ante

2226 1978 2438 2046 nuptias
2467 1977 2598 2032 tales
2626 1987 2798 2044 erant,
2832 1979 3008 2034 officio
3041 1982 3367 2051 propagandi
3407 1983 3627 2052 nuptias
3652 1997 3820 2052 copu-

2225 2069 2424 2134 labant,
2458 2085 2564 2123 non
2591 2071 2713 2125 victi
2753 2071 2990 2138 libidine,
3023 2073 3116 2128 sed
3163 2073 3308 2128 ducti
3351 2074 3549 2144 pietate
3579 2092 3594 2128 :
3627 2075 3823 2144 quibus

2224 2165 2268 2218 si
2299 2165 2443 2234 Optio
2486 2166 2603 2220 talis
2641 2165 2880 2234 daretur,
2927 2167 3100 2237 qualis
3150 2168 3388 2222 revelato
3429 2168 3583 2223 Novo
3621 2169 3816 2224 Testa-

2222 2267 2406 2311 mento
2433 2256 2554 2311 data
2599 2267 2700 2323 est,
2733 2257 2946 2312 dicente
2979 2258 3228 2325 Domino,
3266 2259 3364 2325 Qui
3404 2269 3570 2329 potest
3617 2275 3821 2329 capere,

2225 2347 2390 2415 capiat
2427 2346 2636 2418 (Matth.
2672 2364 2784 2414 xix,
2817 2348 2945 2416 l2);
2978 2362 3084 2402 non
3125 2364 3220 2403 eos
3258 2348 3465 2403 dubitat
3503 2350 3672 2404 etiam
3702 2365 3822 2404 cum

2224 2440 2419 2510 gaudio
2466 2451 2809 2510 suscepturos
2837 2440 3058 2511 quisse,
3110 2442 3199 2511 qui
3247 2440 3532 2512 diligenter
3580 2443 3823 2498 intentus

2227 2529 2354 2599 legit
2399 2531 2666 2600 quomodo
2695 2532 3008 2602 coniugibus
3053 2532 3357 2599 utebantur,
3389 2549 3513 2588 cum
3555 2542 3614 2588 et
3647 2535 3823 2602 plures

2227 2621 2424 2677 habere
2456 2623 2544 2676 uni
2573 2624 2686 2677 viro
2718 2623 2928 2686 licebat,
2962 2639 3095 2693 quas
3123 2625 3322 2678 castius
3349 2624 3584 2680 habebat
3616 2628 3631 2656 ¹
3663 2641 3819 2695 quam

2227 2729 2368 2768 nunc
2414 2731 2572 2768 unatn
2617 2715 2840 2784 quilibet
2884 2716 3132 2781 istorum,
3179 2716 3374 2784 quibus
3416 2717 3671 2772 videmus
3699 2718 3821 2788 quid

2227 2803 2521 2859 secundum
2555 2806 2764 2860 veniam
2791 2806 3052 2860 concedat
3076 2807 3366 2876 Apostolus
3393 2807 3436 2879 (I
3463 2807 3589 2862 Cor.
3625 2825 3719 2874 vn,
3747 2810 3821 2878 6).

2228 2894 2506 2948 llabebant
2531 2896 2677 2950 enim
2703 2910 2795 2950 eas
2821 2896 2874 2950 in
2900 2911 3065 2966 opere
3087 2897 3398 2966 generandi,
3420 2912 3530 2952 non
3557 2897 3613 2952 in
3637 2898 3823 2954 morbo

2227 2986 2482 3043 desiderii
2511 2989 2649 3042 sicut
2691 2996 2877 3058 gentes
2921 3004 3039 3058 qua:
3077 2988 3324 3060 ignorant
3352 2989 3522 3044 Deum
3557 2988 3620 3062 (I
3646 2989 3820 3045 Thess.

2229 3097 2318 3150 tv,
2345 3082 2430 3153 5).
2463 3081 2614 3150 Quod
2649 3091 2756 3137 tam
2787 3097 3036 3152 magnum
3067 3090 3182 3146 est,
3215 3091 3274 3136 ut
3301 3081 3456 3137 multi
3489 3083 3655 3137 hodie
3696 3081 3826 3137 faci-

2231 3172 2334 3226 lius
2360 3187 2419 3228 se
2448 3181 2560 3228 tota
2592 3174 2698 3227 vita
2724 3173 2791 3228 ab
2821 3173 2966 3228 omni
2994 3173 3280 3228 concubitu
3308 3173 3640 3240 abstineant,
3673 3189 3826 3244 quam

2231 3263 2448 3319 modum
2497 3271 2712 3318 teneant
2757 3279 2864 3319 non
2909 3263 3158 3330 coeundi,
3203 3265 3307 3319 nisi
3353 3264 3520 3334 prolis
3566 3280 3754 3331 causa,
3782 3265 3826 3319 si

2232 3356 2573 3411 matrimonio
2600 3356 2934 3427 copulentur.
2965 3356 3174 3426 Nempe
3203 3356 3400 3411 multos
3431 3357 3701 3412 habemus
3730 3356 3830 3411 fra-

2233 3454 2342 3502 tres
2387 3456 2442 3502 ct
2482 3447 2658 3502 socios
2688 3448 2926 3504 cmlestis
2973 3448 3300 3504 hazreditatis
3345 3449 3632 3518 utriusque
3674 3462 3830 3503 sexus

2232 3537 2589 3603 continentes,
2622 3538 2734 3593 sive
2760 3547 3018 3608 expertos
3043 3539 3256 3608 nuptias
3275 3581 3290 3606 ,
3321 3538 3435 3593 sive
3461 3539 3532 3594 ab
3560 3539 3712 3594 omni
3741 3538 3831 3593 tali

2232 3631 2614 3688 commixtione
2645 3633 2921 3704 integros;
2971 3649 3166 3702 nempe
3207 3634 3632 3689 innumerabiles
3663 3641 3828 3689 sunt:

2233 3737 2393 3792 quem
2439 3722 2652 3778 tandem
2696 3724 3001 3780 audivimus
3043 3725 3182 3780 inter
3220 3724 3506 3780 familiaria
3538 3726 3830 3797 colloquia,

2237 3815 2350 3869 sive
2397 3831 2582 3870 eorum
2635 3816 2725 3886 qui
2772 3817 3044 3888 coniugati
3087 3825 3234 3885 sunt,
3285 3819 3400 3874 sive
3448 3818 3542 3888 qui
3591 3817 3827 3884 fuerunt,

2234 3906 2558 3963 indicantem
2612 3908 2766 3964 nobis
2819 3925 3088 3978 nunquam
3137 3924 3197 3965 se
3243 3909 3457 3979 coniugi
3508 3925 3637 3965 esse
3683 3927 3830 3966 com-

2235 4003 2482 4068 mixtum,
2514 4002 2612 4056 nisi
2645 4003 2911 4072 sperando
2937 4003 3299 4073 conceptum?
3327 4002 3480 4071 Quod
3517 4019 3654 4074 ergo
3699 4021 3832 4074 pra:-

2236 4093 2440 4164 cipiunt
2509 4095 2808 4166 coniugatis
2852 4095 3130 4165 Apostoli,
3188 4097 3290 4150 hoc
3339 4104 3424 4150 est
3474 4097 3829 4166 nuptiarum:

2237 4185 2380 4255 quod
2409 4194 2587 4240 autem
2622 4187 2904 4240 venialiter
2943 4185 3280 4251 concedunt,
3313 4195 3405 4240 aut
3433 4186 3580 4256 quod
3613 4187 3836 4258 impedit

2237 4276 2527 4340 orationes,
2563 4292 2667 4331 non
2695 4285 2893 4347 cogunt
2923 4277 3141 4348 nuptim,
3174 4277 3267 4333 sed
3309 4277 3506 4332 ferunt.

2308 4367 2536 4423 CAPUT
2579 4367 2717 4422 XIV.
2749 4398 2820 4408 —
2863 4368 2952 4424 16.
2989 4369 3076 4423 L’ti
3119 4369 3398 4422 concubina
3443 4378 3659 4439 propter
3705 4370 3835 4439 ﬁlios

2238 4463 2408 4534 majus
2438 4469 2715 4530 peccatum,
2749 4477 2900 4531 quam
2943 4477 3101 4514 uxore
3145 4461 3219 4513 uti
3263 4469 3470 4530 prapter
3509 4461 3838 4515 incontinen-

2239 4555 2378 4608 tiam.
2413 4552 2597 4622 Itaquc
2627 4553 2670 4606 si
2702 4552 2858 4619 forte,
2889 4551 3029 4622 quod
3062 4561 3238 4605 utrum
3269 4553 3381 4605 fieri
3414 4552 3586 4622 possit
3627 4553 3832 4622 ignoro,

2240 4646 2516 4716 magisque
2561 4645 2675 4699 fieri
2725 4660 2831 4698 non
2880 4659 3036 4713 posse
3079 4644 3370 4708 existimo;
3422 4643 3517 4698 sed
3567 4655 3750 4699 tanton
3792 4647 3833 4698 si

2240 4738 2379 4794 forte
2421 4738 2488 4792 ad
2534 4746 2745 4807 tempus
2793 4737 3027 4791 adhibita
3075 4735 3370 4791 concubina
3406 4735 3546 4790 ﬁlios
3586 4738 3738 4790 solos
3773 4753 3838 4790 ex.

2241 4829 2429 4884 eadem
2472 4829 2855 4884 commixtione
2897 4828 3204 4898 qumsiverit
3241 4847 3254 4882 :
3293 4843 3392 4882 nec
3437 4827 3519 4882 sic
3565 4828 3667 4881 ista
3711 4844 3834 4883 con-

2184 4993 2194 5003 _
2237 4921 2446 4991 iunctio
2474 4921 2556 4975 vel
2595 4935 2779 4976 carum
2821 4920 3020 4989 nuptiis
3052 4917 3408 4988 pratponenda
3437 4927 3550 4984 est,
3581 4934 3708 4988 qua:
3747 4934 3834 4973 ve-

2244 5013 2383 5067 niale
2449 5011 2579 5067 illud
2643 5021 2955 5081 Operanlur.
3013 5009 3150 5078 Quid
3198 5011 3340 5065 enim
3387 5011 3456 5064 sit
3503 5011 3832 5079 nuptiarum,

2243 5103 2691 5160 considerandum
2735 5111 2847 5167 est,
2877 5117 2982 5157 non
3025 5101 3150 5172 quid
3192 5103 3262 5156 sit
3305 5101 3626 5156 nubentium
3658 5109 3716 5157 et
3743 5103 3836 5156 im-

2244 5197 2571 5252 moderatius
2621 5196 2818 5264 nuptiis
2864 5195 3147 5248 utcntium.
3196 5193 3380 5263 Neque
3419 5194 3566 5248 enim
3607 5195 3655 5248 si
3700 5195 3836 5264 agris

2246 5289 2425 5359 inique
2454 5303 2517 5342 ac
2547 5303 2826 5358 perperam
2869 5287 3066 5341 invasis
3093 5286 3165 5342 ita
3205 5288 3431 5356 quisque
3458 5296 3662 5353 utatur,
3698 5299 3753 5341 ut
3776 5303 3835 5342 ex

2245 5395 2431 5435 eorum
2460 5378 2718 5433 fructibus
2745 5378 2919 5450 largas
2945 5378 3318 5449 elcemosynas
3347 5377 3527 5443 faciat,
3557 5378 3685 5433 ideo
3711 5380 3838 5446 rapi-

2247 5487 2368 5545 nam
2397 5470 2650 5540 iustificat
2682 5488 2694 5524 :
2729 5486 2902 5540 neque
2938 5471 2981 5524 si
3017 5470 3157 5524 alius
3187 5471 3296 5524 ruri
3336 5479 3560 5540 paterno
3592 5473 3676 5525 vel
3704 5472 3835 5542 iuste

2247 5565 2469 5632 (ιιιωεὶιο
2517 5577 2708 5617 avarus
2760 5563 3052 5628 incumbat,
3100 5562 3221 5617 ideo
3268 5563 3532 5631 culpanda
3579 5573 3668 5618 est
3714 5565 3836 5634 juris

2247 5655 2414 5710 civilis
2466 5655 2669 5725 regula,
2723 5669 2822 5723 qua
2872 5669 3150 5724 possessor
3199 5653 3468 5724 legitimus
3518 5653 3696 5709 factus
3743 5666 3834 5710 est.

2249 5747 2358 5801 Nec
2405 5747 2695 5818 tyrannicae
2743 5745 2988 5800 factionis
3028 5747 3351 5814 perversitas
3395 5745 3683 5801 laudabilis
3723 5748 3838 5813 erit,

2249 5841 2291 5894 si
2337 5839 2476 5907 regia
2528 5837 2809 5892 clementia
2863 5845 3124 5905 tyrannus
3173 5836 3416 5892 subditos
3463 5845 3704 5904 tractet;
3751 5853 3836 5894 nec

2319 5953 2330 5980 ι
2363 5957 2488 6004 tov.,
2518 5948 2761 5998 habrbattt.
2787 5955 2858 5996 t-‘r.
2888 5957 2935 5996 et
2964 5956 3087 6001 Vss.
3116 5945 3327 5998 Ιιίιέςϋιίιι.
