4048 6522
228 390 327 448 385

231 500 586 573 vituperabilis
615 498 750 554 ordo
777 498 935 569 regite
965 494 1263 568 potestatis,
1295 493 1341 548 si
1367 507 1458 548 rex
1485 486 1800 547 crudelitate

227 593 491 668 tyrannica
520 590 724 645 saeviat.
756 587 912 642 Aliud
942 596 1023 642 est
1053 599 1281 654 namque
1313 584 1506 653 injusta
1536 589 1800 652 potestate

222 687 359 758 juste
400 683 538 738 velle
579 682 679 747 uti,
729 687 783 735 et
821 678 964 733 aliud
1007 687 1088 732 est
1123 677 1266 746 justa
1309 681 1572 744 potestate
1606 673 1805 742 injuste

226 780 315 833 uti.
346 776 422 830 lta
453 788 551 829 nec
589 769 904 828 concubinae
937 768 1004 823 ad
1035 777 1243 836 tempus
1267 764 1540 829 adhibitae,
1581 763 1627 818 si
1659 762 1805 817 ﬁlio-

227 885 335 924 rum
375 880 534 922 causa
575 862 954 924 concumbant,
991 860 1194 931 justum
1235 857 1436 912 faciunt
1475 855 1803 911 concubina-

227 971 331 1013 tum
358 973 540 1023 suum;
573 971 673 1011 nec
699 956 1018 1026 eonjugatze,
1045 952 1092 1007 si
1121 966 1240 1006 eum
1271 949 1478 1005 maritis
1504 947 1802 1013 lasciviant,

227 1049 438 1119 nuptiali
467 1047 643 1101 ordini
668 1047 874 1101 crimen
905 1045 1206 1114 imponunt.

293 1139 376 1194 17.
412 1138 576 1192 Posse
620 1151 750 1191 sane
793 1137 904 1192 ﬁeri
941 1136 1156 1205 nuptias
1194 1150 1258 1188 ex
1300 1133 1442 1187 male
1479 1129 1801 1202 conjunctis,

226 1232 444 1287 honesto
473 1240 658 1300 postea
687 1229 885 1300 placito
911 1236 1297 1295 consequente,
1330 1224 1669 1278 manifestum
1698 1230 1800 1276 est.

289 1321 513 1377 CAPUT
551 1320 673 1376 XV.
715 1349 789 1360 --
822 1319 1142 1374 Connubium
1179 1333 1279 1371 non
1316 1332 1462 1387 posse
1500 1315 1704 1370 dissolvi
1742 1313 1802 1366 ob

228 1413 550 1467 sterilitatem.
580 1415 663 1466 'An
701 1410 849 1465 liceat
891 1411 1065 1465 uxoris
1095 1409 1351 1462 voluntate
1379 1408 1536 1461 aliam
1565 1405 1805 1460 adhibere

225 1515 277 1558 ut
299 1520 585 1558 communes
610 1504 708 1572 ﬁlii
731 1513 1030 1568 nascantur,
1059 1518 1162 1555 non
1187 1500 1341 1553 audet
1367 1500 1596 1569 deﬁnire.
1624 1497 1802 1553 Semel

225 1606 392 1651 autem
421 1597 611 1650 initum
650 1595 976 1651 connubium
1014 1597 1067 1649 in
1102 1594 1315 1648 civitate
1344 1593 1436 1646 Dei
1478 1592 1669 1657 nostri,
1711 1590 1802 1645 ubi

225 1689 373 1744 etiam
415 1703 481 1743 ex
527 1688 700 1758 prima
733 1686 961 1741 duorum
1003 1685 1278 1739 hominum
1315 1683 1507 1752 copula
1535 1681 1800 1752 quoddam

224 1785 609 1833 sacramentum
649 1778 846 1847 nuptiae
879 1783 1100 1847 gerunt,
1135 1774 1282 1829 nullo
1313 1774 1471 1828 modo
1496 1782 1674 1843 potest
1699 1773 1802 1827 nisi

225 1870 439 1938 alicujus
463 1884 654 1924 eorum
680 1877 855 1924 morte
883 1867 1122 1923 dissolvi.
1155 1867 1332 1921 Manet
1357 1867 1497 1920 enim
1531 1865 1799 1919 vinculum

225 1961 544 2029 nuptiarum,
575 1959 784 2015 etiamsi
827 1958 1027 2029 proles,
1062 1958 1214 2028 cujus
1259 1971 1418 2012 causa
1461 1956 1646 2010 initum
1694 1963 1798 2020 est,

225 2049 493 2106 manifesta
538 2051 818 2106 sterilitate
860 2065 966 2103 non
1015 2049 1372 2119 subsequatur
1416 2065 1431 2102 :
1476 2048 1547 2102 ita
1590 2054 1651 2101 ut
1688 2045 1799 2116 jam

225 2143 498 2199 scientibus
533 2143 851 2214 conjugibus
879 2157 984 2197 non
1027 2156 1087 2196 se
1128 2141 1260 2196 ﬁlios
1301 2139 1576 2194 habituros
1600 2181 1616 2206 ,
1645 2153 1803 2208 sepa-

227 2250 338 2290 rare
375 2249 435 2290 se
480 2243 661 2290 tamen
705 2233 793 2289 vel
842 2233 954 2303 ipsa
997 2246 1161 2287 causa
1208 2231 1436 2286 ﬁliorum
1483 2239 1643 2301 atque
1683 2230 1802 2286 aliis

225 2327 459 2398 copulare
484 2342 598 2382 non
630 2327 805 2382 liceat.
833 2325 984 2395 Quod
1007 2327 1054 2381 si
1085 2324 1326 2391 fecerint,
1354 2339 1475 2380 cum
1502 2323 1581 2378 eis
1607 2322 1801 2394 quibus

225 2434 280 2475 se
318 2419 699 2489 copulaverint,
730 2418 1050 2474 adulterium
1075 2416 1436 2481 committunt,
1481 2413 1798 2484 ipsiautem

226 2511 463 2581 eonjuges
508 2519 748 2565 manent.
805 2509 969 2564 Plane
1014 2507 1193 2562 uxoris
1223 2506 1496 2561 voluntate
1544 2504 1800 2560 adhibere

225 2602 393 2666 aliam,
435 2601 576 2656 unde
623 2615 939 2656 communes
983 2599 1074 2653 ﬁlii
1121 2606 1410 2653 nascantur
1454 2597 1609 2651 unius
1652 2611 1800 2652 com-

228 2693 468 2748 mixtione
486 2709 553 2749 ac
577 2694 806 2760 semine,
827 2691 1051 2748 alterius
1079 2700 1256 2746 autem
1276 2690 1399 2761 jure
1426 2705 1489 2745 ac
1512 2698 1796 2760 potestate,

225 2785 357 2855 apud
399 2788 644 2856 antiquos
687 2795 866 2855 patres
913 2784 993 2839 fas
1036 2791 1192 2839 erat:
1223 2791 1400 2838 utrum
1445 2791 1499 2838 et
1539 2797 1682 2837 nunc
1719 2780 1800 2837 fas

227 2879 311 2939 sit,
339 2893 440 2933 non
477 2888 680 2934 temere
705 2878 952 2934 dixerim.
999 2877 1114 2932 Non
1142 2886 1227 2932 est
1267 2877 1409 2932 enim
1442 2893 1581 2932 nunc
1611 2892 1800 2948 propa-

223 2968 372 3039 gandi
416 2969 728 3035 necessitas,
758 2984 878 3040 quae
909 2976 1035 3023 tunc
1079 2967 1198 3035 fuit,
1226 2967 1439 3038 quando
1469 2976 1524 3023 et
1549 2967 1799 3037 parienti-

225 3060 317 3115 bus
351 3062 665 3132 conjugibus
693 3061 825 3115 alias
869 3068 1085 3134 propter
1125 3059 1479 3130 copiosiorem
1522 3059 1800 3129 posterita-

226 3161 322 3206 tem
347 3154 706 3224 superducere
739 3153 952 3218 licebat,
980 3153 1122 3223 quod
1158 3167 1299 3207 nunc
1335 3160 1482 3207 certe
1509 3166 1612 3205 non
1651 3151 1794 3206 licet.

223 3241 343 3296 Nam
388 3253 594 3299 tantum
638 3245 795 3299 aﬂ'ert
835 3244 1246 3314 opportunitatis
1294 3242 1360 3297 ad
1408 3242 1604 3312 aliquid
1653 3243 1800 3312 juste

222 3338 469 3408 agendum
497 3355 596 3395 seu
623 3354 732 3394 non
760 3339 1023 3409 agendum
1052 3348 1352 3408 temporum
1379 3344 1585 3392 secreta
1611 3335 1801 3391 distin-

222 3429 338 3493 ctio,
368 3440 424 3484 ut
465 3446 609 3485 nunc
651 3430 842 3485 melius
873 3429 1050 3494 faciat,
1083 3429 1172 3498 qui
1217 3443 1316 3482 nec
1361 3443 1520 3481 uuam
1563 3426 1795 3491 duxerit,

223 3521 314 3575 nisi
339 3535 394 3576 se
413 3523 696 3576 continere
721 3536 825 3576 non
851 3521 1033 3590 possit.
1060 3521 1212 3574 Tunc
1233 3527 1410 3574 autem
1437 3519 1596 3573 etiam
1620 3519 1799 3589 plures

222 3613 598 3683 inculpabiliter
624 3613 908 3677 ducebant,
937 3622 992 3668 et
1018 3613 1106 3682 qui
1134 3628 1192 3666 se
1237 3612 1404 3666 multo
1432 3611 1636 3666 facilius
1666 3627 1799 3666 con-

222 3704 379 3760 liuere
405 3713 648 3774 possent,
679 3705 782 3760 nisi
813 3704 952 3758 aliud
997 3705 1164 3772 pietas
1208 3703 1300 3758 illo
1345 3713 1585 3772 tempore
1613 3712 1792 3772 postu-

219 3794 360 3849 lat‘et.
405 3796 553 3850 Sicut
599 3795 743 3850 enim
791 3795 1005 3865 sapiens
1043 3803 1096 3848 et
1130 3795 1306 3863 justus
1331 3837 1344 3860 ,
1382 3795 1471 3864 qui
1510 3793 1622 3863 jam
1665 3809 1797 3847 eou-

219 3888 428 3958 cupiscit
462 3888 690 3944 dissolvi
731 3897 786 3942 et
823 3903 940 3942 esse
979 3903 1100 3942 cum
1125 3885 1358 3950 Christo,
1400 3894 1454 3941 et
1492 3885 1594 3940 hoc
1633 3885 1798 3955 magis

217 3981 405 4048 optimo
445 3980 750 4036 delectatur
787 3979 1057 4050 (Philipp.
1105 3996 1156 4043 ι,
1198 3979 1344 4049 ἳὸ),
1397 3978 1509 4046 jam
1559 3993 1664 4031 non
1713 3977 1800 4031 hic

218 4071 411 4125 vivendi
435 4071 752 4142 cupiditate,
795 4071 888 4125 sed
929 4070 1240 4125 consulendi
1283 4071 1459 4124 ofﬁcio
1499 4071 1662 4124 sumit
1698 4069 1798 4124 ali-

216 4173 460 4230 mentum,
493 4173 552 4219 ut
593 4173 809 4219 maneat
835 4164 888 4218 in
925 4179 1109 4229 carne,
1149 4163 1291 4233 quod
1331 4165 1692 4220 necessarium
1719 4173 1799 4218 est

216 4265 420 4324 propter
458 4257 603 4311 alios
649 4273 664 4309 :
705 4255 782 4311 sic
824 4255 1036 4310 misceri
1086 4255 1301 4310 feminis
1334 4255 1455 4325 jure
1495 4257 1798 4326 nuptiarum

215 4348 496 4404 ofﬁciosum
530 4349 634 4404 fuit
665 4357 789 4404 tunc
819 4351 1016 4404 sanctis
1048 4349 1195 4413 viris,
1226 4365 1332 4402 non
1361 4349 1724 4403 libidinosum.

281 4439 498 4495 CAPUT
539 4439 761 4494 XV’l.—-
785 4439 869 4494 l8.
914 4438 980 4492 In
1035 4438 1298 4492 concubitu
1345 4455 1407 4491 ac
1459 4440 1511 4492 in
1559 4439 1654 4492 cibi
1706 4456 1800 4493 usu

215 4531 382 4584 similis
411 4534 544 4586 ratio
556 4533 758 4586 virtutis
773 4541 819 4585 et
839 4531 962 4584 vitii.
982 4530 1132 4598 Quod
1151 4530 1296 4585 enim
1327 4539 1410 4585 est
1440 4531 1588 4584 cibus
1615 4531 1678 4584 ad
1708 4546 1795 4585 sa-

216 4624 364 4679 lutem
395 4624 634 4680 hominis
655 4667 669 4692 ,
702 4624 806 4680 hoc
833 4634 916 4680 est
944 4624 1257 4678 concubitus
1285 4623 1351 4677 ad
1379 4624 1602 4678 salutem
1634 4639 1799 4693 gene-

216 4714 283 4769 ris
310 4733 324 4768 :
351 4725 405 4771 et
433 4727 728 4787 utrumque
770 4724 985 4771 nonest
1013 4716 1130 4771 sine
1165 4715 1524 4771 delectatione
1561 4717 1796 4782 carnali;

215 4823 323 4877 qute
345 4818 522 4866 tamen
555 4808 862 4864 modiﬁcata
884 4851 900 4874 ,
947 4817 1000 4864 et
1033 4809 1381 4877 temperantia:
1415 4807 1718 4862 refrenante
1747 4808 1798 4862 in

216 4914 357 4954 usum
389 4901 695 4956 naturalem
726 4900 959 4966 redaCta,
1000 4899 1165 4955 libido
1191 4915 1312 4955 esse
1352 4916 1458 4954 non
1493 4909 1666 4970 potest
1699 4900 1797 4972 (a).

216 4991 356 5058 Quod
398 5004 484 5048 est
527 5003 714 5048 autem
758 4993 812 5047 in
857 4992 1202 5048 sustentanda
1233 4993 1339 5046 vita
1382 4992 1598 5047 illicitus
1624 4992 1797 5061 cibus,

216 5081 309 5136 hoc
333 5092 416 5137 est
439 5083 494 5137 in
521 5082 811 5153 qumrenda
842 5083 989 5152 prole
1015 5081 1330 5137 foruicarius
1357 5081 1441 5137 vel
1469 5081 1800 5137 adulterinus

215 5175 543 5231 concubitus.
574 5175 642 5230 Et
667 5173 810 5245 quod
830 5182 914 5230 est
940 5174 992 5228 in
1020 5174 1228 5228 luxuria
1260 5174 1461 5228 ventris
1490 5182 1546 5229 et
1573 5174 1800 5244 gutturis

216 5264 419 5320 illicitus
444 5267 626 5333 cibus,
651 5266 754 5322 hoc
778 5275 859 5321 est
880 5266 932 5321 in
952 5265 1172 5321 libidine
1194 5265 1394 5320 nullam
1422 5267 1626 5336 prolem
1657 5282 1804 5335 qum-

215 5366 358 5412 rente
398 5359 626 5413 illicitus
662 5357 998 5414 concubitus.
1040 5357 1107 5412 Et
1144 5357 1287 5428 quod
1313 5365 1396 5411 est
1427 5358 1476 5410 in
1504 5357 1625 5412 cibo
1655 5357 1802 5412 licito

215 5450 484 5504 nonnullis
520 5449 928 5506 immoderatior
951 5451 1244 5520 appetitus,
1279 5451 1380 5505 hoc
1415 5461 1497 5505 est
1527 5451 1579 5505 in
1610 5453 1798 5521 conju-

213 5540 359 5606 gibus
387 5542 620 5597 venialis
662 5543 750 5598 ille
795 5543 1128 5599 concubitus.
1174 5543 1322 5599 Sicut
1357 5559 1484 5612 ergo
1529 5543 1696 5598 satius
1722 5547 1818 5599 est"

213 5633 375 5686 emori
398 5631 566 5697 fame,
597 5647 755 5702 quam
783 5632 1091 5705 idolothytis
1117 5633 1258 5689 vesci
1291 5632 1398 5706 (b);
1429 5632 1498 5687 ita
1529 5633 1696 5688 satius
1723 5643 1805 5688 est

271 5765 344 5887 ςιιῖ
380 5775 411 5817 Il
434 5773 646 5817 netraet.
672 5781 776 5830 cap.
797 5768 877 5830 22,
901 5782 950 5818 [ι.
977 5769 1025 5818 2.

293 5828 324 5871 ιν
376 5833 449 5880 sic
470 5831 533 5880 ad
575 5829 828 5880 Publicola:
860 5834 1025 5887 qumsti

293 5828 344 5887 ιο)
376 5833 449 5880 sic
470 5831 533 5880 ad
575 5828 828 5880 Publicola:
860 5828 1178 5895 quaestionem
1199 5831 1263 5881 de
1301 5833 1483 5884 viatore
1521 5830 1800 5891 christiano,

1652 372 1852 431 LIBER
1897 371 2096 431 UNUS.

3402 394 3506 453 586

1913 486 2126 559 defungi
2171 489 2286 544 sine
2326 489 2526 561 liberis,
2557 508 2712 564 quam
2749 513 2812 552 ex
2859 499 3042 556 illicito
3088 503 3231 558 coitu
3276 504 3498 576 stirpem

1911 595 2172 650 quaerere.
2215 581 2598 655 Undecumque
2632 598 2809 644 autem
2838 602 3124 648 nascantur
3151 594 3417 659 homines,
3455 603 3502 655 si
3543 645 3547 648 .

1912 684 2192 740 parentum
2221 675 2342 729 vitia
2376 691 2480 730 non
2507 688 2779 736 sectentur
2799 722 2815 750 ,
2847 693 2903 738 et
2930 685 3095 740 Deum
3127 697 3270 742 recte
3301 689 3501 758 colant,

1911 763 2120 821 honesti
2147 776 2200 822 et
2225 767 2356 822 salvi
2378 777 2554 825 erunt.
2585 771 2778 828 Semen
2804 775 2945 830 enim
2975 777 3208 832 hominis
3236 795 3301 834 ex
3328 784 3503 851 quali-

1911 870 2139 927 cumque
2167 858 2404 926 homine,
2439 862 2532 917 Dei
2560 872 2804 919 creatura
2830 875 2932 932 est,
2960 877 3013 922 et
3042 883 3108 924 eo
3134 869 3274 925 male
3306 881 3505 926 utenti-

1911 945 2010 1002 bus
2034 950 2174 1004 male
2203 952 2325 1019 erit,
2356 967 2460 1006 non
2485 953 2656 1023 ipsum
2686 954 2970 1025 aliquando
3005 959 3201 1014 malum
3232 962 3356 1016 erit.
3387 960 3499 1016 Sic-

1911 1046 1970 1093 ut
2003 1049 2180 1096 autem
2227 1041 2319 1096 ﬁlii
2359 1044 2482 1097 boni
2523 1045 2910 1111 adulterorum,
2956 1049 3096 1104 nulla
3145 1050 3385 1107 defensio
3411 1060 3496 1107 est

1912 1131 2326 1200 adulteriorum;
2356 1135 2434 1190 sic
2457 1136 2580 1190 mali
2610 1138 3037 1210 conjugatorum,
3065 1141 3265 1196 nullum
3296 1145 3498 1200 crimen

1911 1231 1994 1278 est
2037 1225 2360 1294 nuptiarum.
2396 1227 2628 1284 Proinde
2668 1230 2808 1285 sicut
2842 1240 3023 1300 patres
3064 1235 3318 1304 temporis
3367 1235 3499 1290 Novi

1913 1315 2241 1372 Testamenti
2269 1333 2332 1373 ex
2371 1319 2548 1376 ofﬁcio
2575 1323 2885 1378 consulendi
2917 1325 3169 1380 alimenta
3198 1336 3497 1397 sumentes,

1911 1409 2154 1476 quamvis
2183 1423 2244 1463 ea
2274 1424 2395 1465 cum
2436 1411 2793 1469 delectatione
2819 1416 3050 1470 naturali
3078 1417 3254 1471 carnis
3279 1418 3497 1487 accipe-

1911 1505 2032 1551 rent
2056 1540 2071 1565 ,
2101 1499 2247 1554 nullo
2279 1500 2437 1555 modo
2469 1510 2644 1558 tamen
2688 1506 3134 1574 comparabantur
3158 1507 3499 1564 delectationi

1909 1604 2094 1644 eorum
2143 1591 2234 1660 qui
2281 1591 2621 1648 immolatitio
2665 1597 3018 1651 vescebantur
3044 1596 3090 1668 (l
3111 1598 3228 1652 (.‘or.
3268 1611 3381 1662 vm,
3416 1597 3496 1670 7),

1909 1689 1999 1734 aut
2027 1697 2211 1736 eorum
2241 1683 2332 1752 qui
2375 1685 2617 1754 quamvis
2654 1686 2827 1742 licitas
2869 1703 3041 1756 escas,
3074 1697 3254 1744 tamen
3300 1691 3495 1744 immo-

1909 1772 2147 1828 deratius
2170 1776 2545 1842 assumebant;
2569 1777 2647 1832 sic
2674 1788 2851 1848 patres
2878 1781 3131 1849 temporis
3164 1782 3368 1836 Veteris
3395 1783 3498 1838 Te-

1908 1865 2158 1920 stamenti
2183 1906 2197 1928 ,
2229 1867 2543 1923 consulendi
2575 1867 2756 1926 ofﬁcio
2785 1873 3232 1939 concumbebant,
3267 1890 3495 1944 quorum

1909 1954 2195 2010 delectatio
2230 1955 2320 2010 illa
2350 1959 2606 2014 naturalis
2633 1976 2963 2032 nequaquam
2991 1978 3158 2033 usque
3183 1965 3250 2019 ad
3279 1965 3497 2020 irratio-

1908 2049 2082 2103 nalem
2105 2055 2195 2102 aut
2213 2048 2474 2105 nefariam
2491 2052 2763 2107 libidinem
2781 2055 3038 2121 relaxata,
3063 2071 3162 2111 nec
3181 2057 3497 2127 turpitudini

1906 2148 2214 2210 stuprorum
2259 2156 2360 2197 nec
2402 2143 2804 2214 conjugatorum
2847 2146 3271 2217 intemperantia:
3313 2148 3498 2205 confe-

1906 2233 2070 2288 renda
2092 2243 2194 2288 est.
2227 2233 2425 2290 Eadem
2454 2236 2650 2306 quippe
2677 2251 2811 2291 vena
2845 2236 3140 2304 charitatis,
3169 2255 3311 2295 nunc
3335 2239 3498 2308 spiri-

1908 2326 2142 2393 tualiter,
2174 2334 2302 2381 tunc
2327 2327 2612 2381 carnaliter
2652 2336 2872 2399 prepter
2906 2329 3049 2384 illam
3081 2339 3306 2385 matrem
3334 2331 3496 2386 Jeru-

1906 2419 2070 2476 salem
2133 2423 2459 2493 propagandi
2509 2431 2663 2479 erant
2713 2423 2806 2478 ﬁlii
2863 2442 2877 2478 :
2919 2424 3013 2480 sed
3067 2424 3280 2480 diversa
3331 2441 3494 2497 opera

1905 2519 2116 2581 patrum
2166 2527 2272 2567 non
2325 2512 2550 2568 faciebat
2593 2513 2696 2568 nisi
2733 2513 3014 2569 diversitas
3047 2525 3367 2585 temporum.
3407 2517 3499 2573 Sic

1905 2612 2084 2657 autem
2113 2619 2335 2660 necesse
2363 2614 2478 2659 erat
2516 2613 2574 2658 ut
2614 2604 2900 2660 carnaliter
2927 2605 3154 2671 coirent,
3183 2606 3342 2659 etiam
3387 2622 3496 2662 nou

1909 2695 2154 2750 carnales
2195 2694 2507 2765 Propheta;
2537 2695 2674 2749 sicut
2703 2710 2926 2750 necesse
2970 2704 3084 2750 erat
3126 2704 3184 2750 ut
3210 2697 3498 2752 carnaliter

1909 2795 2279 2851 vescerentur,
2310 2787 2470 2842 etiam
2501 2803 2604 2841 non
2634 2787 2878 2842 carnales
2904 2786 3167 2856 Apostoli.

1975 2876 2202 2934 CAPUT
2220 2877 2818 2934 X\’ll.—l9.Nubentes
2835 2878 2987 2948 hujus
3004 2879 3242 2949 temporis
3258 2895 3358 2933 non
3377 2897 3498 2934 cor-

1906 2969 2104 3040 ferendi
2133 2969 2432 3026 nubentibus
2457 2971 2642 3025 sanctis
2671 2971 2821 3042 primi
2845 2970 3104 3040 temporis.
3128 2969 3229 3025 Uni
3251 2972 3354 3025 viro
3381 2972 3500 3042 plu.-

1905 3080 1985 3118 res
2014 3080 2191 3118 uxores
2221 3063 2402 3117 habere
2428 3063 2704 3136 aliquando
2734 3063 2897 3130 licuit,
2929 3080 3186 3136 nunquam
3219 3066 3306 3118 uni
3345 3066 3496 3134 [emi-

1906 3169 1987 3208 ηαξ
2011 3154 2181 3224 plures
2207 3155 2361 3208 viros.
2392 3154 2665 3225 Quotquot
2693 3169 2820 3225 ergo
2847 3171 2988 3210 nunc
3026 3166 3151 3210 sunt
3199 3156 3391 3226 quibus
3417 3158 3497 3212 di-

1905 3245 2066 3311 citur,
2086 3243 2146 3299 Si
2163 3261 2216 3298 se
2235 3261 2334 3299 non
2352 3246 2624 3314 continent,
2650 3245 2838 3300 nubant
2864 3246 2971 3318 (ld.
2989 3264 3084 3314 vn,
3105 3248 3163 3319 9)
3185 3262 3198 3314 ;
3224 3263 3327 3303 non
3351 3264 3500 3303 com-

1905 3334 2157 3404 paranda:
2187 3344 2310 3390 sunt
2358 3344 2484 3390 tunc
2527 3338 2686 3391 etiam
2737 3338 3060 3393 nubentibus
3099 3341 3315 3395 sanctis.
3366 3340 3497 3411 Ipsa:

1907 3427 2121 3498 quidem
2155 3429 2355 3498 nuptite
2390 3429 2444 3483 in
2486 3431 2735 3486 omnibus
2771 3432 3018 3501 gentibus
3060 3432 3247 3487 eadem
3277 3445 3399 3486 sunt
3431 3434 3497 3486 ﬁ-

1907 3520 2098 3574 liorum
2129 3521 2582 3590 procreandorum
2622 3536 2815 3589 causa,
2844 3523 2933 3592 qui
2963 3524 3281 3593 qualeslibet
3313 3533 3495 3595 postea

1905 3611 2139 3678 fuerint,
2174 3612 2241 3666 ad
2272 3611 2374 3667 hoc
2401 3621 2576 3667 tamen
2605 3613 2861 3667 instituta:
2888 3623 3012 3668 sunt
3039 3615 3238 3685 nUptia:
3259 3657 3272 3680 ,
3312 3624 3368 3669 ut
3405 3631 3494 3670 or-

1905 3705 2085 3759 dinate
2112 3703 2444 3776 honesteque
2471 3716 2775 3763 nascantur.
2800 3706 2904 3762 Sed
2929 3707 3172 3762 homines
3192 3709 3279 3778 qui
3308 3725 3365 3763 se
3391 3724 3495 3764 non

1906 3797 2200 3859 continent,
2233 3804 2481 3865 tanquam
2501 3796 2796 3850 ascendunt
2823 3799 2874 3850 in
2903 3799 3111 3866 nuptias
3138 3799 3302 3865 gradu
3330 3799 3496 3853 hone-

1907 3886 2060 3940 statis
2091 3904 2104 3940 :
2132 3887 2221 3956 qui
2260 3897 2438 3941 autem
2467 3901 2524 3940 se
2566 3889 2682 3942 sine
2724 3887 2887 3942 dubio
2931 3889 3284 3954 continerent,
3316 3891 3359 3942 si
3394 3890 3496 3944 hoc

1907 3979 2048 4032 illius
2076 3978 2332 4044 temporis
2370 3979 2506 4032 ratio
2537 3979 2897 4046 permisisset,
2939 3980 3169 4049 quodam
3218 3981 3376 4034 modo
3402 3981 3498 4034 tle~

1908 4068 2232 4122 scenderunt
2273 4067 2326 4121 in
2379 4067 2589 4136 nuptias
2636 4067 2804 4137 gradu
2855 4069 3084 4138 pietatis.
3132 4070 3210 4124 Ac
3255 4085 3352 4139 per
3395 4069 3497 4125 hoc

1907 4159 2149 4229 quamvis
2176 4166 2522 4228 utrorumque
2551 4160 2746 4228 nuptite
2770 4159 2820 4212 in
2849 4169 3102 4229 quantum
3127 4163 3322 4230 nuptim
3350 4170 3494 4226 sunt,

1908 4252 2029 4321 quia
2060 4250 2378 4320 procreandi
2408 4265 2568 4304 causa
2601 4259 2755 4314 sunt,
2786 4251 3062 4320 aequaliter
3093 4253 3245 4307 bonae
3287 4254 3412 4318 sint,
3443 4253 3495 4308 hi

1909 4353 2084 4398 tamen
2129 4343 2376 4398 homines
2415 4343 2682 4414 conjugati
2715 4344 2818 4398 illis
2858 4343 3164 4402 hominibus
3201 4347 3498 4418 conjugatis

1910 4453 2015 4490 non
2045 4445 2168 4492 sunt
2188 4437 2553 4506 comparandi.
2584 4437 2791 4492 Habent
2815 4437 2956 4492 enim
2979 4438 3062 4493 isti
3085 4440 3222 4509 quod
3250 4441 3354 4493 illis
3384 4455 3500 4510 pro-

1912 4538 2030 4597 pter
2077 4527 2413 4583 honestatem
2471 4529 2818 4598 nuptiarum,
2869 4530 3112 4600 quamvis
3164 4530 3229 4585 ud
3287 4532 3498 4599 nuptias

1909 4634 2014 4674 non
2038 4619 2320 4689 pertineat,
2349 4619 2643 4674 secundum
2669 4621 2878 4675 veniam
2907 4621 3270 4685 concedatur;
3312 4621 3360 4675 id
3392 4629 3497 4687 est,

1913 4725 2249 4780 progressum
2298 4711 2444 4764 illum
2483 4713 2570 4782 qui
2619 4710 2830 4766 excedit
2870 4710 3159 4782 generandi
3205 4712 3497 4766 necessita-

1911 4811 2017 4856 tem
2043 4801 2082 4868 ‘,
2115 4801 2255 4871 quod
2287 4801 2361 4856 illi
2389 4817 2493 4856 non
2525 4802 2808 4857 habebant.
2839 4802 2945 4858 Sed
2975 4819 3148 4872 neque
3194 4803 3245 4856 hi
3272 4845 3286 4867 ,
3326 4804 3368 4856 si
3409 4803 3498 4872 qtti

1911 4893 2048 4950 forte
2068 4910 2210 4950 nunc
2233 4895 2591 4962 inveniuntur,
2623 4896 2714 4966 qui
2742 4913 2847 4950 non
2874 4905 3118 4966 quaerunt
3149 4895 3200 4949 iit
3233 4895 3501 4948 connubio

1910 5005 2010 5044 nec
2025 4997 2304 5060 appetunt,
2325 4989 2423 5044 nisi
2445 5000 2661 5058 propter
2675 4989 2815 5059 quod
2843 4990 3096 5043 instituta:
3127 4996 3250 5041 sunt
3279 4989 3498 5057 nuptim,

1911 5081 2175 5151 comquari
2202 5090 2422 5150 possunt
2463 5081 2572 5136 illis
2599 5080 2923 5135 hominibus.
2957 5079 3012 5133 In
3056 5078 3170 5132 istis
3198 5079 3338 5132 enim
3377 5094 3498 5134 ear-

1911 5195 2039 5242 vieto
2062 5192 2198 5242 famis
2209 5193 2577 5248 necessitate,si
2595 5192 2713 5240 nihil
2738 5194 2924 5253 uspiam
2944 5191 3206 5248 invenerit,
3227 5191 3316 5240 nisi
3337 5193 3502 5242 cilium

1912 5256 1960 5303 iu
1987 5253 2108 5302 idolo
2164 5256 2371 5313 positum
2389 5289 2403 5311 ,
2429 5255 2512 5302 ubi
2538 5253 2699 5302 nullus
2721 5253 2845 5302 alius
2867 5261 2944 5302 est
2966 5254 3208 5301 hominum
3229 5288 3243 5309 ,
3268 5263 3428 5302 utrum
3455 5259 3501 5305 ei

1911 5317 2062 5364 satius
2084 5316 2147 5362 sit
2167 5316 2292 5362 tame
2319 5316 2487 5372 emori,
2513 5328 2655 5376 quam
2682 5315 2796 5376 illud
2817 5316 2864 5363 in
2883 5315 3164 5364 alimentum
3187 5329 3403 5375 sumere,
3420 5327 3502 5365 re-

1909 5377 2119 5442 srtoutlet
2142 5376 2434 5437 Augustinus
2446 5378 2498 5442 in
2525 5375 2726 5442 epistola
2750 5389 2878 5425 uuue
2896 5377 3068 5424 ordine
3086 5376 3165 5434 47,
3191 5391 3239 5425 n.
3265 5377 3297 5426 6
3320 5391 3333 5426 :
3370 5397 3391 5422 ι
3412 5386 3501 5428 Aut

1920 5437 2151 5486 (eertum
2185 5444 2262 5485 est
2296 5450 2408 5486 esse
2444 5437 2786 5500 idolathytum,
2811 5449 2893 5487 aut
2912 5447 3101 5488 certum
3127 5446 3204 5500 est
3237 5452 3331 5487 non
3365 5453 3496 5498 esse,

1919 5519 1940 5546 θ(
1965 5506 2048 5548 aut
2071 5500 2317 5560 ignoratur
2342 5512 2354 5546 :
2378 5500 2420 5547 si
2445 5512 2566 5561 ergo
2587 5507 2775 5548 certum
2800 5508 2877 5549 est
2901 5513 3032 5559 esse,
3049 5499 3225 5549 melius
3246 5502 3504 5551 christiana

1920 5580 1941 5607 α
1968 5564 2145 5610 virtute
2171 5561 2441 5623 reSpu‘itur;
2467 5562 2506 5608 si
2522 5569 2687 5611 autem
2713 5561 2789 5611 vel
2816 5575 2911 5623 non
2946 5577 3058 5611 esse
3075 5563 3242 5621 scitur,
3267 5561 3346 5610 vel
3371 5564 3505 5623 igno-

1921 5641 1941 5668 ai
1966 5631 2115 5683 ratur,
2132 5624 2242 5694 sine
2257 5619 2359 5670 ullo
2378 5619 2686 5672 ceuscieutite
2709 5622 2934 5686 scrupulo
2957 5626 3004 5672 iu
3039 5637 3177 5672 usum
3198 5619 3504 5675 accessibus

1922 5705 1944 5731 tl
1965 5693 2240 5734 assuuntur.
2262 5701 2284 5727 ν

1979 5768 1993 5798 ¹
2023 5772 2152 5824 l.ov.,
2177 5766 2441 5828 gmtcrandi
2469 5781 2664 5818 causam
2689 5767 3119 5820 relncccssitutcm.
3149 5773 3290 5818 AtFr.
3319 5771 3371 5816 et
3397 5773 3501 5816 xm.

1918 5843 2011 5877 non
2038 5829 2235 5885 habt-ut,
2266 5843 2460 5878 causam
2484 5829 2570 5879 rel.
