4024 6530
537 473 634 524 537

538 585 654 637 uale
696 591 779 637 est
817 581 991 651 ipsum
1033 571 1355 631 desiderium
1397 569 1666 633 ﬁliorum;
1706 568 1760 620 in
1800 564 1903 633 illis
1942 571 2120 617 autem

536 671 812 743 spirituale
841 680 977 735 erat,
1015 666 1136 737 quia
1168 669 1508 718 sacramento
1538 664 1678 714 illius
1709 655 1967 725 temporis
1995 668 2128 708 con-

538 766 780 837 gruebat.
826 761 976 816 Nunc
1019 758 1216 829 quippe
1258 755 1437 810 nullus
1479 753 1671 821 pietate
1697 747 1963 820 perfectus
1995 744 2131 837 ﬁlios

543 856 740 910 habere
787 852 892 909 nisi
937 848 1288 921 spiritualiter
1335 844 1571 917 qumrit:
1621 852 1747 896 tunc
1792 853 1921 895 vero
1965 836 2128 908 ipsius

543 945 751 1015 pietatis
781 952 894 998 erat
916 938 1177 1011 operatio,
1208 937 1370 992 etiam
1390 934 1681 992 carnaliter
1709 932 1844 985 lilios
1869 942 2131 1001 propaga-

542 1053 638 1101 re;
684 1035 810 1106 quia
858 1034 1001 1087 illius
1041 1030 1228 1102 pepuli
1275 1027 1554 1100 generatio
1604 1024 1788 1079 nuntia
1832 1023 2131 1077 futurorum

540 1138 676 1193 erat,
706 1136 763 1183 et
790 1125 856 1180 ad
884 1125 1335 1195 dispensationem
1369 1117 1738 1191 propheticam
1771 1112 2093 1186 pertinebat.

612 1221 703 1276 20.
746 1218 972 1287 Ideoque
1025 1231 1132 1269 non
1178 1214 1317 1270 sicut
1357 1212 1448 1266 uni
1494 1210 1611 1264 viro
1639 1208 1800 1262 etiam
1830 1206 2007 1277 plures
2034 1204 2131 1257 lia-

545 1316 675 1369 liere
723 1313 914 1367 licebat
964 1323 1183 1371 uxores,
1232 1306 1304 1361 ita
1350 1305 1441 1360 uni
1486 1301 1698 1358 femina:
1746 1298 1926 1369 plures
1966 1297 2130 1361 viros,

550 1419 648 1459 nec
675 1402 839 1473 prolis
883 1400 1050 1471 ipsius
1094 1413 1284 1462 causa,
1325 1396 1371 1451 si
1409 1394 1544 1450 forte
1575 1392 1663 1447 illa
1701 1404 1889 1461 parere
1933 1394 2131 1459 posset,

551 1497 638 1549 ille
681 1507 941 1563 generare
982 1507 1089 1545 non
1132 1500 1331 1559 posset.
1374 1485 1591 1542 Occulta
1618 1484 1758 1539 enim
1788 1481 1904 1552 lege
1932 1489 2134 1534 natura:

551 1594 735 1640 ainant
780 1583 1205 1655 singularitatem
1251 1596 1368 1652 qua:
1412 1578 1779 1650 priucipantur
1828 1591 1841 1627 :
1896 1572 2135 1641 subjecta

554 1696 680 1731 vero
708 1692 814 1732 non
840 1677 1013 1730 solum
1037 1674 1242 1745 singula
1270 1672 1509 1743 singulis,
1532 1670 1625 1725 sed
1650 1669 1694 1723 si
1722 1667 1856 1722 ratio
1883 1665 2136 1720 naturalis

554 1771 635 1825 vel
667 1769 880 1824 socialis
905 1767 1157 1831 admittit,
1185 1768 1342 1821 etiam
1371 1765 1520 1834 plura
1548 1763 1636 1817 uni
1667 1777 1773 1816 non
1801 1761 1914 1815 sine
1941 1758 2136 1813 decore

553 1860 868 1915 subduntur.
898 1857 1081 1928 Neque
1125 1857 1265 1912 enim
1293 1856 1370 1909 sic
1397 1854 1555 1908 habet
1582 1868 1717 1907 unus
1743 1866 1929 1905 servus
1957 1849 2136 1919 plures

553 1954 834 2019 ilouiiuos,
866 1948 1134 2021 quomodo
1164 1949 1343 2019 plures
1369 1947 1509 2001 servi
1539 1960 1699 1999 unum
1732 1942 2029 1997 dominum.
2061 1940 2135 1994 lta

555 2044 763 2097 duobus
806 2058 901 2097 seu
947 2040 1187 2112 pluribus
1232 2038 1439 2094 maritis
1486 2035 1623 2090 vivis
1670 2034 1871 2089 nullam
1910 2032 2135 2101 legimus

555 2133 785 2188 servisse
814 2140 1153 2196 sanctarum;
1185 2129 1367 2199 plures
1408 2136 1585 2182 autem
1626 2124 1851 2181 feminas
1894 2124 1983 2178 uni
2022 2122 2135 2176 viro

560 2224 783 2295 legimus
817 2222 914 2294 (a),
930 2237 1051 2277 cum
1077 2220 1248 2292 gentis
1273 2220 1415 2273 illius
1434 2218 1662 2274 societas
1687 2216 1981 2284 sinebat,et
2004 2224 2139 2269 tem-

556 2316 849 2387 porisratio
866 2314 1126 2371 suadebat
1154 2332 1168 2369 :
1198 2328 1375 2383 neque
1402 2312 1543 2367 enim
1564 2319 1747 2365 contra
1777 2321 2015 2363 naturam
2041 2322 2137 2361 nu-

555 2410 783 2479 ptiarum
824 2415 924 2463 est.
965 2406 1150 2461 Plures
1189 2405 1331 2461 enim
1376 2403 1587 2458 femina:
1615 2402 1682 2457 ab
1711 2415 1818 2455 uno
1846 2400 1959 2454 viro
1987 2397 2135 2453 fetari

553 2508 805 2569 possunt;
838 2512 939 2553 una
967 2512 1093 2553 vero
1136 2512 1165 2552 a
1214 2495 1456 2567 pluribus
1500 2510 1606 2549 non
1655 2502 1830 2564 potest
1878 2492 2015 2563 (lucc
2056 2499 2138 2545 est

554 2593 933 2663 principiorum
959 2593 1038 2646 vis
1056 2587 1098 2665 ¹)
1124 2608 1138 2646 :
1162 2589 1300 2645 sicut
1323 2588 1504 2643 multae
1525 2588 1716 2642 anima:
1741 2586 1832 2641 uni
1857 2586 1966 2641 Deo
1992 2593 2137 2639 recte

550 2688 867 2743 subdantur.
908 2685 1139 2755 Ideoque
1179 2698 1284 2739 non
1328 2690 1411 2739 est
1454 2676 1613 2737 verus
1659 2681 1801 2735 Deus
1840 2679 2135 2733 animarum

552 2777 651 2832 uisi
682 2793 816 2832 unus
838 2819 852 2843 ,
883 2791 987 2830 una
1017 2789 1145 2830 vero
1171 2776 1346 2827 anima
1391 2788 1486 2843 per
1526 2771 1724 2826 multos
1749 2772 1769 2800 ²
1812 2769 1975 2824 falsos
2006 2767 2137 2824 deos

552 2868 798 2923 fornicari
823 2875 1018 2937 potest,
1050 2880 1153 2919 non
1186 2862 1489 2923 lecundari.

619 2959 845 3016 CAPUT
897 2956 1084 3012 XVIII.
1130 2986 1201 2997 -—
1253 2954 1344 3008 2|.
1400 2953 1787 3008 Sacramentum
1842 2948 2136 3020 nuptiarum

550 3070 680 3107 nunc
709 3052 776 3105 ad
818 3066 973 3103 unum
1009 3049 1172 3103 virum
1208 3055 1253 3100 et
1293 3045 1360 3098 ad
1400 3060 1554 3097 imam
1599 3058 1809 3096 uxorem
1847 3040 2131 3095 redactum.

551 3145 859 3213 Episwpnm
911 3140 1009 3194 nisi
1063 3139 1210 3191 unius
1273 3136 1448 3189 uxoris
1502 3135 1669 3188 virum
1732 3131 1979 3186 ordinare
2032 3145 2134 3183 non

550 3239 683 3291 licet.
732 3234 838 3291 Sed
890 3231 1143 3303 quoniam
1200 3246 1267 3285 ex
1314 3228 1495 3282 multis
1553 3226 1744 3281 animis
1796 3240 1899 3279 una
1949 3223 2133 3278 civitas

551 3330 725 3383 futura
774 3334 857 3381 est
908 3323 1211 3379 habentium
1242 3321 1473 3377 animam
1518 3335 1681 3374 unam
1730 3326 1784 3372 ct
1826 3332 1919 3372 cor
1967 3330 2132 3370 unum

550 3421 603 3472 in
644 3419 809 3472 Deum
850 3414 1002 3489 (Act.
1053 3429 1125 3480 tv,
1171 3411 1313 3484 52);
1355 3428 1474 3481 quae
1515 3409 1730 3465 unitatis
1774 3418 1969 3463 nostra:
2007 3421 2133 3477 pcr-

551 3512 709 3569 fectio
760 3518 879 3581 post
926 3509 1063 3562 hanc
1111 3505 1589 3577 peregrinationem
1638 3501 1814 3555 futura
1868 3509 1991 3564 est,
2042 3497 2133 3553 ubi

549 3603 785 3659 omnium
818 3599 1166 3672 cogitationes
1196 3614 1294 3653 nec
1320 3596 1557 3652 latebunt
1587 3595 1835 3659 invicem,
1866 3607 1964 3647 nec
1995 3592 2133 3646 inter

549 3712 608 3751 se
651 3696 703 3750 in
742 3695 918 3764 aliquo
963 3690 1367 3763 repugnabunt:
1408 3696 1689 3758 propterea
1730 3684 2131 3740 Sacramentum

551 3789 856 3859 nuptiarum
901 3783 1159 3855 temporis
1208 3781 1378 3837 nostri
1421 3780 1498 3835 sic
1540 3779 1608 3833 ad
1653 3794 1817 3833 unum
1861 3776 2031 3830 virum
2080 3783 2135 3829 et

550 3898 706 3937 unam
735 3895 957 3935 uxorem
987 3877 1260 3933 redactum
1292 3883 1395 3939 est,
1426 3883 1484 3928 ut
1514 3872 1770 3928 Ecclesim
1794 3870 2134 3939 dispensato-

550 3990 659 4029 rem
704 3987 808 4027 non
854 3971 1014 4026 liceat
1057 3968 1335 4033 ordinare,
1384 3965 1485 4020 nisi
1529 3964 1686 4018 unius
1730 3962 1912 4016 uxoris
1961 3961 2132 4015 virum

550 4065 591 4137 (l
640 4064 770 4118 Tim.
816 4079 893 4127 ιιι,
926 4061 963 4116 2
986 4103 1001 4127 ,
1032 4070 1081 4114 et
1112 4058 1213 4113 Tit.
1245 4075 1282 4123 ι,
1326 4057 1402 4129 6).
1436 4054 1590 4124 Quod
1621 4053 1826 4109 acutius
1857 4053 2137 4107 intellexe-

548 4164 691 4217 runt,
723 4154 811 4224 qui
858 4167 956 4207 nec
1001 4166 1123 4206 eum
1165 4150 1253 4220 qui
1302 4147 1714 4203 catechurnenus
1763 4145 1847 4200 vel
1899 4159 2135 4214 paganus

550 4244 794 4299 habuerit
820 4243 1063 4305 alteram,
1099 4237 1451 4294 ordinandum
1497 4251 1616 4291 esse
1662 4244 1989 4291 censuerunt
2029 4233 2131 4304 (ὑ).

554 4337 626 4389 De
652 4335 996 4389 Sacramento
1021 4331 1163 4385 enim
1194 4330 1387 4398 agitur,
1425 4342 1528 4382 non
1557 4326 1623 4381 de
1648 4334 1889 4396 peccato.
1916 4323 2049 4378 Nam
2080 4323 2133 4377 in

550 4427 821 4497 Baptismo
851 4434 1065 4495 peccata
1094 4423 1273 4478 omnia
1299 4421 1657 4476 dimittuntur.
1700 4417 1806 4474 Sed
1848 4418 1937 4488 qui
1977 4416 2130 4482 dixit,

551 4520 612 4573 Si
641 4520 889 4589 acceperis
914 4535 1143 4583 uxorem,
1172 4534 1271 4570 non
1300 4516 1546 4587 peccasti;
1579 4524 1623 4569 et
1649 4515 1693 4569 si
1722 4514 1946 4583 nupserit
1972 4512 2131 4582 virgo,

550 4627 651 4663 non
680 4619 884 4679 peccat;
911 4618 985 4674 et,
1019 4608 1165 4675 Quod
1193 4606 1295 4661 vult
1322 4608 1497 4679 faciat,
1527 4623 1626 4660 non
1657 4613 1846 4676 peccat,
1898 4604 1943 4658 si
1982 4603 2137 4657 nubat

548 4699 1038 4771 (lCor.vn,28,56)
1060 4718 1072 4753 :
1094 4699 1221 4753 satis
1246 4698 1538 4754 declaravit
1554 4697 1762 4767 nuptias
1784 4695 1984 4749 nullttm
2015 4707 2136 4749 esse

548 4802 841 4861 peccatum.
858 4793 1080 4863 Propter
1096 4792 1420 4847 Sacramenti
1436 4801 1613 4845 autem
1628 4791 1983 4855 sanctitatem,
1999 4786 2137 4839 sicut

547 4885 739 4939 femina
767 4885 973 4940 etiamsi
1004 4883 1381 4941 catechumena
1404 4882 1561 4938 fuerit
1580 4882 1792 4946 vitiata,
1825 4895 1931 4935 non
1960 4886 2136 4949 potest

548 4989 666 5047 post
696 4980 1020 5051 Baptismum
1052 4978 1190 5032 inter
1216 4977 1310 5031 Dei
1332 4976 1564 5046 virgines
1586 4975 1888 5029 consecrari
1908 4989 1922 5039 ;
1942 4973 2012 5026 ita
2027 4987 2132 5026 non

549 5070 775 5126 absurde
800 5072 970 5125 visum
998 5078 1082 5125 est
1109 5084 1231 5123 eum
1261 5068 1349 5139 qui
1395 5070 1631 5123 excessit
1671 5080 1896 5120 uxorum
1943 5079 2134 5118 nume-

552 5175 664 5214 rum
701 5162 1051 5230 singularem,
1080 5175 1188 5215 non
1219 5168 1491 5231 peccatum
1520 5156 1736 5228 aliquod
1766 5144 2130 5222 commisisse,

613 5396 731 5460 ’_Hic
754 5394 870 5460 editi
888 5395 1085 5455 addunt,
1117 5402 1169 5460 ut
1190 5396 1354 5460 plures
1386 5396 1582 5459 remitte
1612 5395 1699 5447 uni
1734 5395 1838 5447 viro
1857 5394 1952 5447 sint
1976 5407 1995 5445 :
2022 5409 2134 5459 quae

551 5458 701 5503 verba
724 5456 900 5504 absunt
921 5460 982 5504 ab
1005 5456 1226 5507 omnibus
1246 5466 1357 5507 Mss.

614 5519 633 5547 ν
660 5524 790 5572 tom,
814 5521 916 5576 post
938 5517 1124 5567 inultos.
1149 5525 1223 5567 Er.
1250 5527 1302 5568 et
1320 5526 1451 5577 Mss,
1475 5531 1560 5581 per
1583 5518 1774 5570 multos.

612 5598 683 5653 (τι)
715 5594 940 5651 Subaudi,
965 5598 1179 5648 servisse.

613 5651 680 5717 (b)
708 5666 806 5706 Hoc
844 5655 1088 5726 intellexit
1118 5660 1260 5709 modo
1283 5660 1556 5726 ambrosius
1589 5662 1635 5710 in
1668 5662 1813 5724 epist.
1842 5661 1901 5710 ad
1934 5660 2130 5726 Vercel-

551 5714 734 5768 leusem
760 5714 1037 5783 tpclcsiam,
1063 5728 1233 5783 estque
1257 5722 1372 5771 olim
1394 5721 1469 5769 hic
1491 5734 1664 5772 sensus
1682 5714 1883 5783 r'ecepto
1906 5722 2131 5773 Ecclesia:

549 5789 681 5846 more
704 5780 955 5846 probatus.
988 5780 1200 5846 Attamen
1239 5784 1555 5846 Hieronymus
1591 5787 1731 5846 epist.
1758 5780 1815 5831 ad
1859 5793 2125 5839 Oceanum.

546 5840 716 5907 acriter
736 5842 971 5907 dareque
996 5842 1093 5907 egit.
1115 5853 1276 5907 contra
1304 5840 1433 5907 hunc
1462 5840 1657 5892 sensuri:
1695 5846 1739 5893 ut
1764 5846 1855 5892 sibi
1886 5847 2128 5907 obiectum

552 5903 767 5950 attnlliuo
794 5905 1007 5948 testatur
1032 5903 1077 5950 in
1111 5904 1203 5955 liae
1241 5906 1346 5953 libri
1384 5905 1399 5950 ι
1429 5912 1592 5952 contra
1618 5909 1862 5955 Rufﬁuum.

1560 452 1647 507 DE
1688 450 1864 505 BONO
1899 445 2294 512 CONJUGALI,
2323 446 2379 503 S.
2421 445 2789 501 AUGUSTINI

3727 456 3822 513 383

2241 560 2335 615 sed
2366 577 2605 617 normam
2635 563 2916 632 quamdam
2948 563 3278 622 Sacramenti
3309 568 3588 637 amisisse;
3623 588 3731 628 non
3761 578 3822 631 ad

2238 655 2361 707 vita:
2384 654 2539 709 bona:
2565 655 2835 721 meritum,
2858 656 2951 711 sed
2975 656 3041 711 ad
3072 657 3423 716 ordinationis
3443 662 3823 723 ecclesiastica:

2239 744 2567 815 signaculum
2582 747 2955 802 necessariam.
2974 750 3049 803 Ac
3066 764 3159 819 per
3170 749 3272 807 hoc
3282 752 3417 808 sicut
3432 754 3618 824 plures
3637 772 3827 815 uxores

2239 837 2574 906 antiquorum
2599 848 2806 908 patrum
2832 840 3263 909 signiﬁcaverunt
3283 842 3487 901 futuras
3517 858 3734 903 nostras
3762 865 3825 905 es

2240 930 2486 984 omnibus
2509 931 2751 1000 gentibus
2774 932 3042 989 Ecclesias
3068 936 3155 989 uni
3177 935 3292 993 viro
3316 938 3556 995 subditas
3577 939 3822 997 Christo:

2239 1021 2311 1075 ita
2338 1032 2519 1077 noster
2539 1024 2760 1079 antistes
2782 1024 2937 1081 unius
2959 1026 3140 1082 uxoris
3165 1028 3246 1083 vir
3273 1029 3539 1100 signiﬁcat
3566 1048 3633 1087 ex
3660 1036 3826 1088 omni-

2240 1110 2342 1168 bus
2386 1114 2633 1183 gentibus
2681 1114 2936 1172 unitatem
2976 1118 3065 1173 uni
3100 1120 3215 1175 viro
3259 1122 3527 1177 subditam
3577 1121 3821 1187 Christo;

2240 1219 2361 1273 qua:
2391 1214 2518 1260 tunc
2556 1205 2861 1275 perﬁcietur
2884 1249 2898 1274 ,
2926 1223 3047 1263 cum
3090 1211 3405 1267 revelavcrit
3433 1214 3645 1268 occulta
3678 1224 3824 1270 tene-

2242 1293 2498 1362 brarum,
2544 1306 2599 1352 et
2646 1299 3062 1355 manilestaverit
3104 1303 3456 1373 cogitationes
3507 1306 3718 1372 cordis,
3767 1318 3822 1362 ut

2243 1398 2367 1445 tunc
2410 1391 2525 1446 laus
2574 1392 2642 1446 sit
2694 1393 2978 1464 unicuique
3003 1409 3034 1450 a
3082 1396 3195 1455 Deo
3251 1396 3294 1469 (Ι
3320 1396 3437 1452 Cor.
3467 1414 3541 1464 iv,
3573 1399 3655 1471 5).
3681 1400 3827 1457 Nunc

2241 1490 2418 1535 autem
2462 1490 2585 1536 sunt
2627 1483 2941 1552 manifestae,
2984 1496 3108 1541 sunt
3137 1486 3365 1544 latentes
3392 1489 3761 1547 dissensiones
3782 1494 3820 1553 ¹,

2242 1573 2400 1627 etiam
2432 1575 2575 1629 salva
2604 1574 2883 1644 charitate,
2927 1577 3069 1634 inter
3109 1594 3204 1635 eos
3233 1581 3320 1649 qui
3350 1597 3515 1637 unum
3553 1593 3611 1638 et
3640 1585 3693 1637 in
3726 1600 3826 1639 uno

2242 1664 2402 1719 futuri
2431 1674 2555 1720 sunt
2583 1683 2597 1721 :
2627 1682 2747 1737 qua:
2775 1677 2899 1724 tunc
2928 1669 3112 1739 utique
3135 1671 3293 1727 nulla;
3318 1680 3495 1728 erunt.
3522 1673 3675 1729 Sicut
3702 1690 3825 1745 ergo

2240 1755 2645 1813 Sacramentum
2686 1758 2967 1829 pluralium
3012 1763 3316 1831 nuptiarum
3366 1765 3506 1819 illius
3570 1770 3826 1836 temporis

2242 1849 2553 1919 signiﬁcavit
2588 1851 2815 1906 futuram
2864 1854 3259 1925 multitudinem
3291 1856 3400 1911 Deo
3426 1858 3728 1928 subjectam
3775 1862 3822 1915 in

2243 1940 2468 1995 terrenis
2496 1942 2740 1998 omnibus
2763 1944 3045 2013 gentibus;
3076 1946 3154 2000 sic
3184 1945 3589 2003 Sacramentum
3622 1953 3825 2021 nuptiao

2242 2048 2356 2086 rum
2386 2032 2710 2103 singularum
2753 2037 2923 2091 nostri
2970 2038 3226 2109 temporis
3268 2040 3537 2111 signiﬁcat
3567 2044 3823 2099 unitatem

2241 2125 2477 2179 omnium
2502 2135 2743 2181 nostrum
2773 2128 3065 2197 subjectam
3097 2130 3207 2186 Deo
3234 2129 3466 2187 futuram
3493 2132 3546 2189 in
3576 2149 3683 2189 una
3714 2150 3821 2191 cre-

2242 2215 2361 2272 lesti
2387 2218 2617 2274 civitate.
2650 2219 2835 2290 itaque
2865 2220 3001 2275 sicut
3026 2220 3237 2277 duobus
3265 2224 3572 2293 pluribusve
3601 2228 3820 2293 servire,

2240 2307 2318 2363 sic
2358 2322 2389 2362 a
2434 2309 2550 2364 viro
2596 2308 2715 2365 vivo
2745 2312 2800 2365 in
2828 2311 3049 2368 alterius
3080 2314 3305 2369 transire
3331 2315 3659 2371 connubium
3686 2360 3701 2381 ,
3732 2334 3825 2374 uec

2242 2409 2367 2456 tunc
2392 2401 2556 2465 licuit,
2588 2418 2687 2459 nec
2715 2419 2854 2458 nunc
2878 2405 3022 2471 licet,
3056 2421 3156 2461 nec
3185 2422 3417 2477 unquam
3451 2408 3653 2464 licebit.
3688 2412 3825 2479 Apo-

2242 2503 2437 2548 statarc
2463 2496 2657 2565 quippe
2682 2495 2748 2551 ab
2778 2511 2883 2551 uno
2914 2498 3044 2564 Deo,
3077 2506 3131 2553 et
3158 2499 3236 2554 ire
3261 2500 3313 2554 in
3358 2500 3584 2557 alterius
3617 2502 3822 2559 adulte-

2243 2583 2412 2639 rinam
2454 2587 2909 2655 superstitionem,
2939 2602 3155 2658 semper
3178 2598 3262 2645 est
3286 2590 3505 2647 malum.
3532 2592 3644 2647 Nec
3670 2609 3822 2648 causa

2240 2691 2367 2748 ergo
2392 2679 2774 2735 numerosioris
2814 2682 2976 2751 prolis
3000 2681 3244 2738 fecerunt
3266 2684 3436 2741 sancti
3466 2687 3661 2753 nostri,
3688 2687 3822 2757 quod

2239 2769 2369 2826 Cato
2399 2770 2592 2827 dicitur
2634 2771 2827 2828 fecisse
2855 2773 3127 2829 Romanus
3156 2774 3263 2850 (a),
3297 2786 3355 2831 ut
3396 2775 3633 2832 traderet
3678 2778 3823 2832 vivus

2242 2881 2461 2920 uxorem
2493 2866 2652 2921 etiam
2679 2866 2899 2921 alterius
2928 2866 3143 2922 domum
3191 2869 3313 2923 ﬁliis
3360 2870 3722 2939 impleturam.
3768 2871 3821 2925 lu

2241 2964 2543 3011 nostrarum
2573 2958 2767 3028 quippe
2809 2959 3008 3027 nuptiis
3036 2959 3155 3028 plus
3184 2959 3325 3015 valet
3349 2960 3605 3015 sanctitas
3633 2960 3823 3015 Sacra-

2241 3051 2427 3117 menti,
2450 3066 2607 3121 quain
2637 3050 2933 3107 fecunditas
2961 3053 3123 3108 uteri.

2309 3141 2400 3197 22.
2440 3140 2495 3197 Si
2521 3158 2649 3214 ergo
2678 3152 2731 3198 et
2757 3144 2831 3199 illi
2855 3145 2944 3213 qui
2969 3154 3185 3215 propter
3204 3145 3375 3201 solam
3398 3148 3819 3217 generationem,

2240 3243 2457 3304 propter
2487 3250 2645 3304 quam
2681 3243 2804 3289 sunt
2847 3236 3103 3291 instituta:
3143 3238 3340 3307 nuptiae
3365 3278 3380 3301 ,
3407 3238 3821 3309 conjungnntur,

2238 3342 2344 3382 non
2377 3339 2753 3398 comparantur
2797 3330 3054 3399 patribus,
3089 3330 3257 3384 multo
3300 3332 3458 3387 aliter
3504 3333 3655 3403 ipsos
3690 3333 3823 3389 filios

2238 3434 2395 3490 quam
2428 3420 2510 3474 isti
2539 3420 2933 3491 qurercntibus;
2965 3422 3392 3493 quandoquidem
3420 3424 3589 3480 ﬁlium
3633 3426 3825 3481 immo-

2240 3511 2351 3566 lare
2370 3512 2552 3581 jussus
2582 3513 2872 3579 Abraham,
2901 3514 3194 3584 intrepidus
3220 3530 3281 3569 ac
3302 3515 3549 3582 devotus,
3577 3533 3740 3587 quem
3760 3518 3825 3574 de

2242 3612 2385 3658 tanta
2413 3603 2786 3675 deSperatione
2823 3615 3169 3677 susceperat,
3201 3608 3359 3662 unico
3400 3624 3507 3663 non
3552 3614 3823 3679 pepercit.

2239 3695 2341 3750 nisi
2366 3711 2430 3750 eo
2457 3697 2770 3766 prohibente
2812 3713 3029 3753 manum
3079 3698 3405 3769 deponeret,
3455 3715 3564 3769 quo
3603 3701 3826 3771 jubente

2241 3788 2508 3843 levaverat
2529 3786 2682 3859 (Gen.
2708 3804 2839 3856 xm,
2874 3788 2987 3860 12).

2312 3880 2537 3938 CAPUT
2564 3880 2706 3935 XIX.
2737 3911 2806 3922 —
2843 3882 2924 3936 An
2949 3881 3129 3937 saltem
3158 3882 3462 3937 continentes
3498 3884 3666 3938 nostri
3693 3900 3827 3938 com-

2241 3971 2457 4041 parandi
2482 3973 2581 4025 sint
2606 3972 2821 4043 antiquis
2845 3972 3032 4027 sanctis
3071 3973 3374 4043 coniugatis.
3416 3972 3605 4028 Restat
3645 3983 3706 4028 ut
3752 3974 3828 4028 vi-

2240 4063 2464 4117 deamus
2502 4074 2678 4117 utrum
2707 4063 2899 4118 saltem
2943 4064 3276 4120 continentes
3316 4064 3486 4118 nostri
3526 4065 3827 4136 conjugatis

2242 4155 2347 4210 illis
2392 4155 2629 4225 patribus
2677 4155 3022 4225 comparandi
3064 4156 3207 4223 sint;
3252 4154 3353 4209 nisi
3396 4154 3536 4211 forte
3575 4156 3692 4225 jam
3741 4157 3824 4211 isti

2241 4247 2559 4318 praeferendi
2580 4259 2704 4302 sunt
2723 4249 2821 4315 eis,
2846 4249 3037 4318 quibus
3062 4247 3298 4304 nondum
3324 4263 3459 4319 quos
3483 4248 3827 4304 conferamus

2242 4340 2559 4394 invenimus.
2591 4339 2759 4409 Majus
2788 4340 2931 4395 enim
2962 4339 3160 4395 bonum
3202 4348 3317 4395 erat
3364 4340 3418 4394 in
3464 4339 3681 4394 illorum
3731 4356 3828 4393 nu-

2241 4434 2385 4503 ptiis,
2409 4448 2565 4503 quam
2594 4442 2673 4488 est
2703 4434 2898 4489 bonum
2927 4435 3197 4503 proprium
3225 4435 3548 4503 nuptiarum,
3577 4433 3665 4487 cui
3700 4448 3826 4501 pro-

2241 4527 2326 4581 cul
2352 4526 2513 4581 dubio
2538 4527 2735 4581 bonum
2765 4527 3106 4583 continentia:
3134 4525 3521 4597 praeferendum
3558 4535 3671 4591 est;
3704 4526 3825 4595 quia

2242 4634 2349 4674 non
2377 4619 2467 4673 tali
2495 4616 2672 4673 ofﬁcio
2714 4619 3026 4688 quaerebant
3065 4618 3140 4672 illi
3172 4617 3309 4673 ﬁlios
3338 4632 3402 4672 ex
3432 4617 3651 4686 nuptiis,
3681 4616 3823 4686 quali

2241 4711 2505 4767 ducuntur
2529 4708 2639 4776 isti,
2671 4725 2736 4765 ex
2766 4709 2995 4780 quodam
3022 4724 3182 4764 sensu
3204 4718 3405 4763 natura:
3432 4708 3680 4763 mortalis
3706 4722 3826 4761 suc-

2241 4802 2536 4856 cessionem
2588 4799 2884 4855 decessioni
2932 4800 3255 4869 requirentis
3282 4809 3323 4851 I.
3378 4797 3533 4865 Quod
3583 4796 3826 4866 quisquis

2240 4892 2440 4947 bonum
2468 4900 2645 4962 negat,
2674 4892 2883 4962 ignorat
2908 4892 3077 4946 Deum
3104 4890 3341 4946 omnium
3367 4890 3629 4944 bonorum
3658 4902 3690 4941 a
3717 4902 3826 4942 cm-

2240 4986 2460 5040 lcstibus
2487 5000 2653 5055 usque
2680 4985 2744 5039 ad
2778 4994 2985 5040 terrena
3006 5026 3021 5051 ,
3048 4982 3118 5038 ab
3147 4981 3535 5038 immortalibus
3561 4994 3731 5050 usque
3761 4980 3828 5032 ad

2240 5077 2485 5132 mortalia
2511 5085 2830 5131 creatorem.
2856 5076 2970 5130 Hoc
3000 5084 3175 5130 autem
3204 5088 3363 5131 sensu
3401 5071 3696 5143 generandi
3728 5086 3830 5126 nec

2239 5170 2425 5224 bestia:
2459 5169 2671 5238 penitus
2696 5176 2914 5234 carent,
2941 5176 2996 5222 et
3024 5166 3255 5221 maxime
3292 5166 3463 5230 alites,
3501 5178 3734 5234 quarum
3774 5162 3827 5215 in

2240 5270 2488 5331 promptu
2513 5270 2594 5315 est
2612 5274 2740 5315 cura
2761 5258 3084 5323 uidiﬁcandi,
3110 5267 3166 5313 et
3188 5256 3431 5327 quaedam
3451 5255 3825 5325 conjuginrmu

2238 5353 2531 5409 similitudo
2555 5352 2623 5407 ad
2652 5352 2808 5408 simul
2841 5350 3227 5422 procreandum
3268 5358 3428 5418 atque
3453 5346 3821 5402 nutriendum.

2237 5448 2341 5505 Sed
2369 5448 2442 5501 illi
2470 5447 2713 5501 homines
2741 5446 2899 5499 istum
2930 5453 3132 5498 natura:
3156 5442 3398 5497 mortalis
3419 5439 3693 5503 affectum,
3727 5452 3821 5490 eu-

2233 5540 2322 5609 jus
2348 5540 2399 5593 iu
2442 5553 2540 5593 suo
2580 5553 2778 5608 genere
2805 5538 3023 5593 castitas
3051 5534 3340 5589 accedente
3367 5531 3459 5587 Dei
3486 5531 3657 5594 cultu,
3687 5529 3822 5583 sicut

2300 5722 2315 5753 ί
2336 5722 2406 5769 sic
2428 5727 2532 5770 uss.
2552 5726 2607 5770 Αι
2630 5719 2747 5769 editi
2771 5731 2786 5767 :
2809 5728 2941 5769 Nunc
2952 5718 3367 5778 atttcmnmiiﬁ’sfc
3390 5722 3497 5769 sunt
3515 5714 3823 5768 ιιιωιιειςιέἰες

2235 5783 2492 5835 scitsiones.

2297 5847 2316 5878 ν
2344 5844 2527 5907 Aliquot
2561 5843 2886 5903 manuscripti.
2903 5843 3211 5907 requirentes.

2297 5909 2368 5967 (η)
2402 5904 2513 5953 (fato
2538 5908 2694 5965 \Liuor,
2721 5918 2763 5969 a,
2784 5906 2844 5954 nd
2873 5904 3104 5956 rlutarcli.
