4048 6502
228 354 336 409 38‘)

231 471 446 539 quidam
478 471 885 537 intellexerunt,
915 474 970 530 in
993 477 1274 534 tricenario
1297 479 1471 537 fructu
1499 484 1713 552 ponitur
1734 484 1831 559 (a),

224 564 389 635 iunge
414 567 685 621 sanctiore
710 576 890 623 mente
919 572 1268 641 superabant,
1290 574 1378 644 qui
1404 573 1472 630 de
1498 576 1609 631 suis
1630 580 1833 649 nuptiis

224 655 367 711 ﬁlios
398 665 623 727 propter
647 654 918 713 Christum
942 664 1274 731 qumrebant,
1302 664 1370 720 ad
1404 682 1573 736 genus
1602 669 1718 739 ejus
1743 685 1832 726 se-

218 746 462 802 cundum
492 762 712 804 carnem
734 749 1167 822 distinguendum
1191 755 1258 810 ab
1280 758 1530 813 omnibus
1553 762 1828 829 gentibus:

219 839 369 891 sicut
398 838 507 893 Deo
535 839 827 909 disponere
858 844 1077 912 placuit,
1125 855 1184 901 ut
1228 848 1328 902 hoc
1372 863 1482 919 pra:
1526 852 1735 907 caeteris
1760 853 1827 908 ad

216 944 350 982 eum
394 930 820 1001 prophetandum
854 936 1071 1001 valeret,
1105 938 1248 1007 quod
1278 942 1736 1009 praenuntiabatur
1759 961 1824 1000 ex

214 1033 331 1085 quo
358 1020 520 1075 etiam
549 1037 748 1092 genere
772 1034 828 1081 et
855 1041 917 1080 ex
947 1042 1050 1097 qna
1079 1039 1239 1099 gente
1262 1040 1408 1086 esset
1432 1032 1485 1085 in
1512 1047 1673 1090 carne
1697 1052 1826 1090 vcn-

217 1121 395 1166 turus.
428 1113 596 1169 Valde
634 1130 765 1186 ergo
790 1128 1097 1175 nostrorum
1137 1120 1375 1179 ﬁdelium
1414 1125 1579 1181 castis
1625 1131 1823 1200 nuptiis

213 1204 455 1274 amplius
484 1205 683 1263 bonum
710 1218 847 1277 erat,
873 1213 1013 1282 quod
1044 1223 1196 1283 pater
1223 1216 1491 1275 Abraham
1532 1221 1584 1277 in
1612 1238 1710 1278 suo
1739 1224 1819 1280 fe-

212 1312 375 1353 more
397 1310 645 1370 noverat,
671 1304 756 1359 cui
781 1320 995 1361 manum
1026 1308 1257 1367 subdere
1283 1310 1538 1369 famulum
1560 1316 1738 1386 jussit,
1764 1328 1819 1374 ut

207 1386 285 1441 de
309 1402 478 1445 uxore
498 1406 619 1463 qua:
637 1408 665 1447 a
696 1394 804 1449 ﬁlio
828 1404 972 1452 esset
990 1397 1231 1456 ducenda
1250 1404 1456 1471 juraret
1486 1405 1639 1475 (Gen.
1666 1425 1812 1478 xxxv,

204 1477 360 1548 2-4).
392 1479 606 1537 Peneus
644 1485 789 1540 enim
834 1502 1050 1544 manum
1086 1492 1189 1547 sub
1236 1492 1440 1551 femore
1470 1496 1734 1568 hominis,
1761 1512 1816 1557 et

199 1571 402 1639 jurans
433 1588 528 1643 per
557 1574 727 1632 Deum
775 1580 896 1636 coeli
922 1620 937 1647 ,
972 1582 1099 1653 quid
1130 1584 1274 1640 aliud
1305 1587 1662 1658 signiﬁcabat,
1709 1593 1811 1649 nisi

205 1665 265 1717 in
298 1679 363 1720 ea
393 1680 589 1735 carne,
615 1684 736 1740 quae
770 1687 836 1728 ex
879 1673 973 1729 illo
1016 1673 1220 1733 femore
1265 1679 1524 1750 originem
1569 1682 1807 1751 duceret,

202 1755 378 1811 Deum
403 1759 528 1816 caeli
557 1776 679 1817 esse
706 1766 1026 1820 venturum?
1058 1767 1261 1824 Bonum
1284 1785 1412 1841 ergo
1432 1782 1557 1829 sunt.
1587 1776 1803 1845 nuptiae,

199 1848 259 1902 in
291 1850 490 1919 quibus
520 1861 670 1910 tanto
715 1857 966 1914 meliores
1007 1869 1134 1917 sunt
1172 1864 1461 1936 conjugati,
1492 1879 1691 1937 quanto
1719 1885 1808 1926 ca-

194 1943 404 1998 stiores
448 1958 513 2000 ac
552 1946 824 2006 ﬁdeliores
872 1952 1041 2009 Deum
1077 1955 1302 2025 timent,
1336 1960 1569 2017 maxime
1592 1964 1638 2018 si
1667 1965 1808 2022 ﬁlios

193 2049 341 2102 quos
382 2039 671 2096 carnaliter
707 2041 1052 2115 desiderant,
1104 2050 1266 2106 etiam
1310 2053 1660 2123 spiritualiter
1701 2074 1802 2114 nu-

197 2132 388 2180 lrianl.

272 2219 360 2273 CA
371 2220 455 2276 PU
463 2221 504 2275 T
524 2223 808 2281 XX.—25.
824 2227 908 2284 Ex
927 2230 1034 2304 lege
1057 2234 1426 2305 puriﬁcationis
1440 2250 1553 2311 post
1567 2245 1801 2299 concubi-

192 2319 326 2373 tum,
351 2328 451 2366 non
463 2317 656 2370 ostendi
672 2317 816 2373 illum
830 2337 936 2377 esse
949 2334 1232 2394 peccatum.
1250 2328 1328 2383 An
1345 2333 1653 2390 continentes
1668 2352 1802 2392 nunc

192 2402 361 2472 aliqui
405 2406 627 2473 conferri
682 2412 875 2480 possint
924 2416 1144 2486 antiquis
1189 2417 1432 2477 Patribus
1481 2427 1793 2498 conjugatis.

191 2493 309 2550 Nec
359 2498 500 2567 quod
550 2502 817 2569 puriﬁcari
864 2505 973 2562 Lex
1017 2506 1285 2567 hominem
1335 2523 1389 2569 et
1435 2493 1797 2591 posticonju-

190 2587 373 2654 gnleltl
418 2592 755 2649 concubitum
797 2596 987 2666 jubet,
1038 2612 1313 2671 peccatum
1353 2621 1474 2664 esse
1513 2587 1791 2680 declarat;

189 2678 239 2731 si
273 2695 384 2733 non
416 2691 495 2736 est
524 2682 612 2738 ille
640 2686 733 2756 qui
763 2690 1058 2747 secundum
1086 2696 1296 2752 veniam
1323 2701 1670 2771 conceditur,
1703 2708 1793 2777 qui

190 2769 366 2824 etiam
398 2772 587 2829 nimius
616 2776 838 2847 impedit
869 2783 1160 2841 orationes.
1192 2786 1298 2843 Sed
1324 2790 1463 2847 sicut
1489 2769 1792 2854 multaiL'ex

188 2863 356 2929 ponit
388 2864 439 2919 in
484 2875 833 2926 sacramentis
858 2882 913 2929 et
943 2875 1148 2933 umbris
1184 2880 1515 2952 futurorum;
1547 2888 1792 2957 quzedam

187 2953 245 3006 in
274 2955 488 3010 semine
530 2960 681 3029 quasi
712 2964 1006 3022 materialis
1048 2968 1384 3041 informitas,
1417 2991 1537 3047 qua:
1564 2977 1791 3037 formata

182 3058 391 3115 corpus
412 3046 648 3107 hominis
674 3053 947 3112 redditura
969 3068 1091 3127 est,
1130 3062 1183 3117 in
1208 3046 1595 3136 signiﬁcatione
1620 3073 1790 3143 posita

182 3147 273 3192 est
326 3140 448 3195 vitm
497 3141 739 3201 informis
787 3158 842 3204 et
887 3149 1169 3210 ineruditte
1198 3173 1211 3211 :
1240 3172 1268 3212 a
1318 3175 1422 3230 qua
1465 3140 1790 3223 informitate

180 3231 444 3299 quoniam
475 3244 686 3305 oportet
712 3237 982 3298 hominem
1012 3244 1271 3303 doctrina:
1297 3248 1470 3308 forma
1515 3264 1571 3311 et
1610 3258 1790 3314 erudi-

182 3324 340 3377 tione
373 3326 639 3394 mundari,
670 3330 722 3384 in
754 3330 913 3402 hujus
958 3336 1038 3391 rei
1085 3339 1303 3409 signum
1349 3343 1438 3399 illa
1489 3348 1787 3417 puriﬁcatio

178 3426 459 3486 pnecepta
498 3428 581 3474 est
621 3430 744 3491 post
782 3425 1006 3483 seminis
1035 3430 1401 3490 emissionem.
1428 3436 1613 3509 Neque
1641 3442 1784 3497 enim

175 3515 233 3559 ct
268 3506 327 3560 in
354 3510 560 3565 somnis
582 3524 801 3582 peccato
824 3516 883 3571 ﬁt
909 3519 963 3585 ίς
1001 3530 1052 3576 el
1082 3531 1260 3580 tamen
1287 3528 1447 3582 etiam
1479 3506 1549 3584 ibi
1579 3546 1783 3601 praece-

177 3617 189 3666 ι
215 3608 270 3651 ta
301 3607 386 3655 est
412 3602 731 3671 puriﬁcatio.
763 3608 871 3663 Aut
896 3610 941 3665 si
980 3620 1034 3667 et
1059 3613 1161 3670 hoc
1184 3627 1460 3686 peccatum
1501 3623 1782 3693 quisquam

175 3700 357 3759 putat,
384 3706 491 3746 non
511 3694 779 3753 arbitrans
798 3701 1045 3759 accidere
1069 3706 1170 3761 nisi
1198 3722 1261 3761 ex
1281 3708 1458 3779 aliquo
1481 3710 1781 3781 hujusmodi

172 3783 477 3851 desiderio,
512 3787 654 3856 quod
686 3793 873 3859 procul
898 3793 1060 3850 dubio
1082 3797 1270 3853 falsum
1299 3810 1416 3864 est;
1447 3805 1701 3873 numquid
1728 3816 1784 3862 et

171 3875 339 3929 solita
370 3888 645 3933 menstrua
666 3883 686 3912 ’
732 3894 949 3953 peccata
993 3897 1119 3943 sunt
1144 3889 1501 3948 feminarum?
1529 3912 1557 3949 a
1590 3898 1781 3967 quibus

174 3978 364 4022 tamen
414 3984 507 4025 eas
550 3972 738 4029 eadem
787 3976 945 4049 Legis
991 3989 1230 4037 vetustas
1276 3986 1531 4056 praicepit
1578 3991 1779 4060 expiari

170 4057 371 4125 (Leuit.
405 4061 534 4131 xv);
567 4079 673 4118 non
721 4066 820 4121 nisi
867 4079 1087 4140 propter
1130 4073 1299 4143 ipsam
1332 4057 1665 4135 materialem
1698 4082 1780 4136 in-

168 4148 507 4206 formitatem
536 4194 552 4220 ,
592 4170 712 4225 qua:
748 4154 892 4212 facto
913 4172 1176 4232 conceptu
1196 4171 1444 4236 tanquam
1472 4169 1525 4223 in
1547 4171 1782 4227 :ediﬁca-

169 4240 384 4294 tionem
412 4247 657 4313 corporis
687 4246 901 4304 additur
933 4269 947 4305 :
990 4267 1053 4308 ac
1081 4269 1176 4324 per
1201 4254 1302 4311 hoc
1330 4273 1449 4313 cum
1480 4260 1779 4320 informiter

173 4333 320 4395 ﬂuit,
352 4334 642 4404 signiﬁcari
676 4354 771 4408 per
800 4340 945 4397 illam
969 4343 1051 4398 lex
1076 4345 1244 4400 voluit
1280 4349 1514 4406 animum
1534 4353 1669 4410 ’sine
1697 4355 1779 4410 di-

164 4424 421 4493 sciplina:
471 4425 641 4481 forma
688 4429 1001 4489 indecenter
1042 4434 1260 4491 ﬂuidum
1307 4454 1371 4495 ac
1418 4441 1773 4514 dissolutum;

164 4530 336 4584 quem
385 4514 604 4572 formari
637 4531 888 4589 oportere
916 4524 1198 4595 signiﬁcat,
1228 4543 1348 4584 cum
1381 4532 1541 4588 talem
1570 4534 1772 4592 fluxum

164 4607 423 4675 corporis
445 4607 599 4678 jubet
640 4613 930 4681 puriﬁcari.
962 4616 1240 4675 Postremo
1266 4624 1521 4693 numquid
1558 4636 1613 4681 et
1638 4630 1774 4684 mori

167 4708 456 4765 peccatum
486 4712 587 4768 est,
611 4712 704 4758 aut
724 4715 991 4762 mortuum
1016 4710 1245 4779 sepelire
1266 4728 1370 4767 non
1395 4715 1554 4770 etiam
1576 4716 1773 4775 bonum

164 4804 310 4857 ιψιιε
335 4789 687 4849 humanitatis
713 4797 829 4851 est?
858 4808 914 4853 et
942 4810 1115 4855 tamen
1145 4804 1443 4872 puriﬁcatio
1463 4808 1623 4862 etiam
1650 4810 1775 4869 inde

162 4883 425 4938 mandata
456 4896 539 4941 est
566 4886 755 4961 (Nam.
779 4908 891 4958 χιιι,
919 4894 1010 4965 Η)
1033 4912 1047 4961 ;
1073 4897 1195 4966 quia
1218 4907 1272 4953 et
1292 4910 1560 4957 mortuum
1581 4920 1796 4976 corpus,

162 4976 275 5027 vita
301 4974 611 5045 descrente,
642 4994 914 5049 peccatum
933 5001 1039 5042 non
1065 4996 1165 5055 est,
1192 4989 1285 5045 sed
1309 5003 1583 5061 peccatum
1611 4974 1776 5068 signi-

163 5068 292 5121 ﬁcat
314 5069 513 5125 animm
543 5071 770 5130 deserta:
796 5092 825 5131 a
848 5077 1074 5148 justitia.

234 5162 328 5216 ii.
377 5162 610 5233 Bonum,
643 5168 881 5239 inquam,
906 5186 1031 5229 sunt
1060 5178 1279 5247 nnplim,
1304 5188 1360 5235 et
1378 5190 1561 5238 contra
1583 5199 1774 5242 omnes

158 5258 465 5313 c-‘tlumnias
512 5276 736 5333 possunt
766 5283 893 5324 sana
924 5272 1131 5328 ratione
1171 5274 1407 5331 defendi.
1448 5278 1659 5350 Nuptiis
1692 5290 1775 5336 ta-

158 5368 288 5407 men
320 5363 635 5410 sanctorum
666 5368 895 5427 patrum,
926 5378 1030 5418 non
1059 5380 1192 5434 quas
1222 5370 1455 5438 nuptias,
1488 5371 1583 5427 sed
1611 5389 1770 5444 quam

226 5553 246 5629 ξ
272 5553 350 5629 sic
373 5555 718 5629 potiores-its.
746 5560 1235 5629 At.erliti,ipeccatmn
1256 5564 1331 5629 ﬁt.

221 5616 246 5645 ι
272 5622 405 5683 3155.,
429 5623 476 5667 et
500 5615 641 5667 solita
672 5619 904 5671 mensium
926 5615 1071 5682 {sive
1108 5636 1159 5677 ut
1185 5631 1231 5677 in
1256 5615 1600 5681 vetustissimis
1627 5634 1771 5683 scribi

154 5680 436 5745 mnsuevit.
463 5692 747 5745 mensuum.
765 5685 881 5733 ltinc
904 5680 1026 5735 forte
1051 5691 1223 5738 tactum
1247 5699 1299 5741 ut
1329 5692 1374 5740 in
1403 5680 1773 5745 editiouuit-Lra;

155 5741 251 5787 snsi
282 5738 634 5800 Ι‹·,.ξ‹·ι“υίυι’,.ει
658 5742 797 5793 solita
820 5755 1135 5799 ntenstruum.

227 5809 303 5861 (ω)
344 5804 441 5850 tid.
472 5804 555 5851 lib.
577 5804 960 5869 det‘irginitate,
988 5826 1093 5872 cap.
1131 5812 1207 5862 43.

1668 338 1872 426 Lmen
1913 370 2116 430 UNUS.

3437 397 3539 455 390

1946 488 2329 545 continentiam
2356 506 2661 564 comparem
2688 510 2870 568 quaero
2895 519 2909 557 :
2937 500 3045 559 imo
3074 520 3179 561 non
3205 509 3416 579 nuptias
3439 530 3539 567 nu-

1942 580 2100 649 ptiis;
2134 596 2258 636 nam
2286 598 2383 653 par
2410 585 2459 638 in
2491 588 2738 643 omnibus
2763 606 2956 648 munus
2982 606 3064 650 est
3102 600 3315 655 mortali
3358 603 3533 659 homi-

1940 687 2066 727 num
2098 684 2302 730 naturze
2324 676 2541 745 datum;
2572 681 2665 735 sed
2693 682 2937 741 homines
2956 688 3044 759 qui
3066 693 3263 762 nuptiis
3286 704 3528 763 utuntur,

1936 762 2054 817 aliis
2085 764 2392 821 hominibus
2416 769 2506 838 qui
2537 770 2693 843 longe
2722 774 2877 830 aliter
2904 778 3104 849 nuptiis
3132 784 3211 838 usi
3243 795 3365 841 sunt
3394 762 3532 857 quos

1934 853 2208 910 conferam
2231 859 2483 927 quoniam
2511 877 2615 917 non
2646 866 2883 935 invenio,
2909 871 3123 939 quinam
3146 876 3483 933 continentes
3508 879 3526 911 ⁸

1934 943 2039 999 illis
2065 947 2363 1019 conjugatis
2393 952 2704 1010 conferendi
2734 958 2844 1013 sint
2872 962 3251 1031 requirendum
3278 976 3379 1022 est.
3411 968 3525 1025 Nisi

1930 1035 2068 1093 forte
2094 1040 2365 1096 Abraham
2393 1046 2672 1103 continere
2699 1065 2758 1104 se
2786 1067 2892 1107 non
2915 1063 3091 1123 posset
3118 1072 3145 1109 a
3174 1061 3370 1129 nuptiis
3397 1075 3523 1130 pro-

1929 1136 2045 1198 pter
2091 1145 2315 1201 regnum
2359 1134 2617 1191 ccelorum
2646 1178 2663 1205 ,
2718 1141 2807 1211 qui
2851 1144 3064 1200 unicum
3113 1149 3278 1216 prolis
3306 1152 3518 1221 pignus,

1926 1229 2145 1291 prepter
2169 1222 2312 1292 quod
2356 1225 2557 1295 nuptiae
2599 1228 2776 1286 charte
2813 1243 2959 1299 sunt,
3005 1238 3178 1307 potuit
3219 1239 3518 1313 intrepidus

1924 1310 2203 1370 immolare
2230 1324 2450 1387 propter
2475 1332 2700 1389 regnum
2726 1324 3005 1382 caelorum.

1969 1402 2195 1462 CAPUT
2212 1406 2524 1469 XXI.—25.
2542 1410 2917 1486 Distinguenda
2936 1421 3243 1477 continentia
3261 1433 3379 1479 utet
3399 1428 3516 1482 alii:

1919 1493 2142 1563 virtutes,
2159 1498 2213 1552 in
2228 1500 2399 1556 habitu
2414 1513 2462 1558 et
2487 1505 2541 1559 in
2567 1523 2735 1577 opere.
2766 1508 3007 1566 Virtutem
3020 1515 3073 1567 in
3087 1515 3260 1570 habitu
3275 1533 3381 1572 esse
3395 1536 3515 1589 pos-

1916 1601 1970 1641 se
1987 1588 2183 1644 etiamsi
2199 1607 2297 1645 non
2313 1592 2376 1647 sit
2392 1594 2445 1648 in
2464 1612 2634 1666 opere,
2655 1599 2860 1654 docetur
2879 1605 3108 1673 exeruplo
3136 1605 3345 1663 Christi.
3371 1607 3513 1665 Con-

1918 1678 2140 1735 tinentia
2152 1682 2369 1755 quippe,
2387 1701 2491 1741 non
2510 1691 2772 1759 corporis,
2792 1692 2887 1749 sed
2908 1695 3069 1751 animi
3088 1698 3254 1753 virtus
3267 1708 3367 1755 est.
3385 1700 3510 1755 Vir-

1915 1778 2052 1826 tutes
2075 1784 2255 1829 autem
2271 1778 2435 1831 animi
2474 1780 2760 1850 aliquando
2792 1784 2844 1838 in
2880 1800 3045 1857 opere
3078 1789 3506 1859 manifestantur,

1912 1862 2197 1933 aliquando
2223 1866 2273 1921 in
2298 1868 2477 1923 habitu
2496 1870 2682 1937 latent,
2698 1874 2834 1929 sicut
2850 1879 3089 1947 martyrii
3107 1880 3273 1934 virtus
3291 1882 3510 1937 emicuit

1910 1958 2261 2029 apparuitque
2289 1961 2569 2018 tolerando
2596 1967 2902 2036 passiones:
2918 1969 3011 2025 sed
3030 1986 3187 2042 quam
3208 1974 3359 2028 multi
3383 1984 3509 2031 sunt

1909 2048 1963 2103 in
1991 2051 2177 2106 eadem
2209 2055 2402 2109 virtute
2431 2057 2619 2126 animi,
2639 2061 2831 2129 quibus
2860 2064 3081 2119 tentatio
3109 2064 3282 2134 deest,
3302 2083 3404 2138 qua
3450 2068 3503 2124 id

1908 2142 2048 2211 quod
2078 2144 2222 2199 intus
2245 2154 2326 2201 est
2351 2148 2402 2201 in
2431 2159 2720 2219 conspectu
2748 2152 2877 2222 Dei,
2909 2154 3071 2210 etiam
3114 2156 3168 2212 in
3224 2157 3500 2216 hominum

1906 2235 2189 2303 procedat,
2219 2253 2319 2293 nec
2342 2248 2467 2295 tunc
2487 2255 2608 2296 esse
2635 2242 2872 2312 incipiat,
2897 2244 2990 2301 scd
3021 2256 3144 2303 tunc
3166 2248 3503 2307 innotescat?

1904 2322 2020 2380 Jam
2051 2327 2195 2381 enim
2226 2339 2346 2385 erat
2372 2331 2425 2385 in
2452 2331 2554 2387 Job
2580 2334 2855 2403 patientia,
2900 2353 3059 2409 quam
3087 2350 3311 2397 noverat
3334 2344 3497 2412 Deus,

1903 2424 1959 2472 et
1981 2417 2067 2473 cui
2097 2420 2462 2477 testimonium
2504 2423 2860 2494 perhibebat;
2891 2429 2983 2484 sed
3014 2429 3318 2489 hominibus
3344 2434 3500 2490 inno-

1903 2508 2005 2564 tuit
2029 2512 2334 2568 tentationis
2370 2515 2648 2580 examine;
2677 2526 2731 2572 et
2757 2519 2900 2589 quod
2926 2520 3124 2577 latebat
3149 2523 3493 2591 intrinsecus,

1901 2615 1998 2670 per
2021 2616 2082 2656 ea
2110 2618 2229 2673 qua:
2250 2603 2544 2661 forinsecus
2566 2608 2707 2664 illata
2734 2619 2877 2678 sunt,
2906 2626 3011 2667 non
3038 2622 3240 2680 natum,
3264 2615 3359 2671 sed
3381 2633 3495 2673 ma-

1899 2690 2206 2749 nifestatum
2223 2704 2304 2750 est
2324 2695 2449 2767 (Job
2487 2698 2797 2771 t).Habebat
2810 2702 2988 2774 utique
3004 2712 3056 2759 et
3072 2704 3381 2763 Timotheus
3394 2709 3498 2764 vir-

1899 2794 2069 2841 tutem
2101 2789 2407 2845 continendi
2438 2807 2468 2845 a
2502 2793 2645 2859 vino,
2668 2809 2826 2864 quam
2844 2811 2948 2850 non
2968 2797 3015 2852 ei
3033 2797 3257 2854 abstulit
3270 2800 3490 2867 Paulus,

1897 2876 2167 2933 monendo
2190 2887 2249 2933 ut
2270 2878 2396 2935 vino
2417 2880 2632 2937 modico
2655 2892 2895 2939 uteretur
2917 2896 3133 2956 pr0pter
3153 2891 3490 2947 stomachum

1896 2976 1948 3023 et
1966 2969 2274 3041 frequentes
2293 2985 2417 3027 suas
2434 2972 2773 3031 inﬁrmitates
2795 2976 2836 3047 (Ι
2862 2975 3000 3031 Tim.
3017 2994 3073 3046 γ,
3104 2979 3196 3050 23)
3218 2997 3231 3046 ;
3256 2982 3489 3053 alioquin

1896 3060 2198 3129 perniciose
2225 3061 2473 3129 docebat,
2497 3073 2553 3118 ut
2576 3076 2793 3135 propter
2816 3067 3042 3123 salutem
3066 3072 3309 3141 corporis
3336 3073 3491 3129 ﬁeret

1893 3148 1949 3204 in
1976 3150 2155 3205 animo
2198 3150 2453 3207 damnum
2486 3154 2735 3209 virtutis:
2764 3155 2859 3211 sed
2902 3158 3025 3227 quia
3051 3168 3259 3229 poterat
3284 3177 3343 3217 ea
3381 3163 3489 3218 vir-

1895 3246 2006 3295 tute
2034 3242 2180 3295 salva
2228 3242 2341 3297 ﬁeri
2372 3245 2513 3314 quod
2542 3246 2829 3313 monebat,
2873 3247 2947 3302 ita
2976 3250 3215 3306 relaxata
3246 3265 3328 3309 est
3367 3270 3489 3310 cor-

1892 3332 2009 3401 pari
2039 3332 2236 3387 utilitas
2263 3334 2517 3403 bibendi,
2562 3345 2620 3391 ut
2664 3349 2905 3395 maneret
2954 3341 3007 3396 in
3053 3345 3231 3400 animo
3274 3346 3486 3405 habitus

1891 3422 2222 3478 continendi.
2269 3425 2386 3495 Ipse
2432 3437 2514 3481 est
2559 3430 2703 3484 enim
2749 3430 2978 3499 habitus,
3006 3450 3113 3505 quo
3141 3438 3337 3508 aliquid
3366 3441 3483 3511 agi-

1893 3524 1998 3582 tur,
2021 3531 2142 3570 cum
2165 3532 2299 3586 opus
2325 3529 2434 3587 est;
2459 3534 2580 3574 cum
2610 3530 2787 3576 autem
2821 3540 2924 3580 non
2952 3528 3143 3597 agitur,
3178 3540 3351 3600 potest
3375 3534 3479 3604 agi,

1889 3607 1984 3661 sed
2016 3622 2120 3661 non
2154 3624 2289 3678 opus
2331 3619 2433 3664 est.
2462 3610 2611 3665 llunc
2652 3614 2890 3669 habitum
2929 3618 3068 3672 circa
3096 3622 3480 3681 continentiam

1887 3714 2006 3768 qua:
2025 3698 2416 3755 ﬁtaconcubitu
2445 3718 2549 3757 non
2582 3704 2781 3760 habent
2806 3708 3087 3779 illiquihus
3111 3708 3322 3782 dicitur,
3341 3720 3401 3774 Si
3427 3737 3482 3774 se

1886 3807 1988 3844 non
2011 3790 2294 3857 continent,
2311 3792 2499 3847 nubant
2530 3794 2574 3865 (Ι
2597 3795 2716 3851 Cor.
2736 3814 2824 3864 vn,
2851 3796 2927 3871 9).
2948 3801 3099 3858 Hunc
3128 3822 3253 3860 vero
3276 3808 3477 3866 habent

1883 3880 2077 3949 quibus
2102 3880 2297 3935 dicitur
2323 3924 2338 3949 ,
2370 3883 2471 3947 Qui
2509 3894 2669 3953 potest
2694 3903 2891 3955 capere,
2924 3894 3091 3962 capiat
3118 3894 3328 3965 (Matth.
3361 3915 3477 3965 xxx,

1886 3970 1996 4043 ιε).
2020 3971 2108 4027 Sic
2133 3972 2213 4027 usi
2236 3980 2363 4027 sunt
2385 3974 2608 4044 perfecti
2628 3978 2790 4033 animi
2810 3980 2965 4035 bonis
2988 3987 3213 4041 terrenis
3242 3989 3307 4042 ad
3333 3990 3476 4047 aliud

1883 4063 2202 4117 necessariis
2248 4079 2344 4133 per
2386 4065 2528 4120 hunc
2570 4066 2805 4124 habitum
2853 4075 3230 4147 continentim,
3264 4096 3369 4151 quo
3398 4084 3478 4139 eis

1882 4168 1989 4208 non
2019 4154 2403 4226 obligarentur,
2432 4168 2485 4213 et
2511 4175 2616 4230 quo
2642 4173 2862 4231 possent
2905 4166 2985 4221 eis
3031 4170 3192 4224 etiam
3242 4190 3345 4227 non
3376 4177 3471 4244 uti,

1882 4247 1927 4301 si
1961 4262 2067 4301 non
2095 4262 2230 4318 opus
2253 4260 2418 4305 esset.
2448 4251 2557 4307 Nec
2584 4255 2864 4326 quisquam
2894 4260 2973 4315 eis
3000 4260 3135 4318 bene
3162 4267 3345 4335 utitur,
3373 4268 3475 4325 nisi

1881 4340 1971 4409 qui
2000 4347 2052 4394 et
2078 4355 2183 4394 non
2212 4341 2288 4396 uti
2320 4351 2515 4413 potest.
2548 4345 2693 4401 Mulli
2725 4350 2942 4419 quidem
2974 4353 3179 4413 facilius
3209 4375 3267 4415 se
3306 4362 3475 4418 absti-

1882 4442 2011 4488 nent
2066 4442 2123 4487 ut
2172 4449 2279 4489 non
2346 4445 2601 4504 utantur,
2653 4457 2813 4510 quam
2863 4452 3167 4517 temperent
3221 4463 3277 4508 ut
3336 4456 3473 4514 bene

1881 4533 2097 4579 utantur
2130 4543 2143 4580 :
2176 4541 2336 4582 nemo
2363 4536 2537 4584 tamen
2580 4532 2659 4586 eis
2700 4543 2877 4606 potest
2916 4540 3189 4610 sapienter
3235 4548 3306 4601 uti
3328 4591 3342 4613 ,
3374 4550 3474 4605 nisi

1879 4615 1969 4685 qui
2025 4624 2196 4685 potest
2236 4627 2291 4673 et
2334 4621 2675 4678 continenter
2724 4640 2829 4680 non
2885 4628 2983 4683 uti.
3031 4630 3112 4687 Ex
3157 4632 3263 4692 hoc
3287 4637 3471 4695 habitu

1879 4715 1934 4760 et
1966 4705 2162 4761 Paulus
2196 4707 2428 4775 dicebat,
2457 4711 2578 4767 Scio
2621 4725 2669 4767 et
2711 4716 2971 4774 abundare
2999 4729 3046 4776 et
3070 4728 3335 4794 penuriam
3361 4732 3472 4798 pati

1880 4794 2140 4870 (Philipp.
2166 4814 2238 4867 tv,
2270 4800 2381 4872 12).
2407 4802 2692 4860 Penuriam
2715 4809 2914 4881 quippe
2934 4814 3064 4881 pati,
3087 4794 3471 4886 quorumcum-

1878 4904 1984 4958 que
2014 4889 2291 4947 hominum
2320 4902 2438 4961 est;
2467 4895 2561 4951 sed
2586 4897 2725 4954 scire
2751 4903 3026 4970 penuriam
3071 4909 3200 4975 pati,
3248 4926 3471 4981 magno-

1880 4998 1998 5037 rum
2025 4992 2127 5039 est.
2156 4984 2244 5041 Sic
2271 4995 2325 5041 et
2364 4987 2639 5046 abundare
2671 4993 2789 5061 quis
2816 5009 2921 5048 non
2950 5000 3169 5066 potest?
3197 5002 3335 5057 scire
3373 5020 3471 5059 au-

1882 5081 1989 5129 tem
2012 5085 2067 5130 et
2091 5075 2388 5147 abundare,
2417 5095 2522 5134 non
2545 5080 2647 5135 nisi
2670 5097 2855 5138 eorum
2881 5092 2965 5139 est
2990 5102 3126 5158 quos
3150 5089 3470 5149 abundantia

1880 5180 1988 5220 non
2015 5169 2326 5236 corrumpit.

1950 5256 2041 5312 26.
2086 5258 2281 5313 Verum
2328 5269 2387 5315 ut
2434 5264 2672 5332 apertius
2717 5263 3043 5339 intelligatur
3088 5275 3358 5342 quomodo
3404 5279 3474 5332 sit

1880 5348 2050 5404 virtus
2080 5349 2132 5404 in
2165 5349 2369 5417 habitu,
2404 5354 2615 5408 etiamsi
2646 5370 2751 5410 non
2785 5360 2853 5412 sit
2893 5359 2944 5415 in
2973 5376 3156 5432 opere,
3188 5365 3375 5437 loquor
3403 5369 3473 5425 de

1880 5442 2126 5512 exemplo
2167 5442 2233 5497 de
2281 5459 2387 5514 quo
2434 5446 2609 5502 nullus
2639 5448 2849 5505 dubitat
2887 5453 3273 5512 catholicorum
3313 5460 3473 5515 Chri-

1881 5534 2206 5589 stianorum.
2229 5536 2483 5593 Dominus
2505 5540 2647 5596 enim
2669 5544 3019 5602 nosterJesus
3040 5548 3302 5618 Christus,
3328 5553 3470 5622 quod

1884 5627 1935 5682 in
1964 5629 2185 5686 veritate
2212 5632 2390 5687 Carnis
2419 5634 2666 5689 esurierit
2707 5652 2771 5692 ac
2815 5638 3029 5706 sitierit,
3074 5642 3470 5702 manducaverit

1883 5728 1936 5773 et
1967 5720 2178 5789 biberit,
2202 5723 2379 5779 nullus
2415 5725 2636 5798 ambigit
2661 5743 2845 5783 eorum
2877 5732 2965 5802 qui
2994 5746 3059 5788 ex.
3086 5733 3198 5804 ejus
3232 5734 3473 5806 Evange-

1954 5839 1967 5865 ‘
1992 5837 2063 5885 sic
2084 5842 2189 5887 uss.
2218 5846 2271 5889 At
2292 5841 2426 5903 editi,
2449 5843 2684 5905 quomodo
2707 5842 3013 5897 continentes.
