4048 6532
477 388 570 444 '59!

479 503 553 556 lio
583 499 767 555 ﬁdeles
789 505 931 551 sunt.
963 490 1099 550 Num
1128 489 1286 561 igitur
1315 500 1420 541 non
1448 497 1563 541 erat
1592 486 1643 539 in
1672 485 1763 540 illo
1790 484 2069 537 continen-

489 595 576 649 tia:
602 593 770 647 virtus
799 603 828 641 a
858 585 978 641 cibo
1006 593 1060 639 et
1088 590 1251 652 potu,
1280 587 1480 650 quanta
1508 586 1624 632 erat
1652 575 1704 630 in
1737 573 1943 630 Joanne
1979 573 2074 626 Ba-

481 682 676 755 ptista?
714 680 858 733 Venit
897 677 1030 732 enim
1058 674 1285 728 Joannes
1330 688 1433 725 non
1463 669 1777 723 manducans
1813 682 1971 735 neque
2000 664 2076 716 bi-

484 777 602 829 bens
619 791 638 839 ;
665 782 711 826 et
736 772 1003 832 dixerunt,
1033 765 1351 821 Dwmonium
1383 761 1528 816 habet
1558 777 1576 814 :
1605 760 1736 813 venit
1787 756 1951 811 Filius
1983 756 2080 808 Ito-

484 866 633 918 minis
659 870 709 917 et
733 862 1044 915 manducans
1069 868 1113 913 et
1143 858 1348 919 bibens;
1379 863 1423 909 et
1453 853 1712 918 dixerunt,
1754 848 1888 903 Ecce
1923 861 2082 900 vorax

490 966 536 1009 et
564 963 765 1026 potator
798 953 900 1006 vini
926 953 941 982 ⁸
966 993 981 1016 ,
1014 950 1205 1003 amicus
1234 945 1620 1016 publicanorum
1663 953 1710 996 et
1740 949 2080 1011 peccatorum.

487 1043 751 1114 Numquid
770 1058 874 1097 non
900 1041 1022 1095 talia
1044 1040 1293 1093 dicuntur
1320 1038 1372 1090 in
1403 1034 1726 1090 deinesticos
1746 1031 1881 1101 ejus,
1906 1040 2086 1100 patres

490 1146 726 1203 nostros,
759 1151 824 1190 ex
852 1134 957 1187 alio
996 1146 1195 1202 genere
1225 1129 1409 1184 utendi
1456 1126 1684 1182 terrenis
1712 1134 1969 1195 quantum
2016 1120 2085 1175 ad

489 1228 834 1284 concubitum
863 1225 1094 1295 pertinet
1118 1241 1130 1276 :
1158 1223 1296 1277 Ecce
1325 1220 1567 1274 homines
1598 1215 1869 1271 libidinosi
1899 1224 1951 1267 et
1980 1214 2082 1266 im-

493 1318 709 1381 mundi,
740 1325 1010 1371 amatores
1056 1313 1374 1369 feminarum
1405 1318 1459 1365 et
1484 1306 1862 1364 lasciviarum?
1908 1306 1976 1359 Et
2006 1315 2087 1358 ta-

495 1428 621 1466 men
647 1411 785 1465 sicut
813 1409 866 1463 in
892 1408 983 1463 illo
1024 1406 1153 1461 illud
1184 1421 1292 1460 non
1322 1412 1437 1459 erat
1474 1415 1695 1465 verum;
1727 1398 1970 1469 quamvis
1997 1411 2091 1450 vc-

497 1519 618 1559 rum
669 1511 853 1568 esset,
909 1500 1051 1571 quod
1103 1514 1210 1553 non
1266 1498 1404 1552 sicut
1445 1496 1679 1551 Joannes
1726 1493 2017 1548 abstineret
2060 1505 2091 1543 a

498 1592 871 1649 manducando
903 1601 957 1645 et
986 1589 1254 1653 bibendo;
1302 1589 1415 1657 ipse
1460 1586 1602 1641 enim
1641 1582 1977 1653 apertissime
2002 1594 2094 1635 ve-

500 1686 818 1756 rissimequc
856 1684 952 1747 ait,
990 1681 1137 1735 Venit
1174 1679 1402 1734 Joannes
1432 1695 1533 1732 non
1574 1677 1905 1741 ntanducans,
1936 1690 2095 1744 neque

502 1778 707 1841 bibens;
739 1776 870 1830 venit
901 1773 1072 1828 Filius
1108 1771 1322 1826 hominis
1349 1769 1663 1823 manducans
1692 1776 1737 1821 et
1766 1766 1935 1819 bibens
1963 1781 1982 1818 :
2018 1764 2095 1819 sic

503 1882 605 1922 nec
633 1866 736 1921 hoc
772 1866 825 1919 in
854 1866 959 1919 illis
984 1863 1227 1934 patribus
1258 1876 1441 1915 verum
1480 1868 1594 1925 est;
1624 1857 1865 1928 quamvis
1890 1855 2098 1910 venerit

507 1957 670 2012 modo
699 1956 987 2025 Apostolus
1008 1953 1205 2009 Christi
1232 1967 1336 2006 non
1357 1950 1671 2020 coniugatus
1691 1963 1790 2003 nec
1812 1961 2095 2018 generans,

506 2065 666 2120 quem
692 2049 870 2103 dicant
898 2047 1119 2117 Pagani,
1147 2046 1328 2115 Magus
1355 2053 1506 2108 erat;
1535 2042 1742 2097 venerit
1769 2050 1944 2095 autem
1975 2048 2100 2095 tunc

508 2138 778 2209 Pmphcta
805 2137 1004 2191 Christi
1036 2135 1245 2205 nuptias
1290 2133 1491 2187 faciens
1526 2141 1580 2187 et
1620 2131 1757 2184 ﬁlios
1789 2143 2098 2199 procreatis,

508 2245 668 2300 quem
694 2228 874 2283 dicant
900 2226 1194 2292 Manichaei,
1221 2224 1533 2279 Mulierosus
1555 2230 1673 2277 erat
1699 2239 1711 2275 :
1741 2219 1806 2273 Et
1816 2220 2102 2292 justi/icata

510 2331 604 2388 est,
642 2322 835 2390 inquit,
863 2320 1109 2393 sapientia
1138 2335 1169 2371 a
1195 2318 1316 2388 [iliis
1355 2317 1460 2371 suis
1491 2314 1703 2389 (Matth.
1737 2331 1787 2368 xi
1810 2357 1823 2380 ,
1856 2314 1953 2377 18,
1988 2313 2098 2383 l9).

510 2410 664 2478 Quod
698 2410 954 2464 Dominus
996 2410 1067 2464 ibi
1097 2408 1321 2479 subjecit
1345 2450 1360 2474 ,
1387 2422 1507 2462 eum
1538 2406 1607 2461 de
1631 2406 1837 2461 Joanne
1864 2420 1925 2459 ac
1950 2405 2015 2459 de
2043 2420 2102 2460 se

510 2505 599 2559 illa
627 2504 847 2558 dixisset
877 2521 889 2557 :
922 2502 1213 2572 Justi/icata
1239 2509 1343 2566 est,
1386 2500 1590 2571 inquit,
1620 2499 1869 2569 sapientia
1906 2514 1937 2551 a
1980 2497 2102 2567 ﬁliis

509 2596 635 2650 suis.
663 2595 763 2665 Qui
792 2595 972 2650 vident
993 2594 1341 2649 continentiae
1368 2593 1619 2647 virtutem
1647 2591 1700 2645 in
1733 2590 1914 2645 habitu
1937 2588 2102 2643 animi

508 2702 722 2759 semper
746 2703 864 2743 esse
891 2688 1105 2753 debere,
1156 2688 1210 2741 in
1250 2701 1413 2756 opere
1448 2693 1626 2739 autem
1676 2698 1773 2754 pro
1816 2698 1994 2737 rerum
2040 2695 2103 2735 ac

511 2790 814 2850 temporum
871 2779 1270 2849 opportunitate
1315 2775 1644 2831 manifestari
1690 2792 1705 2828 :
1752 2774 1888 2828 sicut
1936 2774 2104 2826 virtus

512 2875 778 2943 patientire
828 2883 1135 2927 sanctorum
1186 2882 1482 2941 martyrum
1530 2870 1580 2924 in
1629 2884 1792 2937 opere
1836 2867 2101 2937 apparuit,

510 2973 827 3019 cancrorum
861 2978 988 3017 vero
1017 2977 1169 3031 :eque
1198 2969 1505 3014 sanctorum
1531 2960 1582 3012 in
1607 2958 1789 3015 habitu
1819 2956 1933 3011 fuit.
1960 2958 2106 3023 Quo-

511 3056 653 3109 circa
680 3054 819 3108 sicut
840 3069 944 3107 non
975 3061 1060 3107 est
1088 3052 1259 3120 impar
1284 3052 1532 3104 meritum
1568 3049 1835 3119 patientim
1868 3049 1917 3103 in
1946 3048 2106 3103 Petro

511 3145 602 3214 qui
644 3158 832 3213 passus
859 3150 974 3209 est,
1007 3148 1064 3196 et
1092 3141 1143 3195 in
1172 3140 1377 3194 Joanne
1404 3141 1491 3209 qui
1524 3155 1711 3208 passus
1742 3155 1845 3193 non
1870 3148 1952 3193 est
1982 3157 1996 3193 :
2028 3140 2107 3193 sic

515 3252 621 3292 non
652 3243 735 3290 est
764 3236 933 3303 impar
979 3234 1227 3287 meritum
1272 3232 1614 3286 continentia
1660 3232 1711 3285 in
1758 3231 1964 3286 Joanne
2015 3231 2104 3301 qui

513 3328 686 3382 nullas
711 3335 961 3395 expertus
1002 3334 1084 3378 est
1130 3324 1342 3392 nuptias
1371 3323 1473 3394 (α),
1502 3332 1555 3376 et
1601 3323 1651 3376 in
1699 3323 1967 3377 Abraham
2015 3324 2104 3392 qui

518 3422 654 3474 filios
681 3418 974 3489 generavit.
1001 3417 1065 3470 Et
1090 3416 1231 3470 illius
1255 3417 1394 3470 enim
1424 3416 1729 3480 carlihatus,
1752 3426 1805 3469 et
1826 3415 1965 3469 illius
1986 3430 2108 3470 eon-

517 3511 737 3565 nubium
785 3525 881 3578 pro
914 3518 1212 3578 temporum
1259 3506 1631 3561 distributione
1673 3505 1885 3560 Christo
1914 3508 2107 3559 milita-

516 3612 640 3657 runt
666 3621 679 3657 :
703 3603 795 3657 sed
820 3600 1199 3655 continentiam
1225 3598 1458 3653 Joannes
1476 3606 1530 3653 et
1550 3598 1602 3651 iu
1626 3613 1807 3667 opere,
1838 3597 2104 3652 Abraham

514 3712 643 3752 vero
669 3696 719 3750 in
745 3696 859 3749 solo
887 3694 1071 3747 habitu
1103 3692 1351 3746 habebat.

584 3787 810 3843 CAPUT
850 3784 1197 3841 XXll.-—27.
1230 3783 1550 3838 Continentia
1572 3783 1624 3835 in
1647 3781 1867 3852 antiquis
1894 3782 2104 3846 habitu,

513 3896 647 3934 nunc
675 3888 839 3931 autem
863 3894 1012 3945 opcre
1049 3875 1283 3929 tenenda.
1314 3874 1767 3928 Jovinianistarum
1800 3874 2106 3942 percontatio

513 3970 822 4039 exploditur.
858 3967 951 4021 Illo
993 3968 1171 4037 itaque
1202 3976 1441 4034 tempore
1468 3980 1588 4018 cum
1617 3973 1671 4018 et
1716 3964 1821 4021 lex.
1850 3964 1963 4017 dies
2006 3963 2108 4016 Pa-

516 4062 868 4115 triarcharum
910 4060 1275 4127 subsequens,
1321 4056 1662 4111 maledictum
1705 4055 1855 4118 dixit,
1885 4056 1974 4125 qui
2002 4073 2108 4111 non

512 4153 774 4208 excitaret
816 4167 999 4207 semen
1045 4151 1098 4205 in
1141 4150 1304 4205 Israel
1336 4149 1510 4222 (Deut.
1541 4166 1653 4203 xxv
1683 4192 1694 4210 ,
1725 4151 1906 4221 5-10),
1938 4160 1991 4204 et
2020 4150 2108 4219 qui

514 4251 725 4312 poterat
765 4258 870 4295 non
912 4242 1230 4312 promebat,
1260 4240 1354 4295 sed
1384 4248 1564 4294 tamen
1607 4241 1851 4296 habebat.
1892 4243 1972 4296 Ex
2002 4257 2109 4312 quo

516 4342 696 4389 autem
739 4335 883 4389 venit
914 4333 1189 4403 plenitudo
1218 4342 1475 4401 temporis
1504 4331 1698 4404 (Gatat.
1730 4350 1802 4400 iv,
1832 4335 1908 4403 4),
1938 4344 1995 4389 ut
2021 4336 2105 4389 di-

514 4436 749 4492 ceretur,
781 4424 879 4490 Qui
905 4433 1065 4495 potest
1089 4441 1290 4493 capere.
1318 4424 1523 4493 capiat;
1554 4441 1619 4477 cx
1658 4424 1749 4478 illo
1793 4441 1962 4495 usque
2010 4426 2107 4481 ad-

517 4516 642 4583 huc,
671 4526 724 4571 et
750 4516 1002 4584 deinceps
1028 4530 1197 4585 usque
1219 4514 1271 4569 in
1305 4513 1486 4577 finem,
1518 4515 1609 4584 qui
1644 4515 1803 4570 habet
1825 4525 2105 4585 operatur;

516 4610 607 4678 qui
635 4608 842 4677 operari
874 4606 1127 4672 noluerit,
1163 4621 1271 4659 non
1321 4621 1381 4659 se
1426 4605 1625 4659 habere
1672 4609 1977 4660 mentiatur.
2031 4609 2107 4663 Ac

515 4715 610 4769 per
637 4698 739 4753 hoc
768 4698 835 4751 ab
884 4697 963 4752 eis
1002 4696 1093 4766 qui
1139 4704 1486 4764 corrumpunt
1516 4697 1683 4751 bonos
1727 4712 1908 4751 mores
1937 4697 2108 4751 collo-

513 4792 651 4863 quiis
679 4792 832 4846 malis
876 4789 935 4860 (Ι
964 4789 1083 4844 Cor.
1117 4806 1216 4853 xv,
1250 4789 1356 4857 55)
1388 4830 1402 4852 ,
1447 4789 1589 4843 inani
1631 4798 1681 4844 et
1710 4805 1841 4843 vana
1874 4792 2105 4846 versutia

510 4884 705 4941 dicitur
750 4881 952 4938 homini
1001 4880 1295 4936 christiano
1325 4880 1620 4933 continenti
1668 4889 1721 4935 et
1749 4881 1973 4959 Inuptias
2018 4897 2105 4936 re-

576 5101 589 5131 ¹
614 5100 981 5166 Antiquissimus
1002 5094 1487 5166 Sorheiensisncodex
1516 5107 1626 5166 cum
1655 5094 1908 5166 .Bigo'tiano
1932 5104 2035 5166 its,
2060 5100 2110 5146 ct

509 5158 715 5209 vinaria.
740 5157 888 5209 illitio
913 5167 985 5208 Er.
1002 5174 1114 5210 cum
1139 5157 1382 5212 nonnullis
1404 5165 1532 5215 Mss,
1551 5162 1596 5205 et
1622 5157 1834 5206 tinarius
1857 5169 1875 5206 .'
1899 5158 1958 5205 ad
1977 5172 2107 5207 mar-

547 5222 678 5290 inem
703 5234 820 5269 vero
840 5222 1008 5283 habet,
1047 5240 1070 5268 ι
1104 5223 1248 5280 Alias,
1288 5218 1569 5280 vinaurius;
1607 5235 1629 5264 ii
1676 5222 1801 5268 forte
1855 5234 1960 5282 pro,
2001 5219 2105 5271 vin-

580 5294 731 5329 unus.

575 5341 648 5400 (a)
682 5343 1282 5406 sequiturttieronymum,
1300 5344 1382 5406 qui
1414 5345 1463 5392 in
1492 5341 1617 5393 libro
1639 5342 1879 5392 adversus
1899 5345 2107 5395 Jovinia-

512 5415 627 5467 man
653 5403 805 5467 primo
824 5405 993 5467 suibit
1013 5403 1246 5452 Joannem
1281 5403 1524 5467 perpetuo
1544 5407 1786 5466 virginem
1806 5406 1986 5467 fuisse,
2014 5420 2107 5456 nec

510 5462 652 5512 aliam
674 5463 923 5528 exstitisse
936 5476 1130 5528 causam
1147 5478 1234 5528 cur
1252 5462 1501 5514 a‘Doinino
1527 5462 1721 5516 caeteris
1744 5462 1981 5528 Apostolis
2000 5467 2108 5528 plus

438 5544 444 5549 -
510 5532 698 5590 amatus
717 5524 796 5570 sit.
823 5524 1065 5590 virginem
1088 5526 1215 5573 enim
1238 5528 1298 5573 ab
1323 5539 1383 5575 eo
1398 5540 1650 5589 repertum
1674 5541 1728 5576 ac
1747 5524 1876 5589 pene
1901 5524 2107 5590 puerum

511 5583 1122 5651 Hieronsmuscontendit,
1150 5589 1418 5651 probatque
1436 5583 1585 5649 ,‘quia
1605 5624 1618 5645 ,
1641 5583 1795 5651 inquit
1811 5624 1825 5647 ,
1857 5606 1878 5633 (ι
1901 5583 2105 5639 inanite-

516 5665 540 5693 ι
566 5648 779 5713 stissimo
809 5645 992 5713 docent
1024 5645 1367 5713 eccilesiastiea:
1414 5645 1624 5697 liisiorize
1644 5686 1657 5707 ,
1677 5645 1820 5711 quod»
1852 5665 2008 5713 usque
2046 5654 2104 5701 ad

517 5725 540 5753 ι
564 5706 750 5767 'I‘rajani
776 5708 952 5772 vixerit
984 5709 1264 5772 imperium,
1280 5708 1325 5756 id
1348 5718 1423 5757 est
1442 5746 1454 5763 ,
1478 5720 1583 5770 post
1608 5706 1881 5772 passionem
1923 5706 2104 5763 {mmini

517 5789 539 5815 α
565 5770 876 5827 sexagesimo
898 5775 1214 5835 octavoanuo
1238 5770 1506 5835 dgrmierit.
1527 5789 1546 5813 υ
1580 5770 1749 5820 (Lenl'er
1786 5779 2029 5835 Aunustini
2056 5780 2103 5826 in

514 5838 745 5880 Joannem
770 5836 1039 5877 tractatum
1071 5830 1170 5889 lii,
1200 5843 1245 5876 u.
1272 5831 1318 5878 7.

1486 371 1571 424 Dii
1615 367 1790 425 ΒΟΝο
1830 362 2224 428 CONJUGALI,
2270 364 2325 421 S.
2372 367 2741 425 AUGUSTINI

3678 363 3788 422 392

2189 484 2392 536 cusauti
2415 525 2429 549 ,
2471 484 2550 537 Tu
2578 500 2704 554 ergo
2732 484 2921 537 melior
2946 497 3106 553 quam
3136 480 3445 539 Abraham?
3489 482 3651 551 Quod
3699 486 3789 540 ille

2185 588 2304 627 eum
2333 575 2596 641 audierit,
2628 592 2732 631 non
2763 576 3144 645 perturbetur;
3179 592 3278 631 nec
3313 576 3513 632 audeat
3557 576 3745 633 dicere
3771 619 3788 643 ,

2184 664 2394 730 Melior,
2421 682 2521 721 nec
2545 683 2573 720 a
2606 667 2882 737 proposito
2908 667 3189 723 delabatur
3234 686 3247 721 :
3294 668 3427 723 illud
3475 673 3625 723 enim
3679 685 3787 725 non

2187 772 2314 813 vere
2339 756 2488 822 dicit,
2520 758 2623 813 hoc
2651 773 2756 813 non
2787 768 2933 813 recte
2962 757 3112 813 facit.
3154 758 3263 813 Sed
3307 758 3491 824 dicat,
3525 759 3644 829 Ego
3674 762 3790 830 qui-

2185 848 2307 904 dem
2340 862 2445 901 non
2472 864 2589 902 sum
2618 849 2813 905 melior
2838 865 2995 921 quam
3024 849 3319 912 Abraham,
3350 850 3446 905 sed
3472 851 3674 905 melior
3700 860 3785 906 est

2187 940 2674 999 castitas'eaalibum
2712 956 2871 1011 quam
2913 947 3134 998 castitas
3174 944 3479 1014 nuptiarum
3513 962 3527 998 :
3558 960 3791 1014 quarum

2192 1031 2457 1087 Abraham
2504 1048 2665 1087 unam
2707 1033 2934 1089 habebat
2979 1035 3032 1088 in
3063 1050 3197 1101 usu,
3247 1036 3432 1091 ambas
3473 1037 3529 1091 in
3581 1038 3792 1093 habitu.

2191 1125 2349 1182 Caste
2385 1128 2581 1198 quippe
2620 1130 2971 1199 conjugaliter
2998 1131 3123 1184 vixit
3174 1146 3189 1184 :
3230 1146 3350 1186 esse
3388 1142 3568 1187 autem
3612 1148 3794 1188 castus

2192 1221 2308 1275 sine
2332 1222 2580 1293 conjugio
2604 1224 2790 1292 potuit,
2820 1224 2913 1278 sed
2943 1232 3069 1278 tunc
3096 1240 3204 1278 non
3234 1226 3489 1294 oportuit.
3520 1227 3640 1296 Ego
3666 1244 3796 1283 vero

2194 1313 2398 1371 facilius
2425 1330 2531 1370 non
2562 1324 2683 1370 utor
2713 1317 2909 1386 nuptiis
2950 1317 3143 1387 quibus
3191 1327 3277 1372 est
3317 1333 3447 1373 usus
3492 1320 3794 1382 Abraham,

2193 1421 2351 1476 quam
2389 1406 2466 1460 sic
2496 1416 2615 1460 utar
2644 1407 2840 1476 nuptiis
2865 1408 3320 1477 quemadmodum
3350 1418 3435 1464 est
3462 1426 3598 1464 usus
3629 1412 3799 1465 Abra-

2196 1496 2319 1552 ham
2351 1517 2364 1553 :
2394 1510 2449 1554 et
2475 1499 2595 1554 ideo
2624 1501 2814 1554 melior
2841 1516 2961 1556 sum
2994 1502 3099 1556 illis
3124 1503 3217 1572 qui
3247 1518 3341 1573 per
3368 1505 3534 1559 animi
3564 1506 3798 1560 inconti-

2199 1592 2435 1647 nentiam
2479 1608 2586 1647 non
2617 1602 2841 1663 possunt
2868 1594 3008 1665 quod
3040 1610 3160 1665 ego,
3193 1612 3298 1651 non
3328 1597 3431 1651 illis
3459 1599 3552 1669 qui
3581 1609 3803 1669 propter

2200 1683 2455 1753 temporis
2495 1683 2849 1739 dill‘ercntiam
2896 1702 3003 1741 non
3036 1687 3275 1742 fecerunt
3314 1689 3457 1758 quod
3489 1706 3615 1760 ego.
3647 1692 3800 1759 Quod

2199 1775 2339 1830 enim
2370 1792 2469 1846 ego
2497 1792 2638 1832 nunc
2662 1792 2783 1846 ago,
2808 1779 3003 1833 melius
3024 1780 3098 1834 illi
3126 1780 3384 1850 egissmt,
3409 1782 3452 1835 si
3477 1791 3609 1837 tunc
3639 1800 3802 1854 agen-

2200 1866 2325 1921 dum
2355 1876 2541 1923 esset:
2590 1868 2733 1939 quod
2775 1878 2955 1925 autem
3010 1870 3084 1924 illi
3128 1882 3390 1941 egerunt,
3427 1873 3506 1927 sic
3545 1890 3649 1944 ego
3694 1892 3801 1930 non

2200 1972 2435 2035 agerem,
2467 1966 2521 2012 et
2563 1958 2607 2013 si
2648 1974 2792 2014 nunc
2817 1960 3081 2031 agendum
3125 1970 3288 2017 esset.
3322 1964 3429 2018 Aut
3458 1965 3504 2019 si
3549 1967 3715 2020 talem
3747 1982 3804 2021 se

2202 2046 2303 2103 iste
2354 2049 2516 2103 sentit
2559 2057 2615 2103 et
2664 2050 2845 2116 novit,
2874 2059 2934 2105 ut
2959 2051 3105 2106 salva
3136 2061 3191 2108 et
3219 2064 3572 2124 permanente
3621 2056 3675 2111 in
3707 2057 3802 2111 ha-

2203 2138 2315 2193 bitu
2341 2140 2504 2195 animi
2533 2140 2616 2195 sui
2641 2141 2837 2196 virtute
2861 2143 3226 2211 continentia‘,
3250 2146 3295 2199 si
3314 2144 3380 2199 ad
3405 2161 3562 2201 usum
3594 2150 3805 2218 nuptia-

2204 2248 2323 2286 rum
2362 2248 2428 2288 ex
2475 2233 2652 2304 aliquo
2695 2235 2969 2305 religionis
2999 2236 3179 2293 officio
3221 2238 3634 2306 descendisset,
3687 2243 3805 2298 talis

2204 2325 2429 2380 maritus
2470 2336 2524 2381 et
2568 2327 2690 2383 talis
2733 2337 2884 2399 pater
2912 2339 3089 2397 esset,
3128 2332 3302 2401 qualis
3347 2331 3448 2387 fuit
3488 2334 3803 2393 Abraham:

2205 2416 2399 2471 audeat
2430 2420 2584 2487 plane
2613 2420 2941 2489 respondere
2989 2422 3066 2477 illi
3111 2424 3352 2495 captioso
3397 2426 3803 2497 interrogatori,

2206 2516 2261 2561 et
2279 2506 2476 2573 dicere,
2494 2507 2610 2564 Non
2639 2524 2756 2564 sum
2786 2511 3000 2581 quidem
3028 2514 3219 2569 melior
3237 2530 3396 2586 quam
3422 2516 3723 2583 Abraham,
3757 2520 3805 2571 in

2208 2598 2311 2655 hoc
2339 2599 2599 2656 duntaxat
2625 2617 2822 2672 genere
2844 2606 3189 2660 continentia:
3214 2647 3227 2671 ,
3258 2623 3361 2676 qua
3393 2608 3482 2663 ille
3511 2625 3623 2663 non
3651 2626 3806 2665 care-

2210 2688 2316 2755 bat,
2346 2690 2446 2745 etsi
2476 2706 2581 2746 non
2618 2693 2942 2763 apparebat;
2993 2695 3087 2749 sed
3133 2712 3251 2751 sum
3300 2698 3456 2761 talis,
3510 2716 3623 2754 non
3666 2701 3805 2755 aliud

2209 2777 2413 2836 habens
2435 2824 2451 2848 ,
2481 2782 2575 2837 sed
2603 2783 2744 2838 aliud
2773 2800 2957 2855 agens.
2991 2786 3139 2840 Dicat
3168 2788 3324 2856 plane
3349 2789 3449 2843 ista
3480 2807 3495 2844 :
3530 2791 3657 2860 quia
3684 2802 3736 2847 et
3764 2795 3805 2846 si

2208 2873 2435 2928 voluerit
2461 2874 2711 2945 gloriari,
2740 2890 2844 2930 non
2880 2876 2983 2931 erit
3027 2877 3318 2948 insipiens;
3347 2881 3636 2937 veritatem
3667 2886 3804 2939 enim

2210 2965 2357 3020 dicit.
2384 2964 2440 3020 Si
2462 2976 2639 3021 autem
2665 2968 2854 3036 parcit,
2884 2984 2952 3023 ne
2976 2970 3096 3039 quis
3121 2986 3242 3025 eum
3272 2972 3548 3027 existimet
3574 2991 3739 3045 super
3760 2978 3808 3030 id

2208 3055 2351 3124 quod
2394 3071 2516 3110 eum
2554 3056 2717 3125 videt,
2747 3067 2837 3112 aut
2862 3060 3009 3113 audit
3033 3060 3231 3129 aliquid
3260 3079 3322 3117 ex
3350 3063 3440 3118 illo
3474 3063 3547 3135 (ll
3568 3065 3693 3122 Cor.
3714 3083 3803 3126 xu.

2211 3147 2266 3218 6)
2289 3165 2302 3213 ;
2331 3150 2535 3203 auferat
2553 3166 2583 3204 a
2610 3166 2835 3220 persona
2855 3168 2948 3207 sua
2969 3153 3165 3208 nodum
3181 3157 3519 3225 qmestionis,
3540 3168 3599 3214 et
3622 3177 3728 3214 non
3746 3162 3811 3215 de

2212 3240 2461 3308 homine,
2496 3242 2590 3297 sed
2618 3243 2685 3298 de
2707 3259 2765 3299 re
2787 3244 2899 3314 ipsa
2925 3246 3267 3316 respondeat,
3297 3257 3351 3302 et
3375 3249 3541 3315 dicat,
3571 3254 3666 3321 qui
3697 3262 3810 3305 tan-

2213 3341 2320 3387 tum
2346 3343 2539 3403 potest,
2562 3335 2683 3390 talis
2701 3346 2781 3390 est
2802 3338 2974 3407 qualis
2997 3337 3088 3392 fuit
3113 3340 3404 3395 Abraham.
3426 3342 3613 3397 Potest
3634 3357 3810 3399 autem

2212 3427 2326 3482 ﬁeri
2369 3438 2424 3483 ut
2454 3430 2630 3485 minor
2665 3431 2735 3485 sit
2780 3432 3121 3487 continentia:
3150 3434 3319 3489 virtus
3364 3437 3416 3489 in
3467 3437 3659 3490 animo
3701 3439 3813 3508 ejus

2210 3522 2300 3592 qui
2320 3538 2424 3575 non
2452 3523 2619 3577 utitur
2639 3524 2857 3593 nuptiis,
2883 3525 3081 3593 quibus
3108 3534 3191 3580 est
3220 3542 3349 3581 usus
3377 3528 3655 3582 Abraham
3683 3547 3696 3582 :
3722 3530 3813 3584 sed

2213 3620 2388 3667 tamen
2420 3614 2589 3684 major
2617 3625 2698 3669 est
2718 3616 2758 3682 ¹,
2790 3632 2947 3685 quam
2975 3617 3025 3670 in
3052 3618 3231 3673 animo
3259 3620 3374 3689 ejus
3400 3621 3493 3689 qui
3526 3633 3814 3691 propterea

2214 3705 2383 3758 tenuit
2429 3706 2659 3775 conjugii
2702 3709 3024 3774 castitatem,
3052 3708 3177 3778 quia
3209 3725 3313 3763 non
3363 3712 3543 3779 potuit
3579 3714 3813 3782 amplio-

2212 3813 2347 3851 rem.
2375 3798 2463 3852 Sic
2489 3807 2543 3851 et
2571 3797 2765 3852 femina
2795 3800 3033 3869 innupta,
3057 3816 3176 3871 quae
3201 3802 3399 3871 cogitat
3436 3819 3500 3857 ea
3537 3822 3663 3873 qua:
3694 3816 3815 3859 sunt

2214 3890 2444 3955 Domini,
2487 3900 2543 3945 ut
2568 3892 2635 3944 sit
2662 3904 2845 3946 sancta
2868 3902 2921 3946 ct
2941 3909 3167 3962 corpore
3191 3904 3245 3948 et
3270 3896 3458 3964 spiritu
3488 3897 3531 3967 (I
3563 3897 3688 3953 Cor.
3722 3917 3813 3967 vn,

2214 3980 2306 4050 55)
2328 4024 2341 4043 ,
2374 3997 2494 4035 eum
2536 3982 2767 4037 audierit
2808 3984 3170 4052 impudentem
3200 3986 3345 4040 illum
3375 3998 3814 4057 percontatorem

2213 4075 2515 4141 dicentem,
2544 4076 2624 4130 Tu
2655 4092 2782 4147 ergo
2822 4078 3012 4132 melior
3039 4094 3198 4148 quam
3243 4080 3413 4135 Sara?
3456 4086 3813 4152 reSpondeat.

2215 4166 2326 4235 Ego
2356 4167 2544 4221 melior
2573 4183 2712 4231 sum,
2746 4168 2841 4222 sed
2874 4170 2937 4223 iis
2967 4186 3086 4239 qua:
3115 4172 3310 4226 virtute
3340 4172 3499 4243 hujus
3526 4178 3812 4231 continen-

2215 4263 2300 4315 tia:
2326 4270 2530 4328 carent,
2562 4262 2701 4332 quod
2734 4262 2802 4317 de
2841 4263 2970 4317 Sara
3018 4280 3121 4318 non
3166 4265 3328 4320 credo
3358 4285 3371 4319 :
3403 4267 3531 4322 fecit
3557 4285 3695 4343 ergo
3724 4272 3807 4324 illa

2213 4369 2332 4407 cum
2365 4354 2461 4407 ista
2490 4354 2683 4409 virtute
2705 4354 2846 4424 quod
2889 4356 2963 4409 illi
3007 4359 3231 4427 tempori
3261 4362 3620 4429 congruebat,
3646 4379 3675 4417 a
3708 4380 3814 4433 quo

2214 4460 2312 4514 ego
2338 4461 2456 4499 sum
2490 4445 2763 4513 immunis,
2794 4456 2853 4501 ut
2884 4447 2934 4501 in
2966 4463 3088 4502 meo
3114 4449 3273 4503 etiam
3301 4465 3531 4521 corpore
3558 4467 3817 4525 appareat

2213 4537 2352 4607 quod
2387 4537 2475 4591 illa
2509 4538 2558 4591 iu
2587 4539 2767 4593 animo
2788 4542 3157 4595 conservabat.

2284 4628 2510 4682 CAPUT
2528 4628 2882 4686 XXIll.—28.
2901 4631 3223 4687 Continentia
3244 4636 3421 4688 melior
3436 4638 3678 4693 castitate
3694 4658 3815 4695 con-

2204 4719 2374 4789 jugali
2397 4735 2414 4771 :
2436 4720 2522 4772 sed
2567 4732 2775 4789 possunt
2813 4724 3071 4793 conjugati
3098 4741 3203 4778 esse
3231 4726 3609 4783 continentibus
3638 4731 3815 4785 melio-

2213 4826 2310 4863 res.
2349 4808 2659 4864 Ubedicntia:
2695 4811 2878 4865 bonum
2912 4815 3078 4882 majus
3112 4831 3264 4883 quam
3300 4817 3646 4873 continenticc.
3683 4820 3815 4873 Obe-

2213 4904 2431 4958 dientior
2467 4905 2739 4976 conjugata
2769 4907 2935 4959 minus
2961 4906 3210 4961 obedienti
3236 4910 3417 4979 virgini
3442 4916 3812 4982 prceponenda.

2217 4995 2513 5049 Obedientia
2543 5008 2701 5050 mater
2726 4998 2950 5051 omnium
2976 5000 3229 5052 virtutum.
3260 5001 3369 5056 Res
3412 5018 3544 5072 ergo
3584 5004 3733 5074 ipsas
3774 5006 3815 5059 si

2212 5102 2583 5157 comparemus
2607 5128 2621 5154 ,
2660 5088 2806 5143 nullo
2837 5089 2996 5143 modo
3022 5090 3371 5146 dubitandum
3402 5102 3487 5149 est
3532 5098 3813 5151 meliorem

2213 5194 2332 5234 esse
2358 5181 2656 5235 castitatem
2684 5182 3026 5237 continentize
3056 5200 3214 5253 quam
3243 5186 3545 5241 castitatem
3600 5191 3814 5260 nuptia—

2215 5271 2339 5337 lem,
2372 5286 2493 5325 cum
2521 5280 2699 5327 tamen
2725 5282 3006 5342 utrumque
3034 5276 3106 5328 sit
3137 5275 3332 5330 bonum
3365 5295 3379 5330 :
3414 5278 3668 5335 homines
3697 5298 3817 5336 vero

2211 5378 2332 5417 cum
2360 5379 2732 5434 comparamus
2756 5409 2770 5433 ,
2806 5367 2892 5421 ille
2914 5377 2996 5421 est
3022 5369 3210 5423 melior
3234 5371 3321 5439 qui
3346 5370 3547 5426 bonum
3580 5376 3816 5444 amplius

2212 5470 2368 5526 quam
2395 5456 2530 5510 alius
2559 5455 2738 5511 habet.
2781 5458 2949 5512 Porro
2976 5460 3063 5529 qui
3091 5461 3321 5530 amplius
3358 5462 3604 5530 ejusdem
3654 5482 3816 5535 gene-

2213 5549 2286 5601 ris
2334 5548 2529 5612 habet,
2576 5561 2628 5603 et
2661 5550 2709 5603 id
2755 5551 2897 5620 quod
2930 5553 3105 5606 minus
3132 5563 3213 5607 est
3254 5553 3413 5609 habet
3444 5573 3457 5609 ε
3491 5558 3581 5627 qui
3638 5568 3811 5613 autem

2215 5640 2582 5695 tantummodo
2623 5641 2763 5712 quod
2792 5643 2965 5697 minus
2991 5652 3073 5698 cst
3097 5642 3291 5713 habet,
3326 5646 3375 5700 id
3408 5648 3554 5717 quod
3581 5659 3669 5704 est
3698 5667 3805 5703 am-

2216 5849 2236 5890 ⁵
2237 5780 2303 5889 b1
2319 5780 2396 5887 In?
2421 5778 2545 5891 aliud
2579 5785 2685 5828 Lov.
2722 5778 2995 5842 additur,in
3032 5794 3172 5845 opere
3211 5782 3342 5845 ejus;
3388 5784 3519 5847 quod
3555 5786 3620 5835 ab
3655 5793 3731 5837 nr.
3767 5795 3814 5837 et

2266 5856 2274 5861 '
2292 5855 2317 5885 ‘.
2343 5854 2367 5888 It
2393 5856 2458 5889 IL"
2488 5877 2499 5886 .

2343 5854 2499 5889 allL‘SL.
