4048 6516
212 440 320 499 395

215 553 350 623 ptius
379 559 486 601 non
520 541 701 613 utique
729 539 905 597 habet.
931 535 990 595 in
1017 528 1289 609 sexagium
1316 536 1456 592 enim
1482 546 1603 591 sunt
1628 546 1682 593 et
1708 537 1803 591 tri-

212 640 356 711 ginta
379 678 393 701 ,
422 651 525 693 non
554 634 606 688 in
639 633 851 703 triginta
889 640 1012 685 sunt
1038 640 1091 685 et
1120 629 1413 698 sexaginta.
1442 626 1556 682 Non
1587 628 1799 697 operari

212 742 389 786 autem
428 745 491 783 ex
521 741 587 783 eo
616 725 757 797 quod
785 726 977 791 habet,
1019 724 1068 776 in
1098 721 1472 777 distributione
1502 719 1799 774 officiorum

213 821 440 891 positqu
467 829 570 880 est,
598 832 702 871 nou
734 815 785 869 in
816 820 1052 884 egestate
1074 813 1327 866 virtutum
1360 810 1515 881 :quia
1537 824 1636 864 nec
1660 809 1801 864 bono

213 908 590 965 misericordia:
628 916 804 971 caret,
834 905 921 975 qui
954 918 1057 958 non
1097 902 1301 957 invenit
1339 900 1565 956 miseros
1608 900 1801 970 quibus

213 1001 376 1071 possit
406 998 820 1053 misericorditer
853 994 1155 1051 subvenire.

280 1089 369 1144 29.
402 1088 515 1143 lluc
540 1086 744 1142 accedit
764 1087 884 1157 quia
913 1101 1016 1139 non
1046 1093 1189 1139 recte
1217 1092 1597 1152 comparantur
1623 1082 1799 1137 homi-

213 1195 306 1235 nes
328 1180 635 1237 hominibus
659 1194 725 1232 ex
756 1194 860 1231 uno
890 1178 1066 1246 aliquo
1098 1176 1259 1229 bono.
1288 1175 1426 1229 Fieri
1453 1175 1594 1229 enim
1626 1183 1802 1243 potest

214 1283 269 1327 ut
303 1273 440 1326 alius
484 1286 591 1325 non
637 1270 829 1324 habeat
868 1267 1067 1338 aliquid
1108 1266 1249 1337 quod
1289 1266 1425 1321 alius
1471 1266 1663 1331 habet,
1705 1264 1799 1320 sed

211 1363 350 1417 aliud
380 1362 574 1417 habeat
600 1360 742 1432 quod
763 1360 928 1431 pluris
948 1358 1319 1415 aestimandum
1346 1367 1447 1413 est.
1468 1357 1546 1411 Ma
1548 1360 1635 1427 jus
1657 1357 1798 1412 enim

211 1454 405 1510 bonum
430 1462 514 1509 est
531 1452 849 1508 obedientia:
869 1466 1026 1522 quam
1049 1449 1414 1505 continentia).
1434 1448 1564 1503 Nam
1590 1463 1797 1503 connu-

209 1547 351 1601 bium
397 1559 659 1614 nusquam
705 1552 1009 1598 nostrarum
1046 1540 1442 1611 Scripturarum
1481 1540 1799 1595 auctoritate

211 1637 491 1693 damnatur
512 1678 528 1702 ,
557 1635 915 1691 inobcdientia
946 1648 1073 1689 vero
1102 1647 1364 1703 nusquam
1396 1631 1707 1687 absolvitur.
1740 1630 1796 1686 Si

209 1746 333 1801 ergo
373 1738 702 1800 proponatur
728 1728 874 1798 virgo
926 1740 1307 1797 permansura,
1350 1723 1443 1779 sed
1488 1732 1662 1778 tamen
1718 1724 1796 1778 iu-

210 1822 459 1877 obedit-ns
481 1861 497 1887 ,
527 1830 581 1874 et
601 1820 845 1873 maritata
870 1833 987 1888 quae
1020 1817 1165 1887 virgo
1195 1829 1513 1886 permanere
1536 1830 1641 1869 non
1676 1829 1799 1884 pos-

210 1923 321 1980 set,
348 1900 443 1967 scd
476 1920 657 1966 tamen
687 1910 972 1974 obedicns,
1004 1923 1161 1978 quam
1192 1907 1469 1963 meliorem
1514 1905 1796 1961 dicamus?

212 2005 376 2060 Minus
403 2003 729 2059 laudabilem
755 2018 914 2073 quam
957 2001 1003 2057 si
1040 2002 1190 2072 virgo
1215 2010 1394 2068 esset,
1428 2015 1493 2054 an
1520 2000 1800 2055 damnabi-

209 2098 307 2151 lem
330 2098 467 2151 sicut
497 2097 646 2166 virgo
670 2096 789 2150 est?
815 2095 888 2149 ita
913 2093 957 2147 si
979 2093 1226 2148 conferas
1246 2092 1514 2148 ebriosam
1537 2092 1793 2162 virginem

209 2186 394 2243 sobria:
421 2186 742 2257 conjugatze,
773 2185 892 2255 quis
918 2184 1125 2238 dubitet
1148 2182 1391 2237 eamdem
1417 2182 1557 2237 ferre
1576 2190 1796 2237 senten-

210 2278 368 2335 tiam?
405 2278 619 2348 Nuptiae
649 2279 845 2348 quippe
882 2285 937 2330 ct
968 2272 1246 2345 virginitas
1289 2274 1397 2329 duo
1446 2274 1583 2328 bona
1628 2282 1753 2329 sunt
1775 2314 1793 2343 ,

210 2386 427 2442 quorum
469 2370 703 2424 alterum
731 2368 899 2437 majus
929 2386 941 2422 :
975 2368 1234 2422 sobrietas
1271 2376 1448 2421 autem
1476 2373 1531 2421 et
1569 2365 1793 2422 ebriosi-

211 2475 321 2532 tas,
346 2465 481 2521 sicut
506 2462 807 2519 obedientia
838 2471 891 2516 ct
917 2460 1249 2516 contumacia
1271 2500 1285 2525 ,
1319 2459 1409 2513 illa
1446 2458 1585 2514 bona
1627 2466 1791 2523 sunt,

213 2558 321 2612 haec
349 2557 510 2611 mala.
558 2554 743 2609 Melius
772 2564 854 2608 est
881 2561 1057 2607 autem
1098 2551 1296 2606 habere
1323 2552 1500 2605 omnia
1543 2550 1679 2605 bona
1707 2550 1795 2605 vel

213 2648 443 2713 minora,
487 2658 650 2716 quam
689 2658 939 2715 magnum
975 2643 1175 2699 bonum
1218 2658 1341 2697 cum
1382 2654 1577 2712 magno
1606 2640 1746 2696 malo
1777 2658 1791 2696 :

211 2740 330 2810 quia
370 2747 425 2794 et
465 2739 521 2793 in
565 2738 806 2809 Corporis
846 2737 999 2791 bouis
1028 2736 1220 2790 melius
1244 2744 1327 2790 cst
1356 2733 1552 2790 habere
1581 2732 1794 2789 Zacbmi

213 2842 461 2888 staturam
490 2847 610 2887 cum
639 2830 886 2895 sanitate,
918 2844 1077 2899 quam
1109 2828 1276 2884 Goliae
1302 2841 1424 2881 cum
1446 2825 1614 2882 febre.

280 2924 365 2979 50.
395 2923 557 2978 Recte
586 2922 741 2992 plane
766 2922 1057 2992 quaeritur,
1104 2934 1211 2974 non
1254 2928 1431 2973 utrum
1471 2916 1796 2974 omnimodis

212 3016 515 3070 inobedicns
542 3016 693 3084 virgo
712 3013 1008 3083 conjugata:
1034 3010 1325 3075 obedienti,
1354 3008 1448 3065 sed
1469 3009 1647 3063 minus
1666 3008 1793 3064 obe-

210 3108 355 3163 dieus
382 3105 735 3161 obedientiori
762 3103 1118 3174 comparanda
1142 3104 1231 3169 sit;
1259 3102 1380 3173 quia
1401 3109 1455 3157 et
1472 3100 1557 3155 illa
1585 3101 1794 3170 nuptia-

210 3198 271 3253 lis
296 3197 509 3253 castitas
539 3204 657 3261 est,
687 3205 741 3251 ct
770 3195 893 3250 ideo
916 3195 1113 3250 bonum
1139 3203 1221 3249 est
1241 3234 1255 3262 ,
1286 3193 1380 3248 sed
1422 3193 1596 3247 minor
1634 3205 1793 3263 quam

214 3290 496 3361 virginalis.
537 3289 713 3344 Tanto
754 3301 881 3359 ergo
929 3289 1105 3343 minor
1146 3288 1196 3341 in
1244 3286 1385 3341 bono
1434 3286 1789 3354 obedientize,

209 3394 397 3456 quanto
419 3384 594 3455 major
620 3384 672 3438 in
698 3383 838 3439 bono
867 3382 1124 3438 castitatis
1142 3421 1158 3449 ,
1195 3381 1239 3435 si
1267 3381 1430 3436 altera
1458 3380 1613 3435 alteri
1640 3395 1791 3436 com-

210 3486 453 3547 paretur,
504 3493 629 3549 quaa
686 3476 1037 3548 praeponenda
1081 3476 1151 3531 sit
1190 3474 1426 3545 judicat,
1478 3475 1565 3544 qui
1622 3475 1793 3545 primo

208 3571 368 3641 ipsam
410 3572 716 3625 castitatem
760 3578 814 3624 et
854 3566 1214 3625 obedientiam
1254 3578 1569 3637 comparans
1594 3608 1608 3633 ,
1649 3567 1792 3621 videt

207 3667 434 3721 omnium
464 3666 728 3721 virtutum
756 3665 984 3736 quodam
1032 3663 1193 3718 modo
1236 3674 1459 3719 matrem
1500 3678 1620 3719 esse
1657 3661 1790 3716 obe-

205 3762 471 3831 dientiam.
503 3762 589 3815 Ac
615 3774 711 3830 per
733 3760 834 3813 hoc
855 3758 975 3813 ideo
1007 3765 1180 3829 potest
1196 3772 1316 3813 esse
1341 3756 1643 3812 obedientia
1674 3757 1790 3811 sine

207 3852 499 3923 virginitate
525 3892 541 3915 ,
578 3851 701 3921 quia
732 3850 1006 3921 virginitas
1034 3865 1099 3904 ex
1144 3849 1369 3903 consilio
1408 3856 1529 3916 est,
1572 3862 1677 3902 non
1724 3863 1791 3904 ex

208 3951 486 4012 pracepto.
519 3941 894 3997 Ohcdientiam
926 3954 1052 3994 vero
1082 3939 1227 3997 illam
1267 3938 1418 4004 dico,
1449 3952 1555 4009 qua
1589 3951 1793 4009 prmce-

205 4036 302 4103 ptis
338 4035 765 4104 obtemperatur.
806 4032 1033 4102 Ideoque
1075 4030 1373 4087 obedientia
1404 4039 1789 4101 praeceptorum

203 4128 311 4182 sine
332 4128 644 4199 virginitate
671 4124 883 4196 quidem
914 4135 1109 4196 potest,
1135 4123 1229 4178 sed
1259 4124 1373 4179 sine
1398 4122 1641 4179 castitate
1670 4140 1789 4181 esse

204 4232 303 4271 non
325 4226 519 4287 potest.
552 4216 633 4271 Ad
666 4217 962 4271 castitatem
991 4231 1219 4286 namque
1243 4216 1473 4286 pertinet
1496 4233 1600 4271 non
1625 4216 1790 4271 forni-

199 4310 323 4376 cari,
357 4324 464 4364 non
496 4307 781 4373 moechari,
806 4306 952 4362 nullo
983 4307 1164 4362 illicito
1184 4308 1468 4362 concubitu
1490 4309 1743 4363 maculari
1772 4326 1787 4364 :

201 4417 313 4470 qua:
338 4403 425 4472 qui
453 4418 564 4457 non
592 4400 911 4464 observant,
935 4409 1116 4454 contra
1143 4410 1408 4471 prmcepta
1439 4401 1530 4455 Dei
1561 4399 1784 4467 faciunt,

201 4502 252 4547 et
286 4492 355 4547 ob
383 4493 487 4548 hoc
517 4501 765 4549 extorres
793 4500 918 4545 sunt
944 4506 974 4545 a
1018 4492 1213 4546 virtute
1251 4492 1587 4547 obedientia).
1617 4492 1785 4563 Virgi-

202 4584 332 4639 uitas
369 4594 553 4641 autem
601 4592 881 4653 pr0pterea
924 4591 1097 4653 potest
1140 4597 1258 4638 esse
1297 4584 1413 4638 sine
1441 4583 1743 4639 obedientia
1771 4626 1785 4651 ,

200 4679 313 4747 quia
339 4687 521 4750 potest
566 4675 767 4731 femina
810 4676 1035 4730 consilio
1070 4674 1387 4745 virginitatis
1425 4686 1644 4746 accepto
1667 4716 1683 4743 ,
1735 4685 1791 4731 et

200 4767 455 4822 custodita
494 4766 834 4837 virginitate,
886 4772 1151 4835 praecepta
1196 4774 1542 4820 contemnere
1589 4783 1603 4818 :
1650 4766 1791 4821 sicut

200 4858 385 4913 multas
415 4872 604 4914 sacras
645 4857 877 4928 virgines
902 4857 1150 4912 novimus
1188 4857 1473 4925 verbosas,
1512 4858 1785 4927 curiosas,

199 4951 468 5017 ebriosas,
507 4951 803 5021 litigiosas,
844 4965 1063 5016 avaras,
1109 4949 1399 5019 superbas;
1448 4965 1568 5019 quae
1610 4951 1787 5005 omnia

198 5054 377 5098 contra
405 5052 677 5114 praecepta
707 5051 860 5109 sunt,
907 5052 960 5097 et
1004 5044 1141 5098 sicut
1184 5043 1350 5112 ipsam
1394 5042 1559 5097 Evam
1600 5042 1788 5097 inobe-

199 5135 405 5190 dieutia:
457 5135 690 5190 crimine
737 5134 1005 5189 occidunt.
1063 5134 1399 5204 Quapropter
1451 5149 1555 5187 non
1615 5135 1787 5188 solum

197 5226 450 5282 obediens
482 5224 831 5293 inobcdienti,
877 5224 971 5279 sed
999 5223 1332 5279 obedientior
1371 5223 1649 5295 conjugata
1690 5225 1791 5279 mi-

199 5335 294 5373 nus
314 5318 595 5375 obedienti
622 5318 809 5388 virgini
838 5316 1192 5387 praeponenda
1223 5324 1325 5370 est.

265 5412 356 5467 5|.
386 5411 468 5466 Ex
498 5409 602 5463 hac
628 5408 929 5464 obedientia
952 5421 1099 5478 pater
1124 5408 1211 5461 ille
1239 5408 1328 5477 qui
1349 5407 1464 5462 sine
1491 5423 1656 5463 uxore
1682 5423 1786 5463 non

196 5505 305 5569 fuit,
326 5520 448 5560 esse
470 5505 591 5558 sine
616 5504 775 5559 unico
798 5502 905 5556 lilio
929 5510 982 5557 et
1006 5517 1036 5557 a
1061 5516 1119 5557 se
1144 5502 1321 5556 occiso
1338 5509 1550 5571 paratus
1574 5499 1786 5572 fuit(a).

198 5598 422 5654 Unicum
444 5596 593 5652 enim
635 5612 739 5650 non
769 5595 1035 5650 immerito
1062 5594 1287 5649 dixerim
1309 5635 1323 5658 ,
1364 5593 1432 5647 de
1460 5608 1563 5664 quo
1590 5593 1791 5647 audivit

199 5708 224 5745 a
250 5691 504 5755 Domino,
529 5686 597 5742 In
618 5686 765 5741 Isaac
782 5688 1038 5742 vocabitur
1062 5687 1149 5740 tibi
1172 5704 1335 5741 semen
1360 5685 1510 5758 (Gen.
1538 5703 1645 5751 nl,
1672 5683 1786 5757 12).

198 5790 408 5851 Quanto
436 5797 571 5852 ergo
595 5781 746 5835 citius
770 5823 785 5845 ,
814 5788 871 5834 ut
897 5780 1055 5835 etiam
1086 5781 1200 5837 sine
1229 5795 1389 5837 uxore
1418 5790 1558 5836 esset
1579 5822 1592 5836 .
1621 5780 1664 5835 si
1689 5778 1790 5835 hoc

260 5879 332 5939 ()
428 5880 639 5924 Retract.
664 5885 767 5933 mp.
784 5870 859 5931 22,
885 5884 935 5920 .
960 5869 1007 5920 2.

564 5962 837 6019 Parnm.
881 5954 1012 6018 XL.

1642 426 1845 483 LIBER
1883 426 2079 484 UNUS.

1906 537 2183 606 juberetur
2207 579 2220 604 ,
2251 537 2491 595 audiret?
2521 541 2670 596 Unde
2698 558 2799 597 non
2833 542 3022 600 frustra
3058 561 3200 618 saepe
3243 548 3501 610 miramur

1912 630 2195 683 nonnullos
2224 630 2500 701 utriusque
2525 644 2683 688 sexus
2709 636 2776 691 ab
2817 639 2960 693 onmi
3002 642 3288 699 concubitu
3319 649 3496 702 contio

1912 728 2098 774 nentes
2118 762 2132 785 ,
2164 721 2490 791 negligenter
2514 722 2733 780 obedire
2760 730 3039 799 praeceptis
3062 771 3078 799 ,
3107 748 3229 788 cum
3258 743 3363 790 tam
3406 752 3499 792 ar-

1909 811 2097 868 denter
2120 814 2443 883 arripuerint
2463 832 2569 871 non
2601 818 2676 872 uti
2700 822 2988 876 concessis.
3020 823 3173 880 Unde
3198 827 3319 896 quis
3343 828 3502 886 dubi-

1910 911 1986 956 tat
2028 912 2082 959 et
2129 906 2459 961 excellentia:
2502 918 2806 966 sanctorum
2838 911 3048 968 illorum
3089 924 3296 985 patrum
3341 928 3502 991 atque

1908 1004 2139 1051 matrum
2166 997 2303 1052 filios
2317 1002 2681 1069 generautium
2705 1019 2809 1059 non
2836 1014 2979 1060 recte
3006 1011 3300 1078 comparari
3324 1028 3502 1069 mares

1906 1094 1961 1139 et
1986 1086 2207 1141 feminas
2237 1091 2405 1145 nostri
2436 1094 2721 1162 temporis,
2749 1099 2992 1165 quamvis
3033 1098 3101 1153 ab
3128 1102 3271 1155 omni
3302 1118 3501 1160 concu-

1906 1174 2016 1251 bitu
2043 1178 2325 1247 immunes,
2351 1182 2403 1237 in
2430 1182 2627 1240 virtute
2653 1186 2966 1243 obedientia:
2989 1190 3255 1257 minores;
3285 1195 3496 1251 etiamsi

1906 1266 2008 1322 illis
2063 1269 2364 1328 hominibus
2412 1284 2466 1330 et
2504 1275 2558 1331 in
2605 1275 2787 1333 habitu
2832 1280 2992 1334 animi
3031 1282 3320 1350 defuisset,
3351 1288 3494 1356 quod

1907 1358 1959 1412 in
1992 1360 2213 1417 istorum
2265 1380 2428 1435 opere
2468 1369 2804 1424 manifestum
2858 1372 2977 1425 est?
3023 1372 3325 1444 Sequuntur
3365 1391 3498 1447 ergo

1903 1453 2111 1522 Agnum
2150 1460 2297 1526 pueri
2338 1469 2613 1516 cantantes
2662 1464 2928 1518 canticum
2978 1480 3174 1520 novum
3200 1508 3214 1533 ,
3257 1468 3396 1525 sicut
3441 1472 3496 1526 in

1903 1547 2222 1618 Apocalypsi
2265 1554 2519 1621 scriptum
2551 1562 2667 1622 est,
2698 1556 2782 1626 qui
2824 1548 2938 1609 eum
2969 1557 3263 1614 mulieribus
3302 1576 3357 1616 se
3394 1578 3498 1618 non

1902 1644 2366 1699 contaminaverunt
2398 1646 2578 1718 (Apoc.
2606 1666 2716 1715 xiv,
2744 1651 2823 1721 4);
2850 1668 2954 1708 non
2980 1654 3049 1708 ob
3074 1655 3215 1709 aliud
3244 1657 3342 1711 nisi
3370 1658 3495 1728 quia

1901 1732 2131 1803 virgines
2161 1751 2587 1806 permanserunt.
2628 1741 2739 1797 Nec
2781 1744 2899 1798 ideo
2928 1760 2986 1799 se
3020 1746 3346 1803 arbitrentur
3375 1762 3493 1804 mc-

1901 1822 2061 1880 liorcs
2090 1841 2208 1882 esse
2236 1831 2420 1898 primis
2448 1833 2686 1901 patribus
2712 1836 2930 1905 sanctis,
2956 1838 3046 1907 qui
3068 1840 3293 1909 nuptiis,
3336 1850 3394 1895 ut
3420 1842 3491 1897 ita

1901 1917 2107 1987 dicant,
2141 1925 2445 1992 nuptialiter
2479 1928 2558 1981 usi
2584 1937 2707 1982 sunt
2729 1930 2769 1981 .
2798 1930 2992 1985 Earum
3024 1934 3217 2002 quippe
3246 1948 3375 1989 usus
3418 1934 3490 1989 ita

1901 2023 1960 2064 se
1984 2010 2169 2078 habet,
2205 2024 2261 2067 ut
2285 2015 2330 2069 si
2355 2017 2480 2085 quid
2510 2018 2561 2071 in
2584 2018 2661 2073 eis
2687 2032 2785 2090 per
2811 2022 2987 2075 carnis
3014 2023 3450 2079 connnixtioncm
3470 2065 3487 2089 ,

1899 2104 2041 2173 quod
2070 2106 2292 2161 excedat
2333 2109 2626 2178 generandi
2675 2112 3080 2179 necessitatem,
3122 2116 3363 2184 quamvis
3398 2131 3491 2169 vc-

1900 2194 2112 2250 nialiter
2136 2197 2331 2252 factum
2355 2200 2532 2267 fuerit,
2562 2204 2943 2259 contaminatio
2972 2204 3059 2259 sit.
3090 2205 3224 2261 Nam
3250 2207 3374 2277 quid
3396 2222 3491 2263 ex-

1899 2284 2009 2353 piat
2028 2287 2179 2341 venia
2196 2329 2211 2356 ,
2244 2289 2290 2343 si
2318 2290 2534 2345 omnino
2556 2308 2664 2348 non
2689 2296 3017 2351 contaminat
3043 2296 3133 2351 illa
3162 2299 3489 2369 progressio?

1900 2377 1940 2430 A
1964 2392 2064 2447 qua
2082 2383 2532 2439 contaminatioue
2554 2386 2746 2441 mirum
2776 2387 2822 2443 si
2850 2388 3113 2445 immunes
3131 2399 3311 2446 essent
3337 2392 3488 2461 pueri

1898 2478 2182 2539 sequentes
2204 2473 2433 2543 Agnum,
2462 2476 2564 2531 nisi
2590 2478 2821 2547 virgines
2851 2488 3247 2549 permanerent.

1967 2559 2191 2619 CAPUT
2213 2564 2403 2621 XXIV.
2429 2590 2501 2607 --
2524 2569 2612 2624 52.
2637 2568 2949 2640 Nuptiarum
2970 2572 3153 2627 bonum
3175 2573 3316 2644 apud
3341 2573 3488 2630 Citri-

1897 2652 2088 2707 stianos
2118 2655 2319 2726 triplex.
2348 2655 2617 2729 Conjttgati
2646 2661 2838 2731 antiqui
2857 2662 3192 2716 obedientiam
3222 2665 3274 2717 in
3299 2678 3486 2735 opere,

1898 2744 2254 2799 continentiam
2300 2747 2353 2803 in
2404 2749 2578 2804 habitu
2624 2761 2907 2808 tenuerunt.
2940 2754 3147 2809 Bonum
3193 2756 3352 2826 igitur
3389 2773 3487 2810 nu-

1898 2834 2126 2903 ptiarum
2158 2852 2253 2906 per
2283 2852 2469 2894 omnes
2493 2849 2678 2911 gentes
2719 2852 2879 2913 atque
2921 2859 3108 2901 omnes
3149 2847 3394 2904 homines
3432 2851 3485 2904 in

1896 2940 2053 2982 causa
2083 2930 2371 2999 generandi
2413 2941 2494 2987 est
2514 2975 2529 3001 ,
2558 2943 2613 2988 et
2654 2936 2707 2989 in
2751 2934 2854 2991 fide
2884 2938 3142 2994 castitatis
3172 2957 3186 2994 :
3216 2941 3357 3011 quod
3391 2957 3488 2997 au-

1898 3025 2004 3072 tem
2030 3019 2094 3072 ad
2119 3022 2370 3092 pepulum
2398 3022 2490 3078 Dei
2518 3025 2781 3094 pertinet,
2808 3028 2969 3082 etiam
3009 3029 3062 3083 in
3089 3032 3368 3089 sanctitate
3388 3032 3487 3090 Sa-

1896 3112 2154 3165 cramenti
2178 3154 2191 3175 ,
2221 3127 2318 3183 per
2344 3129 2502 3183 quam
2542 3114 2689 3171 nefas
2726 3125 2809 3171 est
2849 3120 3009 3173 etiam
3048 3122 3270 3191 repudio
3307 3122 3486 3179 disce-

1895 3200 2111 3257 dentem
2130 3204 2283 3259 alteri
2317 3205 2519 3262 nubere
2537 3248 2552 3275 ,
2580 3206 2707 3263 dum
2733 3209 2814 3263 vir
2841 3209 2955 3281 ejus
2981 3212 3145 3281 vivit,
3176 3230 3274 3270 nec
3297 3218 3485 3272 saltem

1896 3292 2011 3363 ipsa
2054 3309 2211 3350 causa
2264 3295 2534 3367 pariendi;
2589 3315 2706 3371 quae
2736 3303 2993 3358 cumsola
3036 3305 3105 3360 sit
3145 3316 3249 3376 qua
3288 3312 3486 3380 nuptiae

1897 3383 2065 3453 fiunt,
2092 3401 2189 3441 nec
2215 3401 2278 3442 ea
2304 3403 2364 3443 re
2388 3404 2493 3444 non
2516 3391 2877 3464 subsequente
2897 3407 3116 3466 propter
3136 3413 3291 3468 quam
3316 3401 3472 3463 fiunt,

1896 3483 2119 3538 solvitur
2135 3486 2400 3541 vinculum
2427 3488 2662 3559 nuptiale
2684 3490 2786 3544 nisi
2808 3491 3047 3563 conjugis
3070 3502 3262 3550 morte.
3288 3495 3484 3564 Quem-

1894 3573 2180 3629 admodum
2201 3577 2243 3631 si
2272 3577 2364 3631 tiat
2389 3574 2654 3635 ordinatio
2682 3580 2806 3635 cleri
2827 3582 2893 3635 ad
2922 3583 3128 3652 plebem
3159 3600 3486 3657 congregau-

1895 3664 2051 3731 dam,
2095 3666 2301 3721 etiamsi
2331 3668 2505 3739 plebis
2544 3672 2882 3741 congregatio
2930 3687 3035 3727 non
3080 3675 3440 3746 subsequatur
3464 3721 3481 3745 ,

1896 3764 2074 3810 manet
2112 3764 2289 3811 tamen
2320 3758 2372 3812 in
2403 3759 2505 3813 illis
2547 3760 2805 3816 ordinatis
2830 3760 3230 3820 Sacrameutum
3260 3768 3481 3825 ordina-

1894 3846 2093 3914 tionis;
2134 3857 2187 3902 ct
2213 3847 2258 3901 si
2301 3848 2476 3919 aliqua
2502 3850 2656 3920 culpa
2682 3852 2962 3923 quisquam
2991 3854 3060 3910 ab
3086 3856 3263 3912 officio
3300 3874 3481 3914 remo-

1895 3945 2102 4003 veatur,
2130 3935 2475 3994 Sacramento
2507 3940 2717 3995 Domini
2740 3944 2905 3998 semel
2927 3944 3177 4016 imposito
3201 3964 3307 4004 non
3329 3964 3483 4006 care-

1894 4030 1999 4097 bit,
2032 4033 2271 4101 quamvis
2300 4032 2365 4087 ad
2402 4032 2660 4103 judicium
2707 4047 3073 4106 permanente.
3111 4040 3483 4099 Generationis

1894 4121 2070 4192 itaque
2105 4138 2264 4178 causa
2296 4123 2407 4179 fieri
2437 4127 2682 4196 nuptias,
2716 4129 3003 4199 Apostolus
3047 4133 3119 4189 ita
3161 4136 3309 4191 testis
3352 4147 3436 4193 est
3466 4149 3483 4190 :

1909 4211 2030 4266 Volo
2053 4254 2069 4279 ,
2099 4212 2305 4283 inquit,
2343 4216 2577 4286 juniores
2616 4217 2817 4274 nubere.
2845 4221 2909 4275 Et
2936 4224 3086 4292 quasi
3114 4225 3163 4280 ei
3191 4225 3484 4290 diceretur.

1895 4304 2130 4374 thuidt
2168 4309 2421 4363 continuo
2445 4310 2700 4380 subjecit,
2729 4313 2868 4382 lios
2896 4332 3180 4387 procreare,
3210 4325 3479 4393 matresfa-

1892 4400 2060 4485 milias
2088 4416 2193 4453 esse
2226 4400 2267 4473 (
2296 4400 2425 4455 Tim.
2465 4417 2533 4471 v,
2564 4404 2674 4476 14).
2715 4404 2796 4460 Ad
2824 4408 2983 4463 {idem
3019 4419 3196 4466 autem
3225 4414 3485 4469 castitatis

1893 4493 2024 4549 illud
2052 4494 2281 4565 pertinet
2313 4514 2327 4551 :
2363 4495 2506 4552 Uxor
2524 4513 2626 4552 non
2645 4497 2790 4553 habet
2818 4510 3110 4570 potestatem
3130 4508 3358 4577 corporis
3379 4525 3480 4576 sui,

1892 4586 1982 4641 sed
2001 4587 2075 4641 vir
2109 4602 2129 4641 .'
2156 4588 2388 4643 similiter
2425 4599 2471 4644 et
2503 4589 2580 4644 uir
2616 4607 2717 4646 non
2753 4591 2900 4648 habet
2940 4605 3232 4665 potestatem
3256 4605 3483 4670 corporis

1892 4679 2014 4746 sui,
2061 4679 2150 4733 sed
2193 4681 2392 4734 mulier.
2438 4681 2520 4736 Ad
2550 4680 2879 4739 Sacramenti
2927 4688 3260 4747 sanctitatem
3289 4692 3417 4748 illud
3464 4713 3478 4747 :

1898 4773 2121 4830 Uxorem
2158 4793 2191 4830 a
2219 4776 2324 4831 viro
2354 4793 2455 4831 non
2481 4778 2776 4846 discedere;
2801 4782 2936 4853 quod
2958 4783 3001 4838 si
3036 4783 3347 4854 discesserit,
3373 4804 3482 4841 ma-

1893 4883 2011 4920 nere
2034 4868 2299 4938 innuptam
2315 4908 2335 4935 ,
2364 4878 2454 4922 aut
2474 4871 2579 4925 viro
2600 4887 2691 4924 suo
2715 4873 3031 4928 reconciliari
3055 4890 3074 4929 :
3097 4885 3144 4929 et
3172 4878 3246 4930 vir
3273 4894 3482 4932 uxorem

1894 4976 1995 5013 non
2016 4960 2251 5014 dimittat.
2282 4962 2407 5016 Haec
2433 4962 2609 5017 omnia
2630 4961 2769 5018 bona
2798 4974 2921 5019 sunt
2939 5005 2954 5031 ,
2985 4975 3203 5037 prepter
3234 4984 3352 5038 quze
3382 4987 3485 5025 nu

1894 5054 2017 5124 ptio:
2039 5054 2191 5108 bona:
2216 5064 2341 5109 sunt
2368 5054 2423 5120 ';
2450 5054 2662 5124 proles,
2709 5054 2875 5122 fides,
2916 5046 3340 5114 Sacramentmn.
3372 5060 3483 5119 Nec

1894 5147 2099 5217 prolem
2130 5156 2305 5202 autem
2332 5148 2599 5202 carnalem
2628 5148 2735 5219 jam
2782 5148 2882 5204 hoc
2928 5157 3164 5220 tempore
3202 5169 3444 5223 quzerere
3466 5199 3480 5221 ,

1893 5256 1955 5294 ac
1977 5256 2070 5309 per
2091 5240 2190 5295 hoc
2208 5241 2275 5294 ab
2304 5241 2449 5293 omni
2480 5242 2569 5295 tali
2599 5256 2760 5310 opere
2785 5242 3169 5301 immunitatem
3196 5250 3481 5319 quamdam

1897 5342 2204 5401 perpetuam
2232 5333 2464 5387 retinere
2485 5374 2498 5395 ,
2529 5344 2686 5403 atque
2714 5335 2801 5388 uni
2831 5335 2944 5390 viro
2964 5335 3175 5394 Christo
3197 5342 3485 5411 spirituali-

1896 5435 1977 5480 ter
2001 5425 2186 5491 subdi,
2220 5424 2410 5479 melius
2439 5434 2521 5479 est
2548 5426 2732 5496 utique
2758 5436 2812 5483 et
2836 5430 3070 5485 sanctius
3100 5449 3114 5484 :
3147 5433 3191 5487 si
3220 5444 3396 5491 tamen
3420 5455 3482 5493 ea

1895 5522 2170 5578 vacatione
2217 5523 2294 5576 sic
2348 5531 2562 5577 utantur
2593 5522 2872 5588 homines,
2913 5526 3181 5595 quomodo
3223 5530 3480 5600 scriptum

1895 5623 2004 5680 est,
2036 5623 2095 5668 ut
2126 5613 2358 5683 cogitent
2382 5628 2499 5684 quas
2525 5624 2649 5669 sunt
2673 5615 2915 5683 Domini,
2943 5618 3210 5687 quomodo
3237 5604 3480 5691 placeant

2005 5750 2127 5809 Vid,
2148 5762 2240 5800 non
2261 5747 2539 5814 nuptialiter
2564 5750 2639 5803 usi
2660 5759 2767 5802 siml
2789 5751 3173 5804 :reluctantibus
3206 5754 3350 5807 editis
3372 5755 3481 5806 aliis

1898 5822 1948 5864 et
1964 5822 2069 5862 Mss.

2071 5882 2196 5935 1185.,
2224 5874 2392 5924 bonum
2410 5882 2533 5926 sunt.

2804 5957 3125 6036 (Treize./

3402 442 3503 500 E94
