3986 6504
635 489 738 544 395

629 607 739 660 Deo
764 601 807 673 (1
832 598 948 657 Cor.
972 614 1063 663 vn,
1093 599 1146 664 4,
1174 597 1258 659 l0,
1289 598 1374 661 ll,
1408 596 1519 666 5'2);
1553 593 1601 647 id
1629 602 1727 654 cst,
1755 599 1810 643 ut
1835 594 2087 658 perpetuo
2111 597 2203 637 co-

624 697 753 767 gitet
790 692 1113 749 continentia
1133 732 1147 757 ,
1188 706 1254 744 ne
1284 688 1408 760 quid
1438 688 1611 741 minus
1640 685 1831 739 habeat
1860 678 2157 735 obedientia
2186 694 2198 728 :

626 802 779 857 quam
810 784 1058 839 virtutem
1088 792 1337 853 tanquam
1371 779 1650 834 radicalem
1673 818 1687 843 ,
1715 784 1872 843 atque
1896 780 1954 826 ut
1990 769 2094 825 dici
2116 782 2202 822 so-

622 879 713 941 let,
742 878 1036 940 matricem,
1065 881 1124 930 et
1151 873 1307 944 plane
1331 870 1658 942 generalem,
1689 864 1854 920 sancti
1882 860 2081 932 antiqui
2107 873 2200 928 pa-

622 981 728 1025 tres
762 970 814 1024 in
853 982 1019 1038 opere
1054 971 1445 1025 exercuerunt;
1486 961 1626 1015 illam
1656 972 1786 1011 vero
1821 950 2198 1010 continentiam

620 1076 671 1115 in
696 1059 858 1115 animi
888 1058 1064 1113 habitu
1106 1063 1408 1111 tenuerunt.
1439 1052 1538 1119 Qui
1565 1047 1803 1119 profecto
1828 1061 1924 1116 per
1948 1042 2201 1098 obedien-

620 1152 743 1204 tiam
772 1165 873 1220 qua
895 1149 1019 1219 justi
1051 1156 1105 1202 ct
1140 1146 1306 1201 sancti
1337 1151 1490 1199 erant
1511 1184 1527 1208 ,
1567 1149 1622 1196 et
1647 1138 1714 1193 ad
1758 1152 1916 1192 omne
1940 1148 2073 1205 opus
2104 1133 2199 1187 bo-

618 1257 745 1296 num
766 1254 978 1311 semper
1001 1239 1198 1309 parati,
1229 1236 1434 1293 etiamsi
1465 1234 1531 1288 ab
1554 1232 1695 1288 omni
1724 1229 2000 1285 concubitu
2028 1227 2196 1281 absti-

617 1347 747 1387 nere
771 1332 1103 1401 juberentur,
1128 1330 1417 1383 efficerent.
1446 1327 1654 1392 Quanto
1678 1323 1818 1378 enim
1842 1320 2046 1374 facilius
2078 1332 2197 1387 pos-

613 1432 734 1480 sent
760 1423 840 1478 vel
862 1422 1136 1493 jussione,
1167 1421 1249 1475 vel
1288 1418 1658 1474 exhortatione
1687 1414 1779 1469 Dei
1809 1429 1914 1469 non
1944 1425 2196 1468 concum-

613 1513 774 1579 bere,
814 1515 902 1584 qui
934 1513 1136 1583 prolem
1176 1512 1258 1566 cui
1288 1511 1377 1565 uni
1410 1506 1761 1580 propagandze
1790 1503 2195 1561 coneumbendo

609 1604 944 1665 serviebant,
971 1601 1269 1658 obrdiendo
1295 1607 1541 1670 poterant
1578 1597 1876 1652 immolare.

679 1693 904 1750 CAPUT
941 1692 1107 1749 XXV.
1150 1721 1224 1733 —
1270 1692 1359 1746 35.
1402 1688 1800 1744 Manicha’orum
1847 1686 1909 1740 de
1953 1682 2193 1738 Patribus

616 1784 808 1840 Veteris
850 1785 1152 1839 Testamenti
1191 1783 1458 1838 calumnia:
1491 1783 1741 1853 refutatis.
1786 1778 1915 1847 Qua:
1956 1793 2075 1833 cum
2121 1777 2191 1832 ita

606 1877 747 1941 sint,
781 1876 1046 1931 lncreticis
1075 1875 1287 1945 quidem
1314 1877 1425 1928 sive
1446 1870 1777 1938 Manichmis,
1807 1870 1919 1925 sive
1946 1869 2189 1939 quicum-

609 1983 715 2037 que
749 1967 837 2021 alii
865 1967 1101 2037 patribus
1124 1965 1333 2021 Veteris
1358 1963 1682 2018 Testamenti
1723 1961 1789 2017 de
1830 1960 2066 2031 pluribus
2103 1973 2189 2012 ca-

606 2058 935 2113 lumniantur
963 2057 1213 2112 uxoribus
1234 2096 1249 2122 ,
1281 2055 1383 2110 hoc
1402 2069 1519 2109 csse
1540 2061 1907 2124 argumentum
1929 2050 2186 2120 deputan-

605 2157 689 2204 tes
706 2188 723 2217 ,
747 2163 852 2218 quo
875 2162 1060 2204 eorum
1088 2147 1405 2201 convincant
1444 2144 1878 2200 incontinentiam
1904 2185 1919 2211 ,
1949 2143 2078 2197 satis
2099 2156 2188 2195 su-

603 2254 808 2311 perque
849 2252 1164 2309 responsum
1206 2246 1328 2293 est:
1361 2237 1405 2292 si
1455 2244 1629 2291 tamen
1675 2236 1889 2303 capiunt
1934 2248 2037 2287 non
2069 2246 2186 2287 esse

603 2336 911 2400 peccatum,
940 2328 1080 2399 quod
1110 2343 1282 2398 neque
1320 2335 1505 2382 contra
1532 2335 1775 2381 naturam
1804 2323 2147 2378 committitur
2166 2362 2181 2388 ,

600 2419 722 2489 quia
754 2435 858 2474 non
880 2419 1182 2475 lasciviendi
1209 2461 1223 2484 ,
1248 2419 1341 2475 sed
1371 2418 1619 2489 gignendi
1653 2431 1809 2472 causa
1840 2416 1946 2471 illis
1978 2415 2184 2470 feminis

599 2511 925 2576 utebantur;
958 2526 1129 2581 neque
1158 2520 1342 2565 contra
1379 2525 1581 2565 morem
1602 2551 1617 2577 ,
1652 2509 1771 2579 quia
1799 2508 1904 2563 illis
1935 2504 2184 2575 tempori-

599 2602 697 2657 bus
732 2617 794 2658 ea
819 2601 1227 2667 factitabantur;
1256 2617 1429 2672 neque
1457 2608 1641 2656 contra
1671 2607 1994 2669 praeceptum
2015 2639 2028 2663 ,
2061 2596 2182 2665 quia

599 2694 739 2748 nulla
769 2694 884 2763 lege
913 2693 1348 2763 prohibebantur.
1382 2693 1504 2747 lllos
1534 2707 1662 2748 vero
1686 2692 1774 2762 qui
1802 2690 1983 2746 illicite
2028 2688 2181 2745 femi-

600 2783 683 2837 nis
709 2783 789 2837 usi
814 2792 971 2849 sunt,
1003 2784 1088 2839 vel
1113 2785 1285 2854 arguit
1321 2784 1372 2837 in
1399 2782 1689 2852 Scripturis
1716 2782 1819 2836 illis
1845 2780 2024 2835 divina
2054 2794 2181 2835 sen-

601 2874 761 2930 tentia
788 2913 803 2939 ,
834 2873 918 2928 vel
965 2874 1117 2928 nobis
1162 2873 1317 2929 lectio
1341 2873 1655 2943 judicandos
1694 2881 1852 2941 atque
1898 2869 2139 2925 vitandos
2162 2909 2177 2935 ,

599 2979 704 3020 non
730 2965 1104 3034 approbandos
1125 2966 1480 3019 imitandosve
1502 2964 1772 3034 proponit.

667 3054 893 3113 CAPUT
930 3056 1121 3111 XXVI.
1158 3086 1233 3097 —
1275 3056 1364 3112 54.
1392 3055 1711 3113 Continentes
1748 3056 1899 3126 hujus
1944 3056 2181 3126 temporis

599 3161 700 3199 non
746 3146 937 3214 abjecte
978 3146 1197 3200 sentiant
1244 3146 1307 3200 de
1348 3147 1535 3202 sanctis
1574 3144 1815 3200 Patribus
1876 3146 2177 3218 conjugatis.

610 3236 882 3308 Virginitas
905 3239 1184 3293 humilitate
1202 3238 1408 3293 tuenda.
1440 3239 1658 3295 Nostros
1680 3247 1858 3294 autem
1885 3240 1973 3311 qui
1997 3240 2180 3310 conju-

600 3343 693 3399 ges
732 3327 963 3394 habent,
1008 3337 1264 3401 quantum
1304 3345 1623 3400 possumus,
1672 3332 2060 3401 admonemus,
2111 3349 2180 3391 ne

600 3419 894 3474 secundum
918 3436 1069 3476 suam
1096 3421 1459 3477 infirmitatem
1481 3423 1547 3478 de
1571 3424 1679 3480 illis
1718 3426 1916 3480 sanctis
1941 3424 2180 3495 patribus

599 3508 829 3564 audeant
853 3510 1125 3581 judicare;
1152 3523 1541 3582 comparantes,
1574 3522 1632 3569 ιιι
1659 3513 1734 3568 ait
1755 3517 2056 3585 Apostolus,
2088 3532 2179 3572 se-

600 3600 855 3671 metipsos
899 3602 1243 3673 sibimetipsis
1281 3603 1350 3674 (ll
1386 3603 1505 3661 Cor.
1538 3622 1604 3671 x,
1641 3606 1770 3679 12);
1818 3614 1873 3662 et
1910 3607 2028 3663 ideo
2074 3624 2178 3663 non

599 3690 954 3763 intelligentes
998 3705 1224 3766 quantas
1267 3697 1409 3753 vires
1458 3698 1649 3754 habeat
1695 3701 1904 3755 animus
1953 3702 2174 3771 justitia:

598 3793 780 3840 contra
806 3787 1052 3843 libidines
1078 3789 1337 3858 serviens,
1368 3806 1437 3847 ne
1463 3792 1770 3848 carnalibus
1808 3793 2178 3864 hujuscemodi

598 3877 825 3932 motibus
867 3880 1203 3950 acquiescat,
1245 3897 1445 3954 eosque
1471 3884 1524 3938 in
1552 3885 1891 3941 concubitum
1932 3888 2065 3943 ultra
2088 3904 2181 3959 ge-

597 3969 817 4024 nerandi
869 3972 1242 4029 necessitatem
1293 3974 1497 4044 prolabi
1546 3984 1637 4031 aut
1687 3977 1935 4049 progredi
2000 3980 2176 4049 sinat,

595 4072 849 4131 quantum
878 4063 1009 4118 ordo
1032 4074 1256 4131 naturae,
1299 4078 1552 4138 quantum
1584 4084 1793 4125 morum
1824 4071 2175 4139 consuetudo,

595 4166 851 4223 quantum
882 4153 1059 4225 legum
1102 4158 1236 4212 scita
1264 4160 1631 4227 prmscribunt.
1682 4163 1795 4219 Hoc
1829 4165 2023 4235 quippe
2048 4165 2168 4221 ideo

599 4289 2700 4338 ai

2270 4289 2538 4299 _

1593 480 1679 533 DE
1706 475 1968 533 SANCTA
2013 462 2468 534 VlRGiNITATE,
2509 468 2564 525 S.
2596 470 2956 526 AUCUSTINI
3726 482 3803 541 396

2309 582 2377 638 dc
2419 583 2522 637 illis
2553 584 2789 653 patribus
2831 585 3076 641 homines
3102 585 3467 655 suspicantur,
3503 589 3610 657 quia
3636 591 3714 661 ipsi
3737 611 3804 664 per

2308 676 2743 731 incontinentiam
2767 677 2851 733 vel
2876 677 3085 747 nuptias
3112 678 3388 748 elegerunt
3407 720 3421 744 ,
3461 679 3536 734 vel
3558 685 3803 754 conjugibus

2305 766 2725 837 intemperanter
2752 777 2993 824 utuntur.
3041 770 3112 824 At
3137 785 3266 825 vero
3293 770 3606 826 continentes
3630 775 3697 829 vel
3725 793 3805 832 ma-

2304 872 2390 911 res
2415 858 2504 927 qui
2532 857 2794 913 defunctis
2814 859 3067 914 uxoribus
3083 902 3098 925 ,
3131 860 3213 914 vel
3236 859 3445 914 feminae
3471 876 3579 930 qua:
3603 862 3805 923 defunctis

2302 948 2462 1013 viris,
2493 949 2576 1003 vel
2600 950 2808 1020 utrique
2829 951 2915 1019 qui
2942 950 3057 1021 pari
3077 964 3343 1005 consensu
3368 952 3709 1007 continentiam
3728 956 3808 1011 Deo

2300 1050 2593 1104 voverunt,
2641 1040 2813 1095 sciant
2853 1041 2954 1095 sibi
3000 1040 3213 1112 quidem
3243 1040 3502 1096 mercedis
3528 1044 3722 1112 amplius
3739 1046 3806 1100 de-

2298 1130 2435 1200 beri,
2471 1147 2626 1202 quam
2651 1133 2945 1204 conjugalis
2972 1135 3190 1190 castitas
3220 1135 3389 1204 poscit
3416 1151 3429 1187 :
3455 1134 3542 1189 sed
3564 1148 3810 1193 sanctorum

2298 1235 2507 1297 patrum
2545 1228 2754 1296 nuptias
2776 1267 2790 1292 ,
2833 1229 2921 1297 qui
2950 1226 3260 1297 prophetice
3285 1227 3720 1299 conjungebantnr,
3743 1233 3807 1300 qui

2298 1336 2467 1390 neque
2495 1321 2545 1374 in
2572 1320 2855 1375 concubitu
2882 1320 2981 1374 nisi
3007 1319 3211 1390 prolem
3238 1361 3253 1386 ,
3281 1334 3455 1389 neque
3493 1320 3541 1374 in
3568 1320 3665 1389 ipsa
3695 1323 3810 1390 prole

2297 1412 2396 1466 nisi
2424 1411 2565 1481 quod
2608 1412 2659 1465 in
2700 1426 2861 1466 carne
2898 1421 3124 1465 venturo
3148 1410 3360 1465 Christo
3385 1411 3648 1481 proliceret
3672 1414 3810 1480 requi-

2295 1506 2523 1569 rebant,
2576 1520 2681 1559 non
2720 1504 2890 1559 solum
2936 1519 3046 1573 prae
3087 1517 3187 1559 suo
3227 1503 3498 1573 proposito
3539 1518 3634 1558 non
3671 1513 3811 1557 conte-

2294 1604 2477 1649 mnant
2500 1636 2514 1659 ,
2559 1610 2742 1649 verum
2772 1593 2933 1649 etiam
2962 1608 3062 1649 suo
3093 1594 3365 1665 proposito
3406 1593 3518 1648 sine
3541 1592 3813 1649 dubitatione

2294 1694 2625 1757 prchonant.

2362 1780 2450 1835 55.
2484 1779 2683 1834 Pueros
2708 1792 2921 1849 quoque
2950 1791 3014 1833 ac
3056 1777 3289 1849 virgines
3318 1776 3656 1847 integritatem
3685 1777 3813 1847 ipsam

2293 1871 2403 1925 Deo
2430 1869 2669 1925 dicantes
2693 1910 2707 1934 ,
2751 1870 2917 1923 multo
2945 1868 3175 1923 maxime
3214 1882 3610 1923 commonemus
3632 1875 3681 1921 ut
3704 1876 3812 1920 tanta

2290 1961 2469 2016 norint
2496 1960 2790 2015 humilitate
2818 1957 3070 2015 tuendum
3098 1973 3218 2014 esse
3243 1958 3385 2028 quod
3412 1958 3466 2012 in
3496 1967 3627 2012 terra
3650 1957 3815 2010 interim

2288 2052 2494 2119 vivunt,
2524 2060 2721 2121 quanto
2749 2051 2917 2119 magis
2942 2050 3065 2105 caeli
3093 2059 3175 2104 est
3200 2048 3340 2119 quod
3365 2060 3635 2103 voverunt.
3660 2047 3815 2117 Nempe

2288 2144 2542 2212 scriptum
2573 2151 2654 2196 est
2685 2159 2698 2196 :
2729 2142 2930 2208 Quanto
2969 2157 3182 2211 magnus
3203 2156 3288 2207 es,
3333 2149 3475 2193 tanto
3509 2138 3703 2192 humilia
3724 2138 3817 2191 tein

2286 2232 2515 2288 omnibus
2541 2232 2724 2303 (Eccti.
2756 2248 2813 2286 ιιι
2837 2274 2852 2299 ,
2880 2231 2996 2298 20).
3027 2230 3276 2286 Nostrum
3303 2246 3435 2301 ergo
3462 2238 3543 2284 est
3563 2228 3625 2284 de
3652 2230 3814 2298 magni-

2290 2327 2473 2382 tudine
2501 2340 2684 2380 eorum
2714 2323 2913 2395 aliquid
2938 2324 3116 2379 dicere
3139 2364 3156 2391 ,
3203 2324 3416 2378 illorum
3448 2324 3517 2378 de
3546 2338 3717 2392 magna
3742 2323 3819 2375 hu-

2286 2419 2508 2474 militate
2528 2418 2782 2488 cogitare.
2812 2415 3061 2488 Exceptis
3086 2417 3244 2487 igitur
3268 2414 3584 2486 quibusdam
3607 2414 3697 2467 illis
3720 2428 3819 2466 con-

2279 2509 2477 2580 jngatis
2505 2509 2742 2579 patribus
2769 2515 2824 2563 et
2850 2508 3107 2563 matribus
3137 2507 3333 2561 sanctis
3351 2548 3368 2573 ,
3413 2506 3603 2576 quibus
3627 2504 3731 2559 ideo
3754 2502 3821 2556 isti

2283 2600 2533 2655 meliores
2565 2615 2674 2655 non
2702 2609 2858 2668 sunt,
2890 2601 3134 2669 quamvis
3157 2598 3425 2670 conjugati
3451 2613 3557 2653 non
3586 2598 3699 2662 sint,
3725 2593 3818 2665 quia

2284 2692 2329 2747 si
2351 2691 2616 2762 conjugati
2634 2699 2834 2758 essent,
2860 2706 3014 2760 pares
3033 2706 3139 2745 non
3155 2699 3335 2745 essent
3358 2706 3373 2754 ;
3406 2697 3627 2745 carteros
3648 2687 3823 2742 omnino

2284 2782 2441 2853 hujus
2489 2784 2743 2853 temporis
2786 2781 3131 2854 conjugatos,
3171 2782 3255 2836 vel
3283 2790 3406 2851 post
3429 2788 3695 2851 expertum
3718 2792 3821 2831 cou-

2282 2876 2519 2931 cubitutn
2545 2875 2902 2939 continentes,
2928 2889 2958 2928 a
2976 2888 3034 2928 se
3054 2872 3294 2943 superari
3319 2888 3431 2928 non
3448 2872 3681 2927 dubitent
3705 2885 3720 2923 :
3744 2884 3823 2922 non

2282 2976 2537 3039 quantum
2564 2967 2631 3021 ab
2661 2968 2810 3021 Anna
2834 3007 2850 3034 ,
2890 2964 3167 3031 Susanna;
3212 2963 3312 3020 sed
3340 2971 3600 3034 quantum
3639 2958 3783 3014 amba:
3802 2972 3825 3009 a

2282 3059 2443 3113 Maria
2480 3067 2818 3129 superantur.
2872 3055 3027 3124 Quod
3056 3055 3123 3112 ad
3160 3056 3329 3133 ipsam
3364 3058 3601 3126 pertinet
3628 3060 3829 3105 sanctam

2281 3153 2457 3209 carnis
2482 3152 2858 3223 integritatem,
2883 3151 3073 3220 loquor
3106 3167 3119 3204 :
3150 3165 3271 3203 nam
3297 3164 3420 3219 qua":
3438 3148 3543 3202 alia
3564 3147 3665 3201 sint
3687 3140 3830 3197 Maris

2282 3244 2470 3299 merita
2494 3284 2508 3307 ,
2554 3243 2671 3313 quis
2720 3240 2967 3313 ignorat?
3006 3241 3180 3296 Mores
3217 3240 3399 3310 itaque
3440 3249 3697 3307 congruos
3734 3232 3831 3286 huic

2283 3342 2433 3388 tanto
2461 3332 2732 3404 proposito
2757 3331 3078 3402 adjungant,
3110 3338 3168 3384 ut
3194 3328 3262 3384 de
3286 3328 3628 3399 praepollenti
3652 3320 3834 3394 pnemio

2281 3434 2480 3482 certam
2506 3425 2847 3480 securitatem
2873 3432 3061 3493 gerant
3091 3439 3106 3475 :
3138 3421 3371 3477 scientes
3412 3434 3548 3475 sane
3576 3416 3673 3473 sibi
3697 3424 3827 3483 atque

2281 3518 2528 3575 omnibus
2569 3516 2815 3571 fidelibus
2850 3515 3058 3571 dilectis
3086 3523 3141 3569 et
3167 3513 3351 3569 electis
3380 3511 3583 3568 Christi
3614 3504 3833 3564 membris

2283 3610 2459 3666 multis
2483 3609 2550 3663 ab
2576 3609 2781 3663 oriente
2807 3617 2859 3662 et
2885 3605 3161 3661 occidente
3187 3604 3564 3663 venientibus.
3595 3598 3690 3654 etsi
3725 3596 3837 3650 inter

2282 3717 2341 3757 se
2368 3701 2599 3756 distante
2638 3715 2735 3770 pro
2764 3700 2967 3754 meritis
3007 3698 3190 3769 gloriae
3228 3697 3347 3753 luce
3381 3694 3733 3766 fulgentibus,
3759 3687 3841 3741 hoc

2283 3802 2459 3849 tamen
2489 3808 2738 3862 magnum
2768 3791 2821 3845 in
2848 3805 3133 3846 commune
3163 3788 3433 3859 praestari,
3468 3795 3530 3841 ut
3553 3799 3670 3841 cum
3698 3778 3841 3835 Abra-

2283 3885 2407 3940 ham
2428 3892 2483 3941 et
2507 3884 2653 3939 Isaac
2672 3891 2726 3938 et
2747 3882 2912 3938 Jacoh
2940 3880 3249 3937 recumbant
3266 3880 3317 3934 in
3346 3894 3522 3950 regno
3547 3876 3637 3931 Dei
3662 3867 3843 3935 (Matth.

2282 3994 2406 4043 Vlll,
2439 3976 2563 4045 ll),
2619 3976 2707 4046 qui
2747 3990 2852 4030 non
2889 3982 3113 4046 propter
3142 3973 3246 4028 hoc
3280 3971 3542 4026 saeculum
3564 4009 3582 4035 ,
3631 3963 3718 4021 sed
3743 3974 3844 4031 pro-

2286 4078 2403 4139 pter
2441 4065 2710 4123 Christum
2759 4065 3051 4137 conjuges,
3102 4073 3318 4135 propter
3364 4062 3653 4119 Christum
3701 4063 3849 4128 patres

2285 4163 2517 4219 fuerunt.

3434 4303 3829 4324 ﬁ

673 4373 755 4434 In
778 4371 1233 4464 supsequentern
1258 4376 1493 4464 tibrum
1521 4380 1598 4442 de
1632 4381 1863 4445 Sancta
1894 4383 2300 4464 Virginitate,
2353 4383 2492 4447 vide
2520 4382 2631 4464 lib.
2668 4382 2710 4443 2
2730 4427 2746 4457 ,
2781 4400 2915 4464 cap.
2946 4380 3066 4464 23,
3097 4380 3690 4464 Retractationum,
3731 4378 3854 4432 tom.

601 4452 658 4525 1,
693 4452 813 4513 col.
841 4451 982 4522 διιοζ
1033 4474 1071 4515 a
1098 4454 1322 4526 verbis,
1354 4459 1781 4538 Posteaquam
1809 4451 2061 4541 scripsi,
2088 4451 2385 4545 usquead
2411 4463 2617 4538 verba,
2646 4451 2867 4541 Nuper
2894 4451 3228 4523 edidimus.
3312 4459 3402 4520 Μ.

668 4552 983 4643 Liujnslihri
1011 4556 1251 4643 meminit
1278 4568 1535 4643 prapterea
1581 4564 2159 4643 sanctus__Augustinu_§
2203 4566 2266 4643 in_
2287 4565 2529 4643 proxime
2569 4571 2821 4643 secuturo
2846 4563 2981 4618 libro
3005 4562 3074 4618 de
3098 4562 3245 4617 Bono
3275 4560 3603 4626 Viduitatis,
3631 4569 3776 4627 capp-
3806 4547 3858 4603 l5

594 4633 649 4680 et
672 4623 775 4691 25;
804 4641 1009 4680 necnon
1037 4625 1090 4681 in
1122 4626 1256 4682 libro
1279 4623 1311 4683 ἱ
1345 4627 1411 4683 de
1441 4639 1777 4700 peccatorum
1808 4623 2008 4688 Meritis
2035 4644 2090 4689 et
2116 4623 2468 4699 Remissione,
2488 4650 2607 4706 cap.
2632 4632 2725 4688 29.

814 4736 3856 4766 —_.—_._____.______—_____________—————-—-W
3573 4764 3622 4766 ᾉ
3676 4750 3856 4766 ___..

603 4747 3858 4807 Emme

1211 4888 1355 5002 Β.
1440 4891 2201 5006 AURELII
2256 4890 3259 5006 AUGUSTINI

1784 5060 2300 5125 HIPPONENSIS
2331 5060 2675 5124 EPISCOPI

1137 5285 1917 5437 SANCTA
2008 5179 3339 5437 ViitGINlTATE

1682 5489 2157 5597 LIBER
2247 5486 2492 5596 ΠΝ
2504 5488 2674 5596 US
2702 5487 2814 5597 (α).

2022 5658 2444 5713 summa

661 5726 780 5802 φρει
803 5723 1004 5802 ρζίφιωι
1023 5726 1086 5802 de
1110 5733 1383 5802 praestantia
1404 5742 1551 5802 sacrae
1568 5743 1622 5781 ac
1639 5737 1739 5802 Deo
1762 5730 1937 5802 dicatae
1954 5734 2256 5802 virginitatis,
2279 5734 2357 5802 cui
2385 5730 2729 5802 fecunditatem
2752 5732 3058 5802 coniugalem
3079 5733 3171 5802 iam
3194 5743 3288 5780 non
3314 5741 3477 5802 posse
3511 5728 3674 5802 ullam
3709 5736 3884 5802 compar

600 5789 694 5862 rari
718 5788 1029 5862 demonstrat.
1055 5788 1246 5862 Duobus
1268 5791 1472 5862 subinde
1494 5795 1701 5862 occurrit
1719 5788 2265 5862 contrariiser'roribus';
2291 5793 2432 5862 alteri
2452 5794 2746 5862 culpantium
2766 5788 2973 5862 nuptias,
2994 5788 3235 5862 alterieas
3249 5788 3574 5862 aquantium
3601 5792 3853 5854 virginitati
3873 5800 3884 5862 τ

600 5848 791 5901 illorum
813 5849 995 5945 scilicet
1016 5852 1286 5916 putantium
1307 5856 1497 5915 nuptias
1516 5868 1581 5904 ex
1603 5853 1803 5916 obliquo
1825 5862 1875 5905 et
1897 5856 2039 5908 tacite
2061 5848 2307 5908 damnatas
2338 5858 2399 5907 ab
2423 5848 2643 5945 Arestolp
2665 5848 2861 5909 dicente
2884 5858 2942 5907 ad
2960 5848 3236 5907 '(zorinthios
3254 5889 3269 5917 ,
3310 5848 3723 5905 tribulationem
3745 5856 3885 5901 tatile

662 5936 735 5996 (α)
759 5934 965 5996 Scriptus
983 5936 1174 5987 circiter
1190 5945 1369 5985 annum
1388 5935 1496 5985 401.
