  <div class='ocr_page' id='page_1' title='image "/cluster/home/n/w/nwhite01/storage/ocr_20150623/40-41/uc1.31175026811482/206.png"; bbox 0 0 3986 6528; ppageno 0'>
   <div class='ocr_carea' id='block_1_1' title="bbox 240 484 2034 575">
    <p class='ocr_par' dir='ltr' id='par_1_1' title="bbox 240 484 2034 575">
     <span class='ocr_line' id='line_1_1' title="bbox 240 484 2034 575; baseline 0.009 -20"><span class='ocrx_word' id='word_1_1' title='bbox 240 518 329 575; x_wconf 65' lang='grc' dir='ltr'><strong>ω’]</strong></span> <span class='ocrx_word' id='word_1_2' title='bbox 909 533 913 538; x_wconf 83' lang='lat'><strong>~</strong></span> <span class='ocrx_word' id='word_1_3' title='bbox 1597 515 1799 573; x_wconf 69' lang='grc' dir='ltr'><strong>ωηιξη</strong></span> <span class='ocrx_word' id='word_1_4' title='bbox 1840 516 2034 575; x_wconf 73' lang='lat' dir='ltr'><strong>unus.</strong></span> 
     </span>
    </p>
   </div>
   <div class='ocr_carea' id='block_1_2' title="bbox 3345 541 3450 600">
    <p class='ocr_par' dir='ltr' id='par_1_2' title="bbox 3345 541 3450 600">
     <span class='ocr_line' id='line_1_2' title="bbox 3345 541 3450 600; baseline 0.038 -4"><span class='ocrx_word' id='word_1_5' title='bbox 3345 541 3450 600; x_wconf 74' lang='lat'><strong>598</strong></span> 
     </span>
    </p>
   </div>
   <div class='ocr_carea' id='block_1_3' title="bbox 192 616 3444 718">
    <p class='ocr_par' dir='ltr' id='par_1_3' title="bbox 192 616 3444 718">
     <span class='ocr_line' id='line_1_3' title="bbox 192 616 3444 718; baseline 0.003 -2"><span class='ocrx_word' id='word_1_6' title='bbox 192 616 195 623; x_wconf 77' lang='grc'><strong><em>“</em></strong></span> <span class='ocrx_word' id='word_1_7' title='bbox 236 632 375 684; x_wconf 48' lang='lat' dir='ltr'><strong>«res</strong></span> <span class='ocrx_word' id='word_1_8' title='bbox 390 620 2450 718; x_wconf 47' lang='lat' dir='ltr'><strong>refrigerare;igerztcmtemsﬁerr.rei;sesesese.</strong></span> <span class='ocrx_word' id='word_1_9' title='bbox 2464 639 2942 718; x_wconf 45' lang='lat' dir='ltr'><strong>ssi-iuuenem</strong></span> <span class='ocrx_word' id='word_1_10' title='bbox 2961 646 3124 718; x_wconf 65' lang='lat' dir='ltr'><strong>nam</strong></span> <span class='ocrx_word' id='word_1_11' title='bbox 3160 649 3250 703; x_wconf 75' lang='grc' dir='ltr'><strong><em>ιιοο</em></strong></span> 
     </span>
    </p>
   </div>
   <div class='ocr_carea' id='block_1_4' title="bbox 231 692 3450 787">
    <p class='ocr_par' dir='ltr' id='par_1_4' title="bbox 231 692 3450 787">
     <span class='ocr_line' id='line_1_4' title="bbox 231 692 3450 778; baseline 0.007 -39"><span class='ocrx_word' id='word_1_12' title='bbox 231 705 320 743; x_wconf 76' lang='lat' dir='ltr'><strong>esse</strong></span> <span class='ocrx_word' id='word_1_13' title='bbox 347 696 523 755; x_wconf 87' lang='lat' dir='ltr'><strong>propter</strong></span> <span class='ocrx_word' id='word_1_14' title='bbox 541 694 820 751; x_wconf 70' lang='lat' dir='ltr'><strong>praesentem</strong></span> <span class='ocrx_word' id='word_1_15' title='bbox 839 692 1193 750; x_wconf 72' lang='lat' dir='ltr'><strong>necessitatem;</strong></span> <span class='ocrx_word' id='word_1_16' title='bbox 1216 692 1609 763; x_wconf 80' lang='lat' dir='ltr'><strong>contendentium</strong></span> <span class='ocrx_word' id='word_1_17' title='bbox 1631 698 1917 754; x_wconf 87' lang='lat' dir='ltr'><strong>perpetuam</strong></span> <span class='ocrx_word' id='word_1_18' title='bbox 1937 692 2282 743; x_wconf 81' lang='lat' dir='ltr'><strong>continentiam</strong></span> <span class='ocrx_word' id='word_1_19' title='bbox 2318 705 2514 760; x_wconf 77' lang='lat' dir='ltr'><strong>propter</strong></span> <span class='ocrx_word' id='word_1_20' title='bbox 2544 692 2709 752; x_wconf 72' lang='lat' dir='ltr'><strong>sreeuli</strong></span> <span class='ocrx_word' id='word_1_21' title='bbox 2746 692 3450 778; x_wconf 54' lang='lat' dir='ltr'><strong>nujié&#39;naiﬁfnbi&#39;</strong></span> 
     </span>
     <span class='ocr_line' id='line_1_5' title="bbox 231 750 3344 787; baseline 0 0"><span class='ocrx_word' id='word_1_22' title='bbox 231 752 408 787; x_wconf 67' lang='lat' dir='ltr'><strong>funt-Imm</strong></span> <span class='ocrx_word' id='word_1_23' title='bbox 429 750 741 787; x_wconf 56' lang='grc' dir='ltr'><strong>«πωπω-κίεινί</strong></span> <span class='ocrx_word' id='word_1_24' title='bbox 787 756 947 787; x_wconf 62' lang='grc' dir='ltr'><strong>Ρικΐρπ</strong></span> <span class='ocrx_word' id='word_1_25' title='bbox 967 751 1134 787; x_wconf 61' lang='grc' dir='ltr'><strong>ιῖὴιιίκίί</strong></span> <span class='ocrx_word' id='word_1_26' title='bbox 1162 753 1380 787; x_wconf 65' lang='lat' dir='ltr'><strong>vir-trinae</strong></span> <span class='ocrx_word' id='word_1_27' title='bbox 1396 752 1714 787; x_wconf 69' lang='lat' dir='ltr'><strong>hnmvhtntnm</strong></span> <span class='ocrx_word' id='word_1_28' title='bbox 1738 786 1741 787; x_wconf 66' lang='lat'><strong>,</strong></span> <span class='ocrx_word' id='word_1_29' title='bbox 1780 763 1874 787; x_wconf 77' lang='lat' dir='ltr'><strong>mm</strong></span> <span class='ocrx_word' id='word_1_30' title='bbox 1899 759 1994 787; x_wconf 67' lang='lat' dir='ltr'><strong>tam</strong></span> <span class='ocrx_word' id='word_1_31' title='bbox 2034 752 2286 787; x_wconf 67' lang='lat' dir='ltr'><strong>ornnllnnc</strong></span> <span class='ocrx_word' id='word_1_32' title='bbox 2315 768 2627 787; x_wconf 65' lang='lat' dir='ltr'><strong>mnunna-nIn-</strong></span> <span class='ocrx_word' id='word_1_33' title='bbox 2649 777 2810 787; x_wconf 47' lang='lat' dir='ltr'><strong>mm...“</strong></span> <span class='ocrx_word' id='word_1_34' title='bbox 2854 781 2996 787; x_wconf 54' lang='grc' dir='ltr'><strong>μη---</strong></span> <span class='ocrx_word' id='word_1_35' title='bbox 3013 785 3023 787; x_wconf 85' lang='grc'><strong>-</strong></span> <span class='ocrx_word' id='word_1_36' title='bbox 3076 773 3089 787; x_wconf 90' lang='grc' dir='ltr'>ι</span> <span class='ocrx_word' id='word_1_37' title='bbox 3114 775 3148 787; x_wconf 74' lang='grc'><strong>,.</strong></span> <span class='ocrx_word' id='word_1_38' title='bbox 3285 778 3293 787; x_wconf 94' lang='grc'><strong>.</strong></span> <span class='ocrx_word' id='word_1_39' title='bbox 3335 779 3344 787; x_wconf 94' lang='grc'>.</span> 
     </span>
    </p>
   </div>
   <div class='ocr_carea' id='block_1_5' title="bbox 230 750 1745 878">
    <p class='ocr_par' dir='ltr' id='par_1_5' title="bbox 230 750 1745 878">
     <span class='ocr_line' id='line_1_6' title="bbox 230 750 1745 814; baseline -0.001 -11"><span class='ocrx_word' id='word_1_40' title='bbox 230 750 409 803; x_wconf 73' lang='lat' dir='ltr'><strong>futuram</strong></span> <span class='ocrx_word' id='word_1_41' title='bbox 426 750 760 800; x_wconf 78' lang='lat' dir='ltr'><strong>commendari.</strong></span> <span class='ocrx_word' id='word_1_42' title='bbox 787 756 949 799; x_wconf 80' lang='lat' dir='ltr'><strong>Postea</strong></span> <span class='ocrx_word' id='word_1_43' title='bbox 967 751 1136 801; x_wconf 85' lang='lat' dir='ltr'><strong>Christi</strong></span> <span class='ocrx_word' id='word_1_44' title='bbox 1162 753 1380 814; x_wconf 81' lang='lat' dir='ltr'><strong>virgines</strong></span> <span class='ocrx_word' id='word_1_45' title='bbox 1396 750 1745 810; x_wconf 63' lang='lat' dir='ltr'><strong>humilitatem}</strong></span> 
     </span>
     <span class='ocr_line' id='line_1_7' title="bbox 231 812 1745 878; baseline -0.004 -14"><span class='ocrx_word' id='word_1_46' title='bbox 231 823 356 877; x_wconf 82' lang='lat' dir='ltr'><strong>atque</strong></span> <span class='ocrx_word' id='word_1_47' title='bbox 376 813 428 861; x_wconf 87' lang='lat' dir='ltr'><strong>ad</strong></span> <span class='ocrx_word' id='word_1_48' title='bbox 449 825 552 862; x_wconf 89' lang='lat' dir='ltr'><strong>eam</strong></span> <span class='ocrx_word' id='word_1_49' title='bbox 571 824 712 874; x_wconf 88' lang='lat' dir='ltr'><strong>quam</strong></span> <span class='ocrx_word' id='word_1_50' title='bbox 734 812 943 860; x_wconf 78' lang='lat' dir='ltr'><strong>maxime</strong></span> <span class='ocrx_word' id='word_1_51' title='bbox 963 812 1240 862; x_wconf 72' lang='lat' dir='ltr'><strong>sectandam</strong></span> <span class='ocrx_word' id='word_1_52' title='bbox 1259 812 1407 863; x_wconf 90' lang='lat' dir='ltr'><strong>multa</strong></span> <span class='ocrx_word' id='word_1_53' title='bbox 1429 822 1480 864; x_wconf 91' lang='lat' dir='ltr'><strong>et</strong></span> <span class='ocrx_word' id='word_1_54' title='bbox 1498 815 1634 878; x_wconf 85' lang='lat' dir='ltr'><strong>gravi</strong></span> <span class='ocrx_word' id='word_1_55' title='bbox 1656 822 1745 863; x_wconf 69' lang='lat' dir='ltr'><strong>orat</strong></span> 
     </span>
    </p>
   </div>
   <div class='ocr_carea' id='block_1_6' title="bbox 1852 750 3449 878">
    <p class='ocr_par' dir='ltr' id='par_1_6' title="bbox 1852 750 3449 868">
     <span class='ocr_line' id='line_1_8' title="bbox 1852 750 3449 867; baseline 0.019 -68"><span class='ocrx_word' id='word_1_56' title='bbox 1852 759 1996 864; x_wconf 46' lang='lat' dir='ltr'><strong>ggadhm</strong></span> <span class='ocrx_word' id='word_1_57' title='bbox 2033 752 2290 867; x_wconf 42' lang='lat' dir='ltr'><strong>assiliens</strong></span> <span class='ocrx_word' id='word_1_58' title='bbox 2315 750 2631 811; x_wconf 61' lang='lat' dir='ltr'><strong>conservatur</strong></span> <span class='ocrx_word' id='word_1_59' title='bbox 2647 750 3054 833; x_wconf 56' lang='lat' dir='ltr'><strong>eaJxB‘TndHJé&quot;,</strong></span> <span class='ocrx_word' id='word_1_60' title='bbox 3066 750 3449 840; x_wconf 50' lang='lat' dir='ltr'><strong>W533?)</strong></span> 
     </span>
     <span class='ocr_line' id='line_1_9' title="bbox 1992 827 2198 868; baseline 0.024 -5"><span class='ocrx_word' id='word_1_61' title='bbox 1992 827 2048 864; x_wconf 82' lang='lat' dir='ltr'><strong>or</strong></span> <span class='ocrx_word' id='word_1_62' title='bbox 2183 855 2198 868; x_wconf 99' lang='lat'><strong>.</strong></span> 
     </span>
    </p>
   </div>
   <div class='ocr_carea' id='block_1_7' title="bbox 231 773 3218 877">
    <p class='ocr_par' dir='ltr' id='par_1_7' title="bbox 231 773 3218 877">
     <span class='ocr_line' id='line_1_10' title="bbox 232 773 3218 833; baseline 0.006 -30"><span class='ocrx_word' id='word_1_63' title='bbox 232 773 409 803; x_wconf 76' lang='lat' dir='ltr'><strong>Intumui</strong></span> <span class='ocrx_word' id='word_1_64' title='bbox 429 773 760 800; x_wconf 75' lang='lat' dir='ltr'><strong>wumieuuau.</strong></span> <span class='ocrx_word' id='word_1_65' title='bbox 787 773 949 799; x_wconf 65' lang='lat' dir='ltr'><strong>musa</strong></span> <span class='ocrx_word' id='word_1_66' title='bbox 967 773 1136 801; x_wconf 68' lang='lat' dir='ltr'><strong>uiuat:</strong></span> <span class='ocrx_word' id='word_1_67' title='bbox 1164 773 1380 814; x_wconf 71' lang='lat' dir='ltr'><strong>virgines</strong></span> <span class='ocrx_word' id='word_1_68' title='bbox 1397 773 1717 803; x_wconf 74' lang='lat' dir='ltr'><strong>uummtatem</strong></span> <span class='ocrx_word' id='word_1_69' title='bbox 1731 786 1747 810; x_wconf 66' lang='grc' dir='ltr'><strong>ν</strong></span> <span class='ocrx_word' id='word_1_70' title='bbox 1780 773 1878 813; x_wconf 75' lang='lat' dir='ltr'><strong>quis</strong></span> <span class='ocrx_word' id='word_1_71' title='bbox 1900 773 1996 802; x_wconf 76' lang='lat' dir='ltr'><strong>tam</strong></span> <span class='ocrx_word' id='word_1_72' title='bbox 2033 773 2290 805; x_wconf 72' lang='lat' dir='ltr'><strong>exacuens</strong></span> <span class='ocrx_word' id='word_1_73' title='bbox 2315 773 2627 811; x_wconf 85' lang='lat' dir='ltr'><strong>conservatur</strong></span> <span class='ocrx_word' id='word_1_74' title='bbox 2647 777 2813 816; x_wconf 85' lang='lat' dir='ltr'><strong>earum</strong></span> <span class='ocrx_word' id='word_1_75' title='bbox 2853 781 3054 833; x_wconf 87' lang='lat' dir='ltr'><strong>munus,</strong></span> <span class='ocrx_word' id='word_1_76' title='bbox 3074 773 3218 825; x_wconf 79' lang='lat' dir='ltr'><strong>habet</strong></span> 
     </span>
     <span class='ocr_line' id='line_1_11' title="bbox 231 812 2198 877; baseline 0.002 -13"><span class='ocrx_word' id='word_1_77' title='bbox 231 823 356 877; x_wconf 82' lang='lat' dir='ltr'><strong>atque</strong></span> <span class='ocrx_word' id='word_1_78' title='bbox 376 813 428 861; x_wconf 87' lang='lat' dir='ltr'><strong>ad</strong></span> <span class='ocrx_word' id='word_1_79' title='bbox 449 825 552 862; x_wconf 89' lang='lat' dir='ltr'><strong>eam</strong></span> <span class='ocrx_word' id='word_1_80' title='bbox 571 824 712 874; x_wconf 87' lang='lat' dir='ltr'><strong>quam</strong></span> <span class='ocrx_word' id='word_1_81' title='bbox 734 812 943 860; x_wconf 80' lang='lat' dir='ltr'><strong>maxime</strong></span> <span class='ocrx_word' id='word_1_82' title='bbox 963 812 1240 862; x_wconf 90' lang='lat' dir='ltr'><strong>sectandam</strong></span> <span class='ocrx_word' id='word_1_83' title='bbox 1259 812 1407 863; x_wconf 90' lang='lat' dir='ltr'><strong>multa</strong></span> <span class='ocrx_word' id='word_1_84' title='bbox 1429 822 1480 864; x_wconf 90' lang='lat' dir='ltr'><strong>et</strong></span> <span class='ocrx_word' id='word_1_85' title='bbox 1498 815 1634 877; x_wconf 85' lang='lat' dir='ltr'><strong>gravi</strong></span> <span class='ocrx_word' id='word_1_86' title='bbox 1656 814 1877 863; x_wconf 86' lang='lat' dir='ltr'><strong>oratione</strong></span> <span class='ocrx_word' id='word_1_87' title='bbox 1896 814 2198 868; x_wconf 84' lang='lat' dir='ltr'><strong>adhortatur.</strong></span> 
     </span>
    </p>
   </div>
   <div class='ocr_carea' id='block_1_8' title="bbox 286 937 1759 1012">
    <p class='ocr_par' dir='ltr' id='par_1_8' title="bbox 286 937 1759 1012">
     <span class='ocr_line' id='line_1_12' title="bbox 286 937 1759 1012; baseline 0.001 -18"><span class='ocrx_word' id='word_1_88' title='bbox 286 938 491 995; x_wconf 81' lang='lat' dir='ltr'><strong>CAPUT</strong></span> <span class='ocrx_word' id='word_1_89' title='bbox 525 937 806 994; x_wconf 77' lang='lat' dir='ltr'><strong>PRIMUM.</strong></span> <span class='ocrx_word' id='word_1_90' title='bbox 836 967 909 979; x_wconf 93' lang='lat'><strong><em>—</em></strong></span> <span class='ocrx_word' id='word_1_91' title='bbox 934 939 983 992; x_wconf 87' lang='lat' dir='ltr'><strong>l.</strong></span> <span class='ocrx_word' id='word_1_92' title='bbox 1021 938 1253 1010; x_wconf 83' lang='lat' dir='ltr'><strong>Virgines</strong></span> <span class='ocrx_word' id='word_1_93' title='bbox 1295 942 1590 1012; x_wconf 87' lang='lat' dir='ltr'><strong>conjugatos</strong></span> <span class='ocrx_word' id='word_1_94' title='bbox 1636 958 1759 996; x_wconf 84' lang='lat' dir='ltr'><strong>san—</strong></span> 
     </span>
    </p>
   </div>
   <div class='ocr_carea' id='block_1_9' title="bbox 229 1033 1761 1106">
    <p class='ocr_par' dir='ltr' id='par_1_9' title="bbox 229 1033 1761 1106">
     <span class='ocr_line' id='line_1_13' title="bbox 229 1033 1761 1106; baseline 0.003 -21"><span class='ocrx_word' id='word_1_95' title='bbox 229 1043 317 1085; x_wconf 88' lang='lat' dir='ltr'><strong>ctos</strong></span> <span class='ocrx_word' id='word_1_96' title='bbox 342 1040 494 1100; x_wconf 88' lang='lat' dir='ltr'><strong>patres</strong></span> <span class='ocrx_word' id='word_1_97' title='bbox 518 1047 614 1084; x_wconf 88' lang='lat' dir='ltr'><strong>non</strong></span> <span class='ocrx_word' id='word_1_98' title='bbox 635 1041 969 1085; x_wconf 82' lang='lat' dir='ltr'><strong>contemnant.</strong></span> <span class='ocrx_word' id='word_1_99' title='bbox 998 1033 1214 1087; x_wconf 85' lang='lat' dir='ltr'><strong>Librum</strong></span> <span class='ocrx_word' id='word_1_100' title='bbox 1236 1034 1302 1090; x_wconf 91' lang='lat' dir='ltr'><strong>de</strong></span> <span class='ocrx_word' id='word_1_101' title='bbox 1318 1034 1467 1089; x_wconf 88' lang='lat' dir='ltr'><strong>Bono</strong></span> <span class='ocrx_word' id='word_1_102' title='bbox 1487 1034 1761 1106; x_wconf 85' lang='lat' dir='ltr'><strong>Conjugali</strong></span> 
     </span>
    </p>
   </div>
   <div class='ocr_carea' id='block_1_10' title="bbox 227 1121 1762 1198">
    <p class='ocr_par' dir='ltr' id='par_1_10' title="bbox 227 1121 1762 1198">
     <span class='ocr_line' id='line_1_14' title="bbox 227 1121 1762 1198; baseline 0.005 -22"><span class='ocrx_word' id='word_1_103' title='bbox 227 1137 372 1191; x_wconf 85' lang='lat' dir='ltr'><strong>nuper</strong></span> <span class='ocrx_word' id='word_1_104' title='bbox 393 1121 665 1189; x_wconf 91' lang='lat' dir='ltr'><strong>edidimus,</strong></span> <span class='ocrx_word' id='word_1_105' title='bbox 695 1122 748 1177; x_wconf 92' lang='lat' dir='ltr'><strong>in</strong></span> <span class='ocrx_word' id='word_1_106' title='bbox 778 1138 883 1192; x_wconf 91' lang='lat' dir='ltr'><strong>quo</strong></span> <span class='ocrx_word' id='word_1_107' title='bbox 905 1125 1065 1179; x_wconf 89' lang='lat' dir='ltr'><strong>etiam</strong></span> <span class='ocrx_word' id='word_1_108' title='bbox 1092 1124 1291 1181; x_wconf 85' lang='lat' dir='ltr'><strong>Christi</strong></span> <span class='ocrx_word' id='word_1_109' title='bbox 1315 1127 1546 1198; x_wconf 79' lang='lat' dir='ltr'><strong>virgines</strong></span> <span class='ocrx_word' id='word_1_110' title='bbox 1573 1128 1762 1184; x_wconf 88' lang='lat' dir='ltr'><strong>admo-</strong></span> 
     </span>
    </p>
   </div>
   <div class='ocr_carea' id='block_1_11' title="bbox 228 1212 1757 1288">
    <p class='ocr_par' dir='ltr' id='par_1_11' title="bbox 228 1212 1757 1288">
     <span class='ocr_line' id='line_1_15' title="bbox 228 1212 1757 1288; baseline 0.005 -23"><span class='ocrx_word' id='word_1_111' title='bbox 228 1212 410 1265; x_wconf 87' lang='lat' dir='ltr'><strong>nuimus</strong></span> <span class='ocrx_word' id='word_1_112' title='bbox 442 1219 594 1281; x_wconf 90' lang='lat' dir='ltr'><strong>atque</strong></span> <span class='ocrx_word' id='word_1_113' title='bbox 634 1227 942 1276; x_wconf 90' lang='lat' dir='ltr'><strong>monemus,</strong></span> <span class='ocrx_word' id='word_1_114' title='bbox 999 1231 1066 1269; x_wconf 91' lang='lat' dir='ltr'><strong>ne</strong></span> <span class='ocrx_word' id='word_1_115' title='bbox 1120 1226 1339 1288; x_wconf 86' lang='lat' dir='ltr'><strong>prepter</strong></span> <span class='ocrx_word' id='word_1_116' title='bbox 1389 1218 1757 1273; x_wconf 83' lang='lat' dir='ltr'><strong>excellentiam</strong></span> 
     </span>
    </p>
   </div>
   <div class='ocr_carea' id='block_1_12' title="bbox 226 1302 1765 1377">
    <p class='ocr_par' dir='ltr' id='par_1_12' title="bbox 226 1302 1765 1377">
     <span class='ocr_line' id='line_1_16' title="bbox 226 1302 1765 1377; baseline 0.005 -21"><span class='ocrx_word' id='word_1_117' title='bbox 226 1302 429 1356; x_wconf 88' lang='lat' dir='ltr'><strong>muneris</strong></span> <span class='ocrx_word' id='word_1_118' title='bbox 446 1302 708 1370; x_wconf 87' lang='lat' dir='ltr'><strong>amplioris</strong></span> <span class='ocrx_word' id='word_1_119' title='bbox 725 1303 866 1373; x_wconf 91' lang='lat' dir='ltr'><strong>quod</strong></span> <span class='ocrx_word' id='word_1_120' title='bbox 907 1304 1158 1361; x_wconf 86' lang='lat' dir='ltr'><strong>divinitus</strong></span> <span class='ocrx_word' id='word_1_121' title='bbox 1206 1319 1545 1377; x_wconf 89' lang='lat' dir='ltr'><strong>acceperunt,</strong></span> <span class='ocrx_word' id='word_1_122' title='bbox 1582 1318 1765 1363; x_wconf 83' lang='lat' dir='ltr'><strong>conte-</strong></span> 
     </span>
    </p>
   </div>
   <div class='ocr_carea' id='block_1_13' title="bbox 224 1391 1761 1467">
    <p class='ocr_par' dir='ltr' id='par_1_13' title="bbox 224 1391 1761 1467">
     <span class='ocr_line' id='line_1_17' title="bbox 224 1391 1761 1467; baseline 0.005 -22"><span class='ocrx_word' id='word_1_123' title='bbox 224 1400 382 1445; x_wconf 87' lang='lat' dir='ltr'><strong>mnant</strong></span> <span class='ocrx_word' id='word_1_124' title='bbox 426 1391 475 1445; x_wconf 92' lang='lat' dir='ltr'><strong>in</strong></span> <span class='ocrx_word' id='word_1_125' title='bbox 502 1391 579 1445; x_wconf 92' lang='lat' dir='ltr'><strong>sui</strong></span> <span class='ocrx_word' id='word_1_126' title='bbox 628 1394 1023 1463; x_wconf 73' lang='lat' dir='ltr'><strong>comparatione</strong></span> <span class='ocrx_word' id='word_1_127' title='bbox 1053 1406 1233 1465; x_wconf 85' lang='lat' dir='ltr'><strong>patres</strong></span> <span class='ocrx_word' id='word_1_128' title='bbox 1259 1405 1315 1452; x_wconf 90' lang='lat' dir='ltr'><strong>et</strong></span> <span class='ocrx_word' id='word_1_129' title='bbox 1342 1406 1541 1453; x_wconf 89' lang='lat' dir='ltr'><strong>matres</strong></span> <span class='ocrx_word' id='word_1_130' title='bbox 1580 1397 1761 1467; x_wconf 85' lang='lat' dir='ltr'><strong>populi</strong></span> 
     </span>
    </p>
   </div>
   <div class='ocr_carea' id='block_1_14' title="bbox 222 1480 1762 1557">
    <p class='ocr_par' dir='ltr' id='par_1_14' title="bbox 222 1480 1762 1557">
     <span class='ocr_line' id='line_1_18' title="bbox 222 1480 1762 1557; baseline 0.005 -21"><span class='ocrx_word' id='word_1_131' title='bbox 222 1480 330 1548; x_wconf 87' lang='lat' dir='ltr'><strong>Dei;</strong></span> <span class='ocrx_word' id='word_1_132' title='bbox 354 1480 686 1553; x_wconf 86' lang='lat' dir='ltr'><strong>hominesque</strong></span> <span class='ocrx_word' id='word_1_133' title='bbox 707 1482 828 1538; x_wconf 89' lang='lat' dir='ltr'><strong>illos</strong></span> <span class='ocrx_word' id='word_1_134' title='bbox 847 1499 981 1555; x_wconf 86' lang='lat' dir='ltr'><strong>quos</strong></span> <span class='ocrx_word' id='word_1_135' title='bbox 1003 1493 1251 1557; x_wconf 87' lang='lat' dir='ltr'><strong>tanquam</strong></span> <span class='ocrx_word' id='word_1_136' title='bbox 1271 1486 1464 1542; x_wconf 90' lang='lat' dir='ltr'><strong>olivam</strong></span> <span class='ocrx_word' id='word_1_137' title='bbox 1485 1503 1762 1543; x_wconf 88' lang='lat' dir='ltr'><strong>commen-</strong></span> 
     </span>
    </p>
   </div>
   <div class='ocr_carea' id='block_1_15' title="bbox 219 1574 1753 1654">
    <p class='ocr_par' dir='ltr' id='par_1_15' title="bbox 219 1574 1753 1654">
     <span class='ocr_line' id='line_1_19' title="bbox 219 1574 1753 1654; baseline 0.004 -26"><span class='ocrx_word' id='word_1_138' title='bbox 219 1574 297 1629; x_wconf 86' lang='lat' dir='ltr'><strong>dat</strong></span> <span class='ocrx_word' id='word_1_139' title='bbox 318 1575 602 1644; x_wconf 84' lang='lat' dir='ltr'><strong>Apostolus,</strong></span> <span class='ocrx_word' id='word_1_140' title='bbox 651 1592 719 1631; x_wconf 90' lang='lat' dir='ltr'><strong>ne</strong></span> <span class='ocrx_word' id='word_1_141' title='bbox 745 1579 1018 1647; x_wconf 82' lang='lat' dir='ltr'><strong>superbiat</strong></span> <span class='ocrx_word' id='word_1_142' title='bbox 1058 1580 1290 1637; x_wconf 89' lang='lat' dir='ltr'><strong>insertus</strong></span> <span class='ocrx_word' id='word_1_143' title='bbox 1316 1580 1547 1636; x_wconf 87' lang='lat' dir='ltr'><strong>oleaster</strong></span> <span class='ocrx_word' id='word_1_144' title='bbox 1577 1578 1753 1654; x_wconf 85' lang='lat' dir='ltr'><strong>(Rom.</strong></span> 
     </span>
    </p>
   </div>
   <div class='ocr_carea' id='block_1_16' title="bbox 220 1665 1759 1743">
    <p class='ocr_par' dir='ltr' id='par_1_16' title="bbox 220 1665 1759 1743">
     <span class='ocr_line' id='line_1_20' title="bbox 220 1665 1759 1743; baseline 0.005 -24"><span class='ocrx_word' id='word_1_145' title='bbox 220 1680 281 1730; x_wconf 79' lang='lat' dir='ltr'><strong>xi,</strong></span> <span class='ocrx_word' id='word_1_146' title='bbox 310 1666 385 1732; x_wconf 88' lang='lat' dir='ltr'><strong>l7,</strong></span> <span class='ocrx_word' id='word_1_147' title='bbox 416 1665 523 1737; x_wconf 86' lang='lat' dir='ltr'><strong>l8),</strong></span> <span class='ocrx_word' id='word_1_148' title='bbox 548 1667 638 1736; x_wconf 91' lang='lat' dir='ltr'><strong>qni</strong></span> <span class='ocrx_word' id='word_1_149' title='bbox 666 1675 892 1723; x_wconf 88' lang='lat' dir='ltr'><strong>venturo</strong></span> <span class='ocrx_word' id='word_1_150' title='bbox 917 1669 1131 1725; x_wconf 86' lang='lat' dir='ltr'><strong>Christo</strong></span> <span class='ocrx_word' id='word_1_151' title='bbox 1172 1671 1332 1726; x_wconf 89' lang='lat' dir='ltr'><strong>etiam</strong></span> <span class='ocrx_word' id='word_1_152' title='bbox 1362 1671 1591 1728; x_wconf 91' lang='lat' dir='ltr'><strong>ﬁliorum</strong></span> <span class='ocrx_word' id='word_1_153' title='bbox 1638 1686 1759 1743; x_wconf 83' lang='lat' dir='ltr'><strong>pro-</strong></span> 
     </span>
    </p>
   </div>
   <div class='ocr_carea' id='block_1_17' title="bbox 218 1758 1759 1827">
    <p class='ocr_par' dir='ltr' id='par_1_17' title="bbox 218 1758 1759 1827">
     <span class='ocr_line' id='line_1_21' title="bbox 218 1758 1759 1827; baseline 0.009 -18"><span class='ocrx_word' id='word_1_154' title='bbox 218 1758 461 1827; x_wconf 81' lang='lat' dir='ltr'><strong>pagatione</strong></span> <span class='ocrx_word' id='word_1_155' title='bbox 485 1759 809 1827; x_wconf 85' lang='lat' dir='ltr'><strong>serviebant,</strong></span> <span class='ocrx_word' id='word_1_156' title='bbox 844 1761 962 1816; x_wconf 90' lang='lat' dir='ltr'><strong>ideo</strong></span> <span class='ocrx_word' id='word_1_157' title='bbox 990 1764 1165 1820; x_wconf 89' lang='lat' dir='ltr'><strong>meriti</strong></span> <span class='ocrx_word' id='word_1_158' title='bbox 1193 1762 1460 1821; x_wconf 89' lang='lat' dir='ltr'><strong>inferioris</strong></span> <span class='ocrx_word' id='word_1_159' title='bbox 1479 1781 1597 1822; x_wconf 91' lang='lat' dir='ltr'><strong>esse</strong></span> <span class='ocrx_word' id='word_1_160' title='bbox 1618 1766 1759 1822; x_wconf 90' lang='lat' dir='ltr'><strong>arbi-</strong></span> 
     </span>
    </p>
   </div>
   <div class='ocr_carea' id='block_1_18' title="bbox 217 1850 1758 1925">
    <p class='ocr_par' dir='ltr' id='par_1_18' title="bbox 217 1850 1758 1925">
     <span class='ocr_line' id='line_1_22' title="bbox 217 1850 1758 1925; baseline 0.01 -25"><span class='ocrx_word' id='word_1_161' title='bbox 217 1858 416 1917; x_wconf 87' lang='lat' dir='ltr'><strong>trentur,</strong></span> <span class='ocrx_word' id='word_1_162' title='bbox 444 1851 560 1920; x_wconf 88' lang='lat' dir='ltr'><strong>quia</strong></span> <span class='ocrx_word' id='word_1_163' title='bbox 598 1850 727 1920; x_wconf 91' lang='lat' dir='ltr'><strong>jure</strong></span> <span class='ocrx_word' id='word_1_164' title='bbox 777 1852 957 1908; x_wconf 91' lang='lat' dir='ltr'><strong>divino</strong></span> <span class='ocrx_word' id='word_1_165' title='bbox 997 1856 1321 1911; x_wconf 87' lang='lat' dir='ltr'><strong>continentia</strong></span> <span class='ocrx_word' id='word_1_166' title='bbox 1365 1858 1650 1925; x_wconf 89' lang='lat' dir='ltr'><strong>connubio,</strong></span> <span class='ocrx_word' id='word_1_167' title='bbox 1705 1867 1758 1915; x_wconf 89' lang='lat' dir='ltr'><strong>et</strong></span> 
     </span>
    </p>
   </div>
   <div class='ocr_carea' id='block_1_19' title="bbox 214 1940 1752 2020">
    <p class='ocr_par' dir='ltr' id='par_1_19' title="bbox 214 1940 1752 2020">
     <span class='ocr_line' id='line_1_23' title="bbox 214 1940 1752 2020; baseline 0.008 -28"><span class='ocrx_word' id='word_1_168' title='bbox 214 1940 379 2009; x_wconf 86' lang='lat' dir='ltr'><strong>nuptiis</strong></span> <span class='ocrx_word' id='word_1_169' title='bbox 396 1942 473 2010; x_wconf 87' lang='lat' dir='ltr'><strong>pia</strong></span> <span class='ocrx_word' id='word_1_170' title='bbox 511 1943 786 2013; x_wconf 79' lang='lat' dir='ltr'><strong>virginitas</strong></span> <span class='ocrx_word' id='word_1_171' title='bbox 812 1946 1169 2016; x_wconf 88' lang='lat' dir='ltr'><strong>anteponitur.</strong></span> <span class='ocrx_word' id='word_1_172' title='bbox 1202 1946 1262 2001; x_wconf 89' lang='lat' dir='ltr'><strong>lu</strong></span> <span class='ocrx_word' id='word_1_173' title='bbox 1302 1947 1405 2003; x_wconf 86' lang='lat' dir='ltr'><strong>illis</strong></span> <span class='ocrx_word' id='word_1_174' title='bbox 1429 1949 1625 2020; x_wconf 88' lang='lat' dir='ltr'><strong>quippe</strong></span> <span class='ocrx_word' id='word_1_175' title='bbox 1655 1965 1752 2019; x_wconf 87' lang='lat' dir='ltr'><strong>pa-</strong></span> 
     </span>
    </p>
   </div>
   <div class='ocr_carea' id='block_1_20' title="bbox 212 2030 1756 2110">
    <p class='ocr_par' dir='ltr' id='par_1_20' title="bbox 212 2030 1756 2110">
     <span class='ocr_line' id='line_1_24' title="bbox 212 2030 1756 2110; baseline 0.008 -26"><span class='ocrx_word' id='word_1_176' title='bbox 212 2030 428 2085; x_wconf 83' lang='lat' dir='ltr'><strong>rabantur</strong></span> <span class='ocrx_word' id='word_1_177' title='bbox 450 2041 500 2087; x_wconf 92' lang='lat' dir='ltr'><strong>et</strong></span> <span class='ocrx_word' id='word_1_178' title='bbox 521 2033 953 2103; x_wconf 88' lang='lat' dir='ltr'><strong>parturiebantur</strong></span> <span class='ocrx_word' id='word_1_179' title='bbox 981 2037 1177 2102; x_wconf 82' lang='lat' dir='ltr'><strong>futura,</strong></span> <span class='ocrx_word' id='word_1_180' title='bbox 1222 2053 1341 2108; x_wconf 77' lang='lat' dir='ltr'><strong>quze</strong></span> <span class='ocrx_word' id='word_1_181' title='bbox 1368 2054 1511 2095; x_wconf 89' lang='lat' dir='ltr'><strong>nunc</strong></span> <span class='ocrx_word' id='word_1_182' title='bbox 1548 2040 1756 2110; x_wconf 89' lang='lat' dir='ltr'><strong>impleri</strong></span> 
     </span>
    </p>
   </div>
   <div class='ocr_carea' id='block_1_21' title="bbox 211 2121 1757 2198">
    <p class='ocr_par' dir='ltr' id='par_1_21' title="bbox 211 2121 1757 2198">
     <span class='ocr_line' id='line_1_25' title="bbox 211 2121 1757 2198; baseline 0.008 -24"><span class='ocrx_word' id='word_1_183' title='bbox 211 2121 481 2177; x_wconf 84' lang='lat' dir='ltr'><strong>mirabiliter</strong></span> <span class='ocrx_word' id='word_1_184' title='bbox 498 2133 554 2178; x_wconf 88' lang='lat' dir='ltr'><strong>et</strong></span> <span class='ocrx_word' id='word_1_185' title='bbox 576 2122 872 2181; x_wconf 83' lang='lat' dir='ltr'><strong>efficaciter</strong></span> <span class='ocrx_word' id='word_1_186' title='bbox 898 2127 1188 2194; x_wconf 87' lang='lat' dir='ltr'><strong>cernimus,</strong></span> <span class='ocrx_word' id='word_1_187' title='bbox 1215 2145 1439 2198; x_wconf 90' lang='lat' dir='ltr'><strong>quorum</strong></span> <span class='ocrx_word' id='word_1_188' title='bbox 1460 2131 1619 2185; x_wconf 90' lang='lat' dir='ltr'><strong>etiam</strong></span> <span class='ocrx_word' id='word_1_189' title='bbox 1648 2132 1757 2187; x_wconf 88' lang='lat' dir='ltr'><strong>vita</strong></span> 
     </span>
    </p>
   </div>
   <div class='ocr_carea' id='block_1_22' title="bbox 210 2213 1756 2285">
    <p class='ocr_par' dir='ltr' id='par_1_22' title="bbox 210 2213 1756 2285">
     <span class='ocr_line' id='line_1_26' title="bbox 210 2213 1756 2285; baseline 0.008 -20"><span class='ocrx_word' id='word_1_190' title='bbox 210 2213 460 2282; x_wconf 86' lang='lat' dir='ltr'><strong>conjugalis</strong></span> <span class='ocrx_word' id='word_1_191' title='bbox 496 2215 812 2285; x_wconf 87' lang='lat' dir='ltr'><strong>prophetica</strong></span> <span class='ocrx_word' id='word_1_192' title='bbox 855 2216 1154 2273; x_wconf 83' lang='lat' dir='ltr'><strong>fuit:unde</strong></span> <span class='ocrx_word' id='word_1_193' title='bbox 1216 2235 1320 2274; x_wconf 92' lang='lat' dir='ltr'><strong>non</strong></span> <span class='ocrx_word' id='word_1_194' title='bbox 1375 2221 1756 2278; x_wconf 89' lang='lat' dir='ltr'><strong>consuetudine</strong></span> 
     </span>
    </p>
   </div>
   <div class='ocr_carea' id='block_1_23' title="bbox 211 2303 1754 2379">
    <p class='ocr_par' dir='ltr' id='par_1_23' title="bbox 211 2303 1754 2379">
     <span class='ocr_line' id='line_1_27' title="bbox 211 2303 1754 2379; baseline 0.006 -21"><span class='ocrx_word' id='word_1_195' title='bbox 211 2303 518 2359; x_wconf 84' lang='lat' dir='ltr'><strong>humanorum</strong></span> <span class='ocrx_word' id='word_1_196' title='bbox 567 2316 823 2361; x_wconf 83' lang='lat' dir='ltr'><strong>votorum</strong></span> <span class='ocrx_word' id='word_1_197' title='bbox 866 2317 1025 2379; x_wconf 87' lang='lat' dir='ltr'><strong>atque</strong></span> <span class='ocrx_word' id='word_1_198' title='bbox 1072 2309 1421 2379; x_wconf 79' lang='lat' dir='ltr'><strong>gaudiorum,</strong></span> <span class='ocrx_word' id='word_1_199' title='bbox 1468 2311 1564 2367; x_wconf 90' lang='lat' dir='ltr'><strong>sed</strong></span> <span class='ocrx_word' id='word_1_200' title='bbox 1600 2313 1754 2369; x_wconf 86' lang='lat' dir='ltr'><strong>valde</strong></span> 
     </span>
    </p>
   </div>
   <div class='ocr_carea' id='block_1_24' title="bbox 210 2394 1754 2470">
    <p class='ocr_par' dir='ltr' id='par_1_24' title="bbox 210 2394 1754 2470">
     <span class='ocr_line' id='line_1_28' title="bbox 210 2394 1754 2470; baseline 0.01 -23"><span class='ocrx_word' id='word_1_201' title='bbox 210 2394 432 2463; x_wconf 82' lang='lat' dir='ltr'><strong>profundo</strong></span> <span class='ocrx_word' id='word_1_202' title='bbox 450 2398 681 2453; x_wconf 88' lang='lat' dir='ltr'><strong>consilio</strong></span> <span class='ocrx_word' id='word_1_203' title='bbox 727 2399 844 2464; x_wconf 93' lang='lat' dir='ltr'><strong>Dei,</strong></span> <span class='ocrx_word' id='word_1_204' title='bbox 875 2400 925 2454; x_wconf 91' lang='lat' dir='ltr'><strong>in</strong></span> <span class='ocrx_word' id='word_1_205' title='bbox 958 2402 1274 2470; x_wconf 90' lang='lat' dir='ltr'><strong>quibusdam</strong></span> <span class='ocrx_word' id='word_1_206' title='bbox 1300 2418 1485 2459; x_wconf 87' lang='lat' dir='ltr'><strong>eorum</strong></span> <span class='ocrx_word' id='word_1_207' title='bbox 1515 2404 1754 2470; x_wconf 70' lang='lat' dir='ltr'><strong>fecundi-</strong></span> 
     </span>
    </p>
   </div>
   <div class='ocr_carea' id='block_1_25' title="bbox 206 2484 1751 2560">
    <p class='ocr_par' dir='ltr' id='par_1_25' title="bbox 206 2484 1751 2560">
     <span class='ocr_line' id='line_1_29' title="bbox 206 2484 1751 2560; baseline 0.009 -21"><span class='ocrx_word' id='word_1_208' title='bbox 206 2492 273 2539; x_wconf 77' lang='lat' dir='ltr'><strong>tas</strong></span> <span class='ocrx_word' id='word_1_209' title='bbox 297 2484 543 2557; x_wconf 87' lang='lat' dir='ltr'><strong>honorari,</strong></span> <span class='ocrx_word' id='word_1_210' title='bbox 570 2489 621 2543; x_wconf 91' lang='lat' dir='ltr'><strong>in</strong></span> <span class='ocrx_word' id='word_1_211' title='bbox 656 2489 979 2560; x_wconf 86' lang='lat' dir='ltr'><strong>quibusdam</strong></span> <span class='ocrx_word' id='word_1_212' title='bbox 1010 2492 1171 2546; x_wconf 90' lang='lat' dir='ltr'><strong>etiam</strong></span> <span class='ocrx_word' id='word_1_213' title='bbox 1196 2492 1469 2549; x_wconf 77' lang='lat' dir='ltr'><strong>fecundari</strong></span> <span class='ocrx_word' id='word_1_214' title='bbox 1496 2495 1751 2553; x_wconf 88' lang='lat' dir='ltr'><strong>sterilitas</strong></span> 
     </span>
    </p>
   </div>
   <div class='ocr_carea' id='block_1_26' title="bbox 206 2580 1754 2656">
    <p class='ocr_par' dir='ltr' id='par_1_26' title="bbox 206 2580 1754 2656">
     <span class='ocr_line' id='line_1_30' title="bbox 206 2580 1754 2656; baseline 0.008 -25"><span class='ocrx_word' id='word_1_215' title='bbox 206 2580 385 2633; x_wconf 83' lang='lat' dir='ltr'><strong>meruit.</strong></span> <span class='ocrx_word' id='word_1_216' title='bbox 412 2580 517 2636; x_wconf 88' lang='lat' dir='ltr'><strong>Hoc</strong></span> <span class='ocrx_word' id='word_1_217' title='bbox 543 2596 684 2637; x_wconf 90' lang='lat' dir='ltr'><strong>vero</strong></span> <span class='ocrx_word' id='word_1_218' title='bbox 734 2590 977 2654; x_wconf 87' lang='lat' dir='ltr'><strong>tempore</strong></span> <span class='ocrx_word' id='word_1_219' title='bbox 1030 2583 1221 2655; x_wconf 90' lang='lat' dir='ltr'><strong>quibus</strong></span> <span class='ocrx_word' id='word_1_220' title='bbox 1243 2584 1445 2642; x_wconf 88' lang='lat' dir='ltr'><strong>dictum</strong></span> <span class='ocrx_word' id='word_1_221' title='bbox 1479 2597 1585 2656; x_wconf 91' lang='lat' dir='ltr'><strong>est,</strong></span> <span class='ocrx_word' id='word_1_222' title='bbox 1615 2587 1678 2644; x_wconf 94' lang='lat' dir='ltr'><strong>Si</strong></span> <span class='ocrx_word' id='word_1_223' title='bbox 1700 2606 1754 2644; x_wconf 83' lang='lat' dir='ltr'><strong>se</strong></span> 
     </span>
    </p>
   </div>
   <div class='ocr_carea' id='block_1_27' title="bbox 202 2673 1750 2749">
    <p class='ocr_par' dir='ltr' id='par_1_27' title="bbox 202 2673 1750 2749">
     <span class='ocr_line' id='line_1_31' title="bbox 202 2673 1750 2749; baseline 0.009 -28"><span class='ocrx_word' id='word_1_224' title='bbox 202 2684 286 2723; x_wconf 76' lang='lat' dir='ltr'><strong>non</strong></span> <span class='ocrx_word' id='word_1_225' title='bbox 318 2673 585 2739; x_wconf 87' lang='lat' dir='ltr'><strong>continent,</strong></span> <span class='ocrx_word' id='word_1_226' title='bbox 619 2674 823 2727; x_wconf 87' lang='lat' dir='ltr'><strong>nubant</strong></span> <span class='ocrx_word' id='word_1_227' title='bbox 844 2674 888 2747; x_wconf 89' lang='grc' dir='ltr'><strong>(Ι</strong></span> <span class='ocrx_word' id='word_1_228' title='bbox 914 2674 1031 2730; x_wconf 90' lang='lat' dir='ltr'><strong>Cor.</strong></span> <span class='ocrx_word' id='word_1_229' title='bbox 1060 2692 1155 2741; x_wconf 85' lang='lat' dir='ltr'><strong>vn,</strong></span> <span class='ocrx_word' id='word_1_230' title='bbox 1183 2674 1277 2749; x_wconf 90' lang='lat'><strong>9);</strong></span> <span class='ocrx_word' id='word_1_231' title='bbox 1310 2692 1416 2733; x_wconf 87' lang='lat' dir='ltr'><strong>non</strong></span> <span class='ocrx_word' id='word_1_232' title='bbox 1450 2678 1750 2735; x_wconf 87' lang='lat' dir='ltr'><strong>adhibenda</strong></span> 
     </span>
    </p>
   </div>
   <div class='ocr_carea' id='block_1_28' title="bbox 202 2762 1749 2838">
    <p class='ocr_par' dir='ltr' id='par_1_28' title="bbox 202 2762 1749 2838">
     <span class='ocr_line' id='line_1_32' title="bbox 202 2762 1749 2838; baseline 0.01 -25"><span class='ocrx_word' id='word_1_233' title='bbox 202 2770 273 2814; x_wconf 87' lang='lat' dir='ltr'><strong>est</strong></span> <span class='ocrx_word' id='word_1_234' title='bbox 293 2762 585 2832; x_wconf 79' lang='lat' dir='ltr'><strong>exhortatio,</strong></span> <span class='ocrx_word' id='word_1_235' title='bbox 619 2765 727 2821; x_wconf 90' lang='lat' dir='ltr'><strong>sed</strong></span> <span class='ocrx_word' id='word_1_236' title='bbox 748 2768 1061 2823; x_wconf 89' lang='lat' dir='ltr'><strong>consolatio.</strong></span> <span class='ocrx_word' id='word_1_237' title='bbox 1102 2769 1305 2838; x_wconf 86' lang='lat' dir='ltr'><strong>Quibus</strong></span> <span class='ocrx_word' id='word_1_238' title='bbox 1341 2779 1518 2827; x_wconf 90' lang='lat' dir='ltr'><strong>autem</strong></span> <span class='ocrx_word' id='word_1_239' title='bbox 1549 2772 1749 2828; x_wconf 88' lang='lat' dir='ltr'><strong>dictum</strong></span> 
     </span>
    </p>
   </div>
   <div class='ocr_carea' id='block_1_29' title="bbox 198 2854 1748 2938">
    <p class='ocr_par' dir='ltr' id='par_1_29' title="bbox 198 2854 1748 2938">
     <span class='ocr_line' id='line_1_33' title="bbox 198 2854 1748 2938; baseline 0.01 -32"><span class='ocrx_word' id='word_1_240' title='bbox 198 2861 284 2920; x_wconf 85' lang='lat' dir='ltr'><strong>est,</strong></span> <span class='ocrx_word' id='word_1_241' title='bbox 310 2854 397 2920; x_wconf 75' lang='lat' dir='ltr'><strong>Qui</strong></span> <span class='ocrx_word' id='word_1_242' title='bbox 416 2867 569 2927; x_wconf 90' lang='lat' dir='ltr'><strong>potest</strong></span> <span class='ocrx_word' id='word_1_243' title='bbox 595 2875 791 2929; x_wconf 79' lang='lat' dir='ltr'><strong>capere</strong></span> <span class='ocrx_word' id='word_1_244' title='bbox 814 2862 984 2932; x_wconf 80' lang='lat' dir='ltr'><strong>capiat</strong></span> <span class='ocrx_word' id='word_1_245' title='bbox 1012 2859 1226 2935; x_wconf 81' lang='lat' dir='ltr'><strong>(Matth.</strong></span> <span class='ocrx_word' id='word_1_246' title='bbox 1250 2879 1360 2931; x_wconf 81' lang='lat' dir='ltr'><strong>xix,</strong></span> <span class='ocrx_word' id='word_1_247' title='bbox 1386 2863 1484 2938; x_wconf 76' lang='grc'><strong>12)</strong></span> <span class='ocrx_word' id='word_1_248' title='bbox 1505 2880 1522 2932; x_wconf 87' lang='grc'><strong>;</strong></span> <span class='ocrx_word' id='word_1_249' title='bbox 1551 2865 1748 2920; x_wconf 84' lang='lat' dir='ltr'><strong>exhor-</strong></span> 
     </span>
    </p>
   </div>
   <div class='ocr_carea' id='block_1_30' title="bbox 199 2944 1743 3017">
    <p class='ocr_par' dir='ltr' id='par_1_30' title="bbox 199 2944 1743 3017">
     <span class='ocr_line' id='line_1_34' title="bbox 199 2944 1743 3017; baseline 0.01 -21"><span class='ocrx_word' id='word_1_250' title='bbox 199 2944 316 3000; x_wconf 79' lang='lat' dir='ltr'><strong>laudi</strong></span> <span class='ocrx_word' id='word_1_251' title='bbox 338 2958 450 3003; x_wconf 89' lang='lat' dir='ltr'><strong>sunt</strong></span> <span class='ocrx_word' id='word_1_252' title='bbox 473 2965 540 3006; x_wconf 89' lang='lat' dir='ltr'><strong>ne</strong></span> <span class='ocrx_word' id='word_1_253' title='bbox 566 2958 914 3017; x_wconf 82' lang='lat' dir='ltr'><strong>terreantur,</strong></span> <span class='ocrx_word' id='word_1_254' title='bbox 948 2963 1001 3007; x_wconf 91' lang='lat' dir='ltr'><strong>et</strong></span> <span class='ocrx_word' id='word_1_255' title='bbox 1028 2954 1265 3010; x_wconf 89' lang='lat' dir='ltr'><strong>terrendi</strong></span> <span class='ocrx_word' id='word_1_256' title='bbox 1311 2970 1378 3011; x_wconf 90' lang='lat' dir='ltr'><strong>ne</strong></span> <span class='ocrx_word' id='word_1_257' title='bbox 1404 2957 1743 3013; x_wconf 88' lang='lat' dir='ltr'><strong>extollantur.</strong></span> 
     </span>
    </p>
   </div>
   <div class='ocr_carea' id='block_1_31' title="bbox 193 3032 1743 3119">
    <p class='ocr_par' dir='ltr' id='par_1_31' title="bbox 193 3032 1743 3119">
     <span class='ocr_line' id='line_1_35' title="bbox 193 3032 1743 3119; baseline 0.011 -31"><span class='ocrx_word' id='word_1_258' title='bbox 193 3032 289 3089; x_wconf 87' lang='lat' dir='ltr'><strong>Non</strong></span> <span class='ocrx_word' id='word_1_259' title='bbox 314 3039 469 3094; x_wconf 90' lang='lat' dir='ltr'><strong>solum</strong></span> <span class='ocrx_word' id='word_1_260' title='bbox 489 3057 619 3113; x_wconf 92' lang='lat' dir='ltr'><strong>ergo</strong></span> <span class='ocrx_word' id='word_1_261' title='bbox 648 3043 987 3113; x_wconf 68' lang='lat' dir='ltr'><strong>prmdicanda</strong></span> <span class='ocrx_word' id='word_1_262' title='bbox 1004 3055 1087 3100; x_wconf 89' lang='lat' dir='ltr'><strong>est</strong></span> <span class='ocrx_word' id='word_1_263' title='bbox 1108 3046 1401 3117; x_wconf 80' lang='lat' dir='ltr'><strong>virginitas,</strong></span> <span class='ocrx_word' id='word_1_264' title='bbox 1422 3058 1482 3104; x_wconf 90' lang='lat' dir='ltr'><strong>ut</strong></span> <span class='ocrx_word' id='word_1_265' title='bbox 1505 3058 1743 3119; x_wconf 83' lang='lat' dir='ltr'><strong>ametur;</strong></span> 
     </span>
    </p>
   </div>
   <div class='ocr_carea' id='block_1_32' title="bbox 194 3130 1202 3199">
    <p class='ocr_par' dir='ltr' id='par_1_32' title="bbox 194 3130 1202 3199">
     <span class='ocr_line' id='line_1_36' title="bbox 194 3130 1202 3199; baseline 0.015 -24"><span class='ocrx_word' id='word_1_266' title='bbox 194 3138 346 3179; x_wconf 84' lang='lat' dir='ltr'><strong>verum</strong></span> <span class='ocrx_word' id='word_1_267' title='bbox 366 3130 515 3184; x_wconf 88' lang='lat' dir='ltr'><strong>etiam</strong></span> <span class='ocrx_word' id='word_1_268' title='bbox 545 3133 846 3199; x_wconf 82' lang='lat' dir='ltr'><strong>mouenda,</strong></span> <span class='ocrx_word' id='word_1_269' title='bbox 869 3149 935 3189; x_wconf 91' lang='lat' dir='ltr'><strong>ne</strong></span> <span class='ocrx_word' id='word_1_270' title='bbox 966 3134 1202 3191; x_wconf 85' lang='lat' dir='ltr'><strong>infletur.</strong></span> 
     </span>
    </p>
   </div>
   <div class='ocr_carea' id='block_1_33' title="bbox 248 3214 1746 3303">
    <p class='ocr_par' dir='ltr' id='par_1_33' title="bbox 248 3214 1746 3303">
     <span class='ocr_line' id='line_1_37' title="bbox 248 3214 1746 3303; baseline 0.013 -35"><span class='ocrx_word' id='word_1_271' title='bbox 248 3214 447 3273; x_wconf 75' lang='lat' dir='ltr'><strong>CAPUT</strong></span> <span class='ocrx_word' id='word_1_272' title='bbox 483 3220 543 3274; x_wconf 93' lang='lat' dir='ltr'><strong>ll.</strong></span> <span class='ocrx_word' id='word_1_273' title='bbox 562 3251 642 3262; x_wconf 92' lang='lat'><strong><em>—</em></strong></span> <span class='ocrx_word' id='word_1_274' title='bbox 669 3221 726 3275; x_wconf 76' lang='lat'><strong>2.</strong></span> <span class='ocrx_word' id='word_1_275' title='bbox 763 3221 985 3292; x_wconf 85' lang='lat' dir='ltr'><strong>Virginis</strong></span> <span class='ocrx_word' id='word_1_276' title='bbox 1011 3223 1151 3293; x_wconf 83' lang='lat' dir='ltr'><strong>ﬁlius</strong></span> <span class='ocrx_word' id='word_1_277' title='bbox 1179 3236 1228 3281; x_wconf 88' lang='lat' dir='ltr'><strong>et</strong></span> <span class='ocrx_word' id='word_1_278' title='bbox 1256 3227 1506 3299; x_wconf 78' lang='lat' dir='ltr'><strong>uirginum</strong></span> <span class='ocrx_word' id='word_1_279' title='bbox 1532 3248 1746 3303; x_wconf 73' lang='lat' dir='ltr'><strong>sponsas</strong></span> 
     </span>
    </p>
   </div>
   <div class='ocr_carea' id='block_1_34' title="bbox 185 3301 1742 3395">
    <p class='ocr_par' dir='ltr' id='par_1_34' title="bbox 185 3301 1742 3395">
     <span class='ocr_line' id='line_1_38' title="bbox 185 3301 1742 3395; baseline 0.015 -38"><span class='ocrx_word' id='word_1_280' title='bbox 185 3301 400 3363; x_wconf 81' lang='lat' dir='ltr'><strong>Christus.</strong></span> <span class='ocrx_word' id='word_1_281' title='bbox 456 3309 701 3368; x_wconf 72' lang='lat' dir='ltr'><strong>Ecclesia</strong></span> <span class='ocrx_word' id='word_1_282' title='bbox 734 3314 863 3368; x_wconf 88' lang='lat' dir='ltr'><strong>sicut</strong></span> <span class='ocrx_word' id='word_1_283' title='bbox 890 3313 1081 3384; x_wconf 75' lang='lat' dir='ltr'><strong>Maria,</strong></span> <span class='ocrx_word' id='word_1_284' title='bbox 1126 3327 1175 3373; x_wconf 87' lang='lat' dir='ltr'><strong>et</strong></span> <span class='ocrx_word' id='word_1_285' title='bbox 1221 3332 1383 3375; x_wconf 83' lang='lat' dir='ltr'><strong>mater</strong></span> <span class='ocrx_word' id='word_1_286' title='bbox 1400 3332 1448 3376; x_wconf 86' lang='lat' dir='ltr'><strong>et</strong></span> <span class='ocrx_word' id='word_1_287' title='bbox 1477 3301 1616 3395; x_wconf 80' lang='lat' dir='ltr'><strong>uirgo</strong></span> <span class='ocrx_word' id='word_1_288' title='bbox 1648 3335 1742 3381; x_wconf 86' lang='lat' dir='ltr'><strong>est.</strong></span> 
     </span>
    </p>
   </div>
   <div class='ocr_carea' id='block_1_35' title="bbox 185 3394 1743 3480">
    <p class='ocr_par' dir='ltr' id='par_1_35' title="bbox 185 3394 1743 3480">
     <span class='ocr_line' id='line_1_39' title="bbox 185 3394 1743 3480; baseline 0.013 -29"><span class='ocrx_word' id='word_1_289' title='bbox 185 3394 278 3450; x_wconf 82' lang='lat' dir='ltr'><strong>Hoc</strong></span> <span class='ocrx_word' id='word_1_290' title='bbox 302 3398 397 3455; x_wconf 87' lang='lat' dir='ltr'><strong>isto</strong></span> <span class='ocrx_word' id='word_1_291' title='bbox 422 3414 683 3459; x_wconf 85' lang='lat' dir='ltr'><strong>sermone</strong></span> <span class='ocrx_word' id='word_1_292' title='bbox 706 3406 1041 3476; x_wconf 89' lang='lat' dir='ltr'><strong>suscepimus</strong></span> <span class='ocrx_word' id='word_1_293' title='bbox 1069 3425 1084 3463; x_wconf 87' lang='lat'><strong>:</strong></span> <span class='ocrx_word' id='word_1_294' title='bbox 1115 3408 1327 3480; x_wconf 79' lang='lat' dir='ltr'><strong>adjuvet</strong></span> <span class='ocrx_word' id='word_1_295' title='bbox 1347 3394 1593 3470; x_wconf 84' lang='lat' dir='ltr'><strong>Christus</strong></span> <span class='ocrx_word' id='word_1_296' title='bbox 1623 3415 1743 3471; x_wconf 85' lang='lat' dir='ltr'><strong>Vir-</strong></span> 
     </span>
    </p>
   </div>
   <div class='ocr_carea' id='block_1_36' title="bbox 181 3486 1744 3572">
    <p class='ocr_par' dir='ltr' id='par_1_36' title="bbox 181 3486 1744 3572">
     <span class='ocr_line' id='line_1_40' title="bbox 181 3486 1744 3572; baseline 0.016 -33"><span class='ocrx_word' id='word_1_297' title='bbox 181 3486 294 3554; x_wconf 79' lang='lat' dir='ltr'><strong>ginis</strong></span> <span class='ocrx_word' id='word_1_298' title='bbox 313 3489 463 3558; x_wconf 90' lang='lat' dir='ltr'><strong>ﬁlius,</strong></span> <span class='ocrx_word' id='word_1_299' title='bbox 484 3502 539 3548; x_wconf 92' lang='lat' dir='ltr'><strong>et</strong></span> <span class='ocrx_word' id='word_1_300' title='bbox 568 3494 846 3565; x_wconf 79' lang='lat' dir='ltr'><strong>virginum</strong></span> <span class='ocrx_word' id='word_1_301' title='bbox 870 3510 1123 3566; x_wconf 89' lang='lat' dir='ltr'><strong>sponsus,</strong></span> <span class='ocrx_word' id='word_1_302' title='bbox 1156 3500 1396 3572; x_wconf 79' lang='lat' dir='ltr'><strong>virginali</strong></span> <span class='ocrx_word' id='word_1_303' title='bbox 1433 3513 1585 3560; x_wconf 90' lang='lat' dir='ltr'><strong>utero</strong></span> <span class='ocrx_word' id='word_1_304' title='bbox 1621 3521 1744 3563; x_wconf 89' lang='lat' dir='ltr'><strong>cor-</strong></span> 
     </span>
    </p>
   </div>
   <div class='ocr_carea' id='block_1_37' title="bbox 180 3578 1742 3663">
    <p class='ocr_par' dir='ltr' id='par_1_37' title="bbox 180 3578 1742 3663">
     <span class='ocr_line' id='line_1_41' title="bbox 180 3578 1742 3663; baseline 0.017 -34"><span class='ocrx_word' id='word_1_305' title='bbox 180 3578 399 3644; x_wconf 79' lang='lat' dir='ltr'><strong>poraliter</strong></span> <span class='ocrx_word' id='word_1_306' title='bbox 432 3594 613 3653; x_wconf 90' lang='lat' dir='ltr'><strong>natus,</strong></span> <span class='ocrx_word' id='word_1_307' title='bbox 648 3587 899 3657; x_wconf 82' lang='lat' dir='ltr'><strong>virginali</strong></span> <span class='ocrx_word' id='word_1_308' title='bbox 938 3591 1206 3647; x_wconf 88' lang='lat' dir='ltr'><strong>connubio</strong></span> <span class='ocrx_word' id='word_1_309' title='bbox 1232 3593 1582 3663; x_wconf 88' lang='lat' dir='ltr'><strong>spiritualiter</strong></span> <span class='ocrx_word' id='word_1_310' title='bbox 1608 3615 1742 3655; x_wconf 87' lang='lat' dir='ltr'><strong>con-</strong></span> 
     </span>
    </p>
   </div>
   <div class='ocr_carea' id='block_1_38' title="bbox 175 3668 1742 3759">
    <p class='ocr_par' dir='ltr' id='par_1_38' title="bbox 175 3668 1742 3759">
     <span class='ocr_line' id='line_1_42' title="bbox 175 3668 1742 3759; baseline 0.011 -31"><span class='ocrx_word' id='word_1_311' title='bbox 175 3668 374 3737; x_wconf 62' lang='lat' dir='ltr'><strong>iugatus.</strong></span> <span class='ocrx_word' id='word_1_312' title='bbox 406 3673 539 3729; x_wconf 87' lang='lat' dir='ltr'><strong>Cum</strong></span> <span class='ocrx_word' id='word_1_313' title='bbox 567 3676 877 3747; x_wconf 83' lang='lat' dir='ltr'><strong>ipsaigitur</strong></span> <span class='ocrx_word' id='word_1_314' title='bbox 924 3679 1168 3736; x_wconf 88' lang='lat' dir='ltr'><strong>universa</strong></span> <span class='ocrx_word' id='word_1_315' title='bbox 1196 3683 1435 3740; x_wconf 82' lang='lat' dir='ltr'><strong>Ecclesia</strong></span> <span class='ocrx_word' id='word_1_316' title='bbox 1480 3686 1629 3759; x_wconf 84' lang='lat' dir='ltr'><strong>virgo</strong></span> <span class='ocrx_word' id='word_1_317' title='bbox 1672 3690 1742 3745; x_wconf 90' lang='lat' dir='ltr'><strong>sit</strong></span> 
     </span>
    </p>
   </div>
   <div class='ocr_carea' id='block_1_39' title="bbox 176 3758 1742 3848">
    <p class='ocr_par' dir='ltr' id='par_1_39' title="bbox 176 3758 1742 3848">
     <span class='ocr_line' id='line_1_43' title="bbox 176 3758 1742 3848; baseline 0.014 -35"><span class='ocrx_word' id='word_1_318' title='bbox 176 3758 460 3830; x_wconf 82' lang='lat' dir='ltr'><strong>desponsata</strong></span> <span class='ocrx_word' id='word_1_319' title='bbox 503 3769 598 3823; x_wconf 86' lang='lat' dir='ltr'><strong>uni</strong></span> <span class='ocrx_word' id='word_1_320' title='bbox 664 3768 783 3824; x_wconf 82' lang='lat' dir='ltr'><strong>viro</strong></span> <span class='ocrx_word' id='word_1_321' title='bbox 822 3768 1060 3840; x_wconf 85' lang='lat' dir='ltr'><strong>Christo,</strong></span> <span class='ocrx_word' id='word_1_322' title='bbox 1108 3772 1246 3828; x_wconf 88' lang='lat' dir='ltr'><strong>sicut</strong></span> <span class='ocrx_word' id='word_1_323' title='bbox 1296 3774 1427 3831; x_wconf 89' lang='lat' dir='ltr'><strong>dicit</strong></span> <span class='ocrx_word' id='word_1_324' title='bbox 1457 3758 1742 3848; x_wconf 87' lang='lat' dir='ltr'><strong>Apostolus</strong></span> 
     </span>
    </p>
   </div>
   <div class='ocr_carea' id='block_1_40' title="bbox 174 3850 1740 3934">
    <p class='ocr_par' dir='ltr' id='par_1_40' title="bbox 174 3850 1740 3934">
     <span class='ocr_line' id='line_1_44' title="bbox 174 3850 1740 3934; baseline 0.013 -28"><span class='ocrx_word' id='word_1_325' title='bbox 174 3850 355 3918; x_wconf 87' lang='lat' dir='ltr'><strong>(llCor.</strong></span> <span class='ocrx_word' id='word_1_326' title='bbox 384 3873 458 3926; x_wconf 80' lang='lat' dir='ltr'><strong>xi,</strong></span> <span class='ocrx_word' id='word_1_327' title='bbox 491 3858 590 3931; x_wconf 73' lang='lat'><strong>2);</strong></span> <span class='ocrx_word' id='word_1_328' title='bbox 639 3870 848 3931; x_wconf 87' lang='lat' dir='ltr'><strong>quanto</strong></span> <span class='ocrx_word' id='word_1_329' title='bbox 872 3861 1031 3934; x_wconf 89' lang='lat' dir='ltr'><strong>digna</strong></span> <span class='ocrx_word' id='word_1_330' title='bbox 1070 3876 1198 3920; x_wconf 88' lang='lat' dir='ltr'><strong>sunt</strong></span> <span class='ocrx_word' id='word_1_331' title='bbox 1242 3866 1448 3924; x_wconf 90' lang='lat' dir='ltr'><strong>honore</strong></span> <span class='ocrx_word' id='word_1_332' title='bbox 1499 3872 1740 3927; x_wconf 85' lang='lat' dir='ltr'><strong>membra</strong></span> 
     </span>
    </p>
   </div>
   <div class='ocr_carea' id='block_1_41' title="bbox 172 3942 1735 4034">
    <p class='ocr_par' dir='ltr' id='par_1_41' title="bbox 172 3942 1735 4034">
     <span class='ocr_line' id='line_1_45' title="bbox 172 3942 1735 4034; baseline 0.017 -39"><span class='ocrx_word' id='word_1_333' title='bbox 172 3942 286 4012; x_wconf 84' lang='lat' dir='ltr'><strong>ejus,</strong></span> <span class='ocrx_word' id='word_1_334' title='bbox 311 3963 423 4017; x_wconf 80' lang='lat' dir='ltr'><strong>qua:</strong></span> <span class='ocrx_word' id='word_1_335' title='bbox 470 3950 577 4007; x_wconf 90' lang='lat' dir='ltr'><strong>hoc</strong></span> <span class='ocrx_word' id='word_1_336' title='bbox 606 3952 927 4009; x_wconf 89' lang='lat' dir='ltr'><strong>custodiunt</strong></span> <span class='ocrx_word' id='word_1_337' title='bbox 962 3956 1122 4011; x_wconf 90' lang='lat' dir='ltr'><strong>etiam</strong></span> <span class='ocrx_word' id='word_1_338' title='bbox 1159 3958 1212 4012; x_wconf 90' lang='lat' dir='ltr'><strong>in</strong></span> <span class='ocrx_word' id='word_1_339' title='bbox 1245 3958 1358 4029; x_wconf 87' lang='lat' dir='ltr'><strong>ipsa</strong></span> <span class='ocrx_word' id='word_1_340' title='bbox 1380 3976 1565 4029; x_wconf 87' lang='lat' dir='ltr'><strong>carne,</strong></span> <span class='ocrx_word' id='word_1_341' title='bbox 1593 3966 1735 4034; x_wconf 93' lang='lat' dir='ltr'><strong>quod</strong></span> 
     </span>
    </p>
   </div>
   <div class='ocr_carea' id='block_1_42' title="bbox 168 4042 1741 4117">
    <p class='ocr_par' dir='ltr' id='par_1_42' title="bbox 168 4042 1741 4117">
     <span class='ocr_line' id='line_1_46' title="bbox 168 4042 1741 4117; baseline 0.016 -30"><span class='ocrx_word' id='word_1_342' title='bbox 168 4042 257 4089; x_wconf 89' lang='lat' dir='ltr'><strong>tota</strong></span> <span class='ocrx_word' id='word_1_343' title='bbox 277 4042 501 4097; x_wconf 87' lang='lat' dir='ltr'><strong>custodit</strong></span> <span class='ocrx_word' id='word_1_344' title='bbox 535 4045 591 4099; x_wconf 90' lang='lat' dir='ltr'><strong>in</strong></span> <span class='ocrx_word' id='word_1_345' title='bbox 616 4044 767 4100; x_wconf 86' lang='lat' dir='ltr'><strong>ﬁde?</strong></span> <span class='ocrx_word' id='word_1_346' title='bbox 796 4061 915 4117; x_wconf 64' lang='lat' dir='ltr'><strong>quae</strong></span> <span class='ocrx_word' id='word_1_347' title='bbox 940 4047 1177 4104; x_wconf 88' lang='lat' dir='ltr'><strong>imitatur</strong></span> <span class='ocrx_word' id='word_1_348' title='bbox 1205 4061 1429 4108; x_wconf 89' lang='lat' dir='ltr'><strong>matrem</strong></span> <span class='ocrx_word' id='word_1_349' title='bbox 1459 4053 1555 4109; x_wconf 89' lang='lat' dir='ltr'><strong>viri</strong></span> <span class='ocrx_word' id='word_1_350' title='bbox 1578 4056 1662 4110; x_wconf 90' lang='lat' dir='ltr'><strong>sui</strong></span> <span class='ocrx_word' id='word_1_351' title='bbox 1686 4066 1741 4112; x_wconf 89' lang='lat' dir='ltr'><strong>et</strong></span> 
     </span>
    </p>
   </div>
   <div class='ocr_carea' id='block_1_43' title="bbox 167 4126 1734 4217">
    <p class='ocr_par' dir='ltr' id='par_1_43' title="bbox 167 4126 1734 4217">
     <span class='ocr_line' id='line_1_47' title="bbox 167 4126 1734 4217; baseline 0.013 -34"><span class='ocrx_word' id='word_1_352' title='bbox 167 4126 337 4187; x_wconf 85' lang='lat' dir='ltr'><strong>domini</strong></span> <span class='ocrx_word' id='word_1_353' title='bbox 351 4137 452 4192; x_wconf 88' lang='lat' dir='ltr'><strong>sui.</strong></span> <span class='ocrx_word' id='word_1_354' title='bbox 468 4137 609 4193; x_wconf 87' lang='lat' dir='ltr'><strong>Nam</strong></span> <span class='ocrx_word' id='word_1_355' title='bbox 629 4138 873 4194; x_wconf 88' lang='lat' dir='ltr'><strong>Ecclesia</strong></span> <span class='ocrx_word' id='word_1_356' title='bbox 899 4155 1111 4212; x_wconf 89' lang='lat' dir='ltr'><strong>quoque</strong></span> <span class='ocrx_word' id='word_1_357' title='bbox 1134 4150 1190 4198; x_wconf 92' lang='lat' dir='ltr'><strong>et</strong></span> <span class='ocrx_word' id='word_1_358' title='bbox 1213 4153 1381 4200; x_wconf 90' lang='lat' dir='ltr'><strong>mater</strong></span> <span class='ocrx_word' id='word_1_359' title='bbox 1400 4146 1613 4217; x_wconf 88' lang='lat' dir='ltr'><strong>etvirgo</strong></span> <span class='ocrx_word' id='word_1_360' title='bbox 1632 4158 1734 4216; x_wconf 91' lang='lat' dir='ltr'><strong>est,</strong></span> 
     </span>
    </p>
   </div>
   <div class='ocr_carea' id='block_1_44' title="bbox 163 4220 1739 4307">
    <p class='ocr_par' dir='ltr' id='par_1_44' title="bbox 163 4220 1739 4307">
     <span class='ocr_line' id='line_1_48' title="bbox 163 4220 1739 4307; baseline 0.012 -30"><span class='ocrx_word' id='word_1_361' title='bbox 163 4220 300 4291; x_wconf 86' lang='lat' dir='ltr'><strong>Cujus</strong></span> <span class='ocrx_word' id='word_1_362' title='bbox 315 4228 452 4284; x_wconf 86' lang='lat' dir='ltr'><strong>enim</strong></span> <span class='ocrx_word' id='word_1_363' title='bbox 476 4230 784 4302; x_wconf 84' lang='lat' dir='ltr'><strong>integritati</strong></span> <span class='ocrx_word' id='word_1_364' title='bbox 798 4232 1145 4301; x_wconf 87' lang='lat' dir='ltr'><strong>consulimus,</strong></span> <span class='ocrx_word' id='word_1_365' title='bbox 1167 4234 1212 4289; x_wconf 91' lang='lat' dir='ltr'><strong>si</strong></span> <span class='ocrx_word' id='word_1_366' title='bbox 1232 4236 1379 4307; x_wconf 89' lang='lat' dir='ltr'><strong>virgo</strong></span> <span class='ocrx_word' id='word_1_367' title='bbox 1395 4252 1501 4293; x_wconf 91' lang='lat' dir='ltr'><strong>non</strong></span> <span class='ocrx_word' id='word_1_368' title='bbox 1519 4241 1634 4295; x_wconf 89' lang='lat' dir='ltr'><strong>est?</strong></span> <span class='ocrx_word' id='word_1_369' title='bbox 1649 4250 1739 4295; x_wconf 91' lang='lat' dir='ltr'><strong>aut</strong></span> 
     </span>
    </p>
   </div>
   <div class='ocr_carea' id='block_1_45' title="bbox 162 4312 1736 4393">
    <p class='ocr_par' dir='ltr' id='par_1_45' title="bbox 162 4312 1736 4393">
     <span class='ocr_line' id='line_1_49' title="bbox 162 4312 1736 4393; baseline 0.015 -28"><span class='ocrx_word' id='word_1_370' title='bbox 162 4312 289 4382; x_wconf 74' lang='lat' dir='ltr'><strong>mjus</strong></span> <span class='ocrx_word' id='word_1_371' title='bbox 304 4320 502 4387; x_wconf 87' lang='lat' dir='ltr'><strong>prolem</strong></span> <span class='ocrx_word' id='word_1_372' title='bbox 524 4322 877 4393; x_wconf 89' lang='lat' dir='ltr'><strong>alloquimur,</strong></span> <span class='ocrx_word' id='word_1_373' title='bbox 905 4324 950 4379; x_wconf 88' lang='lat' dir='ltr'><strong>si</strong></span> <span class='ocrx_word' id='word_1_374' title='bbox 976 4333 1147 4381; x_wconf 88' lang='lat' dir='ltr'><strong>mater</strong></span> <span class='ocrx_word' id='word_1_375' title='bbox 1170 4341 1277 4381; x_wconf 91' lang='lat' dir='ltr'><strong>non</strong></span> <span class='ocrx_word' id='word_1_376' title='bbox 1302 4329 1593 4386; x_wconf 79' lang='lat' dir='ltr'><strong>est?Maria</strong></span> <span class='ocrx_word' id='word_1_377' title='bbox 1615 4347 1736 4387; x_wconf 87' lang='lat' dir='ltr'><strong>cor-</strong></span> 
     </span>
    </p>
   </div>
   <div class='ocr_carea' id='block_1_46' title="bbox 160 4411 1737 4495">
    <p class='ocr_par' dir='ltr' id='par_1_46' title="bbox 160 4411 1737 4495">
     <span class='ocr_line' id='line_1_50' title="bbox 160 4411 1737 4495; baseline 0.01 -31"><span class='ocrx_word' id='word_1_378' title='bbox 160 4411 383 4475; x_wconf 84' lang='lat' dir='ltr'><strong>poraliter</strong></span> <span class='ocrx_word' id='word_1_379' title='bbox 401 4424 569 4486; x_wconf 87' lang='lat' dir='ltr'><strong>caput</strong></span> <span class='ocrx_word' id='word_1_380' title='bbox 602 4416 768 4486; x_wconf 86' lang='lat' dir='ltr'><strong>hujus</strong></span> <span class='ocrx_word' id='word_1_381' title='bbox 791 4419 1032 4486; x_wconf 90' lang='lat' dir='ltr'><strong>corporis</strong></span> <span class='ocrx_word' id='word_1_382' title='bbox 1062 4420 1266 4489; x_wconf 89' lang='lat' dir='ltr'><strong>peperit</strong></span> <span class='ocrx_word' id='word_1_383' title='bbox 1286 4438 1298 4474; x_wconf 94' lang='lat'><strong>:</strong></span> <span class='ocrx_word' id='word_1_384' title='bbox 1317 4422 1556 4477; x_wconf 88' lang='lat' dir='ltr'><strong>Ecclesia</strong></span> <span class='ocrx_word' id='word_1_385' title='bbox 1583 4425 1737 4495; x_wconf 89' lang='lat' dir='ltr'><strong>spiri-</strong></span> 
     </span>
    </p>
   </div>
   <div class='ocr_carea' id='block_1_47' title="bbox 162 4502 1736 4586">
    <p class='ocr_par' dir='ltr' id='par_1_47' title="bbox 162 4502 1736 4586">
     <span class='ocr_line' id='line_1_51' title="bbox 162 4502 1736 4586; baseline 0.011 -32"><span class='ocrx_word' id='word_1_386' title='bbox 162 4502 342 4557; x_wconf 83' lang='lat' dir='ltr'><strong>lualiter</strong></span> <span class='ocrx_word' id='word_1_387' title='bbox 352 4507 601 4563; x_wconf 86' lang='lat' dir='ltr'><strong>membra</strong></span> <span class='ocrx_word' id='word_1_388' title='bbox 620 4507 769 4563; x_wconf 89' lang='lat' dir='ltr'><strong>illius</strong></span> <span class='ocrx_word' id='word_1_389' title='bbox 784 4509 972 4579; x_wconf 90' lang='lat' dir='ltr'><strong>capitis</strong></span> <span class='ocrx_word' id='word_1_390' title='bbox 987 4511 1145 4580; x_wconf 87' lang='lat' dir='ltr'><strong>parit.</strong></span> <span class='ocrx_word' id='word_1_391' title='bbox 1161 4510 1217 4566; x_wconf 91' lang='lat' dir='ltr'><strong>ln</strong></span> <span class='ocrx_word' id='word_1_392' title='bbox 1235 4521 1455 4584; x_wconf 90' lang='lat' dir='ltr'><strong>utraque</strong></span> <span class='ocrx_word' id='word_1_393' title='bbox 1467 4515 1736 4586; x_wconf 87' lang='lat' dir='ltr'><strong>virginitas</strong></span> 
     </span>
    </p>
   </div>
   <div class='ocr_carea' id='block_1_48' title="bbox 156 4589 1734 4676">
    <p class='ocr_par' dir='ltr' id='par_1_48' title="bbox 156 4589 1734 4676">
     <span class='ocr_line' id='line_1_52' title="bbox 156 4589 1734 4676; baseline 0.014 -32"><span class='ocrx_word' id='word_1_394' title='bbox 156 4589 508 4655; x_wconf 75' lang='lat' dir='ltr'><strong>fecunditatem</strong></span> <span class='ocrx_word' id='word_1_395' title='bbox 535 4617 650 4656; x_wconf 89' lang='lat' dir='ltr'><strong>non</strong></span> <span class='ocrx_word' id='word_1_396' title='bbox 684 4601 906 4671; x_wconf 89' lang='lat' dir='ltr'><strong>impedit</strong></span> <span class='ocrx_word' id='word_1_397' title='bbox 931 4617 946 4655; x_wconf 88' lang='lat'><strong>:</strong></span> <span class='ocrx_word' id='word_1_398' title='bbox 978 4602 1030 4657; x_wconf 91' lang='lat' dir='ltr'><strong>in</strong></span> <span class='ocrx_word' id='word_1_399' title='bbox 1060 4612 1283 4676; x_wconf 90' lang='lat' dir='ltr'><strong>utraque</strong></span> <span class='ocrx_word' id='word_1_400' title='bbox 1306 4605 1601 4665; x_wconf 80' lang='lat' dir='ltr'><strong>fecunditas</strong></span> <span class='ocrx_word' id='word_1_401' title='bbox 1624 4610 1734 4665; x_wconf 87' lang='lat' dir='ltr'><strong>vir-</strong></span> 
     </span>
    </p>
   </div>
   <div class='ocr_carea' id='block_1_49' title="bbox 155 4684 1734 4755">
    <p class='ocr_par' dir='ltr' id='par_1_49' title="bbox 155 4684 1734 4755">
     <span class='ocr_line' id='line_1_53' title="bbox 155 4684 1734 4755; baseline 0.012 -19"><span class='ocrx_word' id='word_1_402' title='bbox 155 4684 400 4751; x_wconf 76' lang='lat' dir='ltr'><strong>ginitatem</strong></span> <span class='ocrx_word' id='word_1_403' title='bbox 425 4707 538 4746; x_wconf 91' lang='lat' dir='ltr'><strong>non</strong></span> <span class='ocrx_word' id='word_1_404' title='bbox 569 4690 786 4747; x_wconf 86' lang='lat' dir='ltr'><strong>adimit.</strong></span> <span class='ocrx_word' id='word_1_405' title='bbox 816 4691 1046 4749; x_wconf 87' lang='lat' dir='ltr'><strong>Proinde</strong></span> <span class='ocrx_word' id='word_1_406' title='bbox 1071 4708 1192 4750; x_wconf 91' lang='lat' dir='ltr'><strong>cum</strong></span> <span class='ocrx_word' id='word_1_407' title='bbox 1221 4695 1460 4753; x_wconf 85' lang='lat' dir='ltr'><strong>Ecclesia</strong></span> <span class='ocrx_word' id='word_1_408' title='bbox 1491 4699 1734 4755; x_wconf 80' lang='lat' dir='ltr'><strong>universa</strong></span> 
     </span>
    </p>
   </div>
   <div class='ocr_carea' id='block_1_50' title="bbox 151 4775 1737 4853">
    <p class='ocr_par' dir='ltr' id='par_1_50' title="bbox 151 4775 1737 4853">
     <span class='ocr_line' id='line_1_54' title="bbox 151 4775 1737 4853; baseline 0.011 -25"><span class='ocrx_word' id='word_1_409' title='bbox 151 4775 208 4829; x_wconf 85' lang='lat' dir='ltr'><strong>sit</strong></span> <span class='ocrx_word' id='word_1_410' title='bbox 227 4789 399 4836; x_wconf 80' lang='lat' dir='ltr'><strong>sancta</strong></span> <span class='ocrx_word' id='word_1_411' title='bbox 425 4791 483 4837; x_wconf 88' lang='lat' dir='ltr'><strong>et</strong></span> <span class='ocrx_word' id='word_1_412' title='bbox 502 4798 742 4853; x_wconf 87' lang='lat' dir='ltr'><strong>corpore</strong></span> <span class='ocrx_word' id='word_1_413' title='bbox 759 4791 814 4837; x_wconf 89' lang='lat' dir='ltr'><strong>et</strong></span> <span class='ocrx_word' id='word_1_414' title='bbox 837 4783 1048 4853; x_wconf 90' lang='lat' dir='ltr'><strong>spiritu,</strong></span> <span class='ocrx_word' id='word_1_415' title='bbox 1072 4800 1172 4841; x_wconf 92' lang='lat' dir='ltr'><strong>nec</strong></span> <span class='ocrx_word' id='word_1_416' title='bbox 1200 4794 1377 4843; x_wconf 89' lang='lat' dir='ltr'><strong>tamen</strong></span> <span class='ocrx_word' id='word_1_417' title='bbox 1400 4788 1643 4846; x_wconf 84' lang='lat' dir='ltr'><strong>universa</strong></span> <span class='ocrx_word' id='word_1_418' title='bbox 1668 4791 1737 4845; x_wconf 90' lang='lat' dir='ltr'><strong>sit</strong></span> 
     </span>
    </p>
   </div>
   <div class='ocr_carea' id='block_1_51' title="bbox 152 4876 1737 4949">
    <p class='ocr_par' dir='ltr' id='par_1_51' title="bbox 152 4876 1737 4949">
     <span class='ocr_line' id='line_1_55' title="bbox 152 4876 1737 4949; baseline 0.011 -27"><span class='ocrx_word' id='word_1_419' title='bbox 152 4882 352 4941; x_wconf 85' lang='lat' dir='ltr'><strong>corpore</strong></span> <span class='ocrx_word' id='word_1_420' title='bbox 368 4877 550 4946; x_wconf 86' lang='lat' dir='ltr'><strong>virgo,</strong></span> <span class='ocrx_word' id='word_1_421' title='bbox 585 4876 687 4933; x_wconf 87' lang='lat' dir='ltr'><strong>sed</strong></span> <span class='ocrx_word' id='word_1_422' title='bbox 716 4877 941 4946; x_wconf 86' lang='lat' dir='ltr'><strong>spiritu;</strong></span> <span class='ocrx_word' id='word_1_423' title='bbox 972 4888 1172 4949; x_wconf 88' lang='lat' dir='ltr'><strong>quanto</strong></span> <span class='ocrx_word' id='word_1_424' title='bbox 1198 4881 1432 4937; x_wconf 88' lang='lat' dir='ltr'><strong>sanctior</strong></span> <span class='ocrx_word' id='word_1_425' title='bbox 1463 4890 1547 4938; x_wconf 84' lang='lat' dir='ltr'><strong>est</strong></span> <span class='ocrx_word' id='word_1_426' title='bbox 1577 4883 1632 4939; x_wconf 92' lang='lat' dir='ltr'><strong>in</strong></span> <span class='ocrx_word' id='word_1_427' title='bbox 1654 4884 1737 4938; x_wconf 90' lang='lat' dir='ltr'><strong>his</strong></span> 
     </span>
    </p>
   </div>
   <div class='ocr_carea' id='block_1_52' title="bbox 148 4965 1452 5043">
    <p class='ocr_par' dir='ltr' id='par_1_52' title="bbox 148 4965 1452 5043">
     <span class='ocr_line' id='line_1_56' title="bbox 148 4965 1452 5043; baseline 0.007 -25"><span class='ocrx_word' id='word_1_428' title='bbox 148 4965 402 5033; x_wconf 82' lang='lat' dir='ltr'><strong>membris,</strong></span> <span class='ocrx_word' id='word_1_429' title='bbox 428 4968 521 5022; x_wconf 88' lang='lat' dir='ltr'><strong>ubi</strong></span> <span class='ocrx_word' id='word_1_430' title='bbox 542 4969 702 5038; x_wconf 85' lang='lat' dir='ltr'><strong>virgo</strong></span> <span class='ocrx_word' id='word_1_431' title='bbox 724 4978 809 5024; x_wconf 90' lang='lat' dir='ltr'><strong>est</strong></span> <span class='ocrx_word' id='word_1_432' title='bbox 830 4977 886 5024; x_wconf 90' lang='lat' dir='ltr'><strong>et</strong></span> <span class='ocrx_word' id='word_1_433' title='bbox 905 4984 1134 5041; x_wconf 89' lang='lat' dir='ltr'><strong>corpore</strong></span> <span class='ocrx_word' id='word_1_434' title='bbox 1149 4981 1203 5027; x_wconf 90' lang='lat' dir='ltr'><strong>et</strong></span> <span class='ocrx_word' id='word_1_435' title='bbox 1222 4972 1452 5043; x_wconf 88' lang='lat' dir='ltr'><strong>spiritu?</strong></span> 
     </span>
    </p>
   </div>
   <div class='ocr_carea' id='block_1_53' title="bbox 206 5054 1734 5135">
    <p class='ocr_par' dir='ltr' id='par_1_53' title="bbox 206 5054 1734 5135">
     <span class='ocr_line' id='line_1_57' title="bbox 206 5054 1734 5135; baseline 0.009 -25"><span class='ocrx_word' id='word_1_436' title='bbox 206 5054 423 5115; x_wconf 81' lang='lat' dir='ltr'><strong>CAPUT</strong></span> <span class='ocrx_word' id='word_1_437' title='bbox 466 5061 560 5115; x_wconf 90' lang='lat' dir='ltr'><strong>lll.</strong></span> <span class='ocrx_word' id='word_1_438' title='bbox 587 5089 661 5100; x_wconf 95' lang='lat'>—</span> <span class='ocrx_word' id='word_1_439' title='bbox 688 5061 742 5117; x_wconf 81' lang='grc'><strong>5.</strong></span> <span class='ocrx_word' id='word_1_440' title='bbox 788 5058 1032 5132; x_wconf 88' lang='lat' dir='ltr'><strong>Cognatio</strong></span> <span class='ocrx_word' id='word_1_441' title='bbox 1070 5064 1351 5135; x_wconf 85' lang='lat' dir='ltr'><strong>spiritualis</strong></span> <span class='ocrx_word' id='word_1_442' title='bbox 1394 5082 1507 5120; x_wconf 86' lang='lat' dir='ltr'><strong>cum</strong></span> <span class='ocrx_word' id='word_1_443' title='bbox 1534 5066 1734 5123; x_wconf 82' lang='lat' dir='ltr'><strong>Christo</strong></span> 
     </span>
    </p>
   </div>
   <div class='ocr_carea' id='block_1_54' title="bbox 145 5151 1735 5228">
    <p class='ocr_par' dir='ltr' id='par_1_54' title="bbox 145 5151 1735 5228">
     <span class='ocr_line' id='line_1_58' title="bbox 145 5151 1735 5228; baseline 0.009 -26"><span class='ocrx_word' id='word_1_444' title='bbox 145 5151 498 5223; x_wconf 73' lang='lat' dir='ltr'><strong>propinquitati</strong></span> <span class='ocrx_word' id='word_1_445' title='bbox 526 5156 644 5226; x_wconf 84' lang='lat' dir='ltr'><strong>ejus</strong></span> <span class='ocrx_word' id='word_1_446' title='bbox 668 5154 867 5208; x_wconf 85' lang='lat' dir='ltr'><strong>carnali</strong></span> <span class='ocrx_word' id='word_1_447' title='bbox 893 5158 1253 5224; x_wconf 65' lang='lat' dir='ltr'><strong>praeponenda.</strong></span> <span class='ocrx_word' id='word_1_448' title='bbox 1280 5157 1546 5228; x_wconf 86' lang='lat' dir='ltr'><strong>Scriptum</strong></span> <span class='ocrx_word' id='word_1_449' title='bbox 1579 5171 1661 5215; x_wconf 87' lang='lat' dir='ltr'><strong>est</strong></span> <span class='ocrx_word' id='word_1_450' title='bbox 1682 5161 1735 5216; x_wconf 91' lang='lat' dir='ltr'><strong>in</strong></span> 
     </span>
    </p>
   </div>
   <div class='ocr_carea' id='block_1_55' title="bbox 146 5243 1733 5319">
    <p class='ocr_par' dir='ltr' id='par_1_55' title="bbox 146 5243 1733 5319">
     <span class='ocr_line' id='line_1_59' title="bbox 146 5243 1733 5319; baseline 0.01 -25"><span class='ocrx_word' id='word_1_451' title='bbox 146 5243 437 5316; x_wconf 82' lang='lat' dir='ltr'><strong>Evangelio,</strong></span> <span class='ocrx_word' id='word_1_452' title='bbox 468 5247 622 5319; x_wconf 89' lang='lat' dir='ltr'><strong>quod</strong></span> <span class='ocrx_word' id='word_1_453' title='bbox 646 5256 818 5303; x_wconf 87' lang='lat' dir='ltr'><strong>mater</strong></span> <span class='ocrx_word' id='word_1_454' title='bbox 836 5256 891 5303; x_wconf 90' lang='lat' dir='ltr'><strong>et</strong></span> <span class='ocrx_word' id='word_1_455' title='bbox 910 5248 1102 5305; x_wconf 79' lang='lat' dir='ltr'><strong>fratres</strong></span> <span class='ocrx_word' id='word_1_456' title='bbox 1123 5249 1340 5319; x_wconf 89' lang='lat' dir='ltr'><strong>Christi,</strong></span> <span class='ocrx_word' id='word_1_457' title='bbox 1378 5252 1479 5308; x_wconf 91' lang='lat' dir='ltr'><strong>hoc</strong></span> <span class='ocrx_word' id='word_1_458' title='bbox 1500 5262 1583 5308; x_wconf 91' lang='lat' dir='ltr'><strong>est</strong></span> <span class='ocrx_word' id='word_1_459' title='bbox 1600 5269 1733 5309; x_wconf 90' lang='lat' dir='ltr'><strong>con-</strong></span> 
     </span>
    </p>
   </div>
   <div class='ocr_carea' id='block_1_56' title="bbox 142 5339 1731 5413">
    <p class='ocr_par' dir='ltr' id='par_1_56' title="bbox 142 5339 1731 5413">
     <span class='ocr_line' id='line_1_60' title="bbox 142 5339 1731 5413; baseline 0.008 -24"><span class='ocrx_word' id='word_1_460' title='bbox 142 5339 403 5408; x_wconf 79' lang='lat' dir='ltr'><strong>sanguinei</strong></span> <span class='ocrx_word' id='word_1_461' title='bbox 442 5341 634 5397; x_wconf 88' lang='lat' dir='ltr'><strong>carnis</strong></span> <span class='ocrx_word' id='word_1_462' title='bbox 663 5340 819 5410; x_wconf 87' lang='lat' dir='ltr'><strong>ejus,</strong></span> <span class='ocrx_word' id='word_1_463' title='bbox 860 5356 982 5395; x_wconf 91' lang='lat' dir='ltr'><strong>cum</strong></span> <span class='ocrx_word' id='word_1_464' title='bbox 1012 5341 1087 5395; x_wconf 90' lang='lat' dir='ltr'><strong>illi</strong></span> <span class='ocrx_word' id='word_1_465' title='bbox 1121 5343 1345 5398; x_wconf 89' lang='lat' dir='ltr'><strong>nuntiati</strong></span> <span class='ocrx_word' id='word_1_466' title='bbox 1383 5343 1636 5413; x_wconf 90' lang='lat' dir='ltr'><strong>fuissent,</strong></span> <span class='ocrx_word' id='word_1_467' title='bbox 1677 5355 1731 5402; x_wconf 90' lang='lat' dir='ltr'><strong>et</strong></span> 
     </span>
    </p>
   </div>
   <div class='ocr_carea' id='block_1_57' title="bbox 143 5426 1734 5507">
    <p class='ocr_par' dir='ltr' id='par_1_57' title="bbox 143 5426 1734 5507">
     <span class='ocr_line' id='line_1_61' title="bbox 143 5426 1734 5507; baseline 0.008 -27"><span class='ocrx_word' id='word_1_468' title='bbox 143 5426 256 5483; x_wconf 83' lang='lat' dir='ltr'><strong>foris</strong></span> <span class='ocrx_word' id='word_1_469' title='bbox 274 5441 688 5503; x_wconf 72' lang='lat' dir='ltr'><strong>exSpectarent,</strong></span> <span class='ocrx_word' id='word_1_470' title='bbox 730 5432 853 5502; x_wconf 90' lang='lat' dir='ltr'><strong>quia</strong></span> <span class='ocrx_word' id='word_1_471' title='bbox 885 5446 991 5487; x_wconf 91' lang='lat' dir='ltr'><strong>non</strong></span> <span class='ocrx_word' id='word_1_472' title='bbox 1036 5442 1255 5503; x_wconf 87' lang='lat' dir='ltr'><strong>possent</strong></span> <span class='ocrx_word' id='word_1_473' title='bbox 1274 5451 1395 5490; x_wconf 90' lang='lat' dir='ltr'><strong>eum</strong></span> <span class='ocrx_word' id='word_1_474' title='bbox 1432 5436 1582 5492; x_wconf 89' lang='lat' dir='ltr'><strong>adire</strong></span> <span class='ocrx_word' id='word_1_475' title='bbox 1626 5453 1734 5507; x_wconf 78' lang='lat' dir='ltr'><strong>pra:</strong></span> 
     </span>
    </p>
   </div>
   <div class='ocr_carea' id='block_1_58' title="bbox 141 5520 1733 5600">
    <p class='ocr_par' dir='ltr' id='par_1_58' title="bbox 141 5520 1733 5600">
     <span class='ocr_line' id='line_1_62' title="bbox 141 5520 1733 5600; baseline 0.007 -29"><span class='ocrx_word' id='word_1_476' title='bbox 141 5520 292 5587; x_wconf 76' lang='lat' dir='ltr'><strong>turba,</strong></span> <span class='ocrx_word' id='word_1_477' title='bbox 322 5524 418 5578; x_wconf 88' lang='lat' dir='ltr'><strong>ille</strong></span> <span class='ocrx_word' id='word_1_478' title='bbox 441 5522 734 5593; x_wconf 88' lang='lat' dir='ltr'><strong>respondit</strong></span> <span class='ocrx_word' id='word_1_479' title='bbox 759 5540 773 5577; x_wconf 91' lang='lat'>:</span> <span class='ocrx_word' id='word_1_480' title='bbox 806 5522 931 5588; x_wconf 81' lang='lat' dir='ltr'><strong>Qua:</strong></span> <span class='ocrx_word' id='word_1_481' title='bbox 948 5533 1023 5576; x_wconf 88' lang='lat' dir='ltr'><strong>est</strong></span> <span class='ocrx_word' id='word_1_482' title='bbox 1052 5533 1211 5578; x_wconf 87' lang='lat' dir='ltr'><strong>mater</strong></span> <span class='ocrx_word' id='word_1_483' title='bbox 1230 5540 1359 5592; x_wconf 75' lang='lat' dir='ltr'><strong>inca,</strong></span> <span class='ocrx_word' id='word_1_484' title='bbox 1385 5535 1471 5579; x_wconf 91' lang='lat' dir='ltr'><strong>aut</strong></span> <span class='ocrx_word' id='word_1_485' title='bbox 1502 5528 1589 5600; x_wconf 81' lang='lat' dir='ltr'><strong>qui</strong></span> <span class='ocrx_word' id='word_1_486' title='bbox 1615 5539 1733 5582; x_wconf 86' lang='lat' dir='ltr'><strong>sunt</strong></span> 
     </span>
    </p>
   </div>
   <div class='ocr_carea' id='block_1_59' title="bbox 1867 939 3452 1035">
    <p class='ocr_par' dir='ltr' id='par_1_59' title="bbox 1867 939 3452 1035">
     <span class='ocr_line' id='line_1_63' title="bbox 1867 939 3452 1035; baseline 0.018 -42"><span class='ocrx_word' id='word_1_487' title='bbox 1867 939 2052 1009; x_wconf 76' lang='lat' dir='ltr'><strong>fratres</strong></span> <span class='ocrx_word' id='word_1_488' title='bbox 2113 943 2249 999; x_wconf 71' lang='lat' dir='ltr'><strong>mei?</strong></span> <span class='ocrx_word' id='word_1_489' title='bbox 2288 942 2359 999; x_wconf 86' lang='lat' dir='ltr'><strong>Et</strong></span> <span class='ocrx_word' id='word_1_490' title='bbox 2401 948 2692 1008; x_wconf 14' lang='lat' dir='ltr'><strong>extendens,</strong></span> <span class='ocrx_word' id='word_1_491' title='bbox 2724 968 2931 1010; x_wconf 89' lang='lat' dir='ltr'><strong>manum</strong></span> <span class='ocrx_word' id='word_1_492' title='bbox 2971 975 3125 1028; x_wconf 85' lang='lat' dir='ltr'><strong>super</strong></span> <span class='ocrx_word' id='word_1_493' title='bbox 3170 963 3452 1035; x_wconf 81' lang='lat' dir='ltr'><strong>discipulos</strong></span> 
     </span>
    </p>
   </div>
   <div class='ocr_carea' id='block_1_60' title="bbox 1864 1032 3448 1127">
    <p class='ocr_par' dir='ltr' id='par_1_60' title="bbox 1864 1032 3448 1127">
     <span class='ocr_line' id='line_1_64' title="bbox 1864 1032 3448 1127; baseline 0.019 -43"><span class='ocrx_word' id='word_1_494' title='bbox 1864 1046 2003 1098; x_wconf 87' lang='lat' dir='ltr'><strong>suos,</strong></span> <span class='ocrx_word' id='word_1_495' title='bbox 2026 1032 2096 1086; x_wconf 87' lang='lat' dir='ltr'><strong>ait</strong></span> <span class='ocrx_word' id='word_1_496' title='bbox 2125 1048 2148 1088; x_wconf 88' lang='lat'><strong><em>:</em></strong></span> <span class='ocrx_word' id='word_1_497' title='bbox 2182 1033 2258 1089; x_wconf 82' lang='lat' dir='ltr'><strong>Hi</strong></span> <span class='ocrx_word' id='word_1_498' title='bbox 2296 1047 2414 1092; x_wconf 84' lang='lat' dir='ltr'><strong>sunt</strong></span> <span class='ocrx_word' id='word_1_499' title='bbox 2462 1038 2644 1095; x_wconf 81' lang='lat' dir='ltr'><strong>fratres</strong></span> <span class='ocrx_word' id='word_1_500' title='bbox 2673 1045 2809 1109; x_wconf 85' lang='lat' dir='ltr'><strong>mei;</strong></span> <span class='ocrx_word' id='word_1_501' title='bbox 2835 1054 2883 1100; x_wconf 90' lang='lat' dir='ltr'><strong>et</strong></span> <span class='ocrx_word' id='word_1_502' title='bbox 2928 1050 3226 1122; x_wconf 84' lang='lat' dir='ltr'><strong>quicumque</strong></span> <span class='ocrx_word' id='word_1_503' title='bbox 3271 1032 3448 1127; x_wconf 71' lang='lat' dir='ltr'><strong>fecerit</strong></span> 
     </span>
    </p>
   </div>
   <div class='ocr_carea' id='block_1_61' title="bbox 1867 1120 3453 1210">
    <p class='ocr_par' dir='ltr' id='par_1_61' title="bbox 1867 1120 3453 1210">
     <span class='ocr_line' id='line_1_65' title="bbox 1867 1120 3453 1210; baseline 0.018 -36"><span class='ocrx_word' id='word_1_504' title='bbox 1867 1120 2172 1177; x_wconf 76' lang='lat' dir='ltr'><strong>voluntatem</strong></span> <span class='ocrx_word' id='word_1_505' title='bbox 2194 1123 2367 1181; x_wconf 84' lang='lat' dir='ltr'><strong>Patris</strong></span> <span class='ocrx_word' id='word_1_506' title='bbox 2392 1128 2508 1197; x_wconf 83' lang='lat' dir='ltr'><strong>mei,</strong></span> <span class='ocrx_word' id='word_1_507' title='bbox 2534 1129 2643 1201; x_wconf 88' lang='lat' dir='ltr'><strong>ipse</strong></span> <span class='ocrx_word' id='word_1_508' title='bbox 2666 1134 2791 1187; x_wconf 89' lang='lat' dir='ltr'><strong>mihi</strong></span> <span class='ocrx_word' id='word_1_509' title='bbox 2818 1135 2993 1205; x_wconf 78' lang='lat' dir='ltr'><strong>frater,</strong></span> <span class='ocrx_word' id='word_1_510' title='bbox 3026 1150 3073 1193; x_wconf 89' lang='lat' dir='ltr'><strong>et</strong></span> <span class='ocrx_word' id='word_1_511' title='bbox 3094 1120 3282 1210; x_wconf 56' lang='lat' dir='ltr'><strong>mater,</strong></span> <span class='ocrx_word' id='word_1_512' title='bbox 3304 1157 3349 1200; x_wconf 87' lang='lat' dir='ltr'><strong>et</strong></span> <span class='ocrx_word' id='word_1_513' title='bbox 3369 1166 3453 1203; x_wconf 86' lang='lat' dir='ltr'><strong>so-</strong></span> 
     </span>
    </p>
   </div>
   <div class='ocr_carea' id='block_1_62' title="bbox 1864 1214 3447 1300">
    <p class='ocr_par' dir='ltr' id='par_1_62' title="bbox 1864 1214 3447 1300">
     <span class='ocr_line' id='line_1_66' title="bbox 1864 1214 3447 1300; baseline 0.02 -37"><span class='ocrx_word' id='word_1_514' title='bbox 1864 1224 1953 1265; x_wconf 88' lang='lat' dir='ltr'><strong>ror</strong></span> <span class='ocrx_word' id='word_1_515' title='bbox 1969 1222 2041 1267; x_wconf 88' lang='lat' dir='ltr'><strong>est</strong></span> <span class='ocrx_word' id='word_1_516' title='bbox 2065 1214 2277 1285; x_wconf 75' lang='lat' dir='ltr'><strong>(Matth.</strong></span> <span class='ocrx_word' id='word_1_517' title='bbox 2298 1233 2393 1287; x_wconf 84' lang='lat' dir='ltr'><strong>xu,</strong></span> <span class='ocrx_word' id='word_1_518' title='bbox 2420 1220 2636 1293; x_wconf 71' lang='lat'><strong>46-50).</strong></span> <span class='ocrx_word' id='word_1_519' title='bbox 2658 1221 2794 1292; x_wconf 86' lang='lat' dir='ltr'><strong>Quid</strong></span> <span class='ocrx_word' id='word_1_520' title='bbox 2818 1226 2960 1283; x_wconf 89' lang='lat' dir='ltr'><strong>aliud</strong></span> <span class='ocrx_word' id='word_1_521' title='bbox 2983 1246 3079 1285; x_wconf 92' lang='lat' dir='ltr'><strong>nos</strong></span> <span class='ocrx_word' id='word_1_522' title='bbox 3101 1232 3317 1300; x_wconf 87' lang='lat' dir='ltr'><strong>docens,</strong></span> <span class='ocrx_word' id='word_1_523' title='bbox 3346 1241 3447 1294; x_wconf 90' lang='lat' dir='ltr'><strong>nisi</strong></span> 
     </span>
    </p>
   </div>
   <div class='ocr_carea' id='block_1_63' title="bbox 1863 1304 3446 1398">
    <p class='ocr_par' dir='ltr' id='par_1_63' title="bbox 1863 1304 3446 1398">
     <span class='ocr_line' id='line_1_67' title="bbox 1863 1304 3446 1398; baseline 0.019 -43"><span class='ocrx_word' id='word_1_524' title='bbox 1863 1304 2064 1359; x_wconf 89' lang='lat' dir='ltr'><strong>carnali</strong></span> <span class='ocrx_word' id='word_1_525' title='bbox 2092 1308 2391 1378; x_wconf 86' lang='lat' dir='ltr'><strong>cognationi</strong></span> <span class='ocrx_word' id='word_1_526' title='bbox 2412 1326 2578 1381; x_wconf 88' lang='lat' dir='ltr'><strong>genus</strong></span> <span class='ocrx_word' id='word_1_527' title='bbox 2600 1326 2841 1371; x_wconf 90' lang='lat' dir='ltr'><strong>nostrum</strong></span> <span class='ocrx_word' id='word_1_528' title='bbox 2870 1320 3143 1389; x_wconf 89' lang='lat' dir='ltr'><strong>spirituale</strong></span> <span class='ocrx_word' id='word_1_529' title='bbox 3166 1340 3446 1398; x_wconf 65' lang='lat' dir='ltr'><strong>pracpone-</strong></span> 
     </span>
    </p>
   </div>
   <div class='ocr_carea' id='block_1_64' title="bbox 1864 1397 3445 1482">
    <p class='ocr_par' dir='ltr' id='par_1_64' title="bbox 1864 1397 3445 1482">
     <span class='ocr_line' id='line_1_68' title="bbox 1864 1397 3445 1482; baseline 0.019 -35"><span class='ocrx_word' id='word_1_530' title='bbox 1864 1407 1958 1460; x_wconf 88' lang='lat' dir='ltr'><strong>re;</strong></span> <span class='ocrx_word' id='word_1_531' title='bbox 1988 1409 2088 1450; x_wconf 90' lang='lat' dir='ltr'><strong>nec</strong></span> <span class='ocrx_word' id='word_1_532' title='bbox 2117 1397 2241 1452; x_wconf 92' lang='lat' dir='ltr'><strong>inde</strong></span> <span class='ocrx_word' id='word_1_533' title='bbox 2261 1399 2448 1457; x_wconf 87' lang='lat' dir='ltr'><strong>beatos</strong></span> <span class='ocrx_word' id='word_1_534' title='bbox 2481 1419 2600 1460; x_wconf 91' lang='lat' dir='ltr'><strong>esse</strong></span> <span class='ocrx_word' id='word_1_535' title='bbox 2631 1405 2893 1477; x_wconf 87' lang='lat' dir='ltr'><strong>homines,</strong></span> <span class='ocrx_word' id='word_1_536' title='bbox 2919 1412 2963 1466; x_wconf 91' lang='lat' dir='ltr'><strong>si</strong></span> <span class='ocrx_word' id='word_1_537' title='bbox 2981 1414 3140 1482; x_wconf 87' lang='lat' dir='ltr'><strong>juslis</strong></span> <span class='ocrx_word' id='word_1_538' title='bbox 3165 1428 3217 1471; x_wconf 91' lang='lat' dir='ltr'><strong>et</strong></span> <span class='ocrx_word' id='word_1_539' title='bbox 3245 1397 3445 1477; x_wconf 83' lang='lat' dir='ltr'><strong>sanctis</strong></span> 
     </span>
    </p>
   </div>
   <div class='ocr_carea' id='block_1_65' title="bbox 1861 1486 3443 1567">
    <p class='ocr_par' dir='ltr' id='par_1_65' title="bbox 1861 1486 3443 1567">
     <span class='ocr_line' id='line_1_69' title="bbox 1861 1486 3443 1567; baseline 0.018 -29"><span class='ocrx_word' id='word_1_540' title='bbox 1861 1486 2038 1540; x_wconf 87' lang='lat' dir='ltr'><strong>carnis</strong></span> <span class='ocrx_word' id='word_1_541' title='bbox 2065 1489 2455 1562; x_wconf 88' lang='lat' dir='ltr'><strong>pr0pinquitate</strong></span> <span class='ocrx_word' id='word_1_542' title='bbox 2483 1495 2799 1567; x_wconf 90' lang='lat' dir='ltr'><strong>junguntur,</strong></span> <span class='ocrx_word' id='word_1_543' title='bbox 2830 1503 2923 1557; x_wconf 90' lang='lat' dir='ltr'><strong>sed</strong></span> <span class='ocrx_word' id='word_1_544' title='bbox 2949 1505 2992 1558; x_wconf 92' lang='lat' dir='ltr'><strong>si</strong></span> <span class='ocrx_word' id='word_1_545' title='bbox 3029 1520 3213 1562; x_wconf 90' lang='lat' dir='ltr'><strong>eorum</strong></span> <span class='ocrx_word' id='word_1_546' title='bbox 3241 1509 3443 1567; x_wconf 87' lang='lat' dir='ltr'><strong>doctri-</strong></span> 
     </span>
    </p>
   </div>
   <div class='ocr_carea' id='block_1_66' title="bbox 1861 1582 3444 1660">
    <p class='ocr_par' dir='ltr' id='par_1_66' title="bbox 1861 1582 3444 1660">
     <span class='ocr_line' id='line_1_70' title="bbox 1861 1582 3444 1660; baseline 0.018 -30"><span class='ocrx_word' id='word_1_547' title='bbox 1861 1590 1946 1632; x_wconf 60' lang='lat' dir='ltr'><strong>nas</strong></span> <span class='ocrx_word' id='word_1_548' title='bbox 1966 1592 2029 1633; x_wconf 91' lang='lat' dir='ltr'><strong>ac</strong></span> <span class='ocrx_word' id='word_1_549' title='bbox 2048 1582 2285 1637; x_wconf 90' lang='lat' dir='ltr'><strong>moribus</strong></span> <span class='ocrx_word' id='word_1_550' title='bbox 2301 1584 2597 1642; x_wconf 89' lang='lat' dir='ltr'><strong>obediendu</strong></span> <span class='ocrx_word' id='word_1_551' title='bbox 2617 1592 3040 1660; x_wconf 89' lang='lat' dir='ltr'><strong>atqueimitando</strong></span> <span class='ocrx_word' id='word_1_552' title='bbox 3052 1597 3444 1659; x_wconf 83' lang='lat' dir='ltr'><strong>cohaerescunt?</strong></span> 
     </span>
    </p>
   </div>
   <div class='ocr_carea' id='block_1_67' title="bbox 1862 1666 3442 1762">
    <p class='ocr_par' dir='ltr' id='par_1_67' title="bbox 1862 1666 3442 1762">
     <span class='ocr_line' id='line_1_71' title="bbox 1862 1666 3442 1762; baseline 0.016 -40"><span class='ocrx_word' id='word_1_553' title='bbox 1862 1666 2077 1724; x_wconf 87' lang='lat' dir='ltr'><strong>Beatior</strong></span> <span class='ocrx_word' id='word_1_554' title='bbox 2118 1686 2245 1742; x_wconf 85' lang='lat' dir='ltr'><strong>ergo</strong></span> <span class='ocrx_word' id='word_1_555' title='bbox 2286 1674 2447 1729; x_wconf 84' lang='lat' dir='ltr'><strong>Maria</strong></span> <span class='ocrx_word' id='word_1_556' title='bbox 2489 1679 2831 1750; x_wconf 90' lang='lat' dir='ltr'><strong>percipiendo</strong></span> <span class='ocrx_word' id='word_1_557' title='bbox 2856 1682 3013 1741; x_wconf 88' lang='lat' dir='ltr'><strong>ﬁdem</strong></span> <span class='ocrx_word' id='word_1_558' title='bbox 3040 1685 3257 1756; x_wconf 86' lang='lat' dir='ltr'><strong>Christi,</strong></span> <span class='ocrx_word' id='word_1_559' title='bbox 3279 1706 3442 1762; x_wconf 90' lang='lat' dir='ltr'><strong>quam</strong></span> 
     </span>
    </p>
   </div>
   <div class='ocr_carea' id='block_1_68' title="bbox 1861 1761 3436 1857">
    <p class='ocr_par' dir='ltr' id='par_1_68' title="bbox 1861 1761 3436 1857">
     <span class='ocr_line' id='line_1_72' title="bbox 1861 1761 3436 1857; baseline 0.018 -44"><span class='ocrx_word' id='word_1_560' title='bbox 1861 1761 2212 1832; x_wconf 90' lang='lat' dir='ltr'><strong>concipiendo</strong></span> <span class='ocrx_word' id='word_1_561' title='bbox 2231 1780 2445 1823; x_wconf 90' lang='lat' dir='ltr'><strong>carnem</strong></span> <span class='ocrx_word' id='word_1_562' title='bbox 2473 1769 2690 1827; x_wconf 87' lang='lat' dir='ltr'><strong>Christi.</strong></span> <span class='ocrx_word' id='word_1_563' title='bbox 2720 1773 2853 1829; x_wconf 88' lang='lat' dir='ltr'><strong>Nam</strong></span> <span class='ocrx_word' id='word_1_564' title='bbox 2884 1788 2939 1832; x_wconf 93' lang='lat' dir='ltr'><strong>et</strong></span> <span class='ocrx_word' id='word_1_565' title='bbox 2972 1778 3166 1837; x_wconf 90' lang='lat' dir='ltr'><strong>dicenti</strong></span> <span class='ocrx_word' id='word_1_566' title='bbox 3203 1784 3436 1857; x_wconf 84' lang='lat' dir='ltr'><strong>cuidam,</strong></span> 
     </span>
    </p>
   </div>
   <div class='ocr_carea' id='block_1_69' title="bbox 1858 1848 3435 1943">
    <p class='ocr_par' dir='ltr' id='par_1_69' title="bbox 1858 1848 3435 1943">
     <span class='ocr_line' id='line_1_73' title="bbox 1858 1848 3435 1943; baseline 0.02 -39"><span class='ocrx_word' id='word_1_567' title='bbox 1858 1848 2045 1909; x_wconf 87' lang='lat' dir='ltr'><strong>Beatus</strong></span> <span class='ocrx_word' id='word_1_568' title='bbox 2074 1867 2244 1911; x_wconf 82' lang='lat' dir='ltr'><strong>venter</strong></span> <span class='ocrx_word' id='word_1_569' title='bbox 2264 1859 2352 1931; x_wconf 86' lang='lat' dir='ltr'><strong>qui</strong></span> <span class='ocrx_word' id='word_1_570' title='bbox 2371 1870 2421 1915; x_wconf 87' lang='lat' dir='ltr'><strong>te</strong></span> <span class='ocrx_word' id='word_1_571' title='bbox 2445 1865 2691 1932; x_wconf 75' lang='lat' dir='ltr'><strong>portavit;</strong></span> <span class='ocrx_word' id='word_1_572' title='bbox 2710 1867 2825 1937; x_wconf 88' lang='lat' dir='ltr'><strong>ipse</strong></span> <span class='ocrx_word' id='word_1_573' title='bbox 2850 1874 3147 1943; x_wconf 84' lang='lat' dir='ltr'><strong>respondit,</strong></span> <span class='ocrx_word' id='word_1_574' title='bbox 3167 1876 3282 1933; x_wconf 88' lang='lat' dir='ltr'><strong>lmo</strong></span> <span class='ocrx_word' id='word_1_575' title='bbox 3302 1848 3435 1937; x_wconf 81' lang='lat' dir='ltr'><strong>beati</strong></span> 
     </span>
    </p>
   </div>
   <div class='ocr_carea' id='block_1_70' title="bbox 1858 1944 3426 2044">
    <p class='ocr_par' dir='ltr' id='par_1_70' title="bbox 1858 1944 3426 2044">
     <span class='ocr_line' id='line_1_74' title="bbox 1858 1944 3426 2044; baseline 0.021 -48"><span class='ocrx_word' id='word_1_576' title='bbox 1858 1944 1944 2044; x_wconf 72' lang='lat' dir='ltr'><strong>qui</strong></span> <span class='ocrx_word' id='word_1_577' title='bbox 1962 1946 2174 2044; x_wconf 79' lang='lat' dir='ltr'><strong>audiunt</strong></span> <span class='ocrx_word' id='word_1_578' title='bbox 2198 1951 2401 2006; x_wconf 82' lang='lat' dir='ltr'><strong>uerbum</strong></span> <span class='ocrx_word' id='word_1_579' title='bbox 2415 1952 2529 2021; x_wconf 89' lang='lat' dir='ltr'><strong>Dei,</strong></span> <span class='ocrx_word' id='word_1_580' title='bbox 2557 1965 2605 2010; x_wconf 91' lang='lat' dir='ltr'><strong>et</strong></span> <span class='ocrx_word' id='word_1_581' title='bbox 2618 1959 2906 2015; x_wconf 89' lang='lat' dir='ltr'><strong>custodiunt</strong></span> <span class='ocrx_word' id='word_1_582' title='bbox 2932 1963 3082 2035; x_wconf 89' lang='lat' dir='ltr'><strong>(Luc.</strong></span> <span class='ocrx_word' id='word_1_583' title='bbox 3103 1983 3176 2033; x_wconf 83' lang='lat' dir='ltr'><strong>xi,</strong></span> <span class='ocrx_word' id='word_1_584' title='bbox 3195 1969 3285 2039; x_wconf 74' lang='lat'><strong>27,</strong></span> <span class='ocrx_word' id='word_1_585' title='bbox 3310 1972 3426 2044; x_wconf 76' lang='lat'><strong>9.8).</strong></span> 
     </span>
    </p>
   </div>
   <div class='ocr_carea' id='block_1_71' title="bbox 1857 2032 3439 2118">
    <p class='ocr_par' dir='ltr' id='par_1_71' title="bbox 1857 2032 3439 2118">
     <span class='ocr_line' id='line_1_75' title="bbox 1857 2032 3439 2118; baseline 0.02 -31"><span class='ocrx_word' id='word_1_586' title='bbox 1857 2032 2097 2108; x_wconf 87' lang='lat' dir='ltr'><strong>Denique</strong></span> <span class='ocrx_word' id='word_1_587' title='bbox 2143 2038 2393 2098; x_wconf 87' lang='lat' dir='ltr'><strong>fratribus</strong></span> <span class='ocrx_word' id='word_1_588' title='bbox 2457 2043 2604 2115; x_wconf 88' lang='lat' dir='ltr'><strong>ejus,</strong></span> <span class='ocrx_word' id='word_1_589' title='bbox 2658 2046 2713 2103; x_wconf 89' lang='lat' dir='ltr'><strong>id</strong></span> <span class='ocrx_word' id='word_1_590' title='bbox 2757 2059 2845 2106; x_wconf 93' lang='lat' dir='ltr'><strong>est</strong></span> <span class='ocrx_word' id='word_1_591' title='bbox 2887 2032 3177 2111; x_wconf 83' lang='lat' dir='ltr'><strong>secundum</strong></span> <span class='ocrx_word' id='word_1_592' title='bbox 3222 2032 3439 2118; x_wconf 75' lang='lat' dir='ltr'><strong>carnem</strong></span> 
     </span>
    </p>
   </div>
   <div class='ocr_carea' id='block_1_72' title="bbox 1856 2128 3441 2221">
    <p class='ocr_par' dir='ltr' id='par_1_72' title="bbox 1856 2128 3441 2221">
     <span class='ocr_line' id='line_1_76' title="bbox 1856 2128 3441 2221; baseline 0.02 -42"><span class='ocrx_word' id='word_1_593' title='bbox 1856 2128 2098 2196; x_wconf 81' lang='lat' dir='ltr'><strong>cognatis</strong></span> <span class='ocrx_word' id='word_1_594' title='bbox 2117 2169 2133 2196; x_wconf 89' lang='lat'><strong>,</strong></span> <span class='ocrx_word' id='word_1_595' title='bbox 2164 2132 2254 2201; x_wconf 91' lang='lat' dir='ltr'><strong>qui</strong></span> <span class='ocrx_word' id='word_1_596' title='bbox 2285 2147 2392 2188; x_wconf 91' lang='lat' dir='ltr'><strong>non</strong></span> <span class='ocrx_word' id='word_1_597' title='bbox 2438 2135 2492 2190; x_wconf 91' lang='lat' dir='ltr'><strong>in</strong></span> <span class='ocrx_word' id='word_1_598' title='bbox 2516 2151 2640 2192; x_wconf 91' lang='lat' dir='ltr'><strong>eum</strong></span> <span class='ocrx_word' id='word_1_599' title='bbox 2685 2141 3061 2215; x_wconf 85' lang='lat' dir='ltr'><strong>crediderunt,</strong></span> <span class='ocrx_word' id='word_1_600' title='bbox 3087 2149 3213 2220; x_wconf 88' lang='lat' dir='ltr'><strong>quid</strong></span> <span class='ocrx_word' id='word_1_601' title='bbox 3243 2153 3441 2221; x_wconf 89' lang='lat' dir='ltr'><strong>profuit</strong></span> 
     </span>
    </p>
   </div>
   <div class='ocr_carea' id='block_1_73' title="bbox 1855 2214 3439 2306">
    <p class='ocr_par' dir='ltr' id='par_1_73' title="bbox 1855 2214 3439 2306">
     <span class='ocr_line' id='line_1_77' title="bbox 1855 2214 3439 2306; baseline 0.02 -37"><span class='ocrx_word' id='word_1_602' title='bbox 1855 2214 1945 2271; x_wconf 90' lang='lat' dir='ltr'><strong>illa</strong></span> <span class='ocrx_word' id='word_1_603' title='bbox 1964 2220 2245 2289; x_wconf 83' lang='lat' dir='ltr'><strong>cognatio?</strong></span> <span class='ocrx_word' id='word_1_604' title='bbox 2273 2222 2361 2278; x_wconf 88' lang='lat' dir='ltr'><strong>Sic</strong></span> <span class='ocrx_word' id='word_1_605' title='bbox 2379 2233 2437 2280; x_wconf 87' lang='lat' dir='ltr'><strong>et</strong></span> <span class='ocrx_word' id='word_1_606' title='bbox 2456 2242 2539 2281; x_wconf 91' lang='lat' dir='ltr'><strong>ma</strong></span> <span class='ocrx_word' id='word_1_607' title='bbox 2548 2236 2694 2283; x_wconf 89' lang='lat' dir='ltr'><strong>terna</strong></span> <span class='ocrx_word' id='word_1_608' title='bbox 2718 2214 3086 2306; x_wconf 88' lang='lat' dir='ltr'><strong>propinquitas</strong></span> <span class='ocrx_word' id='word_1_609' title='bbox 3104 2214 3439 2301; x_wconf 52' lang='lat' dir='ltr'><strong>nihil-Maria:</strong></span> 
     </span>
    </p>
   </div>
   <div class='ocr_carea' id='block_1_74' title="bbox 1858 2306 3438 2400">
    <p class='ocr_par' dir='ltr' id='par_1_74' title="bbox 1858 2306 3438 2400">
     <span class='ocr_line' id='line_1_78' title="bbox 1858 2306 3438 2400; baseline 0.021 -41"><span class='ocrx_word' id='word_1_610' title='bbox 1858 2306 2169 2377; x_wconf 86' lang='lat' dir='ltr'><strong>profuisset,</strong></span> <span class='ocrx_word' id='word_1_611' title='bbox 2214 2312 2319 2369; x_wconf 91' lang='lat' dir='ltr'><strong>nisi</strong></span> <span class='ocrx_word' id='word_1_612' title='bbox 2357 2314 2564 2373; x_wconf 79' lang='lat' dir='ltr'><strong>felicius</strong></span> <span class='ocrx_word' id='word_1_613' title='bbox 2589 2318 2858 2378; x_wconf 87' lang='lat' dir='ltr'><strong>Christum</strong></span> <span class='ocrx_word' id='word_1_614' title='bbox 2888 2326 3052 2386; x_wconf 87' lang='lat' dir='ltr'><strong>corde</strong></span> <span class='ocrx_word' id='word_1_615' title='bbox 3080 2346 3237 2400; x_wconf 88' lang='lat' dir='ltr'><strong>quam</strong></span> <span class='ocrx_word' id='word_1_616' title='bbox 3273 2348 3438 2392; x_wconf 83' lang='lat' dir='ltr'><strong>carne</strong></span> 
     </span>
    </p>
   </div>
   <div class='ocr_carea' id='block_1_75' title="bbox 1853 2406 2132 2467">
    <p class='ocr_par' dir='ltr' id='par_1_75' title="bbox 1853 2406 2132 2467">
     <span class='ocr_line' id='line_1_79' title="bbox 1853 2406 2132 2467; baseline 0.007 -16"><span class='ocrx_word' id='word_1_617' title='bbox 1853 2406 2132 2467; x_wconf 84' lang='lat' dir='ltr'><strong>gestasset.</strong></span> 
     </span>
    </p>
   </div>
   <div class='ocr_carea' id='block_1_76' title="bbox 1925 2486 3435 2570">
    <p class='ocr_par' dir='ltr' id='par_1_76' title="bbox 1925 2486 3435 2570">
     <span class='ocr_line' id='line_1_80' title="bbox 1925 2486 3435 2570; baseline 0.019 -28"><span class='ocrx_word' id='word_1_618' title='bbox 1925 2486 2151 2545; x_wconf 84' lang='lat' dir='ltr'><strong>CAPUT</strong></span> <span class='ocrx_word' id='word_1_619' title='bbox 2191 2490 2278 2547; x_wconf 80' lang='lat' dir='ltr'><strong>IV.</strong></span> <span class='ocrx_word' id='word_1_620' title='bbox 2297 2523 2371 2533; x_wconf 90' lang='lat'><strong><em>—</em></strong></span> <span class='ocrx_word' id='word_1_621' title='bbox 2388 2494 2442 2550; x_wconf 79' lang='grc'><strong>4.</strong></span> <span class='ocrx_word' id='word_1_622' title='bbox 2480 2495 2755 2568; x_wconf 85' lang='lat' dir='ltr'><strong>Virginitas</strong></span> <span class='ocrx_word' id='word_1_623' title='bbox 2776 2500 2962 2560; x_wconf 73' lang='lat' dir='ltr'><strong>Mariae</strong></span> <span class='ocrx_word' id='word_1_624' title='bbox 2997 2516 3111 2562; x_wconf 77' lang='lat' dir='ltr'><strong>uoto</strong></span> <span class='ocrx_word' id='word_1_625' title='bbox 3134 2508 3304 2567; x_wconf 89' lang='lat' dir='ltr'><strong>dicata</strong></span> <span class='ocrx_word' id='word_1_626' title='bbox 3325 2513 3435 2570; x_wconf 83' lang='lat' dir='ltr'><strong>Deo</strong></span> 
     </span>
    </p>
   </div>
   <div class='ocr_carea' id='block_1_77' title="bbox 1853 2581 3435 2675">
    <p class='ocr_par' dir='ltr' id='par_1_77' title="bbox 1853 2581 3435 2675">
     <span class='ocr_line' id='line_1_81' title="bbox 1853 2581 3435 2675; baseline 0.02 -46"><span class='ocrx_word' id='word_1_627' title='bbox 1853 2587 2120 2649; x_wconf 85' lang='lat' dir='ltr'><strong>antequam</strong></span> <span class='ocrx_word' id='word_1_628' title='bbox 2144 2581 2209 2635; x_wconf 88' lang='lat' dir='ltr'><strong>de</strong></span> <span class='ocrx_word' id='word_1_629' title='bbox 2225 2583 2556 2657; x_wconf 88' lang='lat' dir='ltr'><strong>concipiendo</strong></span> <span class='ocrx_word' id='word_1_630' title='bbox 2592 2585 2792 2644; x_wconf 78' lang='lat' dir='ltr'><strong>Christo</strong></span> <span class='ocrx_word' id='word_1_631' title='bbox 2819 2594 3060 2650; x_wconf 87' lang='lat' dir='ltr'><strong>audisset.</strong></span> <span class='ocrx_word' id='word_1_632' title='bbox 3088 2596 3205 2669; x_wconf 82' lang='lat' dir='ltr'><strong>Ipsa</strong></span> <span class='ocrx_word' id='word_1_633' title='bbox 3226 2618 3435 2675; x_wconf 83' lang='lat' dir='ltr'><strong>quoque</strong></span> 
     </span>
    </p>
   </div>
   <div class='ocr_carea' id='block_1_78' title="bbox 1852 2667 3432 2759">
    <p class='ocr_par' dir='ltr' id='par_1_78' title="bbox 1852 2667 3432 2759">
     <span class='ocr_line' id='line_1_82' title="bbox 1852 2667 3432 2759; baseline 0.019 -38"><span class='ocrx_word' id='word_1_634' title='bbox 1852 2667 2129 2740; x_wconf 81' lang='lat' dir='ltr'><strong>virginitas</strong></span> <span class='ocrx_word' id='word_1_635' title='bbox 2154 2672 2272 2743; x_wconf 90' lang='lat' dir='ltr'><strong>ejus</strong></span> <span class='ocrx_word' id='word_1_636' title='bbox 2294 2674 2415 2731; x_wconf 89' lang='lat' dir='ltr'><strong>ideo</strong></span> <span class='ocrx_word' id='word_1_637' title='bbox 2443 2678 2643 2748; x_wconf 86' lang='lat' dir='ltr'><strong>gratior</strong></span> <span class='ocrx_word' id='word_1_638' title='bbox 2661 2689 2716 2734; x_wconf 89' lang='lat' dir='ltr'><strong>et</strong></span> <span class='ocrx_word' id='word_1_639' title='bbox 2734 2686 3021 2755; x_wconf 88' lang='lat' dir='ltr'><strong>acceptior,</strong></span> <span class='ocrx_word' id='word_1_640' title='bbox 3044 2667 3165 2759; x_wconf 77' lang='lat' dir='ltr'><strong>quia</strong></span> <span class='ocrx_word' id='word_1_641' title='bbox 3186 2667 3294 2748; x_wconf 76' lang='lat' dir='ltr'><strong>non</strong></span> <span class='ocrx_word' id='word_1_642' title='bbox 3314 2667 3432 2750; x_wconf 79' lang='lat' dir='ltr'><strong>eam</strong></span> 
     </span>
    </p>
   </div>
   <div class='ocr_carea' id='block_1_79' title="bbox 1851 2763 3434 2846">
    <p class='ocr_par' dir='ltr' id='par_1_79' title="bbox 1851 2763 3434 2846">
     <span class='ocr_line' id='line_1_83' title="bbox 1851 2763 3434 2846; baseline 0.018 -34"><span class='ocrx_word' id='word_1_643' title='bbox 1851 2769 2138 2833; x_wconf 88' lang='lat' dir='ltr'><strong>conceptus</strong></span> <span class='ocrx_word' id='word_1_644' title='bbox 2172 2763 2418 2822; x_wconf 90' lang='lat' dir='ltr'><strong>Christus</strong></span> <span class='ocrx_word' id='word_1_645' title='bbox 2452 2767 2567 2824; x_wconf 90' lang='lat' dir='ltr'><strong>viro</strong></span> <span class='ocrx_word' id='word_1_646' title='bbox 2608 2770 2870 2829; x_wconf 79' lang='lat' dir='ltr'><strong>violatura</strong></span> <span class='ocrx_word' id='word_1_647' title='bbox 2898 2792 3056 2846; x_wconf 90' lang='lat' dir='ltr'><strong>quam</strong></span> <span class='ocrx_word' id='word_1_648' title='bbox 3089 2794 3434 2841; x_wconf 86' lang='lat' dir='ltr'><strong>conservaret</strong></span> 
     </span>
    </p>
   </div>
   <div class='ocr_carea' id='block_1_80' title="bbox 1850 2848 3432 2941">
    <p class='ocr_par' dir='ltr' id='par_1_80' title="bbox 1850 2848 3432 2941">
     <span class='ocr_line' id='line_1_84' title="bbox 1850 2848 3432 2941; baseline 0.017 -37"><span class='ocrx_word' id='word_1_649' title='bbox 1850 2848 1966 2920; x_wconf 88' lang='lat' dir='ltr'><strong>ipse</strong></span> <span class='ocrx_word' id='word_1_650' title='bbox 1996 2854 2285 2923; x_wconf 74' lang='lat' dir='ltr'><strong>pra-ripuit,</strong></span> <span class='ocrx_word' id='word_1_651' title='bbox 2315 2855 2410 2912; x_wconf 88' lang='lat' dir='ltr'><strong>sed</strong></span> <span class='ocrx_word' id='word_1_652' title='bbox 2434 2858 2744 2930; x_wconf 88' lang='lat' dir='ltr'><strong>priusquam</strong></span> <span class='ocrx_word' id='word_1_653' title='bbox 2778 2866 3150 2936; x_wconf 88' lang='lat' dir='ltr'><strong>conciperetur</strong></span> <span class='ocrx_word' id='word_1_654' title='bbox 3176 2871 3288 2941; x_wconf 90' lang='lat' dir='ltr'><strong>jam</strong></span> <span class='ocrx_word' id='word_1_655' title='bbox 3319 2874 3432 2931; x_wconf 85' lang='lat' dir='ltr'><strong>Deo</strong></span> 
     </span>
    </p>
   </div>
   <div class='ocr_carea' id='block_1_81' title="bbox 1849 2939 3423 3024">
    <p class='ocr_par' dir='ltr' id='par_1_81' title="bbox 1849 2939 3423 3024">
     <span class='ocr_line' id='line_1_85' title="bbox 1849 2939 3423 3024; baseline 0.018 -30"><span class='ocrx_word' id='word_1_656' title='bbox 1849 2939 2078 2996; x_wconf 85' lang='lat' dir='ltr'><strong>dicatam</strong></span> <span class='ocrx_word' id='word_1_657' title='bbox 2106 2942 2174 2998; x_wconf 92' lang='lat' dir='ltr'><strong>de</strong></span> <span class='ocrx_word' id='word_1_658' title='bbox 2192 2960 2295 3015; x_wconf 89' lang='lat' dir='ltr'><strong>qua</strong></span> <span class='ocrx_word' id='word_1_659' title='bbox 2322 2958 2630 3004; x_wconf 88' lang='lat' dir='ltr'><strong>nasceretur</strong></span> <span class='ocrx_word' id='word_1_660' title='bbox 2657 2954 2834 3024; x_wconf 89' lang='lat' dir='ltr'><strong>elegit.</strong></span> <span class='ocrx_word' id='word_1_661' title='bbox 2868 2956 2980 3015; x_wconf 89' lang='lat' dir='ltr'><strong>lloc</strong></span> <span class='ocrx_word' id='word_1_662' title='bbox 3004 2939 3242 3018; x_wconf 82' lang='lat' dir='ltr'><strong>indicant</strong></span> <span class='ocrx_word' id='word_1_663' title='bbox 3260 2965 3423 3022; x_wconf 86' lang='lat' dir='ltr'><strong>verba</strong></span> 
     </span>
    </p>
   </div>
   <div class='ocr_carea' id='block_1_82' title="bbox 1850 3033 3425 3116">
    <p class='ocr_par' dir='ltr' id='par_1_82' title="bbox 1850 3033 3425 3116">
     <span class='ocr_line' id='line_1_86' title="bbox 1850 3033 3425 3116; baseline 0.018 -32"><span class='ocrx_word' id='word_1_664' title='bbox 1850 3047 1968 3101; x_wconf 73' lang='lat' dir='ltr'><strong>qua:</strong></span> <span class='ocrx_word' id='word_1_665' title='bbox 2012 3033 2113 3088; x_wconf 91' lang='lat' dir='ltr'><strong>sibi</strong></span> <span class='ocrx_word' id='word_1_666' title='bbox 2144 3033 2309 3091; x_wconf 89' lang='lat' dir='ltr'><strong>fetum</strong></span> <span class='ocrx_word' id='word_1_667' title='bbox 2352 3041 2685 3096; x_wconf 88' lang='lat' dir='ltr'><strong>annuntianti</strong></span> <span class='ocrx_word' id='word_1_668' title='bbox 2728 3046 2918 3116; x_wconf 85' lang='lat' dir='ltr'><strong>angelo</strong></span> <span class='ocrx_word' id='word_1_669' title='bbox 2963 3048 3127 3106; x_wconf 81' lang='lat' dir='ltr'><strong>Maria</strong></span> <span class='ocrx_word' id='word_1_670' title='bbox 3172 3054 3425 3111; x_wconf 87' lang='lat' dir='ltr'><strong>reddidit.</strong></span> 
     </span>
    </p>
   </div>
   <div class='ocr_carea' id='block_1_83' title="bbox 1852 3124 3429 3205">
    <p class='ocr_par' dir='ltr' id='par_1_83' title="bbox 1852 3124 3429 3205">
     <span class='ocr_line' id='line_1_87' title="bbox 1852 3124 3429 3205; baseline 0.017 -28"><span class='ocrx_word' id='word_1_671' title='bbox 1852 3124 2139 3193; x_wconf 83' lang='lat' dir='ltr'><strong>Quomodo,</strong></span> <span class='ocrx_word' id='word_1_672' title='bbox 2191 3129 2382 3199; x_wconf 90' lang='lat' dir='ltr'><strong>inquit,</strong></span> <span class='ocrx_word' id='word_1_673' title='bbox 2414 3132 2501 3201; x_wconf 83' lang='lat' dir='ltr'><strong>ﬁet</strong></span> <span class='ocrx_word' id='word_1_674' title='bbox 2530 3134 2685 3202; x_wconf 86' lang='lat' dir='ltr'><strong>istud,</strong></span> <span class='ocrx_word' id='word_1_675' title='bbox 2717 3139 2954 3205; x_wconf 89' lang='lat' dir='ltr'><strong>quoniam</strong></span> <span class='ocrx_word' id='word_1_676' title='bbox 2983 3142 3144 3198; x_wconf 82' lang='lat' dir='ltr'><strong>virum</strong></span> <span class='ocrx_word' id='word_1_677' title='bbox 3193 3161 3297 3202; x_wconf 82' lang='lat' dir='ltr'><strong>non</strong></span> <span class='ocrx_word' id='word_1_678' title='bbox 3336 3162 3429 3203; x_wconf 82' lang='lat' dir='ltr'><strong>co-</strong></span> 
     </span>
    </p>
   </div>
   <div class='ocr_carea' id='block_1_84' title="bbox 1846 3217 3426 3307">
    <p class='ocr_par' dir='ltr' id='par_1_84' title="bbox 1846 3217 3426 3307">
     <span class='ocr_line' id='line_1_88' title="bbox 1846 3217 3426 3307; baseline 0.018 -38"><span class='ocrx_word' id='word_1_679' title='bbox 1846 3233 2035 3307; x_wconf 82' lang='lat' dir='ltr'><strong>gnosco</strong></span> <span class='ocrx_word' id='word_1_680' title='bbox 2064 3217 2216 3291; x_wconf 86' lang='lat' dir='ltr'><strong>(Luc.</strong></span> <span class='ocrx_word' id='word_1_681' title='bbox 2263 3236 2301 3288; x_wconf 85' lang='grc' dir='ltr'><strong>ι,</strong></span> <span class='ocrx_word' id='word_1_682' title='bbox 2328 3223 2460 3294; x_wconf 66' lang='lat'><strong>34)?</strong></span> <span class='ocrx_word' id='word_1_683' title='bbox 2488 3226 2641 3293; x_wconf 83' lang='lat' dir='ltr'><strong>Quod</strong></span> <span class='ocrx_word' id='word_1_684' title='bbox 2673 3230 2910 3299; x_wconf 88' lang='lat' dir='ltr'><strong>profecto</strong></span> <span class='ocrx_word' id='word_1_685' title='bbox 2936 3250 3041 3291; x_wconf 90' lang='lat' dir='ltr'><strong>non</strong></span> <span class='ocrx_word' id='word_1_686' title='bbox 3069 3236 3293 3307; x_wconf 87' lang='lat' dir='ltr'><strong>diceret,</strong></span> <span class='ocrx_word' id='word_1_687' title='bbox 3322 3240 3426 3298; x_wconf 88' lang='lat' dir='ltr'><strong>nisi</strong></span> 
     </span>
    </p>
   </div>
   <div class='ocr_carea' id='block_1_85' title="bbox 1848 3306 3427 3394">
    <p class='ocr_par' dir='ltr' id='par_1_85' title="bbox 1848 3306 3427 3394">
     <span class='ocr_line' id='line_1_89' title="bbox 1848 3306 3427 3394; baseline 0.016 -34"><span class='ocrx_word' id='word_1_688' title='bbox 1848 3306 1959 3362; x_wconf 89' lang='lat' dir='ltr'><strong>Deo</strong></span> <span class='ocrx_word' id='word_1_689' title='bbox 1986 3309 2241 3380; x_wconf 84' lang='lat' dir='ltr'><strong>virginem</strong></span> <span class='ocrx_word' id='word_1_690' title='bbox 2261 3326 2319 3367; x_wconf 90' lang='lat' dir='ltr'><strong>se</strong></span> <span class='ocrx_word' id='word_1_691' title='bbox 2340 3323 2463 3369; x_wconf 88' lang='lat' dir='ltr'><strong>ante</strong></span> <span class='ocrx_word' id='word_1_692' title='bbox 2488 3318 2740 3375; x_wconf 86' lang='lat' dir='ltr'><strong>vovisset.</strong></span> <span class='ocrx_word' id='word_1_693' title='bbox 2763 3321 2871 3380; x_wconf 87' lang='lat' dir='ltr'><strong>Sed</strong></span> <span class='ocrx_word' id='word_1_694' title='bbox 2891 3325 3013 3394; x_wconf 90' lang='lat' dir='ltr'><strong>quia</strong></span> <span class='ocrx_word' id='word_1_695' title='bbox 3041 3326 3144 3383; x_wconf 89' lang='lat' dir='ltr'><strong>hoc</strong></span> <span class='ocrx_word' id='word_1_696' title='bbox 3165 3306 3427 3387; x_wconf 88' lang='lat' dir='ltr'><strong>lsraelita-</strong></span> 
     </span>
    </p>
   </div>
   <div class='ocr_carea' id='block_1_86' title="bbox 1848 3404 3429 3487">
    <p class='ocr_par' dir='ltr' id='par_1_86' title="bbox 1848 3404 3429 3487">
     <span class='ocr_line' id='line_1_90' title="bbox 1848 3404 3429 3487; baseline 0.016 -34"><span class='ocrx_word' id='word_1_697' title='bbox 1848 3414 1968 3455; x_wconf 89' lang='lat' dir='ltr'><strong>rum</strong></span> <span class='ocrx_word' id='word_1_698' title='bbox 2017 3416 2196 3459; x_wconf 90' lang='lat' dir='ltr'><strong>mores</strong></span> <span class='ocrx_word' id='word_1_699' title='bbox 2235 3404 2409 3461; x_wconf 90' lang='lat' dir='ltr'><strong>adhuc</strong></span> <span class='ocrx_word' id='word_1_700' title='bbox 2444 3410 2797 3480; x_wconf 88' lang='lat' dir='ltr'><strong>recusabant,</strong></span> <span class='ocrx_word' id='word_1_701' title='bbox 2843 3415 3161 3487; x_wconf 86' lang='lat' dir='ltr'><strong>desponsata</strong></span> <span class='ocrx_word' id='word_1_702' title='bbox 3213 3425 3429 3480; x_wconf 87' lang='lat' dir='ltr'><strong>estviro</strong></span> 
     </span>
    </p>
   </div>
   <div class='ocr_carea' id='block_1_87' title="bbox 1839 3492 3418 3578">
    <p class='ocr_par' dir='ltr' id='par_1_87' title="bbox 1839 3492 3418 3578">
     <span class='ocr_line' id='line_1_91' title="bbox 1839 3492 3418 3578; baseline 0.016 -31"><span class='ocrx_word' id='word_1_703' title='bbox 1839 3492 2007 3564; x_wconf 90' lang='lat' dir='ltr'><strong>justo,</strong></span> <span class='ocrx_word' id='word_1_704' title='bbox 2039 3511 2147 3551; x_wconf 90' lang='lat' dir='ltr'><strong>non</strong></span> <span class='ocrx_word' id='word_1_705' title='bbox 2172 3498 2435 3554; x_wconf 87' lang='lat' dir='ltr'><strong>violenter</strong></span> <span class='ocrx_word' id='word_1_706' title='bbox 2459 3501 2721 3570; x_wconf 89' lang='lat' dir='ltr'><strong>ablaturo,</strong></span> <span class='ocrx_word' id='word_1_707' title='bbox 2769 3508 2860 3562; x_wconf 91' lang='lat' dir='ltr'><strong>sed</strong></span> <span class='ocrx_word' id='word_1_708' title='bbox 2889 3509 3063 3578; x_wconf 89' lang='lat' dir='ltr'><strong>potius</strong></span> <span class='ocrx_word' id='word_1_709' title='bbox 3090 3523 3273 3568; x_wconf 89' lang='lat' dir='ltr'><strong>contra</strong></span> <span class='ocrx_word' id='word_1_710' title='bbox 3302 3515 3418 3571; x_wconf 83' lang='lat' dir='ltr'><strong>vio-</strong></span> 
     </span>
    </p>
   </div>
   <div class='ocr_carea' id='block_1_88' title="bbox 1848 3585 3424 3678">
    <p class='ocr_par' dir='ltr' id='par_1_88' title="bbox 1848 3585 3424 3678">
     <span class='ocr_line' id='line_1_92' title="bbox 1848 3585 3424 3678; baseline 0.015 -38"><span class='ocrx_word' id='word_1_711' title='bbox 1848 3585 2023 3643; x_wconf 90' lang='lat' dir='ltr'><strong>lentos</strong></span> <span class='ocrx_word' id='word_1_712' title='bbox 2049 3591 2382 3648; x_wconf 90' lang='lat' dir='ltr'><strong>custodituro</strong></span> <span class='ocrx_word' id='word_1_713' title='bbox 2420 3594 2564 3665; x_wconf 90' lang='lat' dir='ltr'><strong>quod</strong></span> <span class='ocrx_word' id='word_1_714' title='bbox 2593 3597 2680 3652; x_wconf 92' lang='lat' dir='ltr'><strong>illa</strong></span> <span class='ocrx_word' id='word_1_715' title='bbox 2713 3599 2824 3669; x_wconf 90' lang='lat' dir='ltr'><strong>jam</strong></span> <span class='ocrx_word' id='word_1_716' title='bbox 2856 3612 3089 3659; x_wconf 88' lang='lat' dir='ltr'><strong>voverat.</strong></span> <span class='ocrx_word' id='word_1_717' title='bbox 3113 3606 3424 3678; x_wconf 87' lang='lat' dir='ltr'><strong>Quanquam</strong></span> 
     </span>
    </p>
   </div>
   <div class='ocr_carea' id='block_1_89' title="bbox 1844 3677 3426 3762">
    <p class='ocr_par' dir='ltr' id='par_1_89' title="bbox 1844 3677 3426 3762">
     <span class='ocr_line' id='line_1_93' title="bbox 1844 3677 3426 3762; baseline 0.016 -30"><span class='ocrx_word' id='word_1_718' title='bbox 1844 3677 2053 3733; x_wconf 90' lang='lat' dir='ltr'><strong>etiamsi</strong></span> <span class='ocrx_word' id='word_1_719' title='bbox 2079 3678 2181 3735; x_wconf 90' lang='lat' dir='ltr'><strong>hoc</strong></span> <span class='ocrx_word' id='word_1_720' title='bbox 2221 3682 2393 3738; x_wconf 89' lang='lat' dir='ltr'><strong>solum</strong></span> <span class='ocrx_word' id='word_1_721' title='bbox 2421 3684 2664 3753; x_wconf 89' lang='lat' dir='ltr'><strong>dixisset,</strong></span> <span class='ocrx_word' id='word_1_722' title='bbox 2695 3689 2955 3755; x_wconf 84' lang='lat' dir='ltr'><strong>Quomodo</strong></span> <span class='ocrx_word' id='word_1_723' title='bbox 2980 3695 3065 3762; x_wconf 79' lang='lat' dir='ltr'><strong>ﬁet</strong></span> <span class='ocrx_word' id='word_1_724' title='bbox 3103 3677 3295 3755; x_wconf 51' lang='lat' dir='ltr'><strong>istud?</strong></span> <span class='ocrx_word' id='word_1_725' title='bbox 3325 3715 3426 3758; x_wconf 90' lang='lat' dir='ltr'><strong>nec</strong></span> 
     </span>
    </p>
   </div>
   <div class='ocr_carea' id='block_1_90' title="bbox 1843 3766 3423 3859">
    <p class='ocr_par' dir='ltr' id='par_1_90' title="bbox 1843 3766 3423 3859">
     <span class='ocr_line' id='line_1_94' title="bbox 1843 3766 3423 3859; baseline 0.016 -39"><span class='ocrx_word' id='word_1_726' title='bbox 1843 3766 2153 3836; x_wconf 88' lang='lat' dir='ltr'><strong>addidisset,</strong></span> <span class='ocrx_word' id='word_1_727' title='bbox 2183 3774 2420 3841; x_wconf 89' lang='lat' dir='ltr'><strong>quoniant</strong></span> <span class='ocrx_word' id='word_1_728' title='bbox 2446 3776 2607 3831; x_wconf 85' lang='lat' dir='ltr'><strong>uirum</strong></span> <span class='ocrx_word' id='word_1_729' title='bbox 2627 3795 2727 3832; x_wconf 88' lang='lat' dir='ltr'><strong>non</strong></span> <span class='ocrx_word' id='word_1_730' title='bbox 2751 3796 3033 3851; x_wconf 84' lang='lat' dir='ltr'><strong>cognosco;</strong></span> <span class='ocrx_word' id='word_1_731' title='bbox 3063 3801 3171 3841; x_wconf 91' lang='lat' dir='ltr'><strong>non</strong></span> <span class='ocrx_word' id='word_1_732' title='bbox 3197 3790 3423 3859; x_wconf 62' lang='lat' dir='ltr'><strong>quiesis-</strong></span> 
     </span>
    </p>
   </div>
   <div class='ocr_carea' id='block_1_91' title="bbox 1843 3860 3424 3953">
    <p class='ocr_par' dir='ltr' id='par_1_91' title="bbox 1843 3860 3424 3953">
     <span class='ocr_line' id='line_1_95' title="bbox 1843 3860 3424 3953; baseline 0.016 -42"><span class='ocrx_word' id='word_1_733' title='bbox 1843 3868 1927 3913; x_wconf 92' lang='lat' dir='ltr'><strong>set</strong></span> <span class='ocrx_word' id='word_1_734' title='bbox 1955 3860 2154 3931; x_wconf 80' lang='lat' dir='ltr'><strong>utique,</strong></span> <span class='ocrx_word' id='word_1_735' title='bbox 2184 3866 2503 3933; x_wconf 88' lang='lat' dir='ltr'><strong>promissum</strong></span> <span class='ocrx_word' id='word_1_736' title='bbox 2523 3868 2623 3923; x_wconf 91' lang='lat' dir='ltr'><strong>sibi</strong></span> <span class='ocrx_word' id='word_1_737' title='bbox 2643 3868 2810 3926; x_wconf 89' lang='lat' dir='ltr'><strong>ﬁlium</strong></span> <span class='ocrx_word' id='word_1_738' title='bbox 2830 3876 3098 3943; x_wconf 88' lang='lat' dir='ltr'><strong>quomodo</strong></span> <span class='ocrx_word' id='word_1_739' title='bbox 3118 3876 3314 3935; x_wconf 89' lang='lat' dir='ltr'><strong>femina</strong></span> <span class='ocrx_word' id='word_1_740' title='bbox 3329 3895 3424 3953; x_wconf 88' lang='lat' dir='ltr'><strong>pa-</strong></span> 
     </span>
    </p>
   </div>
   <div class='ocr_carea' id='block_1_92' title="bbox 1845 3950 3423 4033">
    <p class='ocr_par' dir='ltr' id='par_1_92' title="bbox 1845 3950 3423 4033">
     <span class='ocr_line' id='line_1_96' title="bbox 1845 3950 3423 4033; baseline 0.016 -31"><span class='ocrx_word' id='word_1_741' title='bbox 1845 3950 2011 4003; x_wconf 86' lang='lat' dir='ltr'><strong>ritura</strong></span> <span class='ocrx_word' id='word_1_742' title='bbox 2059 3960 2221 4021; x_wconf 85' lang='lat' dir='ltr'><strong>esset,</strong></span> <span class='ocrx_word' id='word_1_743' title='bbox 2275 3956 2322 4010; x_wconf 89' lang='lat' dir='ltr'><strong>si</strong></span> <span class='ocrx_word' id='word_1_744' title='bbox 2373 3958 2716 4015; x_wconf 89' lang='lat' dir='ltr'><strong>concubitura</strong></span> <span class='ocrx_word' id='word_1_745' title='bbox 2764 3965 3052 4033; x_wconf 88' lang='lat' dir='ltr'><strong>nupsisset.</strong></span> <span class='ocrx_word' id='word_1_746' title='bbox 3102 3950 3423 4030; x_wconf 30' lang='lat' dir='ltr'><strong>Poteratvet</strong></span> 
     </span>
    </p>
   </div>
   <div class='ocr_carea' id='block_1_93' title="bbox 1839 4039 3420 4123">
    <p class='ocr_par' dir='ltr' id='par_1_93' title="bbox 1839 4039 3420 4123">
     <span class='ocr_line' id='line_1_97' title="bbox 1839 4039 3420 4123; baseline 0.017 -29"><span class='ocrx_word' id='word_1_747' title='bbox 1839 4039 2016 4110; x_wconf 90' lang='lat' dir='ltr'><strong>juberi</strong></span> <span class='ocrx_word' id='word_1_748' title='bbox 2054 4042 2201 4114; x_wconf 90' lang='lat' dir='ltr'><strong>virgo</strong></span> <span class='ocrx_word' id='word_1_749' title='bbox 2247 4061 2587 4119; x_wconf 87' lang='lat' dir='ltr'><strong>permanere,</strong></span> <span class='ocrx_word' id='word_1_750' title='bbox 2623 4050 2678 4106; x_wconf 90' lang='lat' dir='ltr'><strong>in</strong></span> <span class='ocrx_word' id='word_1_751' title='bbox 2715 4068 2816 4123; x_wconf 88' lang='lat' dir='ltr'><strong>qua</strong></span> <span class='ocrx_word' id='word_1_752' title='bbox 2846 4055 2939 4111; x_wconf 89' lang='lat' dir='ltr'><strong>Dei</strong></span> <span class='ocrx_word' id='word_1_753' title='bbox 2986 4056 3151 4115; x_wconf 88' lang='lat' dir='ltr'><strong>Filius</strong></span> <span class='ocrx_word' id='word_1_754' title='bbox 3194 4060 3420 4120; x_wconf 88' lang='lat' dir='ltr'><strong>formam</strong></span> 
     </span>
    </p>
   </div>
   <div class='ocr_carea' id='block_1_94' title="bbox 1842 4132 3422 4227">
    <p class='ocr_par' dir='ltr' id='par_1_94' title="bbox 1842 4132 3422 4227">
     <span class='ocr_line' id='line_1_98' title="bbox 1842 4132 3422 4227; baseline 0.015 -41"><span class='ocrx_word' id='word_1_755' title='bbox 1842 4132 1981 4188; x_wconf 89' lang='lat' dir='ltr'><strong>servi</strong></span> <span class='ocrx_word' id='word_1_756' title='bbox 2031 4139 2344 4207; x_wconf 88' lang='lat' dir='ltr'><strong>congruenti</strong></span> <span class='ocrx_word' id='word_1_757' title='bbox 2388 4140 2645 4197; x_wconf 89' lang='lat' dir='ltr'><strong>miraculo</strong></span> <span class='ocrx_word' id='word_1_758' title='bbox 2687 4145 2998 4215; x_wconf 90' lang='lat' dir='ltr'><strong>acciperet:</strong></span> <span class='ocrx_word' id='word_1_759' title='bbox 3040 4150 3135 4206; x_wconf 89' lang='lat' dir='ltr'><strong>sed</strong></span> <span class='ocrx_word' id='word_1_760' title='bbox 3174 4158 3422 4227; x_wconf 78' lang='lat' dir='ltr'><strong>exemplo</strong></span> 
     </span>
    </p>
   </div>
   <div class='ocr_carea' id='block_1_95' title="bbox 1841 4225 3420 4318">
    <p class='ocr_par' dir='ltr' id='par_1_95' title="bbox 1841 4225 3420 4318">
     <span class='ocr_line' id='line_1_99' title="bbox 1841 4225 3420 4318; baseline 0.016 -39"><span class='ocrx_word' id='word_1_761' title='bbox 1841 4226 2040 4281; x_wconf 85' lang='lat' dir='ltr'><strong>sanctis</strong></span> <span class='ocrx_word' id='word_1_762' title='bbox 2063 4225 2240 4285; x_wconf 89' lang='lat' dir='ltr'><strong>futura</strong></span> <span class='ocrx_word' id='word_1_763' title='bbox 2260 4232 2572 4302; x_wconf 88' lang='lat' dir='ltr'><strong>virginibus,</strong></span> <span class='ocrx_word' id='word_1_764' title='bbox 2596 4251 2663 4291; x_wconf 91' lang='lat' dir='ltr'><strong>ne</strong></span> <span class='ocrx_word' id='word_1_765' title='bbox 2689 4247 2966 4307; x_wconf 89' lang='lat' dir='ltr'><strong>putaretur</strong></span> <span class='ocrx_word' id='word_1_766' title='bbox 2989 4242 3103 4298; x_wconf 86' lang='lat' dir='ltr'><strong>sola</strong></span> <span class='ocrx_word' id='word_1_767' title='bbox 3133 4244 3281 4318; x_wconf 86' lang='lat' dir='ltr'><strong>virgo</strong></span> 
     </span>
    </p>
   </div>
   <div class='ocr_carea' id='block_1_96' title="bbox 1841 4318 3422 4410">
    <p class='ocr_par' dir='ltr' id='par_1_96' title="bbox 1841 4318 3422 4410">
     <span class='ocr_line' id='line_1_100' title="bbox 1841 4318 3422 4410; baseline 0.016 -38"><span class='ocrx_word' id='word_1_768' title='bbox 1841 4318 2114 4389; x_wconf 89' lang='lat' dir='ltr'><strong>debuisse,</strong></span> <span class='ocrx_word' id='word_1_769' title='bbox 2141 4338 2260 4394; x_wconf 77' lang='lat' dir='ltr'><strong>qua:</strong></span> <span class='ocrx_word' id='word_1_770' title='bbox 2288 4324 2490 4393; x_wconf 90' lang='lat' dir='ltr'><strong>prolem</strong></span> <span class='ocrx_word' id='word_1_771' title='bbox 2516 4327 2675 4381; x_wconf 90' lang='lat' dir='ltr'><strong>etiam</strong></span> <span class='ocrx_word' id='word_1_772' title='bbox 2698 4329 2813 4385; x_wconf 91' lang='lat' dir='ltr'><strong>sine</strong></span> <span class='ocrx_word' id='word_1_773' title='bbox 2830 4333 3114 4390; x_wconf 84' lang='lat' dir='ltr'><strong>concubitu</strong></span> <span class='ocrx_word' id='word_1_774' title='bbox 3139 4339 3422 4410; x_wconf 72' lang='lat' dir='ltr'><strong>concipere</strong></span> 
     </span>
    </p>
   </div>
   <div class='ocr_carea' id='block_1_97' title="bbox 1842 4409 3420 4500">
    <p class='ocr_par' dir='ltr' id='par_1_97' title="bbox 1842 4409 3420 4500">
     <span class='ocr_line' id='line_1_101' title="bbox 1842 4409 3420 4500; baseline 0.015 -37"><span class='ocrx_word' id='word_1_775' title='bbox 1842 4409 2148 4479; x_wconf 85' lang='lat' dir='ltr'><strong>meruisset,</strong></span> <span class='ocrx_word' id='word_1_776' title='bbox 2175 4412 2531 4484; x_wconf 86' lang='lat' dir='ltr'><strong>virginitatem</strong></span> <span class='ocrx_word' id='word_1_777' title='bbox 2576 4418 2686 4475; x_wconf 86' lang='lat' dir='ltr'><strong>Deo</strong></span> <span class='ocrx_word' id='word_1_778' title='bbox 2708 4419 2922 4488; x_wconf 89' lang='lat' dir='ltr'><strong>dicavit,</strong></span> <span class='ocrx_word' id='word_1_779' title='bbox 2950 4438 3072 4479; x_wconf 90' lang='lat' dir='ltr'><strong>cum</strong></span> <span class='ocrx_word' id='word_1_780' title='bbox 3101 4427 3277 4485; x_wconf 87' lang='lat' dir='ltr'><strong>adhuc</strong></span> <span class='ocrx_word' id='word_1_781' title='bbox 3295 4409 3420 4500; x_wconf 82' lang='lat' dir='ltr'><strong>quid</strong></span> 
     </span>
    </p>
   </div>
   <div class='ocr_carea' id='block_1_98' title="bbox 1842 4508 3421 4593">
    <p class='ocr_par' dir='ltr' id='par_1_98' title="bbox 1842 4508 3421 4593">
     <span class='ocr_line' id='line_1_102' title="bbox 1842 4508 3421 4593; baseline 0.015 -38"><span class='ocrx_word' id='word_1_782' title='bbox 1842 4509 1985 4556; x_wconf 90' lang='lat' dir='ltr'><strong>esset</strong></span> <span class='ocrx_word' id='word_1_783' title='bbox 2025 4514 2350 4574; x_wconf 77' lang='lat' dir='ltr'><strong>conceptum</strong></span> <span class='ocrx_word' id='word_1_784' title='bbox 2397 4508 2647 4575; x_wconf 88' lang='lat' dir='ltr'><strong>nesciret,</strong></span> <span class='ocrx_word' id='word_1_785' title='bbox 2691 4521 2749 4565; x_wconf 93' lang='lat' dir='ltr'><strong>ut</strong></span> <span class='ocrx_word' id='word_1_786' title='bbox 2784 4512 2836 4566; x_wconf 92' lang='lat' dir='ltr'><strong>in</strong></span> <span class='ocrx_word' id='word_1_787' title='bbox 2861 4522 3072 4572; x_wconf 90' lang='lat' dir='ltr'><strong>terreno</strong></span> <span class='ocrx_word' id='word_1_788' title='bbox 3106 4522 3421 4593; x_wconf 84' lang='lat' dir='ltr'><strong>mortalique</strong></span> 
     </span>
    </p>
   </div>
   <div class='ocr_carea' id='block_1_99' title="bbox 1840 4596 3419 4683">
    <p class='ocr_par' dir='ltr' id='par_1_99' title="bbox 1840 4596 3419 4683">
     <span class='ocr_line' id='line_1_103' title="bbox 1840 4596 3419 4683; baseline 0.016 -39"><span class='ocrx_word' id='word_1_789' title='bbox 1840 4606 2069 4662; x_wconf 89' lang='lat' dir='ltr'><strong>corpore</strong></span> <span class='ocrx_word' id='word_1_790' title='bbox 2110 4596 2347 4652; x_wconf 76' lang='lat' dir='ltr'><strong>ccclestis</strong></span> <span class='ocrx_word' id='word_1_791' title='bbox 2378 4598 2498 4653; x_wconf 85' lang='lat' dir='ltr'><strong>vitae</strong></span> <span class='ocrx_word' id='word_1_792' title='bbox 2544 4600 2769 4658; x_wconf 87' lang='lat' dir='ltr'><strong>imitatio</strong></span> <span class='ocrx_word' id='word_1_793' title='bbox 2794 4614 2919 4659; x_wconf 90' lang='lat' dir='ltr'><strong>voto</strong></span> <span class='ocrx_word' id='word_1_794' title='bbox 2950 4606 3123 4676; x_wconf 89' lang='lat' dir='ltr'><strong>ﬁeret,</strong></span> <span class='ocrx_word' id='word_1_795' title='bbox 3152 4626 3259 4666; x_wconf 91' lang='lat' dir='ltr'><strong>non</strong></span> <span class='ocrx_word' id='word_1_796' title='bbox 3279 4628 3419 4683; x_wconf 76' lang='lat' dir='ltr'><strong>pra--</strong></span> 
     </span>
    </p>
   </div>
   <div class='ocr_carea' id='block_1_100' title="bbox 1840 4689 3419 4760">
    <p class='ocr_par' dir='ltr' id='par_1_100' title="bbox 1840 4689 3419 4760">
     <span class='ocr_line' id='line_1_104' title="bbox 1840 4689 3419 4760; baseline 0.013 -22"><span class='ocrx_word' id='word_1_797' title='bbox 1840 4693 2026 4753; x_wconf 85' lang='lat' dir='ltr'><strong>cepto;</strong></span> <span class='ocrx_word' id='word_1_798' title='bbox 2050 4702 2232 4743; x_wconf 88' lang='lat' dir='ltr'><strong>amore</strong></span> <span class='ocrx_word' id='word_1_799' title='bbox 2273 4689 2524 4760; x_wconf 89' lang='lat' dir='ltr'><strong>eligendi,</strong></span> <span class='ocrx_word' id='word_1_800' title='bbox 2560 4706 2663 4746; x_wconf 94' lang='lat' dir='ltr'><strong>non</strong></span> <span class='ocrx_word' id='word_1_801' title='bbox 2695 4696 3010 4753; x_wconf 84' lang='lat' dir='ltr'><strong>necessitate</strong></span> <span class='ocrx_word' id='word_1_802' title='bbox 3030 4702 3315 4757; x_wconf 87' lang='lat' dir='ltr'><strong>serviendi.</strong></span> <span class='ocrx_word' id='word_1_803' title='bbox 3344 4703 3419 4758; x_wconf 87' lang='lat' dir='ltr'><strong>lla</strong></span> 
     </span>
    </p>
   </div>
   <div class='ocr_carea' id='block_1_101' title="bbox 1839 4774 3422 4860">
    <p class='ocr_par' dir='ltr' id='par_1_101' title="bbox 1839 4774 3422 4860">
     <span class='ocr_line' id='line_1_105' title="bbox 1839 4774 3422 4860; baseline 0.013 -32"><span class='ocrx_word' id='word_1_804' title='bbox 1839 4774 2087 4833; x_wconf 87' lang='lat' dir='ltr'><strong>Christus</strong></span> <span class='ocrx_word' id='word_1_805' title='bbox 2126 4780 2393 4835; x_wconf 90' lang='lat' dir='ltr'><strong>nascendo</strong></span> <span class='ocrx_word' id='word_1_806' title='bbox 2421 4780 2491 4837; x_wconf 89' lang='lat' dir='ltr'><strong>de</strong></span> <span class='ocrx_word' id='word_1_807' title='bbox 2523 4782 2748 4853; x_wconf 88' lang='lat' dir='ltr'><strong>virgine,</strong></span> <span class='ocrx_word' id='word_1_808' title='bbox 2786 4802 2906 4856; x_wconf 65' lang='lat' dir='ltr'><strong>quae</strong></span> <span class='ocrx_word' id='word_1_809' title='bbox 2942 4799 3224 4860; x_wconf 88' lang='lat' dir='ltr'><strong>antequam</strong></span> <span class='ocrx_word' id='word_1_810' title='bbox 3262 4794 3422 4849; x_wconf 82' lang='lat' dir='ltr'><strong>sciret</strong></span> 
     </span>
    </p>
   </div>
   <div class='ocr_carea' id='block_1_102' title="bbox 1840 4866 3422 4951">
    <p class='ocr_par' dir='ltr' id='par_1_102' title="bbox 1840 4866 3422 4951">
     <span class='ocr_line' id='line_1_106' title="bbox 1840 4866 3422 4951; baseline 0.011 -34"><span class='ocrx_word' id='word_1_811' title='bbox 1840 4866 1963 4935; x_wconf 87' lang='lat' dir='ltr'><strong>quis</strong></span> <span class='ocrx_word' id='word_1_812' title='bbox 1987 4867 2056 4924; x_wconf 88' lang='lat' dir='ltr'><strong>de</strong></span> <span class='ocrx_word' id='word_1_813' title='bbox 2084 4870 2169 4923; x_wconf 89' lang='lat' dir='ltr'><strong>illa</strong></span> <span class='ocrx_word' id='word_1_814' title='bbox 2195 4868 2368 4925; x_wconf 83' lang='lat' dir='ltr'><strong>fuerat</strong></span> <span class='ocrx_word' id='word_1_815' title='bbox 2394 4871 2714 4939; x_wconf 89' lang='lat' dir='ltr'><strong>nasciturus,</strong></span> <span class='ocrx_word' id='word_1_816' title='bbox 2750 4876 2898 4947; x_wconf 89' lang='lat' dir='ltr'><strong>virgo</strong></span> <span class='ocrx_word' id='word_1_817' title='bbox 2934 4888 3190 4935; x_wconf 87' lang='lat' dir='ltr'><strong>statuerat</strong></span> <span class='ocrx_word' id='word_1_818' title='bbox 3210 4898 3422 4951; x_wconf 82' lang='lat' dir='ltr'><strong>perma-</strong></span> 
     </span>
    </p>
   </div>
   <div class='ocr_carea' id='block_1_103' title="bbox 1842 4960 3417 5042">
    <p class='ocr_par' dir='ltr' id='par_1_103' title="bbox 1842 4960 3417 5042">
     <span class='ocr_line' id='line_1_107' title="bbox 1842 4960 3417 5042; baseline 0.011 -32"><span class='ocrx_word' id='word_1_819' title='bbox 1842 4970 1997 5027; x_wconf 90' lang='lat' dir='ltr'><strong>nere,</strong></span> <span class='ocrx_word' id='word_1_820' title='bbox 2022 4960 2375 5030; x_wconf 88' lang='lat' dir='ltr'><strong>virginitatem</strong></span> <span class='ocrx_word' id='word_1_821' title='bbox 2406 4972 2645 5017; x_wconf 90' lang='lat' dir='ltr'><strong>sanctam</strong></span> <span class='ocrx_word' id='word_1_822' title='bbox 2690 4966 2989 5035; x_wconf 88' lang='lat' dir='ltr'><strong>approbare</strong></span> <span class='ocrx_word' id='word_1_823' title='bbox 3018 4969 3230 5034; x_wconf 81' lang='lat' dir='ltr'><strong>maluit,</strong></span> <span class='ocrx_word' id='word_1_824' title='bbox 3259 4987 3417 5042; x_wconf 91' lang='lat' dir='ltr'><strong>quam</strong></span> 
     </span>
    </p>
   </div>
   <div class='ocr_carea' id='block_1_104' title="bbox 1841 5049 3418 5133">
    <p class='ocr_par' dir='ltr' id='par_1_104' title="bbox 1841 5049 3418 5133">
     <span class='ocr_line' id='line_1_108' title="bbox 1841 5049 3418 5133; baseline 0.011 -29"><span class='ocrx_word' id='word_1_825' title='bbox 1841 5049 2130 5123; x_wconf 84' lang='lat' dir='ltr'><strong>imperare.</strong></span> <span class='ocrx_word' id='word_1_826' title='bbox 2161 5053 2241 5109; x_wconf 84' lang='lat' dir='ltr'><strong>Ac</strong></span> <span class='ocrx_word' id='word_1_827' title='bbox 2265 5053 2342 5108; x_wconf 91' lang='lat' dir='ltr'><strong>sic</strong></span> <span class='ocrx_word' id='word_1_828' title='bbox 2365 5055 2522 5109; x_wconf 89' lang='lat' dir='ltr'><strong>etiam</strong></span> <span class='ocrx_word' id='word_1_829' title='bbox 2555 5056 2605 5109; x_wconf 93' lang='lat' dir='ltr'><strong>in</strong></span> <span class='ocrx_word' id='word_1_830' title='bbox 2636 5056 2748 5126; x_wconf 89' lang='lat' dir='ltr'><strong>ipsa</strong></span> <span class='ocrx_word' id='word_1_831' title='bbox 2772 5056 2965 5115; x_wconf 91' lang='lat' dir='ltr'><strong>femina</strong></span> <span class='ocrx_word' id='word_1_832' title='bbox 2989 5060 3164 5133; x_wconf 90' lang='lat' dir='ltr'><strong>inqua</strong></span> <span class='ocrx_word' id='word_1_833' title='bbox 3194 5064 3418 5122; x_wconf 87' lang='lat' dir='ltr'><strong>formam</strong></span> 
     </span>
    </p>
   </div>
   <div class='ocr_carea' id='block_1_105' title="bbox 1839 5145 3203 5216">
    <p class='ocr_par' dir='ltr' id='par_1_105' title="bbox 1839 5145 3203 5216">
     <span class='ocr_line' id='line_1_109' title="bbox 1839 5145 3203 5216; baseline 0.01 -19"><span class='ocrx_word' id='word_1_834' title='bbox 1839 5146 1984 5200; x_wconf 85' lang='lat' dir='ltr'><strong>servi</strong></span> <span class='ocrx_word' id='word_1_835' title='bbox 2003 5145 2227 5215; x_wconf 89' lang='lat' dir='ltr'><strong>accepit,</strong></span> <span class='ocrx_word' id='word_1_836' title='bbox 2252 5145 2604 5216; x_wconf 85' lang='lat' dir='ltr'><strong>virginitatem</strong></span> <span class='ocrx_word' id='word_1_837' title='bbox 2624 5163 2742 5203; x_wconf 88' lang='lat' dir='ltr'><strong>esse</strong></span> <span class='ocrx_word' id='word_1_838' title='bbox 2770 5149 2990 5207; x_wconf 89' lang='lat' dir='ltr'><strong>liberam</strong></span> <span class='ocrx_word' id='word_1_839' title='bbox 3018 5156 3203 5210; x_wconf 89' lang='lat' dir='ltr'><strong>voluit.</strong></span> 
     </span>
    </p>
   </div>
   <div class='ocr_carea' id='block_1_106' title="bbox 1909 5257 3417 5330">
    <p class='ocr_par' dir='ltr' id='par_1_106' title="bbox 1909 5257 3417 5330">
     <span class='ocr_line' id='line_1_110' title="bbox 1909 5257 3417 5330; baseline 0.009 -17"><span class='ocrx_word' id='word_1_840' title='bbox 1909 5257 2138 5314; x_wconf 84' lang='lat' dir='ltr'><strong>CAPUT</strong></span> <span class='ocrx_word' id='word_1_841' title='bbox 2178 5257 2241 5313; x_wconf 85' lang='lat' dir='ltr'><strong>V.</strong></span> <span class='ocrx_word' id='word_1_842' title='bbox 2270 5288 2341 5299; x_wconf 96' lang='lat'><strong>—</strong></span> <span class='ocrx_word' id='word_1_843' title='bbox 2361 5260 2414 5313; x_wconf 86' lang='lat'><strong>5.</strong></span> <span class='ocrx_word' id='word_1_844' title='bbox 2456 5257 2715 5330; x_wconf 85' lang='lat' dir='ltr'><strong>Virginum</strong></span> <span class='ocrx_word' id='word_1_845' title='bbox 2741 5263 2962 5317; x_wconf 88' lang='lat' dir='ltr'><strong>onmium</strong></span> <span class='ocrx_word' id='word_1_846' title='bbox 2992 5266 3141 5322; x_wconf 88' lang='lat' dir='ltr'><strong>decus</strong></span> <span class='ocrx_word' id='word_1_847' title='bbox 3172 5280 3242 5324; x_wconf 82' lang='lat' dir='ltr'><strong>est</strong></span> <span class='ocrx_word' id='word_1_848' title='bbox 3271 5273 3417 5327; x_wconf 85' lang='lat' dir='ltr'><strong>unius</strong></span> 
     </span>
    </p>
   </div>
   <div class='ocr_carea' id='block_1_107' title="bbox 1849 5349 3417 5427">
    <p class='ocr_par' dir='ltr' id='par_1_107' title="bbox 1849 5349 3417 5427">
     <span class='ocr_line' id='line_1_111' title="bbox 1849 5349 3417 5427; baseline 0.009 -23"><span class='ocrx_word' id='word_1_849' title='bbox 1849 5349 2072 5424; x_wconf 85' lang='lat' dir='ltr'><strong>Virginis</strong></span> <span class='ocrx_word' id='word_1_850' title='bbox 2093 5362 2288 5421; x_wconf 89' lang='lat' dir='ltr'><strong>partus.</strong></span> <span class='ocrx_word' id='word_1_851' title='bbox 2327 5351 2554 5423; x_wconf 85' lang='lat' dir='ltr'><strong>Virgines</strong></span> <span class='ocrx_word' id='word_1_852' title='bbox 2582 5363 2628 5406; x_wconf 86' lang='lat' dir='ltr'><strong>et</strong></span> <span class='ocrx_word' id='word_1_853' title='bbox 2655 5354 2780 5422; x_wconf 81' lang='lat' dir='ltr'><strong>ipsa:</strong></span> <span class='ocrx_word' id='word_1_854' title='bbox 2805 5356 2983 5427; x_wconf 87' lang='lat' dir='ltr'><strong>spiritu</strong></span> <span class='ocrx_word' id='word_1_855' title='bbox 3010 5374 3192 5415; x_wconf 86' lang='lat' dir='ltr'><strong>matres</strong></span> <span class='ocrx_word' id='word_1_856' title='bbox 3213 5363 3417 5418; x_wconf 81' lang='lat' dir='ltr'><strong>Christi.</strong></span> 
     </span>
    </p>
   </div>
   <div class='ocr_carea' id='block_1_108' title="bbox 1838 5438 3417 5524">
    <p class='ocr_par' dir='ltr' id='par_1_108' title="bbox 1838 5438 3417 5524">
     <span class='ocr_line' id='line_1_112' title="bbox 1838 5438 3417 5524; baseline 0.009 -29"><span class='ocrx_word' id='word_1_857' title='bbox 1838 5438 1960 5497; x_wconf 83' lang='lat' dir='ltr'><strong>Non</strong></span> <span class='ocrx_word' id='word_1_858' title='bbox 1999 5452 2082 5497; x_wconf 89' lang='lat' dir='ltr'><strong>est</strong></span> <span class='ocrx_word' id='word_1_859' title='bbox 2120 5457 2246 5512; x_wconf 87' lang='lat' dir='ltr'><strong>ergo</strong></span> <span class='ocrx_word' id='word_1_860' title='bbox 2276 5458 2371 5497; x_wconf 88' lang='lat' dir='ltr'><strong>cur</strong></span> <span class='ocrx_word' id='word_1_861' title='bbox 2415 5442 2506 5497; x_wconf 91' lang='lat' dir='ltr'><strong>Dei</strong></span> <span class='ocrx_word' id='word_1_862' title='bbox 2549 5443 2774 5514; x_wconf 89' lang='lat' dir='ltr'><strong>virgines</strong></span> <span class='ocrx_word' id='word_1_863' title='bbox 2816 5449 3226 5518; x_wconf 87' lang='lat' dir='ltr'><strong>contristentur,</strong></span> <span class='ocrx_word' id='word_1_864' title='bbox 3277 5457 3417 5524; x_wconf 83' lang='lat' dir='ltr'><strong>quod</strong></span> 
     </span>
    </p>
   </div>
   <div class='ocr_carea' id='block_1_109' title="bbox 1839 5532 3417 5603">
    <p class='ocr_par' dir='ltr' id='par_1_109' title="bbox 1839 5532 3417 5603">
     <span class='ocr_line' id='line_1_113' title="bbox 1839 5532 3417 5603; baseline 0.011 -18"><span class='ocrx_word' id='word_1_865' title='bbox 1839 5534 2002 5589; x_wconf 81' lang='lat' dir='ltr'><strong>etiam</strong></span> <span class='ocrx_word' id='word_1_866' title='bbox 2033 5534 2159 5603; x_wconf 64' lang='lat' dir='ltr'><strong>ipsa:</strong></span> <span class='ocrx_word' id='word_1_867' title='bbox 2186 5532 2484 5603; x_wconf 76' lang='lat' dir='ltr'><strong>virginitate</strong></span> <span class='ocrx_word' id='word_1_868' title='bbox 2506 5545 2711 5589; x_wconf 87' lang='lat' dir='ltr'><strong>servata</strong></span> <span class='ocrx_word' id='word_1_869' title='bbox 2743 5546 2941 5594; x_wconf 89' lang='lat' dir='ltr'><strong>matres</strong></span> <span class='ocrx_word' id='word_1_870' title='bbox 2965 5543 3139 5597; x_wconf 87' lang='lat' dir='ltr'><strong>carnis</strong></span> <span class='ocrx_word' id='word_1_871' title='bbox 3168 5559 3289 5599; x_wconf 88' lang='lat' dir='ltr'><strong>esse</strong></span> <span class='ocrx_word' id='word_1_872' title='bbox 3312 5560 3417 5602; x_wconf 88' lang='lat' dir='ltr'><strong>non</strong></span> 
     </span>
    </p>
   </div>
   <div class='ocr_carea' id='block_1_110' title="bbox 1330 5654 2254 5702">
    <p class='ocr_par' dir='ltr' id='par_1_110' title="bbox 1330 5654 2254 5702">
     <span class='ocr_line' id='line_1_114' title="bbox 1330 5654 2254 5702; baseline 0.004 -9"><span class='ocrx_word' id='word_1_873' title='bbox 1330 5654 1616 5695; x_wconf 67' lang='lat' dir='ltr'><strong>ADIONITIO</strong></span> <span class='ocrx_word' id='word_1_874' title='bbox 1652 5656 1732 5696; x_wconf 76' lang='lat' dir='ltr'><strong>PP.</strong></span> <span class='ocrx_word' id='word_1_875' title='bbox 1774 5660 2231 5702; x_wconf 66' lang='lat' dir='ltr'><strong>BENEDICTINURUN</strong></span> <span class='ocrx_word' id='word_1_876' title='bbox 2240 5683 2254 5697; x_wconf 85' lang='lat'><strong>.</strong></span> 
     </span>
    </p>
   </div>
   <div class='ocr_carea' id='block_1_111' title="bbox 186 5726 3421 5819">
    <p class='ocr_par' dir='ltr' id='par_1_111' title="bbox 186 5726 3421 5819">
     <span class='ocr_line' id='line_1_115' title="bbox 186 5726 3421 5819; baseline -0.001 3"><span class='ocrx_word' id='word_1_877' title='bbox 186 5726 378 5775; x_wconf 60' lang='lat' dir='ltr'><strong>“mm</strong></span> <span class='ocrx_word' id='word_1_878' title='bbox 401 5731 665 5819; x_wconf 61' lang='grc' dir='ltr'><strong>³⁸⁵³³σῇ</strong></span> <span class='ocrx_word' id='word_1_879' title='bbox 690 5729 1381 5819; x_wconf 53' lang='grc' dir='ltr'><strong>νπωωξὲθιεσξβαάθνωὲξξε.</strong></span> <span class='ocrx_word' id='word_1_880' title='bbox 1402 5728 1461 5779; x_wconf 65' lang='grc' dir='ltr'><strong>δί’</strong></span> <span class='ocrx_word' id='word_1_881' title='bbox 1478 5729 1797 5819; x_wconf 47' lang='lat' dir='ltr'><strong>“mem”?</strong></span> <span class='ocrx_word' id='word_1_882' title='bbox 1818 5745 2026 5787; x_wconf 72' lang='grc' dir='ltr'><strong>νθεετθε</strong></span> <span class='ocrx_word' id='word_1_883' title='bbox 2047 5735 2241 5808; x_wconf 62' lang='grc' dir='ltr'><strong>οοᾲίοεε</strong></span> <span class='ocrx_word' id='word_1_884' title='bbox 2268 5734 2411 5819; x_wconf 56' lang='lat' dir='ltr'><strong>ius»</strong></span> <span class='ocrx_word' id='word_1_885' title='bbox 2458 5736 2526 5819; x_wconf 53' lang='grc' dir='ltr'><strong>ηιξ.</strong></span> <span class='ocrx_word' id='word_1_886' title='bbox 2551 5736 3319 5819; x_wconf 42' lang='grc' dir='ltr'><strong>ερεδείεέιεεξιξξρξαξιὲιιεειωιιωξ</strong></span> <span class='ocrx_word' id='word_1_887' title='bbox 3175 5744 3185 5755; x_wconf 90' lang='grc'><strong>·</strong></span> <span class='ocrx_word' id='word_1_888' title='bbox 3274 5810 3283 5819; x_wconf 90' lang='grc'>.</span> <span class='ocrx_word' id='word_1_889' title='bbox 3322 5783 3335 5807; x_wconf 73' lang='grc' dir='ltr'>ι</span> <span class='ocrx_word' id='word_1_890' title='bbox 3361 5753 3421 5819; x_wconf 70' lang='lat' dir='ltr'><strong>ad.</strong></span> 
     </span>
     <span class='ocr_line' id='line_1_116' title="bbox 186 5790 2825 5819; baseline 0 0"><span class='ocrx_word' id='word_1_891' title='bbox 186 5790 421 5819; x_wconf 69' lang='grc' dir='ltr'><strong>τηιὶιιηιιηι</strong></span> <span class='ocrx_word' id='word_1_892' title='bbox 472 5796 617 5819; x_wconf 70' lang='lat' dir='ltr'><strong>0mm</strong></span> <span class='ocrx_word' id='word_1_893' title='bbox 662 5801 835 5819; x_wconf 68' lang='lat' dir='ltr'><strong>oneum</strong></span> <span class='ocrx_word' id='word_1_894' title='bbox 938 5799 979 5819; x_wconf 69' lang='grc' dir='ltr'><strong>ιιι</strong></span> <span class='ocrx_word' id='word_1_895' title='bbox 998 5799 1073 5819; x_wconf 75' lang='lat' dir='ltr'><strong>mn</strong></span> <span class='ocrx_word' id='word_1_896' title='bbox 1095 5802 1223 5819; x_wconf 78' lang='lat' dir='ltr'><strong>annm</strong></span> <span class='ocrx_word' id='word_1_897' title='bbox 1328 5804 1364 5819; x_wconf 76' lang='lat' dir='ltr'><strong>ac</strong></span> <span class='ocrx_word' id='word_1_898' title='bbox 1392 5804 1662 5819; x_wconf 67' lang='lat' dir='ltr'><strong>annlnnnnm</strong></span> <span class='ocrx_word' id='word_1_899' title='bbox 1718 5807 1740 5819; x_wconf 76' lang='grc' dir='ltr'><strong><em>η</em></strong></span> <span class='ocrx_word' id='word_1_900' title='bbox 1798 5802 1861 5819; x_wconf 80' lang='grc' dir='ltr'><strong>ιι..</strong></span> <span class='ocrx_word' id='word_1_901' title='bbox 1912 5806 2157 5819; x_wconf 64' lang='grc' dir='ltr'><strong>η,...ι......,.</strong></span> <span class='ocrx_word' id='word_1_902' title='bbox 2182 5804 2266 5819; x_wconf 65' lang='grc' dir='ltr'><strong>π--</strong></span> <span class='ocrx_word' id='word_1_903' title='bbox 2292 5811 2401 5819; x_wconf 61' lang='grc' dir='ltr'><strong>--.μ</strong></span> <span class='ocrx_word' id='word_1_904' title='bbox 2470 5812 2492 5819; x_wconf 74' lang='lat'><strong>-</strong></span> <span class='ocrx_word' id='word_1_905' title='bbox 2563 5812 2585 5819; x_wconf 83' lang='grc'><strong>-</strong></span> <span class='ocrx_word' id='word_1_906' title='bbox 2610 5812 2705 5819; x_wconf 78' lang='grc'><strong>-.....</strong></span> <span class='ocrx_word' id='word_1_907' title='bbox 2760 5814 2825 5819; x_wconf 29' lang='grc' dir='ltr'><strong>γ--</strong></span> 
     </span>
    </p>
   </div>
   <div class='ocr_carea' id='block_1_112' title="bbox 135 5787 3422 5874">
    <p class='ocr_par' dir='ltr' id='par_1_112' title="bbox 135 5787 3422 5874">
     <span class='ocr_line' id='line_1_117' title="bbox 135 5787 3422 5874; baseline 0.005 -38"><span class='ocrx_word' id='word_1_908' title='bbox 135 5787 444 5847; x_wconf 72' lang='lat' dir='ltr'><strong>Bigotianum,</strong></span> <span class='ocrx_word' id='word_1_909' title='bbox 472 5787 837 5874; x_wconf 55' lang='lat' dir='ltr'><strong>PratellenIStlSm</strong></span> <span class='ocrx_word' id='word_1_910' title='bbox 856 5821 871 5858; x_wconf 83' lang='lat'><strong>,_</strong></span> <span class='ocrx_word' id='word_1_911' title='bbox 893 5787 1252 5858; x_wconf 70' lang='lat' dir='ltr'><strong>ttichaelinum,</strong></span> <span class='ocrx_word' id='word_1_912' title='bbox 1293 5792 1688 5864; x_wconf 72' lang='lat' dir='ltr'><strong>Cisterciensem,</strong></span> <span class='ocrx_word' id='word_1_913' title='bbox 1717 5794 1776 5843; x_wconf 89' lang='lat' dir='ltr'><strong>ad</strong></span> <span class='ocrx_word' id='word_1_914' title='bbox 1797 5802 1880 5874; x_wconf 51' lang='lat' dir='ltr'><strong>trs.</strong></span> <span class='ocrx_word' id='word_1_915' title='bbox 1908 5787 2432 5874; x_wconf 54' lang='lat' dir='ltr'><strong>perpensis_E_‘.et:lesi_:e2</strong></span> <span class='ocrx_word' id='word_1_916' title='bbox 2469 5787 2528 5848; x_wconf 72' lang='lat' dir='ltr'><strong>ad</strong></span> <span class='ocrx_word' id='word_1_917' title='bbox 2561 5787 3340 5874; x_wconf 37' lang='lat' dir='ltr'><strong>*peaééieﬁime—n‘gn&quot;,</strong></span> <span class='ocrx_word' id='word_1_918' title='bbox 3361 5787 3422 5859; x_wconf 57' lang='lat'><strong>:3</strong></span> 
     </span>
     <span class='ocr_line' id='line_1_118' title="bbox 137 5852 2056 5874; baseline 0.004 -1"><span class='ocrx_word' id='word_1_919' title='bbox 137 5852 368 5874; x_wconf 50' lang='lat' dir='ltr'><strong>un..-“</strong></span> <span class='ocrx_word' id='word_1_920' title='bbox 395 5858 613 5874; x_wconf 54' lang='lat' dir='ltr'><strong>mm...“</strong></span> <span class='ocrx_word' id='word_1_921' title='bbox 634 5865 645 5874; x_wconf 94' lang='lat'><strong>.</strong></span> <span class='ocrx_word' id='word_1_922' title='bbox 673 5862 719 5874; x_wconf 85' lang='grc'><strong>..,</strong></span> <span class='ocrx_word' id='word_1_923' title='bbox 780 5857 999 5874; x_wconf 48' lang='lat' dir='ltr'><strong>Mum...</strong></span> <span class='ocrx_word' id='word_1_924' title='bbox 1024 5859 1262 5874; x_wconf 25' lang='lat' dir='ltr'><strong>..............A.</strong></span> <span class='ocrx_word' id='word_1_925' title='bbox 1286 5859 1297 5874; x_wconf 91' lang='lat'><strong>.</strong></span> <span class='ocrx_word' id='word_1_926' title='bbox 1318 5865 1645 5874; x_wconf 38' lang='lat' dir='ltr'><strong>“unum...</strong></span> <span class='ocrx_word' id='word_1_927' title='bbox 1677 5868 1732 5874; x_wconf 79' lang='lat'><strong>-_</strong></span> <span class='ocrx_word' id='word_1_928' title='bbox 1945 5866 1999 5874; x_wconf 72' lang='lat'><strong>--</strong></span> <span class='ocrx_word' id='word_1_929' title='bbox 2037 5873 2056 5874; x_wconf 50' lang='grc' dir='ltr'>ρ</span> 
     </span>
    </p>
   </div>
   <div class='ocr_carea' id='block_1_113' title="bbox 137 5847 3230 5923">
    <p class='ocr_par' dir='ltr' id='par_1_113' title="bbox 137 5847 3230 5923">
     <span class='ocr_line' id='line_1_119' title="bbox 137 5847 3230 5923; baseline 0.009 -34"><span class='ocrx_word' id='word_1_930' title='bbox 137 5852 372 5900; x_wconf 64' lang='lat' dir='ltr'><strong>vannos</strong></span> <span class='ocrx_word' id='word_1_931' title='bbox 392 5858 613 5914; x_wconf 78' lang='lat' dir='ltr'><strong>quatuor</strong></span> <span class='ocrx_word' id='word_1_932' title='bbox 632 5865 647 5911; x_wconf 90' lang='lat'>;</span> <span class='ocrx_word' id='word_1_933' title='bbox 672 5850 734 5899; x_wconf 82' lang='lat' dir='ltr'><strong>ad</strong></span> <span class='ocrx_word' id='word_1_934' title='bbox 758 5847 1003 5898; x_wconf 82' lang='lat' dir='ltr'><strong>lectiones</strong></span> <span class='ocrx_word' id='word_1_935' title='bbox 1024 5847 1265 5901; x_wconf 81' lang='lat' dir='ltr'><strong>variantes</strong></span> <span class='ocrx_word' id='word_1_936' title='bbox 1286 5855 1648 5903; x_wconf 85' lang='lat' dir='ltr'><strong>Lovaniensium</strong></span> <span class='ocrx_word' id='word_1_937' title='bbox 1672 5847 1735 5907; x_wconf 82' lang='lat' dir='ltr'><strong>ex</strong></span> <span class='ocrx_word' id='word_1_938' title='bbox 1760 5859 1919 5907; x_wconf 81' lang='lat' dir='ltr'><strong>tribus</strong></span> <span class='ocrx_word' id='word_1_939' title='bbox 1945 5858 2151 5923; x_wconf 83' lang='lat' dir='ltr'><strong>Belgicis</strong></span> <span class='ocrx_word' id='word_1_940' title='bbox 2170 5847 2309 5921; x_wconf 67' lang='lat' dir='ltr'><strong>Mss,</strong></span> <span class='ocrx_word' id='word_1_941' title='bbox 2325 5847 2378 5912; x_wconf 82' lang='lat' dir='ltr'><strong>et</strong></span> <span class='ocrx_word' id='word_1_942' title='bbox 2399 5847 2596 5911; x_wconf 78' lang='lat' dir='ltr'><strong>domum</strong></span> <span class='ocrx_word' id='word_1_943' title='bbox 2612 5847 3230 5917; x_wconf 45' lang='lat' dir='ltr'><strong>aiédiab&#39;dé‘shﬁiizii</strong></span> 
     </span>
    </p>
   </div>
   <div class='ocr_carea' id='block_1_114' title="bbox 201 5934 3336 6026">
    <p class='ocr_par' dir='ltr' id='par_1_114' title="bbox 201 5934 3336 6026">
     <span class='ocr_line' id='line_1_120' title="bbox 201 5934 3336 6026; baseline 0.004 -29"><span class='ocrx_word' id='word_1_944' title='bbox 201 5934 728 6015; x_wconf 73' lang='lat' dir='ltr'><strong>Comparavimus</strong></span> <span class='ocrx_word' id='word_1_945' title='bbox 755 5947 1055 6017; x_wconf 73' lang='lat' dir='ltr'><strong>praterea</strong></span> <span class='ocrx_word' id='word_1_946' title='bbox 1090 5954 1187 5999; x_wconf 82' lang='lat' dir='ltr'><strong>eas</strong></span> <span class='ocrx_word' id='word_1_947' title='bbox 1241 5956 1442 6000; x_wconf 82' lang='lat' dir='ltr'><strong>omnes</strong></span> <span class='ocrx_word' id='word_1_948' title='bbox 1476 5940 1774 6006; x_wconf 80' lang='lat' dir='ltr'><strong>editiones</strong></span> <span class='ocrx_word' id='word_1_949' title='bbox 1802 5942 1993 6015; x_wconf 76' lang='lat' dir='ltr'><strong>initio</strong></span> <span class='ocrx_word' id='word_1_950' title='bbox 2026 5945 2195 6009; x_wconf 79' lang='lat' dir='ltr'><strong>Retr.</strong></span> <span class='ocrx_word' id='word_1_951' title='bbox 2216 5952 2271 6006; x_wconf 82' lang='lat' dir='ltr'><strong>et</strong></span> <span class='ocrx_word' id='word_1_952' title='bbox 2302 5942 2588 6010; x_wconf 90' lang='lat' dir='ltr'><strong>Confess.</strong></span> <span class='ocrx_word' id='word_1_953' title='bbox 2624 5955 2667 6007; x_wconf 90' lang='lat' dir='ltr'><strong>t.</strong></span> <span class='ocrx_word' id='word_1_954' title='bbox 2698 5947 2757 6026; x_wconf 81' lang='grc'><strong>1,</strong></span> <span class='ocrx_word' id='word_1_955' title='bbox 2785 5957 3167 6009; x_wconf 85' lang='lat' dir='ltr'><strong>memoratas.</strong></span> <span class='ocrx_word' id='word_1_956' title='bbox 3253 5952 3336 6012; x_wconf 77' lang='grc' dir='ltr'><strong>Μ.</strong></span> 
     </span>
    </p>
   </div>
  </div>
