4048 6506
562 492 665 546 399

558 608 796 671 possunt.
827 597 974 651 Illum
1002 596 1143 651 enim
1173 595 1342 649 solum
1372 592 1648 661 virginitas
1676 590 1930 646 decenter
1957 604 2142 659 parere

559 699 755 759 posset,
779 689 869 758 qui
895 689 946 741 in
968 702 1061 741 sua
1091 685 1369 739 nativitate
1393 698 1571 752 parem
1594 681 1793 736 habere
1814 696 1920 735 non
1944 688 2141 750 posset.

556 778 934 833 Verumtamen
960 777 1047 831 ille
1065 777 1219 829 unius
1237 783 1436 829 sancta:
1454 772 1685 843 Virginis
1709 780 1891 842 partus
1908 771 2144 826 omnium

554 878 856 923 sanctarum
908 860 1171 935 virginum
1211 873 1293 919 est
1320 864 1505 919 decus.
1550 864 1617 918 Et
1645 863 1773 933 ipsae
1816 878 1936 917 cum
1984 862 2145 915 Maria

556 969 750 1014 matres
780 957 977 1013 Christi
1020 967 1171 1020 sunt,
1213 957 1257 1010 si
1290 954 1463 1009 Patris
1500 955 1617 1024 ejus
1662 954 1863 1009 faciunt
1900 954 2146 1006 volunta-

553 1063 681 1105 tem.
727 1050 863 1105 Hinc
898 1048 1041 1104 enim
1086 1057 1137 1102 et
1183 1047 1345 1101 Maria
1384 1046 1697 1101 laudabilius
1736 1053 1896 1115 atque
1941 1044 2146 1099 beatius

552 1144 750 1197 Christi
783 1150 953 1197 mater
987 1151 1097 1208 est,
1143 1140 1435 1195 secundum
1464 1154 1625 1209 supra
1656 1148 2003 1194 memoratam
2030 1138 2147 1207 ejus

553 1234 918 1288 sententiam:
970 1231 1283 1301 Quicumque
1320 1230 1443 1299 facit
1484 1230 1789 1283 voluntatem
1833 1227 2007 1281 Patris
2051 1228 2147 1280 mei

554 1326 639 1395 qui
665 1326 717 1378 in
746 1325 882 1379 cwlis
911 1334 1005 1388 est,
1037 1324 1145 1395 ipse
1172 1324 1294 1375 mihi
1324 1327 1503 1395 frater,
1533 1332 1577 1376 et
1605 1339 1765 1387 soror,
1796 1331 1839 1376 et
1866 1332 2026 1376 mater
2053 1332 2142 1375 cst.

557 1419 662 1473 llas
688 1419 786 1473 sibi
813 1433 999 1471 onmes
1030 1417 1467 1487 propinquitates,
1502 1415 1552 1469 in
1586 1416 1781 1486 populo
1806 1430 1963 1485 quem
1991 1413 2148 1469 rede-

558 1514 684 1578 mit,
714 1512 1060 1583 spiritualiter
1099 1509 1357 1564 exhibet:
1404 1510 1593 1563 fratres
1633 1520 1685 1562 et
1727 1521 1946 1563 sorores
1989 1506 2149 1561 habet

557 1613 772 1659 sanctos
800 1604 943 1657 viros
974 1610 1028 1657 et
1053 1611 1263 1657 sanctas
1293 1601 1515 1655 feminas
1535 1642 1549 1667 ,
1571 1601 1821 1671 quoniam
1845 1608 1971 1655 sunt
1990 1600 2063 1653 illi
2092 1615 2145 1653 tn

554 1695 759 1750 caelesti
806 1693 1115 1747 Increditate
1158 1692 1487 1747 colueredes.
1538 1692 1703 1747 Mater
1742 1692 1859 1763 ejus
1903 1703 1985 1747 est
2039 1699 2147 1746 tota

559 1787 793 1842 Ecclesia
814 1829 827 1852 ,
860 1785 980 1855 quia
1011 1785 1248 1839 membra
1280 1785 1396 1853 ejus
1416 1825 1430 1848 ,
1465 1784 1514 1838 id
1542 1792 1623 1838 cst
1644 1827 1658 1849 ,
1703 1785 1885 1837 ﬁdeles
1913 1784 2026 1853 ejus
2054 1798 2149 1853 per

559 1879 652 1933 Dei
684 1878 904 1948 gratiam
950 1878 1061 1948 ipsa
1112 1878 1295 1946 utique
1332 1877 1489 1947 parit.
1531 1877 1661 1931 ltem
1697 1886 1867 1931 mater
1904 1877 2020 1945 ejus
2068 1882 2150 1929 est

558 1970 733 2024 omnis
760 1970 932 2023 anima
965 1970 1081 2039 pia,
1114 1967 1313 2023 faciens
1342 1968 1667 2022 voluntatem
1713 1968 1883 2022 Patris
1911 1967 2027 2036 ejus
2069 1966 2147 2021 fe-

556 2062 884 2117 cundissima
930 2061 1189 2115 charitate
1212 2104 1225 2124 ,
1260 2061 1311 2114 in
1344 2061 1409 2113 iis
1448 2076 1581 2129 quos
1612 2060 1869 2129 parturit,
1899 2058 2069 2113 donec
2100 2057 2151 2111 in

553 2154 637 2208 eis
665 2152 781 2223 ipse
818 2151 1077 2206 formetur
1107 2149 1300 2225 (Colat.
1334 2165 1423 2217 tv,
1459 2149 1569 2222 19).
1603 2149 1764 2203 Maria
1795 2164 1923 2219 ergo
1950 2148 2152 2203 faciens

556 2245 883 2301 voluntatem
910 2244 1033 2310 Dei,
1058 2244 1405 2313 corporaliter
1425 2242 1624 2296 Christi
1649 2239 2015 2297 tantummodo
2042 2256 2153 2294 ma-

555 2345 645 2392 ter
673 2344 755 2391 est
775 2376 790 2402 ,
822 2334 1170 2407 spiritualitcr
1197 2342 1373 2387 autem
1401 2342 1453 2387 et
1477 2348 1629 2387 soror
1657 2342 1711 2388 et
1742 2342 1929 2387 mater.

628 2425 855 2482 CAPUT
890 2426 972 2481 Vl.
987 2455 1057 2464 —
1072 2424 1122 2480 6.
1153 2424 1277 2479 Sola
1303 2423 1470 2476 Maria
1491 2440 1699 2494 corpore
1718 2439 1778 2476 ac
1798 2424 1979 2492 spiritu
2000 2423 2153 2478 simul

552 2520 698 2591 virgo
722 2527 769 2573 et
789 2528 968 2572 mater.
1002 2518 1078 2572 Ac
1108 2532 1206 2587 per
1233 2518 1333 2571 hoc
1364 2517 1449 2571 illa
1478 2533 1580 2571 una
1609 2516 1824 2583 femina,
1854 2533 1959 2572 non
1982 2519 2153 2572 Solum

558 2611 780 2681 spiritu,
807 2624 996 2664 verum
1028 2609 1187 2664 etiam
1220 2624 1446 2677 corpore
1466 2651 1478 2673 ,
1511 2617 1565 2662 ct
1594 2618 1764 2663 mater
1788 2617 1871 2664 est
1899 2618 1949 2663 et
1980 2608 2151 2679 virgo.

565 2704 631 2757 Et
659 2710 829 2758 mater
855 2701 1065 2773 quidem
1094 2700 1304 2771 spiritu,
1338 2716 1443 2755 non
1470 2701 1656 2770 capitis
1686 2703 1875 2767 nostri,
1906 2701 2047 2771 quod
2076 2711 2158 2756 est

559 2794 676 2861 ipse
700 2792 962 2854 Salvator,
987 2807 1051 2846 ex
1079 2805 1185 2861 quo
1212 2791 1379 2861 magis
1410 2791 1496 2843 illa
1524 2792 1870 2860 spiritualiter
1891 2800 2011 2845 nata
2039 2802 2154 2857 est;

560 2883 685 2953 quia
714 2897 904 2938 omnes
932 2882 1020 2952 qui
1053 2882 1104 2935 in
1132 2896 1257 2937 eum
1286 2881 1633 2944 crediderint.
1663 2882 1714 2935 in
1741 2883 1932 2952 quibus
1962 2894 2014 2937 et
2045 2885 2158 2954 ipsa

560 2983 666 3041 est,
690 2981 833 3028 recte
858 2973 949 3026 lilii
977 2971 1158 3042 sponsi
1184 2972 1520 3041 appellantur
1546 2970 1758 3041 (Matth.
1790 2989 1865 3039 ix,
1899 2972 1988 3047 15)
2016 2992 2027 3028 :
2062 2974 2158 3030 sed

567 3062 726 3133 plane
752 3072 924 3118 mater
944 3061 1306 3116 membrorum
1334 3062 1471 3131 ejus,
1502 3062 1645 3134 quod
1674 3078 1771 3118 nos
1795 3080 2004 3131 sumus;
2037 3066 2158 3135 quia

562 3166 846 3225 cooperata
876 3162 955 3209 est
982 3153 1271 3221 charitate,
1305 3164 1361 3208 ut
1389 3154 1574 3209 ﬁdeles
1603 3157 1656 3210 in
1688 3155 1927 3214 Ecclesia
1967 3172 2157 3213 nasce-

566 3256 772 3313 rentur,
801 3263 919 3318 qua:
945 3246 1086 3302 illius
1112 3247 1299 3317 capitis
1330 3248 1570 3304 membra
1596 3258 1754 3305 sunt:
1782 3265 2009 3321 corpore
2032 3268 2159 3309 vero

565 3340 733 3409 ipsius
759 3339 949 3410 capitis
984 3346 1174 3393 mater.
1217 3336 1508 3409 Oportebat
1534 3340 1677 3395 enim
1716 3350 1875 3411 caput
1916 3352 2158 3399 nostrum

566 3440 785 3502 propter
806 3431 1011 3500 insigne
1035 3430 1348 3485 miraculum
1372 3430 1665 3485 secundum
1687 3446 1901 3487 carnem
1926 3432 2071 3486 nasci
2093 3432 2161 3488 de

566 3524 772 3595 virgine
791 3566 805 3589 ,
826 3528 939 3594 quo
965 3521 1292 3593 signiﬁcaret
1326 3522 1565 3579 membra
1594 3536 1688 3578 sua
1719 3523 1786 3579 de
1810 3524 2013 3594 virgine
2056 3524 2159 3579 Ec-

567 3618 729 3674 clesia
760 3616 1053 3673 secundum
1085 3616 1327 3686 spiritum
1354 3616 1647 3671 nascitura.
1689 3616 1811 3672 Sola
1840 3632 1967 3687 ergo
1997 3616 2160 3672 Maria

564 3720 621 3766 et
646 3710 833 3780 spiritu
855 3718 909 3764 et
932 3723 1156 3780 corpore
1178 3718 1349 3764 mater
1373 3716 1429 3765 et
1454 3710 1632 3781 virgo;
1664 3720 1717 3766 et
1744 3719 1916 3766 mater
1941 3711 2159 3777 Christi,

566 3811 620 3856 et
646 3800 794 3872 virgo
819 3797 1016 3854 Christi
1042 3818 1054 3854 :
1088 3800 1320 3856 Ecclesia
1350 3814 1478 3854 vero
1504 3800 1555 3853 in
1588 3800 1787 3855 sanctis
1813 3817 2036 3871 regnum
2068 3802 2161 3856 Dei

567 3892 914 3962 possessoris,
963 3891 1153 3961 spiritu
1197 3890 1410 3961 quidem
1450 3898 1557 3944 tota
1609 3901 1779 3946 mater
1820 3891 2019 3947 Christi
2056 3900 2158 3960 est,

554 3994 674 4039 tota
700 3985 851 4054 virgo
893 3983 1123 4047 Christi;
1152 3998 1379 4052 corpore
1418 3991 1596 4038 autem
1647 3999 1753 4038 non
1793 3992 1900 4037 tota
1924 4026 1938 4051 ,
1984 3984 2078 4039 sed
2108 3985 2160 4039 in

564 4074 880 4143 quibusdam
922 4074 1071 4143 virgo
1111 4072 1339 4139 Christi,
1372 4073 1424 4127 in
1452 4074 1766 4143 quibusdam
1814 4083 2020 4141 mater,
2067 4076 2161 4130 sed

567 4180 670 4219 non
696 4164 916 4219 Christi.
957 4164 1025 4217 Et
1065 4164 1361 4234 conjugatze
1400 4165 1595 4234 quippe
1636 4165 1820 4220 ﬁdeles
1860 4166 2070 4220 femina:
2110 4175 2165 4221 et

564 4256 797 4326 virgines
843 4256 952 4309 Deo
980 4255 1197 4320 dicatae,
1229 4256 1429 4311 sanctis
1461 4257 1699 4310 moribus
1727 4266 1780 4312 et
1806 4257 2068 4313 charitate
2096 4258 2163 4313 de

564 4347 729 4403 corde
751 4361 881 4417 puro
902 4357 954 4402 et
975 4349 1297 4401 conscientia
1322 4350 1457 4402 bona
1481 4358 1535 4403 et
1557 4349 1660 4404 ﬁde
1682 4366 1787 4404 non
1812 4350 1929 4405 ﬁcta
1960 4350 2001 4422 (1
2028 4350 2159 4407 Tim.

566 4456 584 4495 ι
610 4482 623 4503 ,
652 4441 728 4510 5),
753 4440 879 4509 quia
906 4439 1232 4495 voluntatem
1250 4440 1429 4496 Patris
1450 4440 1669 4507 faciunt,
1694 4442 1893 4497 Christi
1916 4444 2164 4513 Spiritua-

566 4531 690 4586 liter
718 4541 915 4585 matres
944 4540 1089 4585 sunt.
1117 4532 1246 4598 Qua:
1271 4542 1451 4586 autem
1479 4535 1744 4603 conjugali
1778 4534 1884 4589 vita
1908 4550 2163 4606 corpora-

564 4624 690 4677 liter
710 4620 957 4690 ‘pariunt,
1002 4638 1107 4675 non
1152 4621 1456 4686 Christum,
1488 4625 1579 4677 sed
1611 4624 1777 4678 Adam
1816 4626 2062 4695 pariunt,
2112 4637 2162 4683 et

564 4713 689 4769 ideo
704 4720 934 4768 currunt
961 4712 977 4743 ¹
1008 4720 1065 4765 ut
1091 4712 1451 4767 Sacramentis
1478 4714 1661 4767 imbuti
1689 4712 1886 4769 Christi
1923 4717 2163 4773 membra

566 4806 697 4861 ﬁant
723 4812 907 4875 partus
932 4820 1117 4860 earum
1138 4848 1151 4873 ,
1182 4804 1430 4875 quoniam
1457 4806 1581 4876 quid
1612 4809 1917 4876 pepererint
1944 4820 2159 4865 norunt.

635 4896 863 4954 CAPUT
904 4897 1016 4952 Vll.
1047 4928 1120 4938 —-
1146 4898 1197 4951 7.
1242 4897 1531 4969 Virginitati
1561 4900 1703 4953 nulla
1728 4904 2009 4971 fecunditas
2038 4920 2162 4957 con-

561 4991 755 5063 jugalis
785 4990 1150 5061 comparanda.
1184 4990 1297 5045 Hoc
1323 4990 1453 5056 dixi,
1487 5007 1555 5046 ne
1584 4991 1720 5046 forte
1750 4994 1943 5049 audeat
1978 4996 2161 5051 fecun-

568 5082 706 5135 ditas
732 5082 1025 5153 conjugalis
1054 5098 1177 5138 cum
1210 5082 1449 5152 virginali
1476 5082 1779 5153 integritate
1811 5086 2159 5153 contendere,

570 5185 728 5240 atque
756 5173 922 5243 ipsam
950 5174 1166 5229 Mariam
1197 5189 1517 5245 proponere,
1546 5190 1611 5230 ac
1639 5176 1929 5245 virginibus
1960 5178 2051 5232 Dei
2083 5178 2164 5233 di-

571 5275 734 5316 cere:
783 5262 869 5315 llla
914 5264 967 5319 in
1011 5281 1235 5335 corpore
1279 5267 1413 5321 duas
1447 5283 1531 5321 res
1576 5268 1758 5322 habuit
1799 5268 2161 5338 honorandas,

570 5351 925 5420 virginitatem
946 5365 999 5409 et
1025 5354 1423 5419 fecunditatem.
1454 5359 1574 5429 quia
1603 5371 1655 5413 et
1679 5360 1882 5431 integra
1908 5378 2160 5432 perman-

569 5442 640 5494 sit
669 5450 724 5496 et
748 5444 955 5511 peperit
979 5462 992 5500 :
1019 5445 1157 5501 hanc
1187 5449 1492 5505 felicitatem
1520 5453 1770 5521 quoniam
1800 5462 1964 5508 totam
1995 5464 2159 5510 utrae-

570 5550 674 5601 que
697 5535 893 5591 habere
920 5552 1022 5591 non
1054 5542 1337 5607 potuimus,
1369 5545 1575 5612 partitae
1604 5562 1809 5613 sumus,
1843 5558 1900 5601 ut
1924 5563 2020 5603 vos
2045 5550 2161 5604 sitis

571 5626 826 5695 virgines,
870 5640 968 5681 nos
1015 5628 1182 5682 simus
1221 5642 1449 5698 matres;
1494 5636 1645 5689 vobis
1688 5638 1828 5707 quod
1874 5637 2007 5694 deﬁt
2047 5642 2067 5671 ²
2105 5641 2158 5695 in

572 5716 742 5787 prole,
771 5716 1073 5775 consoletur
1094 5731 1300 5775 servata
1328 5723 1619 5793 virginitas,
1645 5727 1798 5783 nobis
1829 5730 1991 5799 prolis
2012 5730 2159 5788 lucro

638 5832 653 5862 ι
681 5828 898 5879 Nonnulli
921 5839 1046 5890 Mss.
1073 5838 1261 5881 curant.

569 5891 808 6016 “In
830 5892 968 5943 desit.
1010 5903 1059 5943 Al
1084 5900 1212 5955 Mss,
1250 5891 1366 5959 deﬁt
1394 5907 1528 5959 :quo
1554 5898 1705 5949 verbo
1736 5912 1868 5965 stepe
1889 5904 2042 5957 utitur
2067 5913 2158 5957 Λιι-

687 5968 733 6001 111
800 5990 811 6004 .
1574 6002 1614 6015 ,ρ

1483 480 1566 535 DE
1604 478 1867 535 SANCTA
1913 475 2379 544 V'lliClNlTATE,
2419 478 2476 533 S.
2520 479 2882 535 AUCUSTINI

3758 490 3855 547 Δθο

2251 591 2445 646 amissa
2470 605 2845 663 compensetur
2866 594 3157 666 integritas.
3189 597 3313 652 1|ch
3334 612 3433 653 vox
3456 599 3703 657 ﬁdelium
3724 618 3848 659 con-

2248 680 2547 752 jugatarum
2568 685 2635 739 ad
2661 700 2841 741 sacras
2867 687 3096 758 virgines
3118 698 3405 762 utcumque
3433 692 3662 749 ferenda
3685 706 3849 764 esset,

2253 772 2298 826 si
2347 773 2666 830 christianos
2706 792 2929 847 corpore
2973 789 3259 849 parerent;
3305 792 3362 837 ut
3400 783 3505 840 hoc
3546 786 3670 841 solo
3715 798 3856 845 esset

2252 862 2429 918 Mariae
2461 864 2758 921 fecunditas
2792 869 2969 924 carnis
3001 880 3221 943 excepta
3254 873 3561 944 virginitate
3588 889 3854 947 praestan-

2252 953 2375 1018 tior,
2406 954 2547 1025 quod
2580 955 2665 1009 illa
2695 956 2868 1026 ipsum
2896 968 3055 1030 caput
3094 959 3282 1016 borum
3327 965 3698 1021 membrorum
3725 1009 3741 1032 ,
3774 968 3854 1025 lue

2254 1054 2429 1099 autem
2466 1046 2705 1102 membra
2732 1048 2873 1104 illius
2894 1051 3081 1120 capitis
3113 1064 3454 1121 procrearent
3488 1073 3503 1112 :
3555 1074 3701 1114 nunc
3730 1076 3855 1115 vero

2253 1136 2458 1191 etiamsi
2488 1138 2620 1193 tales
2646 1139 2747 1196 hac
2768 1156 2898 1197 voce
2918 1142 3260 1209 contendant,
3284 1162 3403 1216 quae
3427 1147 3498 1202 ob
3519 1148 3625 1204 hoc
3648 1158 3854 1206 tantum

2252 1230 2379 1282 viris
2404 1230 2699 1301 junguntur
2735 1242 2895 1303 atque
2934 1234 3259 1299 miscentur,
3308 1248 3364 1291 ut
3394 1228 3537 1293 ﬁlios
3583 1241 3854 1305 habeant,

2253 1320 2491 1392 nihilque
2535 1323 2677 1378 aliud
2704 1324 2771 1379 de
2812 1325 2931 1381 ﬁliis
2969 1327 3223 1396 cogitant,
3264 1329 3365 1383 nisi
3405 1338 3463 1384 ut
3504 1346 3601 1385 eos
3643 1333 3858 1388 Christo

2255 1410 2545 1476 lucrentur,
2588 1424 2747 1485 atque
2790 1415 2841 1470 id
2884 1431 3006 1471 mox
3053 1428 3109 1472 ut
3145 1420 3414 1486 potuerint
3455 1420 3707 1489 faciunt;
3753 1442 3856 1480 non

2254 1510 2428 1557 tamen
2453 1504 2723 1560 christiani
2744 1522 2805 1561 ex
2826 1522 3008 1561 earum
3032 1523 3194 1563 carne
3217 1520 3535 1577 nascuntur,
3555 1514 3655 1568 sed
3672 1525 3857 1586 postea

2256 1594 2406 1660 ﬁunt,
2457 1594 2695 1651 Ecclesia
2744 1597 2980 1665 pariente
3018 1614 3115 1668 per
3152 1599 3253 1655 hoc
3295 1602 3437 1672 quod
3488 1605 3858 1662 membrorum

2254 1683 2446 1739 Christi
2479 1687 2823 1755 spiritualiter
2848 1699 3017 1745 mater
3045 1700 3158 1758 est,
3190 1694 3341 1763 cujus
3367 1696 3530 1750 etiam
3558 1698 3858 1767 spiritualio

2257 1787 2337 1833 ter
2357 1779 2504 1849 virgo
2528 1788 2631 1834 est.
2656 1780 2750 1835 Cui
2776 1791 2963 1836 sancto
2985 1785 3155 1853 partui
3179 1796 3538 1856 cooperantur
3558 1799 3617 1844 et
3638 1800 3854 1856 matres,

2254 1884 2372 1939 qua:
2394 1884 2496 1923 non
2519 1870 2838 1925 christianos
2859 1886 3083 1941 corpore
3110 1884 3450 1945 pepererunt,
3480 1886 3540 1933 ut
3566 1878 3703 1933 ﬁant
3721 1882 3855 1950 quod

2256 1976 2315 2015 se
2356 1977 2579 2031 corpore
2618 1979 2805 2033 parere
2846 1980 2950 2019 non
2994 1968 3227 2035 potuisse
3266 1980 3535 2026 noverunt
3566 1989 3580 2025 :
3618 1986 3718 2041 per
3764 1972 3858 2028 hoc

2258 2060 2434 2106 tamen
2462 2064 2852 2121 cooperantur,
2899 2054 2987 2109 ubi
3024 2064 3077 2109 et
3108 2057 3238 2125 ipsa:
3278 2057 3512 2128 virgines
3550 2071 3858 2132 matresque

2256 2141 2450 2196 Christi
2480 2152 2605 2197 sunt
2635 2142 2710 2213 (a)
2733 2186 2747 2207 ,
2792 2143 2843 2197 in
2878 2144 2980 2200 ﬁde
3008 2146 3211 2205 scilicet
3237 2162 3356 2218 qua:
3390 2163 3488 2219 per
3513 2149 3855 2207 dilectionem

2257 2242 2507 2301 Operatur
2533 2232 2728 2302 (Galat.
2758 2250 2807 2299 v,
2846 2233 2924 2305 6).

2328 2323 2554 2381 CAPUT
2597 2324 2729 2380 Vlll.
2756 2356 2828 2367 —
2855 2327 2909 2383 8.
2963 2327 3232 2398 l'irginitas
3266 2330 3384 2385 inde
3412 2332 3674 2387 honorata
3693 2378 3709 2400 ,
3748 2337 3861 2405 quia

2261 2414 2366 2468 Deo
2390 2415 2580 2471 dicata.
2608 2416 2761 2472 Nulla
2789 2433 2915 2488 ergo
2938 2420 3114 2474 carnis
3142 2418 3437 2477 fecunditas
3467 2435 3680 2481 sanctae
3710 2428 3861 2497 virgi-

2261 2507 2411 2561 nitati
2438 2507 2599 2561 etiam
2638 2508 2816 2563 carnis
2854 2512 3155 2579 comparari
3194 2521 3388 2580 potest.
3420 2514 3610 2584 Neque
3641 2517 3787 2571 enim
3813 2527 3861 2572 et

2262 2599 2372 2669 ipsa
2400 2599 2520 2669 quia
2550 2599 2825 2670 virginitas
2845 2609 2946 2667 est,
2973 2602 3063 2656 sed
3091 2602 3213 2672 quia
3243 2604 3352 2659 Deo
3373 2605 3551 2662 dicata
3578 2619 3669 2664 est
3694 2609 3857 2665 hono-

2263 2698 2429 2755 ratur,
2452 2706 2570 2761 qure
2602 2692 2723 2746 licet
2753 2692 2803 2745 in
2828 2708 2989 2747 carne
3016 2703 3277 2761 servetur,
3306 2696 3531 2765 spiritus
3564 2707 3750 2755 tamen
3778 2718 3859 2757 re-

2262 2781 2456 2850 ligione
2498 2796 2561 2837 ac
2589 2781 2872 2839 devotione
2914 2796 3176 2840 servatur.
3210 2788 3287 2842 Ac
3312 2802 3407 2858 per
3435 2787 3540 2844 hoc
3569 2792 3861 2861 spiritualis

2262 2881 2344 2925 est
2370 2870 2533 2926 etiam
2559 2873 2830 2943 virginitas
2856 2876 3131 2945 corporis,
3163 2893 3322 2948 quam
3351 2888 3510 2934 vovet
3543 2882 3559 2913 ί
3592 2891 3652 2937 et
3692 2896 3861 2940 servat

2261 2965 2589 3022 continentia
2617 2966 2847 3037 pietatis.
2877 2969 3027 3024 Sicut
3051 2971 3192 3025 enim
3216 2987 3372 3027 nemo
3395 2973 3674 3043 impudice
3703 2979 3861 3035 utitur

2262 3070 2506 3128 corpore,
2531 3059 2631 3114 nisi
2653 3060 2839 3129 spiritu
2862 3062 3007 3131 prius
3026 3071 3283 3133 concepta
3307 3066 3541 3136 nequitia
3568 3086 3584 3135 ;
3611 3069 3685 3123 ita
3708 3086 3861 3126 nemo

2263 3148 2569 3217 pudicitiam
2600 3138 2779 3206 servat
2806 3153 2858 3207 in
2894 3168 3153 3223 corpore,
3184 3155 3285 3209 nisi
3310 3157 3502 3227 spiritu
3532 3161 3691 3228 prius
3713 3162 3862 3217 insita

2263 3243 2526 3298 castitate.
2554 3244 2719 3299 Porro
2738 3255 2916 3300 autem
2939 3247 2983 3300 si
3006 3246 3257 3316 pudicitia
3277 3250 3597 3320 conjugalis,
3626 3255 3863 3323 quamvis

2264 3334 2596 3389 custodiatur
2620 3334 2672 3389 in
2703 3350 2886 3403 carne,
2918 3337 3099 3393 animo
3129 3347 3327 3405 tamen,
3357 3356 3462 3394 non
3491 3343 3649 3397 carni
3683 3344 3863 3399 tribui.

2267 3432 2369 3490 tur,
2394 3440 2498 3495 quo
2520 3425 2748 3495 pra-side
2770 3435 2931 3497 atque
2956 3437 3184 3494 rectore,
3211 3430 3341 3485 nulli
3365 3441 3569 3500 prmtcr
3591 3436 3861 3505 proprium

2265 3516 2569 3587 conjugium
2594 3534 2720 3575 caro
2748 3520 2860 3589 ipsa
2888 3520 3175 3589 miscetur;
3204 3531 3404 3593 quanto
3429 3526 3607 3597 magis
3638 3538 3861 3598 quanto-

2266 3623 2368 3678 que
2396 3607 2704 3666 honoratius
2732 3612 2784 3666 in
2816 3612 2979 3667 animi
3005 3612 3161 3668 bonis
3188 3614 3278 3669 illa
3306 3617 3645 3672 continentia
3681 3635 3863 3673 nume-

2266 3702 2431 3757 randa
2465 3714 2579 3771 est,
2607 3719 2709 3774 qua
2750 3704 3024 3775 integritas
3050 3706 3228 3762 carnis
3266 3708 3365 3777 ipsi
3393 3708 3646 3766 Creatori
3677 3713 3863 3768 anima:

2266 3804 2320 3849 et
2343 3795 2521 3849 carnis
2548 3805 2789 3863 vovetur,
2822 3805 3191 3864 consecratur,
3220 3799 3505 3853 servatur?

2338 3884 2561 3940 CAPUT
2600 3886 2692 3940 IX.
2736 3917 2805 3927 —
2844 3886 2896 3941 9.
2951 3887 3225 3958 Virginitas
3269 3891 3457 3945 amissa
3509 3893 3661 3947 nulla
3704 3910 3865 3949 carnis

2268 3977 2571 4046 fecunditate
2605 3989 2980 4048 compensatur.
3028 3979 3138 4034 Nec
3169 3980 3376 4036 illarum
3408 3998 3539 4052 ergo
3572 3983 3867 4042 fecunditas

2267 4069 2462 4130 carnis,
2489 4086 2604 4139 qua:
2630 4069 2730 4124 hoc
2754 4081 2991 4142 tempore
3017 4072 3147 4127 nihil
3176 4073 3321 4127 aliud
3346 4074 3398 4128 in
3426 4077 3687 4147 conjugio
3714 4094 3864 4149 quam

2268 4158 2471 4229 prolem
2527 4162 2835 4231 requirunt,
2892 4179 3052 4233 quam
3104 4166 3411 4236 mancipent
3455 4164 3721 4237 Christo,
3774 4185 3865 4239 pro

2267 4252 2461 4305 amissa
2508 4252 2809 4323 virginitate
2849 4257 3187 4326 compensari
3233 4272 3393 4328 posse
3439 4259 3720 4315 credenda
3768 4274 3862 4318 est.

2268 4343 2541 4399 Prioribus
2570 4346 2765 4416 quippe
2796 4350 3124 4419 temporibus
3163 4358 3389 4405 venturo
3419 4354 3725 4409 secundum
3758 4370 3868 4409 car-

2268 4452 2389 4492 nem
2420 4437 2632 4492 Christo
2663 4440 2831 4508 ipsum
2857 4455 3024 4510 genus
3055 4442 3234 4497 carnis
3264 4442 3317 4497 in
3347 4444 3525 4513 ampla
3554 4447 3791 4515 quadam
3819 4458 3867 4501 et

2269 4528 2577 4597 prephctica
2615 4541 2773 4599 gente
2804 4533 3162 4587 necessarium
3192 4532 3324 4588 fuit:
3354 4550 3497 4590 nunc
3524 4546 3709 4593 autem
3752 4554 3865 4593 cum

2269 4634 2331 4673 ex
2355 4621 2498 4673 omni
2528 4621 2800 4676 hominum
2828 4638 3043 4692 genere,
3074 4634 3231 4695 atque
3257 4626 3509 4681 omnibus
3530 4630 3787 4698 gentibus
3807 4630 3867 4683 ad

2270 4714 2521 4781 pepulum
2570 4714 2659 4768 Dei
2704 4724 2758 4771 et
2798 4717 3066 4773 civitatem
3115 4719 3264 4789 regni
3311 4720 3574 4775 caelorum
3632 4724 3865 4778 membra

2268 4806 2464 4861 Christi
2492 4808 2665 4877 colligi
2695 4809 2918 4878 possint,
2949 4824 3155 4865 sacram
3184 4812 3543 4881 virginitatem
3576 4815 3670 4884 qui
3701 4825 3867 4884 potest

2268 4912 2460 4968 capere
2480 4941 2493 4963 ,
2524 4901 2694 4967 capiat
2728 4900 2940 4969 (Matth.
2973 4918 3083 4966 χιχ,
3114 4902 3233 4969 1‘2);
3263 4913 3316 4958 et
3340 4920 3401 4958 ea
3425 4913 3638 4960 tantum
3666 4924 3789 4977 quzr
3818 4925 3869 4962 se

2271 5007 2376 5044 non
2399 4992 2653 5055 continet,
2681 4992 2840 5047 nubat
2866 4994 2907 5064 (1
2930 4992 3047 5049 Cor.
3074 5010 3144 5049 vn
3162 5037 3177 5062 ,
3201 4996 3281 5067 9).
3300 4995 3437 5062 Quid
3459 4998 3607 5051 enim
3632 5000 3677 5053 si
3700 5000 3869 5069 aliqua

2270 5086 2460 5140 mulier
2488 5086 2636 5141 dives
2666 5088 2888 5141 multam
2934 5088 3213 5157 pecuniam
3250 5089 3372 5143 huic
3413 5089 3560 5145 bono
3586 5094 3740 5162 operi
3779 5095 3867 5148 im-

2270 5176 2494 5244 pendat,
2538 5187 2595 5232 ut
2639 5188 2782 5232 emat
2819 5194 2883 5233 ex
2934 5179 3159 5233 diversis
3202 5181 3448 5250 gentibus
3502 5198 3697 5239 servos
3743 5199 3865 5255 quos

2270 5266 2427 5322 faciat
2459 5268 2815 5335 christianos;
2851 5285 3031 5325 nonne
3062 5271 3279 5326 uberius
3317 5280 3479 5342 atque
3526 5276 3863 5330 numerosius

2268 5374 2427 5429 quam
2460 5362 2593 5415 uteri
2618 5362 2946 5431 quantalibet
2974 5364 3249 5418 feracitate
3273 5362 3476 5418 Christi
3508 5366 3756 5421 membra
3790 5367 3863 5436 gi-

2265 5453 2474 5523 gnenda
2498 5456 2736 5509 curabit?
2756 5455 2865 5511 Nec
2888 5456 3007 5511 ideo
3032 5466 3208 5511 tamen
3231 5457 3514 5526 pecuniam
3541 5474 3699 5514 suam
3725 5476 3863 5515 coui-

2268 5561 2456 5614 parare
2473 5549 2681 5603 muneri
2702 5563 2868 5603 sacrae
2887 5549 3208 5619 virginitatis
3228 5549 3463 5604 audebit.
3489 5551 3560 5605 At
3583 5553 3628 5607 si
3654 5562 3864 5625 propter

2266 5638 2541 5696 faciendos
2571 5641 2661 5712 qui
2692 5642 2802 5696 nati
2828 5640 3025 5697 fuerint
3052 5641 3391 5706 christianos,
3426 5641 3735 5698 fecunditas
3758 5659 3863 5699 car-

2266 5730 2347 5785 nis
2395 5746 2493 5801 pro
2539 5732 2735 5786 amissa
2787 5732 3091 5802 virginitate
3142 5732 3336 5788 merito
3384 5738 3860 5804 compensabitur,

2328 5844 2344 5907 f
2368 5842 2473 5907 sola
2500 5843 2651 5907 editio
2672 5851 2805 5903 Lov.,
2825 5843 2965 5907 fovet.

2266 5904 2397 6023 ut?!)
2431 5903 2599 5956 Melius
2633 5902 2797 5967 forte,
2825 5902 3009 5957 )tatres
3070 5902 3250 5957 Christi
3304 5912 3446 5968 stmt;
3481 5918 3734 5971 expunet:
3767 5923 3863 5975 par-

2383 5981 2427 6023 a.
2453 5980 2560 6023 que.

2383 5981 2427 6031 a,
2453 5980 2560 6032 que.
