4048 6520
218 464 311 519 ιειι
1628 447 1805 506 LIBEI

1917 449 1956 504 Ν
1964 449 2063 505 US.

221 572 530 632 fructuosius
558 570 662 627 erit
703 570 806 624 hoc
845 567 1144 638 negotium,
1188 565 1232 620 si
1273 578 1465 636 magno
1496 562 1800 634 pecuniaria

221 665 385 738 pretio
422 661 699 735 virginitas
727 660 1032 725 amittatur,
1071 672 1175 727 quo
1208 656 1361 727 pueri
1401 653 1624 710 faciendi
1661 651 1804 708 chri-

176 778 179 783 ·
220 754 370 811 stiani
392 754 559 808 multo
584 752 766 823 plures
788 760 1054 815 emantur,
1084 762 1241 818 quam
1265 747 1419 802 unius
1442 754 1593 801 utero
1619 760 1803 815 quam-

222 846 342 902 libet
368 842 526 899 fertili
551 851 924 898 nascerentur.

286 937 507 993 CAPUT
545 935 615 991 Χ.
646 966 713 976 --
746 934 856 989 Nec
899 931 1176 1005 virginitati
1220 930 1579 1001 conferendum
1619 928 1801 999 couju~

221 1034 349 1102 gium
386 1032 507 1101 quia
532 1030 748 1100 virgines
778 1028 929 1097 parit.
972 1025 1123 1095 Quod
1161 1025 1204 1080 si
1245 1023 1558 1077 stultissime
1586 1020 1800 1087 dicitur,

222 1125 441 1179 habeant
478 1124 663 1178 ﬁdeles
707 1132 883 1191 nuptae
924 1120 1327 1181 bonum‘suum,
1366 1115 1432 1170 de
1476 1128 1580 1184 quo
1607 1113 1659 1167 in
1697 1111 1803 1166 alio

223 1213 484 1268 volumine
522 1222 776 1282 quantum
807 1210 975 1263 visum
1014 1215 1096 1263 est
1120 1205 1506 1268 disseruimus;
1548 1211 1603 1257 et
1628 1202 1802 1256 hono-

224 1313 334 1358 rent
363 1302 597 1371 amplius
615 1302 749 1355 sicut
778 1299 1075 1354 rectissime
1104 1300 1520 1359 consueverunt,
1550 1292 1605 1345 in
1634 1291 1801 1346 sacris

223 1394 509 1465 virginibus
537 1393 725 1447 melius
754 1406 939 1447 earum
962 1430 977 1457 ,
1009 1389 1075 1444 de
1096 1402 1200 1459 quo
1228 1388 1329 1442 isto
1358 1398 1605 1441 sermone
1630 1382 1803 1437 disse-

224 1490 399 1543 rimus.

288 1576 373 1631 10.
411 1574 548 1630 Nam
574 1591 642 1629 ne
677 1574 767 1629 illo
792 1571 1005 1644 quidem
1044 1569 1239 1626 debent
1274 1566 1658 1624 continentium
1687 1578 1801 1618 me-

221 1670 330 1724 ritis
360 1684 418 1724 se
458 1667 706 1723 conferre
731 1665 973 1735 conjugia
994 1706 1007 1730 ,
1035 1663 1177 1734 quod
1206 1677 1272 1717 ex
1308 1661 1387 1716 eis
1416 1658 1647 1729 virgines
1671 1673 1802 1728 pru-

223 1770 502 1815 creantur:
547 1759 647 1813 hoc
692 1756 834 1812 enim
882 1771 987 1811 non
1031 1753 1261 1824 conjugii
1308 1752 1505 1806 bonum
1554 1757 1655 1815 est,
1709 1748 1801 1803 sed

226 1861 450 1917 naturae;
476 1866 595 1919 qua:
621 1850 697 1904 sic
724 1848 973 1902 divinitus
1001 1846 1239 1900 instituta
1263 1850 1368 1907 est,
1397 1850 1453 1896 ut
1473 1856 1537 1896 ex
1568 1839 1806 1910 quolibet

227 1942 453 1995 humano
488 1942 767 2009 utriusque
801 1954 961 1993 sexus
988 1936 1271 1992 concubitu
1292 1975 1308 2001 ,
1340 1935 1452 1988 sive
1479 1932 1722 1988 ordinato
1750 1938 1805 1986 et

228 2033 458 2095 honesto,
489 2032 604 2087 sive
632 2032 772 2101 turpi
801 2041 856 2085 et
880 2030 1062 2085 illicito
1081 2070 1096 2095 ,
1132 2029 1271 2082 nulla
1301 2026 1493 2082 femina
1526 2025 1627 2079 nisi
1657 2025 1803 2094 virgo

227 2131 482 2189 mscatur,
519 2123 662 2177 nulla
696 2130 871 2176 tamen
902 2135 1051 2175 sacra
1085 2119 1235 2189 virgo
1260 2117 1532 2173 nascitur:
1566 2116 1635 2170 ita
1664 2114 1720 2169 ﬁt
1751 2122 1805 2168 ut

226 2215 363 2284 virgo
383 2224 634 2269 nascatur
657 2214 817 2268 etiam
844 2212 912 2267 de
936 2220 1140 2282 stupro,
1167 2224 1318 2264 sacra
1339 2217 1514 2263 autem
1540 2207 1685 2276 virgo
1708 2219 1805 2260 nec

227 2308 289 2363 de
311 2309 575 2377 coniugio.

289 2396 508 2453 CAPUT
549 2396 643 2451 XI.
672 2425 742 2436 —
768 2397 853 2451 ll.
894 2395 1123 2465 Virgines
1146 2394 1259 2448 ideo
1282 2394 1522 2460 laudataz,
1552 2394 1669 2466 quia
1697 2393 1804 2448 Deo

227 2489 409 2543 dicate.
440 2488 553 2545 Nec
580 2503 678 2543 nos
707 2488 809 2543 hoc
844 2488 899 2543 in
927 2487 1217 2557 virginibus
1244 2487 1596 2559 prmdicamus
1615 2528 1629 2555 ,
1661 2487 1804 2558 quod

227 2578 443 2650 virgines
462 2588 617 2644 sunt;
640 2579 739 2634 sed
755 2579 900 2649 quod
919 2580 1026 2634 Deo
1046 2579 1232 2633 dicatae
1253 2578 1337 2648 pia
1359 2578 1679 2632 continentia
1700 2578 1805 2631 vir-

227 2672 386 2740 gines.
412 2671 548 2726 Nam
569 2713 583 2738 ,
614 2671 757 2742 quod
786 2686 896 2725 non
924 2679 1125 2726 temere
1153 2670 1408 2735 dixerim,
1443 2667 1646 2724 felicior
1675 2668 1803 2724 mihi

230 2762 432 2817 videtur
471 2772 635 2832 nupta
678 2763 871 2817 mulier
920 2778 1079 2833 quam
1128 2763 1277 2833 virgo
1329 2771 1599 2832 nuptura:
1645 2761 1807 2818 habet

229 2855 363 2907 enim
405 2855 515 2924 jam
543 2856 630 2909 illa
675 2854 817 2926 quod
846 2856 945 2910 ista
993 2855 1167 2911 adhuc
1213 2855 1377 2923 cupit,
1420 2855 1715 2924 prazsertim
1758 2853 1803 2909 si

228 2943 448 2998 nondum
474 2945 558 2999 vel
585 2960 777 3015 sponsa
805 2945 1115 3015 cujusquam
1145 2945 1232 2999 sit.
1262 2944 1350 2999 llla
1378 2944 1468 2999 uni
1489 2947 1664 3000 studet
1690 2944 1803 3014 pla-

226 3050 358 3102 cere,
385 3036 466 3090 cui
489 3035 615 3091 data
640 3045 723 3091 est
746 3054 759 3090 :
790 3036 905 3091 hzec
928 3037 1126 3102 multis,
1152 3037 1348 3091 incerta
1378 3037 1461 3091 cui
1488 3036 1660 3091 danda
1682 3045 1764 3091 est
1786 3052 1801 3103 ;

228 3125 323 3181 hoc
365 3124 469 3181 uno
524 3126 831 3198 pudicitiam
885 3127 1222 3198 cogitationis
1265 3126 1502 3182 defendit
1546 3142 1577 3181 a
1632 3125 1799 3192 turba,

226 3219 357 3288 quod
380 3236 482 3275 non
528 3221 827 3277 adulterum
848 3263 863 3290 ,
896 3223 992 3277 sed
1030 3223 1277 3277 maritum
1325 3224 1515 3293 quaerit
1546 3224 1598 3277 in
1630 3224 1802 3278 turba.

227 3312 311 3366 llla
340 3313 492 3383 igitur
527 3315 677 3385 virgo
705 3316 1003 3386 conjugata:
1048 3316 1241 3371 merito
1283 3315 1642 3386 prmponitur,
1686 3330 1806 3386 qua;

226 3417 316 3457 nec
344 3403 667 3458 multitudini
698 3418 759 3459 se
786 3403 1069 3458 amandam
1100 3405 1385 3475 proponit,
1414 3420 1537 3461 cum
1567 3420 1805 3461 amorem

229 3496 370 3550 unius
394 3513 459 3552 ex
485 3497 829 3553 multitudine
853 3498 1097 3569 inquirit;
1132 3513 1229 3553 nec
1254 3513 1313 3554 se
1344 3499 1433 3553 uni
1456 3498 1567 3568 jam
1589 3514 1807 3569 compo-

227 3588 298 3640 nit
324 3589 557 3656 invento,
591 3590 830 3660 cogitans
858 3606 975 3659 qua:
1008 3598 1134 3644 sunt
1162 3590 1367 3656 mundi,
1399 3590 1666 3660 quomodo
1695 3592 1809 3660 pla-

227 3687 331 3731 ceat
347 3679 458 3733 viro
476 3678 517 3752 (1
538 3677 662 3735 Cor.
683 3695 773 3745 vn,
794 3680 886 3751 54)
904 3698 917 3743 ;
937 3680 1029 3735 sed
1058 3681 1357 3750 speciosum
1376 3680 1543 3735 forma
1563 3697 1670 3751 prce
1690 3681 1808 3738 ﬁliis

228 3765 484 3823 hominum
520 3767 697 3841 (Psal.
737 3785 892 3833 xuv,
925 3768 980 3839 5)
1028 3770 1105 3824 sic
1142 3770 1372 3835 amavit,
1417 3777 1475 3824 ut
1516 3772 1640 3841 quia
1682 3785 1806 3826 eum

227 3857 353 3912 sicut
377 3859 540 3915 Maria
566 3860 851 3931 concipere
876 3876 1037 3916 carne
1057 3876 1163 3915 non
1192 3869 1391 3930 posset,
1418 3861 1466 3918 ei
1491 3861 1656 3918 corde
1680 3877 1810 3919 con-

225 3960 369 4018 cepto
390 3953 553 4006 etiam
582 3967 798 4007 carnem
829 3953 1086 4024 integram
1116 3954 1425 4010 custodiret.

288 4043 509 4100 CAPUT
541 4044 662 4099 XII.
690 4074 763 4086 --
796 4044 1028 4116 Virgines
1056 4062 1216 4100 sacra:
1243 4062 1344 4101 non
1386 4048 1673 4117 corporali,
1720 4050 1809 4103 sed

224 4136 462 4203 spirituali
505 4139 817 4209 fecunditate
845 4138 1087 4194 Ecclesia:
1115 4148 1411 4194 nascuntur.
1449 4139 1649 4194 Bonum
1687 4156 1807 4195 con-

217 4229 339 4298 jugii
367 4246 516 4299 quam
538 4230 755 4301 inferius
781 4229 910 4285 bono
942 4241 1131 4285 sancta:
1154 4232 1470 4301 virginitatis.
1502 4232 1613 4287 Hoc
1641 4248 1809 4303 genus

226 4322 473 4389 virginum
495 4322 646 4376 nulla
672 4324 964 4393 corporalis
989 4322 1283 4379 fecunditas
1309 4325 1525 4394 protulit
1554 4343 1567 4379 :
1594 4340 1699 4379 non
1727 4334 1809 4381 est

227 4408 330 4465 lucc
366 4412 548 4481 proles
585 4414 762 4467 carnis
801 4421 855 4468 et
895 4415 1185 4485 sanguinis.
1228 4415 1283 4471 Si
1324 4415 1510 4471 harum
1555 4418 1811 4486 quieritur

223 4510 403 4567 mater,
449 4503 695 4559 Ecclesia
737 4513 838 4559 est.
879 4504 997 4559 Non
1040 4505 1174 4573 parit
1222 4505 1453 4578 virgines
1488 4520 1669 4563 sacras
1708 4507 1808 4561 nisi

224 4594 363 4664 virgo
402 4610 558 4651 sacra
582 4639 597 4663 ,
632 4596 718 4651 illa
749 4613 866 4667 qua:
906 4596 1224 4668 deSpousata
1255 4606 1339 4653 est
1378 4599 1467 4653 uni
1502 4599 1618 4653 viro
1662 4607 1807 4653 casta

223 4685 450 4743 exhiberi
482 4688 703 4744 Christo
732 4689 794 4761 (ll
822 4689 939 4745 Cor.
974 4706 1027 4744 χι
1046 4732 1060 4756 ,
1090 4690 1169 4760 2).
1194 4690 1273 4745 Ex
1299 4691 1385 4745 illa
1415 4706 1517 4745 non
1552 4701 1655 4745 tota
1684 4707 1809 4746 cor-

223 4788 365 4843 pore,
394 4778 490 4833 sed
532 4788 643 4834 tota
673 4781 873 4851 virgine
900 4782 1087 4851 spiritu
1106 4821 1120 4847 ,
1154 4791 1448 4837 nascuntur
1472 4791 1671 4837 sancta:
1700 4783 1807 4837 vir-

222 4866 361 4934 gines
386 4877 439 4923 et
467 4885 699 4939 corpore
726 4880 777 4924 et
805 4871 1012 4940 spiritu.

288 4956 372 5011 l2.
404 4958 652 5015 [labeant
679 4961 925 5031 conjugia
950 4961 1147 5018 bonum
1172 4980 1349 5029 suum,
1382 4979 1487 5020 non
1515 4966 1637 5035 quia
1670 4964 1807 5022 ﬁlios

223 5058 515 5117 procreant,
542 5050 640 5106 sed
666 5053 787 5121 quia
806 5054 1051 5120 honeste,
1085 5056 1207 5125 quia
1236 5056 1399 5122 licite,
1434 5058 1555 5126 quia
1578 5056 1766 5126 pudice
1787 5098 1803 5125 ,

222 5138 333 5204 quia
358 5141 635 5197 socialiter
685 5153 989 5212 procreant,
1022 5153 1077 5200 et
1120 5154 1425 5214 procreatos
1477 5148 1694 5217 pariter,
1723 5163 1808 5203 sa-

221 5224 461 5297 lubriter,
491 5232 759 5290 instanter
785 5234 1034 5303 educant,
1062 5237 1182 5307 quia
1215 5238 1352 5293 tliori
1381 5238 1541 5293 ﬁdem
1582 5240 1808 5294 invicem

219 5332 449 5390 servant,
482 5326 609 5395 quia
632 5336 1024 5382 sacramentum
1054 5330 1305 5385 connubii
1336 5346 1442 5385 non
1466 5331 1686 5386 violant.

284 5411 514 5471 CAPUT
546 5414 686 5470 Xlll.
709 5447 778 5458 —-
806 5416 871 5471 In
909 5434 993 5473 eos
1017 5420 1103 5489 qui
1125 5430 1303 5488 putant
1323 5422 1680 5475 continentiam
1709 5439 1809 5475 non

218 5504 453 5569 prodesse
480 5506 585 5560 nisi
606 5508 673 5561 ad
701 5518 997 5577 praesentem
1033 5512 1205 5565 vitam.
1250 5511 1378 5567 Πιιξθ
1408 5522 1584 5567 tamen
1628 5515 1807 5567 omnia

217 5592 431 5651 humani
462 5596 631 5653 ofﬁcii
656 5610 781 5655 sunt
809 5618 1067 5658 munera:
1100 5604 1374 5674 virginalis
1405 5616 1581 5661 autem
1602 5607 1813 5676 integri-

217 5696 314 5753 tas,
343 5696 399 5743 et
425 5704 524 5760 per
551 5692 691 5760 piam
712 5695 1098 5749 continentiam
1137 5695 1205 5750 ab
1231 5698 1374 5751 omni
1406 5696 1689 5752 concubitu
1712 5717 1811 5753 un-

216 5780 448 5835 munitas
475 5784 723 5851 angelica
748 5785 923 5855 portio
962 5794 1062 5851 est,
1093 5796 1149 5843 et
1177 5788 1229 5841 in
1269 5802 1431 5845 carne
1479 5790 1809 5859 corruptibili

215 5869 638 5951 incorruptionis
666 5887 935 5951 perpetuac
967 5878 1257 5937 meditatio.
1287 5880 1452 5939 Cedat
1489 5882 1610 5951 huic
1638 5884 1812 5949 omnis

3396 458 3498 518 409·

1914 559 2208 617 fccunditas
2257 566 2470 633 carnis,
2521 568 2697 623 omnis
2744 567 2992 638 pudicitia
3042 569 3489 641 conjugaliszilla

1911 668 2014 706 non
2037 654 2186 707 estin
2218 663 2502 725 potestate,
2554 657 2641 711 illa
2690 673 2795 713 non
2836 668 2917 714 est
2954 660 3005 713 in
3054 662 3381 717 asternitate:
3420 661 3496 717 fe-

1909 742 2232 799 cunditatem
2263 746 2528 800 carnalem
2556 763 2661 801 non
2688 748 2849 803 habet
2892 750 3127 804 liberum
3168 751 3445 806 arbitrium
3475 794 3491 819 ,

1913 833 2216 901 pridicitiam
2246 835 2580 906 conjugalem
2611 852 2718 892 non
2767 838 2928 894 habet
2983 841 3195 896 caelum.
3250 841 3495 899 Profecto

1912 923 2182 980 habebunt
2245 943 2493 998 magnum
2549 930 2746 1000 aliquid
2794 941 2990 1001 praeter
3027 944 3251 989 crctcros
3296 936 3348 988 in
3409 938 3493 991 illa

1908 1017 2176 1071 communi
2204 1017 2602 1085 immortalitate
2622 1061 2637 1088 ,
2660 1021 2748 1091 qui
2798 1020 2994 1077 habent
3022 1023 3220 1094 aliquid
3248 1024 3359 1094 jam
3384 1041 3501 1086 non

1908 1120 2084 1160 carnis
2113 1124 2162 1160 ll]
2184 1123 2368 1164 carne.

1968 1197 2242 1255 .15.Unde
2280 1201 2593 1258 mirabiliter
2629 1203 2916 1275 desipiunt,
2966 1207 3056 1277 qui
3099 1215 3289 1278 putant
3337 1209 3494 1278 hujus

1908 1289 2250 1345 continentiae
2298 1292 2494 1347 bonum
2538 1310 2643 1349 non
2698 1310 2822 1351 esse
2866 1298 3228 1352 necessarium
3278 1308 3497 1369 propter

1908 1394 2130 1449 regnum
2156 1382 2448 1449 caelorum,
2497 1385 2592 1439 sed
2636 1396 2853 1456 propter
2900 1403 3136 1458 prtesens
3189 1391 3491 1456 saaculum;

1908 1471 2050 1539 quod
2080 1471 2284 1528 scilicet
2308 1475 2555 1544 conjugia
2576 1478 2808 1532 terrenis
2854 1479 2996 1533 curis
3047 1479 3285 1548 pluribus
3333 1488 3494 1549 atque

1908 1562 2225 1617 arctioribus
2270 1563 2666 1634 distenduntur,
2725 1582 2827 1638 qua
2877 1569 3122 1625 molestia
3169 1571 3400 1641 virgines
3441 1582 3495 1627 et

1910 1651 2247 1707 continentes
2274 1658 2668 1725 carentzquasi
2695 1658 2763 1712 ob
2802 1656 2906 1713 hoc
2946 1666 3151 1713 tantum
3200 1661 3391 1716 melius
3426 1662 3493 1716 sit

1910 1756 2017 1795 non
2039 1741 2332 1812 conjugari,
2363 1753 2420 1798 ut
2462 1744 2623 1815 hujus
2670 1748 2926 1816 temporis
2971 1749 3280 1804 relaxentur
3323 1765 3491 1820 angu-

1910 1832 2046 1899 Slitn,
2090 1849 2194 1888 non
2213 1835 2353 1902 quod
2402 1836 2453 1889 in
2483 1835 2720 1891 futurum
2760 1839 3012 1893 smeulum
3067 1840 3265 1910 aliquid
3302 1842 3490 1910 prosit.

1910 1922 2055 1977 llanc
2080 1939 2268 1978 vanam
2310 1927 2627 1981 sententiam
2654 1943 2723 1982 ne
2748 1929 2925 1984 cordis
2976 1932 3178 1999 proprii
3208 1933 3223 1963 ¹
3259 1933 3498 1988 vanitate

1912 2016 2198 2084 protulisse
2221 2016 2527 2083 videantur,
2561 2018 2819 2073 adhibent
2847 2036 2912 2074 ex
2948 2022 3204 2090 Apostolo
3256 2023 3495 2079 testimo-

1910 2109 2052 2163 nium
2081 2109 2170 2164 ubi
2200 2110 2274 2164 ait
2306 2109 2722 2183 :De‘virginibus
2752 2122 2920 2167 autem
2951 2124 3257 2183 prteccptum
3290 2115 3496 2169 Domini

1909 2215 2012 2253 non
2039 2200 2216 2267 habeo,
2246 2202 2513 2255 consilium
2566 2211 2735 2256 autent
2786 2202 2873 2269 do,
2935 2211 3177 2273 tanquam
3203 2205 3492 2259 misericor-

1911 2293 2045 2347 diam
2066 2303 2360 2349 consecutus
2380 2311 2412 2347 a
2438 2294 2566 2361 Deo,
2590 2305 2645 2349 ut
2667 2296 2835 2365 ﬁdelis
2863 2313 3041 2351 essem.
3092 2297 3344 2352 Existimo
3391 2297 3495 2350 ita-

1911 2402 2009 2456 que
2036 2388 2131 2440 ltoc
2161 2387 2345 2441 bonum
2374 2404 2480 2442 esse
2529 2397 2733 2459 propter
2768 2398 3065 2458 praesentem
3113 2390 3457 2443 necessitatem
3477 2430 3493 2454 ,

1908 2476 2029 2546 quia
2055 2475 2241 2529 bonum
2265 2485 2340 2530 est
2364 2477 2556 2531 homini
2579 2478 2653 2531 sic
2681 2494 2786 2532 esse
2837 2478 2891 2545 (Ι
2921 2477 3038 2532 Cor.
3062 2494 3133 2532 vu
3158 2517 3174 2543 ,
3219 2478 3308 2545 25,
3363 2474 3492 2551 26).

1910 2567 2069 2635 Ecce,
2088 2568 2351 2638 inquiunt,
2376 2569 2465 2623 ubi
2489 2570 2792 2624 manifestat
2820 2569 3108 2638 Apostolus
3153 2569 3256 2624 hoc
3274 2578 3495 2638 propter

1909 2669 2227 2729 praesentem
2271 2662 2642 2716 necessitatem
2688 2660 2887 2715 bonum
2930 2676 3070 2727 esse,
3128 2677 3238 2716 non
3278 2669 3496 2732 propter

1908 2749 2140 2805 futuram
2168 2752 2543 2806 aeternitatem.
2566 2751 2728 2820 Quasi
2752 2753 3030 2821 prmsentis
3062 2752 3394 2808 necessitatis
3414 2768 3498 2807 ra-

1910 2841 2109 2897 tionem
2137 2842 2682 2913 haberetApostolus,
2714 2844 2815 2898 nisi
2849 2844 3134 2913 providens
3154 2846 3174 2876 '
3200 2854 3255 2901 et
3294 2859 3493 2900 consu‘

1909 2935 2026 2991 lens
2052 2935 2102 2989 in
2130 2935 2387 3002 futurum;
2415 2951 2538 2991 cum
2565 2937 2740 2992 omnis
2764 2937 2878 3007 ejus
2904 2937 3235 3008 dispensatio
3261 2952 3368 2994 non
3395 2938 3497 2993 nisi

1910 3027 1975 3083 ad
1997 3028 2155 3083 vitam
2175 3037 2429 3083 :eteruam
2456 3037 2628 3085 vocet.

1980 3119 2206 3176 CAPUT
2224 3119 2817 3193 XIV.—-M.Virginitas
2840 3138 2941 3177 non
2968 3130 3219 3193 praecepto
3254 3122 3345 3178 sed
3372 3138 3498 3177 con-

1909 3212 2022 3267 silio
2071 3215 2415 3269 commendata
2450 3214 2518 3267 ad
2546 3216 2927 3285 promerendam
2950 3216 3259 3287 singularent
3283 3216 3498 3287 gloriam

1909 3306 1962 3360 in
1990 3307 2090 3359 vila
2128 3307 2320 3376 futura.
2368 3306 2615 3363 Praesens
2670 3322 2800 3377 ergo
2847 3316 2930 3363 est
2983 3307 3196 3362 vitanda
3254 3307 3498 3364 necessi-

1911 3404 2014 3463 tas,
2044 3396 2139 3452 sed
2166 3407 2341 3453 tamen
2363 3412 2482 3468 quae
2510 3397 2710 3468 aliquid
2736 3398 2997 3453 bonorum
3039 3397 3261 3467 impedit
3290 3398 3497 3453 futuro-

1911 3503 2029 3541 rum
2062 3506 2074 3541 :
2102 3502 2203 3556 qua
2235 3489 2554 3544 necessitate
2571 3490 2673 3543 vita
2699 3489 2925 3560 cogitur,
2945 3488 3237 3559 coujugalis
3264 3488 3500 3558 cogitare

1912 3594 2030 3647 qua:
2060 3579 2400 3646 mundisunt,
2423 3579 2692 3650 quomodo
2722 3581 2926 3649 placeat
2957 3581 3033 3633 vir
3049 3579 3225 3645 uxori,
3256 3580 3338 3632 vel
3368 3594 3502 3633 uxor

1912 3669 2046 3724 viro.
2078 3670 2191 3724 Non
2222 3669 2364 3741 quod
2394 3686 2456 3726 ea
2486 3680 2737 3743 separent
2762 3687 2792 3725 a
2824 3686 2990 3740 regno
3032 3672 3125 3725 Dci
3148 3712 3163 3737 ,
3195 3671 3336 3726 sicut
3379 3680 3505 3726 sunt

1914 3771 2152 3834 peccata,
2185 3780 2305 3834 quae
2322 3763 2442 3819 ideo
2478 3770 2890 3833 prwcepto,non
2912 3762 3136 3817 consilio
3161 3761 3500 3829 cohibentur,

1914 3855 2035 3924 quia
2054 3854 2282 3909 Domino
2316 3854 2648 3925 praecipienti
2678 3870 2784 3910 non
2810 3853 3028 3909 obedire
3052 3852 3353 3911 damnabile
3372 3862 3455 3909 est
3486 3870 3500 3908 :

1914 3945 2007 4000 sed
2039 3945 2168 4000 illud
2195 3946 2338 4016 quod
2367 3945 2420 3999 in
2452 3946 2569 4015 ipso
2593 3945 2688 3999 Dei
2718 3959 2883 4014 regno
2906 3943 3133 4013 amplius
3154 3942 3341 3999 haberi
3372 3957 3503 4013 pos-

1914 4043 1995 4091 set
2020 4036 2064 4090 si
2086 4036 2314 4105 amplius
2334 4035 2657 4105 cogitaretur
2685 4033 2965 4105 quomodo,
3000 4031 3313 4103 plaCcndum
3361 4040 3507 4088 esset

1916 4127 2045 4187 Deo.
2078 4129 2254 4183 minus
2280 4128 2384 4184 erit
2412 4128 2595 4197 utique
2626 4142 2750 4183 cum
2782 4126 2884 4182 hoc
2912 4126 3082 4196 ipsum
3110 4125 3288 4181 minus
3315 4125 3505 4195 conju-

1855 4218 1873 4237 "
1914 4222 1983 4291 gii
2011 4220 2330 4275 necessitate
2359 4220 2639 4290 cogitatur.
2669 4217 2817 4287 Ideo,
2848 4217 2926 4273 De
2950 4218 3224 4289 virginibus
3249 4258 3262 4281 ,
3296 4216 3503 4287 inquit,

1915 4324 2221 4384 prwceptum
2258 4312 2464 4367 Domini
2510 4328 2612 4368 non
2656 4311 2833 4371 habeo.
2867 4310 3142 4380 Praecepto
3169 4309 3311 4365 enim
3356 4309 3507 4378 quis-

1914 4404 2033 4473 quis
2062 4420 2165 4458 non
2219 4402 2595 4474 obtemperat,
2654 4418 2777 4458 reus
2827 4410 2911 4459 est
2961 4410 3015 4457 et
3064 4401 3271 4456 debitor
3300 4414 3503 4471 patum.

1915 4496 2146 4552 Proinde
2170 4496 2290 4566 quia
2334 4510 2555 4551 uxorem
2606 4494 2805 4550 ducere
2845 4494 2932 4550 vel
2976 4494 3178 4549 nubere
3228 4500 3504 4563 peccatum

1916 4604 2020 4643 non
2047 4600 2151 4655 est,
2184 4590 2227 4643 si
2255 4597 2431 4644 autem
2461 4598 2736 4660 peccatum
2790 4598 2955 4655 esset,
2984 4598 3252 4659 prcccepto
3300 4594 3506 4642 vetare-

1917 4691 2032 4748 tur;
2064 4691 2343 4751 propterea
2370 4691 2695 4751 prmccptum
2732 4681 2939 4735 Domini
2964 4682 3029 4736 de
3054 4679 3348 4750 virginibus
3383 4677 3505 4731 nul-

1916 4774 2025 4827 lum
2054 4780 2155 4828 est.
2188 4773 2295 4827 Sed
2318 4773 2566 4843 quoniam
2588 4772 2836 4828 devitatis
2879 4772 3184 4828 rcmissisve
3226 4767 3460 4839 peccatis
3488 4808 3504 4832 ,

1917 4865 2161 4921 adeunda
2191 4876 2273 4921 est
2295 4867 2399 4921 vita
2428 4876 2651 4933 aeterna,
2680 4867 2732 4921 in
2763 4882 2865 4937 qua
2896 4874 2977 4921 est
3002 4865 3244 4936 qumdam
3294 4863 3505 4932 egregia

1915 4958 2101 5029 gloria,
2132 4973 2234 5013 non
2262 4959 2509 5013 omnibus
2538 4959 2587 5012 in
2620 4970 2881 5013 :cternum
2898 4957 3138 5019 victuris,
3159 4955 3252 5009 sed
3278 4954 3506 5023 quibus-

1916 5051 2037 5105 dam
2069 5050 2138 5105 ibi
2170 5051 2466 5115 tribucnda,
2494 5052 2579 5106 cui
2628 5048 3015 5119 consequendae
3045 5062 3232 5117 parum
3262 5052 3346 5100 est
3371 5044 3507 5100 libe-

1917 5153 2087 5195 ratum
2114 5156 2233 5197 esse
2256 5157 2285 5195 a
2313 5142 2563 5211 peccatis,
2593 5141 2692 5195 nisi
2718 5138 2916 5209 aliquid
2948 5139 3045 5207 ipsi
3080 5135 3356 5191 liberatori
3404 5151 3499 5191 vo-

1915 5248 2121 5301 veatur,
2148 5236 2287 5306 quod
2315 5251 2422 5289 non
2443 5236 2512 5289 sit
2530 5234 2767 5288 criminis
2798 5248 2904 5287 non
2929 5228 3271 5295 vovisse,sed
3295 5229 3507 5285 vovisse

1917 5346 1979 5386 ac
2005 5328 2300 5384 reddidisse
2325 5331 2393 5381 sit
2422 5326 2592 5382 laudis
2624 5343 2637 5378 :
2667 5325 2945 5379 Consilium
2975 5366 2990 5390 ,
3016 5324 3204 5393 inquit,
3233 5322 3299 5377 do
3325 5363 3343 5390 ,
3393 5331 3508 5376 tan-

1916 5440 2066 5496 quam
2082 5421 2474 5477 misericordiam
2492 5426 2784 5475 consecutus
2811 5434 2843 5471 a
2869 5416 2996 5483 Deo,
3035 5426 3087 5471 ut
3118 5414 3286 5485 ﬁdelis
3320 5428 3506 5469 essem.

1917 5515 2098 5585 Neque
2122 5513 2263 5569 enim
2294 5512 2529 5567 invidere
2550 5510 2723 5566 debeo
2746 5509 2903 5565 ﬁdele
2930 5508 3214 5564 consilium
3240 5549 3255 5574 ,
3287 5508 3376 5578 qui
3401 5522 3508 5562 non

1919 5609 2054 5662 meis
2079 5605 2301 5668 meritis,
2333 5602 2427 5658 sed
2465 5602 2559 5658 Dei
2599 5600 2964 5657 misericordia
3015 5615 3131 5656 sum
3160 5599 3348 5655 ﬁdelis.
3382 5598 3510 5653 Exi-

1916 5700 2065 5753 stimo
2093 5697 2260 5765 itaque
2289 5696 2381 5749 hoc
2412 5696 2594 5749 bonum
2617 5709 2722 5748 esse
2742 5701 2948 5764 propter
2976 5689 3504 5762 prmentemnecessi-

1986 5832 1999 5862 ³
2027 5830 2099 5879 sic
2118 5826 2300 5889 aliquot
2321 5833 2428 5876 Mss.
2449 5826 2569 5890 Editi
2595 5838 2731 5885 vero,
2754 5822 2969 5890 propria.
3046 5884 3053 5890 ς

1986 5895 2004 5923 ²
2029 5892 2163 5950 Edili,
2182 5884 2273 5941 non
2296 5889 2567 5953 providens.
2588 5896 2640 5939 At
2666 5884 2793 5948 ass-.1,
2812 5884 2904 5937 nisi
2919 5884 3193 5943 providens.
