4048 6502
540 430 646 484 403

544 555 711 599 tatem.
739 541 872 608 Hoc,
897 538 1087 610 inquit,
1116 535 1258 592 unde
1287 541 1631 627 przeceptum‘
1649 526 1861 627 Domini
1892 522 2123 627 ncuba-

544 635 663 700 heo,
680 631 773 689 sed
801 629 1080 686 consilium
1106 627 1196 692 do,
1221 624 1323 681 hoc
1350 632 1434 680 est
1476 622 1545 678 de
1583 618 1905 690 virginibus,
1938 618 2123 670 existi-

541 742 630 782 mo
675 725 873 780 bonum
917 737 1039 778 esse
1086 729 1305 792 propter
1357 723 1678 790 prtesentem
1726 711 2121 769 necessitatem.

538 816 671 872 Novi
691 816 833 871 enim
863 812 989 886 quid
1016 812 1295 884 praesentis
1322 808 1598 880 temporis,
1626 805 1712 862 cui
1741 802 1985 874 coniugia
2005 814 2127 904 ser-

536 907 704 970 viunt,
730 904 1024 961 necessitas
1050 910 1226 973 cogat,
1259 909 1317 955 ut
1360 915 1426 956 ea
1466 914 1586 968 qua:
1638 896 1733 951 Dei
1781 901 1906 949 sunt
1946 896 2124 947 minus

536 1000 858 1072 cogitentur,
879 1012 1041 1069 quam
1062 995 1259 1052 sufﬁcit
1278 991 1635 1064 adipiscenda:
1664 989 1739 1044 illi
1761 986 1943 1059 gloriae
1961 1028 1975 1051 ,
2004 998 2123 1077 quas

539 1106 645 1145 non
671 1090 774 1145 erit
796 1089 1059 1154 omnium,
1084 1085 1325 1158 quamvis
1363 1085 1415 1138 in
1460 1091 1660 1138 aeterna
1700 1080 1806 1134 vita
1846 1091 1909 1132 ac
1952 1084 2123 1131 samte

538 1181 889 1237 manentium.
920 1178 1085 1235 Stella
1107 1178 1239 1233 enim
1265 1176 1328 1230 ab
1351 1174 1497 1229 stella
1534 1170 1706 1238 di/Iert
1753 1170 1807 1223 in
1848 1167 2119 1230 claritate;

535 1273 609 1326 sic
630 1280 675 1325 et
701 1270 998 1327 resurrectio
1021 1278 1333 1322 mortuorum
1354 1266 1398 1337 (1
1415 1264 1653 1351 συγκιν,
1670 1262 1760 1328 Li,
1789 1256 1901 1330 L2).
1922 1256 2123 1311 Bonum

536 1373 610 1418 est
635 1377 764 1432 ergo
794 1362 983 1415 homini
1012 1362 1085 1414 sic
1108 1376 1235 1414 esse.

609 1452 835 1510 CAPUT
864 1451 1146 1507 XV'.—i5.
1163 1448 1441 1505 Consilium
1464 1447 1614 1502 datur
1632 1462 1733 1500 non
1760 1442 1997 1508 nubendi,
2019 1457 2121 1496 non

538 1558 867 1621 promptum.
912 1545 1113 1601 Deinde
1167 1543 1407 1613 adjnngit
1457 1541 1597 1596 idem
1643 1537 1916 1609 apostolus
1940 1544 1997 1590 et
2040 1533 2123 1589 di-

542 1642 617 1697 cit
644 1658 658 1694 :
689 1640 942 1710 Alligatus
970 1655 1021 1693 es
1048 1637 1220 1704 uxori,
1252 1652 1315 1689 ne
1336 1634 1592 1706 qua'sieris
1613 1630 1911 1686 solutionem
1936 1644 1953 1692 ;
1983 1626 2122 1680 solu-

538 1744 620 1789 tus
644 1750 698 1787 es
722 1731 784 1787 ab
813 1747 992 1798 uxore,
1011 1746 1073 1784 ne
1100 1728 1358 1800 quaesieris
1394 1742 1621 1782 uxorem.
1652 1723 1850 1777 Horum
1895 1719 2120 1776 duorum

534 1825 682 1895 quod
714 1825 861 1895 prius
886 1823 1083 1895 posuit,
1134 1822 1200 1876 ad
1257 1829 1582 1891 praeceptum
1624 1817 1894 1889 pertinet,
1936 1822 2121 1869 contra

538 1915 681 1984 quod
710 1914 957 1970 nonlicet
981 1912 1178 1967 facere.
1196 1910 1313 1966 Non
1343 1910 1485 1966 enim
1508 1909 1633 1963 licet
1678 1906 1946 1962 dimittere
1988 1917 2121 1958 uxo-

536 2024 676 2076 rem,
705 2008 808 2063 nisi
833 2023 896 2062 ex
915 2021 1075 2062 causa
1104 2003 1471 2059 fornicationis
1495 2044 1509 2067 ,
1557 2002 1694 2056 sicut
1738 2000 1788 2054 in
1836 1996 2123 2067 Evangelia

536 2101 655 2170 ipse
684 2099 938 2153 Dominus
965 2097 1094 2153 dicit
1122 2095 1343 2169 (Matth.
1373 2110 1487 2158 xu,
1514 2090 1592 2165 9).
1623 2090 1756 2146 Illud
1782 2099 1958 2145 autem
1982 2087 2123 2159 quod

535 2190 762 2253 addidit,
791 2190 1005 2246 Solutus
1032 2205 1086 2243 es
1112 2189 1174 2241 ab
1194 2203 1373 2254 uxore,
1400 2201 1464 2239 ne
1479 2183 1738 2256 quasieris
1752 2197 1976 2244 uxorem,
1995 2195 2123 2235 con-

536 2283 643 2337 silii
672 2280 936 2336 sententia
965 2287 1068 2344 est,
1100 2294 1206 2334 non
1234 2276 1485 2347 praecepti
1506 2292 1519 2327 :
1539 2274 1667 2328 licet
1705 2272 1880 2343 itaque
1907 2270 2086 2326 facere
2104 2311 2121 2337 ,

535 2373 635 2430 sed
654 2374 847 2429 melius
875 2381 1075 2428 estnon
1109 2370 1301 2425 facere.
1329 2368 1566 2437 Denique
1591 2365 1845 2421 continuo
1873 2362 2121 2433 subjecit:

537 2466 671 2521 Etsi
698 2465 957 2535 acceperis
1003 2479 1233 2528 uxorem,
1291 2476 1392 2513 non
1420 2458 1677 2531 peccasti;
1723 2466 1771 2510 et
1816 2455 1861 2509 si
1897 2452 2125 2524 nupserit

534 2558 697 2630 virgo,
727 2573 826 2611 non
846 2563 1037 2628 peccat.
1064 2553 1197 2608 Illud
1224 2561 1402 2607 autem
1426 2551 1575 2621 prius
1599 2563 1720 2603 cum
1747 2546 2002 2612 dixisset,
2028 2544 2124 2599 Αι-

536 2649 721 2720 ligatus
741 2663 794 2703 es
814 2647 989 2710 uxori;
1010 2662 1073 2700 ns
1098 2644 1356 2714 qumsieris
1378 2642 1716 2706 solutionem;
1747 2636 2005 2708 numquid
2031 2635 2127 2691 ad-

535 2740 689 2806 didit,
713 2740 780 2795 Et
805 2740 849 2795 si
872 2738 1119 2802 solveris,
1149 2752 1257 2792 non
1288 2734 1554 2805 peccasti?
1603 2733 1721 2789 Jam
1764 2731 1905 2787 enim
1963 2745 2125 2801 supra

535 2831 769 2894 dixerat,
804 2829 851 2883 ll
859 2831 901 2884 is
926 2838 1094 2883 autem
1118 2829 1204 2898 qui
1228 2836 1343 2882 sunt
1370 2826 1425 2879 in
1451 2824 1689 2895 conjugis
1716 2822 1955 2892 principio
1979 2862 1993 2887 ,
2023 2837 2127 2874 non

536 2939 649 2994 ego,
671 2922 760 2977 sed
780 2920 1051 2985 Dominus,
1075 2934 1286 2974 uxorem
1309 2934 1340 2970 a
1365 2916 1471 2969 viro
1512 2932 1615 2969 non
1644 2913 1897 2968 discedere
1924 2929 1945 2979 ;
1989 2913 2126 2983 quod

535 3017 579 3069 si
611 3014 925 3078 discesserit,
956 3029 1159 3066 manere
1184 3014 1451 3081 innuptam
1473 3054 1488 3079 ,
1518 3019 1605 3065 aut
1629 3010 1739 3064 viro
1764 3025 1858 3063 suo
1896 3007 2124 3061 reconci-

536 3104 657 3160 liari
684 3120 703 3159 :
734 3104 847 3159 ﬁeri
877 3104 1019 3159 enim
1046 3112 1223 3174 potest
1242 3112 1424 3159 utnon
1467 3117 1563 3157 sua
1591 3102 1769 3171 culpa,
1800 3100 1895 3155 sed
1948 3098 2123 3154 mariti

536 3195 797 3251 discedat.
828 3194 1031 3252 Deinde
1054 3195 1150 3261 ait,
1179 3195 1247 3248 Et
1270 3195 1347 3249 vir
1367 3210 1576 3249 uxorem
1602 3209 1664 3248 ne
1686 3194 1903 3247 dimittat
1936 3191 1977 3262 (1
2002 3188 2121 3246 Cor.

538 3303 635 3353 vn,
662 3286 865 3353 27,28,
899 3284 1136 3359 {0,11);
1165 3286 1307 3356 quod
1358 3286 1704 3341 nihilominus
1750 3300 1816 3339 ex
1855 3290 2125 3355 praecepto

540 3375 756 3433 Domini
778 3376 974 3447 posuit,
1007 3391 1108 3431 nec
1133 3376 1204 3432 ibi
1234 3376 1456 3442 addidit,
1504 3377 1574 3431 Et
1621 3376 1667 3431 si
1708 3374 1989 3439 dimiserit,
2018 3388 2123 3428 non

538 3476 741 3538 peccat.
761 3468 1094 3537 Praeceptum
1119 3477 1203 3524 est
1240 3468 1382 3522 enim
1424 3468 1527 3524 hoc
1553 3508 1569 3532 ,
1628 3467 1713 3522 cui
1762 3482 1867 3521 non
1909 3464 2126 3521 obedire

538 3569 813 3630 peccatum
839 3570 952 3627 est;
976 3575 1081 3616 non
1111 3560 1390 3616 consilium
1418 3602 1434 3626 ,
1479 3575 1585 3629 quo
1632 3560 1676 3614 si
1730 3559 1804 3613 uti
1845 3556 2082 3613 nolueris
2104 3597 2121 3625 ,

536 3651 714 3705 minus
741 3650 867 3707 boni
893 3651 1226 3722 adipisceris,
1247 3667 1353 3706 non
1383 3651 1507 3706 mali
1542 3650 1742 3721 aliquid
1768 3649 2121 3720 perpetrabis.

536 3744 825 3814 Propterea
854 3759 974 3798 cum
992 3744 1234 3802 dixisset.
1269 3743 1480 3799 Solutus
1506 3760 1559 3798 es
1595 3744 1659 3796 ab
1684 3758 1861 3804 uxore,
1888 3758 1951 3795 ne
1978 3756 2122 3811 quie-

536 3836 683 3889 sieris
702 3852 947 3903 uxorem;
974 3836 1095 3907 quia
1123 3852 1228 3889 non
1259 3833 1599 3905 prmcipiebat
1624 3849 1690 3888 ne
1720 3832 1919 3887 malum
1951 3832 2123 3896 ﬁeret,

538 3928 631 3981 sed
658 3928 969 3984 consulebat
993 3937 1053 3983 ut
1077 3928 1268 3983 melius
1291 3927 1460 3991 fieret;
1476 3926 1731 3981 continuo
1745 3922 2038 3992 suhjunxit,
2056 3920 2127 3975 Et

536 4022 580 4072 si
608 4019 863 4090 acceperis
892 4036 1101 4074 uxorem
1121 4061 1136 4086 ,
1168 4035 1270 4073 non
1294 4018 1551 4091 peccasti;
1581 4016 1681 4072 etsi
1706 4018 1931 4086 nupserit
1961 4013 2122 4085 virgo,

537 4128 637 4165 non
669 4121 861 4180 peccat.

607 4202 833 4259 CAPUT
856 4203 1456 4260 X\’l.—16.Tribulatio
1473 4203 1641 4257 carnis
1655 4203 1708 4257 in
1729 4200 1990 4273 conjugio,
2012 4215 2128 4271 qua

535 4299 621 4351 sit.
650 4296 869 4350 Addidit
896 4306 1095 4363 tamen,
1142 4295 1539 4349 Tribulationem
1582 4303 1749 4348 autem
1774 4295 1943 4347 carnis
1969 4292 2126 4346 liabe-

538 4389 660 4440 bunt
686 4386 981 4457 hujusmodi
1008 4427 1022 4449 ,
1071 4402 1162 4456 ego
1200 4394 1368 4438 autem
1419 4384 1554 4439 vobis
1586 4400 1739 4451 parco
1770 4400 1789 4438 :
1815 4384 1916 4439 hoc
1967 4382 2127 4439 modo

536 4479 829 4535 exhortans
839 4478 905 4533 ad
922 4479 1278 4549 virginitatem
1293 4479 1780 4547 continentiamque
1793 4486 2123 4548 perpetuam,

539 4583 599 4627 ut
622 4572 1015 4642 aliquantulum
1040 4588 1070 4626 a
1098 4571 1294 4641 nuptiis
1310 4572 1469 4626 etiam
1498 4570 1838 4634 deterreret,
1885 4568 2126 4624 modeste

536 4680 689 4732 sane,
708 4680 815 4719 non
838 4674 1087 4736 tanquam
1114 4679 1145 4719 a
1169 4679 1231 4720 re
1259 4664 1397 4719 maia
1419 4673 1474 4719 et
1498 4664 1700 4730 illicita,
1732 4660 1827 4717 sed
1874 4671 2122 4732 tanquam

535 4757 604 4812 ab
633 4770 862 4813 onerosa
889 4771 953 4811 ac
1008 4754 1258 4810 molesta.
1309 4754 1466 4809 Aliud
1510 4762 1594 4809 est
1638 4753 1782 4809 enim
1840 4752 2124 4807 admittere

533 4851 712 4905 carnis
744 4849 1149 4920 turpitudinem,
1179 4847 1324 4903 aliud
1364 4847 1564 4903 habere
1609 4845 1789 4901 carnis
1819 4845 2125 4900 tribulatio-

537 4958 661 4999 nem
688 4942 852 4998 :illud
874 4952 957 4997 est
984 4939 1225 4998 criminis
1256 4940 1450 5005 facere,
1484 4937 1586 4993 hoc
1623 4937 1823 4993 laboris
1863 4945 1946 4991 est
1970 4937 2074 5006 pati
2105 4978 2122 5004 ,

533 5049 691 5102 quem
709 5033 1023 5105 plerumque
1048 5033 1294 5089 homines
1316 5032 1475 5087 etiam
1507 5046 1604 5100 pro
1632 5029 1825 5085 ofﬁciis
1854 5028 2123 5084 honestis-

534 5127 687 5180 simis
711 5144 815 5181 nou
843 5137 1110 5183 recusant.
1148 5127 1253 5183 Sed
1304 5142 1401 5197 pro
1442 5124 1689 5181 habendo
1715 5123 1961 5194 conjugio
2013 5123 2121 5193 jam

537 5217 641 5270 hoc
664 5226 921 5287 tempore,
950 5236 1057 5289 quo
1082 5235 1187 5275 non
1209 5235 1303 5290 per
1322 5217 1502 5274 carnis
1520 5217 1868 5287 propaginem
1900 5225 2122 5273 venturo

535 5307 749 5361 Christo
775 5308 942 5377 ipsius
961 5311 1125 5377 prolis
1152 5312 1535 5383 propagatione
1559 5310 1810 5375 servitur,
1843 5309 1997 5363 istam
2023 5310 2121 5363 tri-

539 5397 863 5451 bulationem
894 5401 1091 5464 carnis,
1114 5418 1272 5470 quam
1289 5404 1533 5473 nupturis
1552 5403 1791 5474 prmdicit
1810 5404 2118 5472 Apostolus,

537 5485 811 5553 suscipere
838 5488 1163 5544 tolerandam
1193 5494 1508 5562 perstultum
1538 5504 1701 5562 esset,
1723 5494 1825 5550 nisi
1856 5508 2124 5553 metuere-

539 5586 628 5631 tur
674 5576 1149 5644 incontinentibus,
1177 5591 1513 5651 ne,tentante
1563 5586 1852 5657 satana,in
1905 5598 2119 5656 peccata

537 5666 855 5723 damnabilia
876 5667 1197 5723 laberentur.
1223 5671 1376 5738 Quod
1407 5684 1583 5729 autem
1622 5692 1683 5732 se
1702 5678 1829 5731 dicit
1872 5679 1950 5733 eis
1997 5696 2122 5751 par-

537 5772 683 5825 cere,
713 5774 846 5828 quos
878 5759 954 5813 ait
978 5759 1371 5818 tribulationem
1400 5765 1578 5819 carnis
1624 5766 1899 5824 habituros
1920 5811 1934 5835 ,
1986 5772 2118 5825 nihil

538 5848 671 5905 mihi
717 5851 927 5909 interim
962 5854 1144 5911 sanius
1185 5858 1451 5926 occurrit,
1511 5874 1669 5929 quam
1714 5878 1832 5918 cum
1883 5866 2118 5923 noluisse

1481 413 1569 468 DC
1604 408 1868 467 SA‘NCTA
1909 401 2370 472 VIRCINITATE,
2408 404 2466 461 S.
2505 407 2872 466 AUCUSTINI

3729 423 3835 479 ωδ

2234 521 2443 590 aperire
2471 531 2527 579 et
2549 524 2819 595 explicare
2841 527 3019 585 verbis
3043 531 3286 587 eamdem
3317 534 3489 604 ipsam
3520 536 3706 591 carnis
3726 539 3815 593 tri-

2232 611 2572 683 bulationem,
2620 632 2781 687 quam
2818 620 3193 689 prtenuntiavit
3227 623 3310 679 eis
3346 625 3437 695 qui
3468 626 3683 697 eligunt
3722 644 3822 684 nu-

2230 706 2388 775 ptias,
2417 708 2469 762 in
2487 710 2877 781 suspicionibus
2901 714 3001 770 zeli
3026 714 3341 785 coniugalis,
3383 718 3436 773 in
3463 720 3818 788 procreandis

2230 796 2352 853 ﬁliis
2377 806 2535 869 atque
2563 801 2879 869 nutriendis,
2909 803 2961 858 in
2990 805 3274 862 timoribus
3302 816 3357 862 et
3384 810 3716 866 mmroribus
3744 827 3819 867 or-

2228 887 2428 945 hitatis.
2458 891 2664 960 Quotus
2686 894 2830 950 enim
2847 896 3093 967 quisque,
3117 913 3239 955 cum
3266 915 3327 956 se
3347 902 3608 957 connubii
3634 904 3821 959 vincu-

2228 977 2294 1033 lis
2318 979 2629 1051 alligaverit,
2650 998 2755 1039 non
2787 984 2902 1041 istis
2925 986 3164 1044 trahatur
3180 998 3343 1062 atque
3362 993 3599 1064 agitetur
3610 993 3820 1049 affecti-

2227 1069 2507 1142 bus?Quos
2530 1090 2704 1147 neque
2720 1093 2819 1134 nos
2839 1094 3162 1152 exaggerare
3177 1082 3456 1151 debemus,
3478 1101 3550 1141 ne
3568 1086 3702 1156 ipsis
3715 1102 3817 1143 non

2228 1176 2540 1231 parcamus,
2568 1168 2759 1236 quibus
2786 1173 3111 1240 parcendum
3146 1175 3472 1233 existimavit
3498 1180 3816 1249 Apostolus.

2296 1254 2523 1311 CAPUT
2544 1256 2869 1317 XVII.—i7.
2888 1261 2955 1317 In
2979 1281 3063 1319 eos
3090 1266 3179 1338 qui
3200 1266 3262 1319 ab
3277 1267 3525 1337 Apostolo
3544 1271 3818 1325 damnatas

2225 1346 2297 1399 ibi
2320 1349 2520 1419 nuptias
2545 1360 2743 1421 putant.
2774 1353 3057 1425 Scriptura:
3105 1359 3312 1430 aliquod
3357 1362 3687 1418 mendacium
3729 1366 3820 1419 tri-

2227 1437 2376 1491 buere
2415 1454 2567 1507 quam
2614 1443 2969 1507 perniciosum.
2996 1446 3224 1503 Tantum
3269 1465 3365 1521 per
3396 1452 3498 1507 hoc
3525 1454 3676 1524 quod
3701 1455 3824 1511 bre-

2226 1528 2364 1583 viter
2410 1532 2583 1600 posui,
2610 1545 2827 1590 cautum
2873 1537 2986 1594 ﬁeri
3031 1539 3287 1597 lectorem
3335 1547 3582 1614 oportuit
3626 1547 3819 1603 adver-

2226 1634 2321 1674 sus
2347 1636 2441 1676 eos
2471 1624 2561 1693 qui
2586 1624 2637 1679 in
2667 1624 2769 1681 hoc
2788 1628 2933 1697 quod
2953 1630 3211 1701 scriptum
3263 1643 3383 1703 est,
3414 1635 3821 1693 Tribulationem

2226 1720 2391 1764 autem
2414 1714 2584 1769 carnis
2611 1715 2860 1772 habebunt
2885 1721 3203 1790 hujusmodt',
3228 1740 3317 1795 ego
3342 1735 3511 1781 autem
3537 1728 3682 1783 vobis
3704 1746 3822 1800 par-

2226 1817 2306 1867 co,
2336 1804 2534 1873 nuptiis
2558 1806 2970 1877 calumniantur,
3000 1812 3142 1882 quod
3184 1829 3279 1870 eas
3301 1830 3367 1871 ex
3416 1817 3643 1889 obliquo
3696 1834 3821 1876 sen-

2228 1893 2392 1946 tentia
2422 1893 2519 1948 ista
2548 1895 2899 1965 damnaverit;
2930 1902 3071 1957 velut
3101 1905 3269 1974 ipsam
3294 1905 3709 1965 damnationem
3728 1927 3821 1966 uo.

2228 1982 2388 2039 luerit
2410 1986 2608 2053 dicere,
2634 2003 2756 2044 cum
2786 1991 2879 2057 ait,
2909 1992 3022 2064 Ego
3046 2006 3217 2050 autem
3239 1997 3377 2052 vobis
3417 2016 3578 2069 parco
3607 2016 3628 2055 :
3656 2009 3717 2055 ut
3748 2002 3824 2056 vi-

2227 2072 2422 2131 delicet
2444 2091 2567 2132 cum
2593 2077 2711 2135 istis
2728 2082 2913 2151 parcit,
2944 2084 3141 2141 anima:
3170 2101 3283 2142 suae
3327 2102 3433 2143 non
3473 2092 3822 2160 pepercerit,

2227 2165 2272 2220 si
2299 2168 2609 2224 mentiendo
2625 2169 2760 2226 dixit
2784 2212 2805 2239 ,
2834 2172 2903 2227 Et
2931 2175 2975 2229 si
3001 2177 3257 2246 acceperis
3287 2194 3529 2246 uxorem,
3571 2196 3677 2235 non
3708 2198 3823 2250 pec-

2228 2258 2392 2326 casti;
2420 2270 2467 2313 et
2491 2261 2539 2315 si
2579 2264 2806 2334 nupserit
2852 2266 3023 2337 virgo,
3058 2284 3160 2322 non
3201 2280 3391 2340 peccat.
3439 2271 3600 2338 Quod
3640 2274 3734 2343 qui
3760 2274 3826 2327 de

2228 2361 2409 2406 sancta
2442 2353 2713 2425 Scriptura
2741 2358 2968 2414 credunt
3011 2361 3093 2416 vel
3122 2362 3269 2419 credi
3312 2363 3532 2431 volunt,
3568 2375 3824 2435 tanquam

2229 2441 2367 2496 viam
2397 2443 2499 2499 sibi
2530 2446 2777 2502 muniunt
2811 2449 2879 2504 ad
2926 2453 3217 2509 mentiendi
3261 2454 3569 2521 licentiam,
3623 2458 3709 2513 vel
3759 2458 3827 2512 ad

2228 2532 2596 2592 defensionem
2647 2552 2759 2594 suae
2806 2555 3076 2610 perversa:
3140 2544 3450 2613 opinionis,
3496 2546 3827 2617 ubicumque

2228 2626 2372 2683 aliud
2400 2630 2637 2686 sentiunt
2659 2648 2817 2703 quam
2843 2650 2973 2691 sana
3013 2638 3257 2695 doctrina
3314 2642 3575 2710 postulat.
3608 2643 3668 2699 Si
3699 2644 3825 2714 quid

2230 2721 2371 2775 enim
2398 2721 2737 2780 manifestum
2765 2725 2834 2783 de
2871 2727 3064 2785 divinis
3091 2729 3267 2787 Libris
3318 2734 3591 2803 prolatum
3624 2734 3786 2790 fuerit
3807 2777 3823 2801 ,

2228 2825 2337 2880 quo
2389 2828 2574 2867 corum
2612 2814 2956 2872 confutentur
2978 2834 3210 2886 errores,
3242 2820 3345 2877 hoc
3373 2823 3440 2878 ad
3472 2839 3701 2879 manum
3730 2825 3824 2879 ha-

2228 2899 2357 2955 bent
2379 2904 2522 2957 velut
2553 2914 2784 2973 scutum,
2805 2923 2910 2978 quo
2946 2924 3006 2964 se
3044 2910 3304 2967 adversus
3338 2914 3630 2969 veritatem
3674 2916 3824 2986 quasi

2230 2998 2443 3047 tuentes
2490 2995 2694 3050 nudent
2717 3013 2747 3053 a
2770 2998 2984 3054 diabolo
3020 3002 3399 3070 vulnerandos,
3429 3015 3487 3059 ut
3512 3006 3705 3062 dicant
3729 3008 3826 3063 hoc

2228 3092 2502 3139 auctorem
2532 3084 2653 3141 libri
2684 3102 2789 3142 non
2832 3104 3017 3145 verum
3060 3091 3294 3160 dixisse,
3334 3094 3469 3150 alias
3499 3106 3559 3150 ut
3600 3096 3826 3153 inﬁrmis

2229 3180 2493 3243 parceret,
2522 3176 2654 3231 alias
2678 3186 2737 3233 ut
2754 3191 3154 3251 contemptores
3182 3192 3443 3251 terreret;
3464 3187 3610 3243 sicut
3635 3205 3826 3245 occur-

2229 3265 2361 3320 rerit
2388 3280 2569 3334 causa,
2595 3283 2696 3338 qua
2726 3284 2915 3325 eorum
2944 3287 3197 3342 perversa
3240 3278 3510 3333 sententia
3556 3278 3824 3336 defenda-

2230 3365 2353 3412 tur:
2385 3368 2546 3431 atqne
2588 3363 2669 3441 ita
2705 3363 2831 3419 dum
2880 3381 2942 3421 ea
2985 3383 3105 3437 qua:
3157 3370 3487 3439 opinantur,
3532 3373 3827 3432 defendere

2228 3465 2386 3521 quam
2416 3456 2685 3525 corrigere
2715 3457 2938 3523 malunt,
2963 3458 3255 3530 Scriptura:
3293 3473 3497 3520 sancta:
3532 3467 3826 3521 auctorita-

2229 3552 2336 3600 tem
2363 3544 2607 3617 frangere
2645 3560 2924 3618 conantur,
2952 3569 3054 3622 qua
3081 3571 3187 3611 una
3225 3572 3415 3615 omnes
3462 3562 3716 3617 cervices
3741 3576 3827 3617 su-

2227 3636 2407 3706 perbzn
2432 3636 2687 3709 durzeque
2708 3638 3043 3711 franguntur.

2299 3735 2526 3792 CAPUT
2546 3737 2898 3798 XVIll.—18.
2915 3740 3191 3814 Virginitas
3202 3747 3273 3801 sic
3298 3753 3631 3820 praferatnr,
3645 3761 3704 3805 ut
3726 3768 3825 3806 non

2228 3826 2421 3897 nuptias
2467 3827 2788 3885 damnentur.
2841 3831 2994 3889 Unde
3064 3844 3356 3895 sectatores
3407 3849 3465 3895 et
3508 3844 3824 3900 sectatrioes

2229 3925 2499 3986 perpetua:
2518 3921 2861 3979 continentiae
2889 3934 2943 3979 et
2970 3940 3139 3983 sacra:
3159 3928 3479 3999 virginitatis
3503 3932 3781 3991 admoneo
3808 3977 3825 4003 ,

2230 4018 2287 4064 ut
2312 4009 2511 4066 bonum
2538 4027 2694 4069 suum
2722 4015 2796 4071 ita
2821 4018 3109 4087 prasferant
3132 4023 3351 4092 nuptiis,
3384 4040 3451 4079 ne
3509 4027 3719 4082 malum
3746 4029 3828 4098 ju-

2230 4100 2408 4157 dicent
2435 4107 2648 4173 nuptias
2677 4124 2690 4159 :
2720 4124 2895 4179 neque
2921 4111 3198 4182 fallaciter,
3229 4116 3325 4170 sed
3354 4118 3513 4185 plane
3560 4122 3828 4176 veraciter

2229 4194 2298 4249 ab
2326 4195 2585 4265 Apostolo
2604 4197 2806 4254 dictum
2828 4203 3094 4270 noverint,
3143 4204 3246 4273 Qui
3294 4209 3381 4261 dat
3432 4221 3676 4279 nuptum,
3710 4212 3830 4267 bene

2231 4288 2387 4357 facit;
2413 4298 2460 4343 et
2478 4290 2565 4359 qui
2589 4308 2689 4346 non
2711 4294 2798 4346 dat
2826 4306 3059 4367 nuptum,
3107 4301 3287 4355 melius
3308 4303 3453 4373 facit.
3506 4302 3581 4357 Et
3608 4307 3655 4359 si
3683 4323 3827 4360 acce-

2232 4378 2364 4447 peris
2387 4395 2597 4434 uxorem
2619 4423 2634 4447 ,
2662 4399 2764 4437 non
2804 4388 3058 4455 peccasti;
3088 4396 3135 4442 et
3163 4390 3208 4445 si
3230 4394 3457 4461 nupserit
3504 4395 3673 4466 virgo,
3730 4406 3840 4451 non‘

2232 4480 2424 4538 peccat.
2456 4472 2524 4527 Et
2548 4474 2708 4543 paulo
2733 4487 2889 4545 post:
2914 4477 3120 4535 Beatior
3150 4492 3317 4537 autem
3370 4486 3485 4549 erit,
3515 4488 3562 4540 si
3609 4490 3685 4543 sic
3712 4506 3830 4561 per-

2231 4564 2493 4629 manserit,
2516 4568 2792 4621 secundum
2822 4586 2984 4624 meam
3030 4576 3348 4629 sententiam.
3393 4577 3463 4631 Et
3491 4594 3565 4633 ne
3594 4580 3828 4636 humana

2231 4656 2495 4711 sententia
2548 4666 2842 4727 putaretur,
2892 4662 3170 4735 adjungit:
3202 4666 3337 4721 Puto
3385 4679 3584 4735 autem,
3644 4680 3701 4725 et
3738 4690 3827 4742 ego

2231 4745 2482 4815 Spiritum
2512 4748 2607 4803 Dei
2628 4750 2807 4807 habeo.
2837 4753 2962 4809 llmc
2985 4755 3272 4824 dominica,
3324 4760 3439 4816 ha‘c
3492 4765 3827 4832 apostolica,

2228 4836 2344 4893 haec
2368 4854 2511 4905 vera,
2539 4840 2655 4897 hinc
2676 4857 2805 4897 sana
2832 4844 3071 4902 doctrina
3089 4859 3192 4909 est.
3215 4851 3293 4906 sic
3320 4852 3520 4923 eligere
3547 4855 3695 4911 dona
3718 4872 3831 4912 ma-

2223 4930 2364 5000 jora,
2402 4948 2470 4988 ne
2495 4933 2704 4991 minora
2724 4936 3064 4995 damnentur.
3097 4941 3285 4999 Melior
3319 4956 3405 5000 est
3460 4946 3516 5001 in
3544 4947 3825 5020 Scriptura

2227 5024 2322 5079 Dei
2350 5026 2547 5081 veritas
2575 5028 2691 5097 Dei,
2722 5046 2881 5101 quam
2910 5033 2963 5088 in
2994 5035 3305 5107 cujusquam
3336 5050 3519 5097 mente
3547 5055 3646 5099 aut
3666 5061 3828 5102 carne

2227 5120 2503 5189 virginitas
2530 5122 2781 5181 hominis.
2819 5127 2973 5197 Quod
3016 5140 3218 5185 castum
3259 5143 3343 5188 est
3381 5133 3459 5190 sic
3496 5147 3735 5205 ametur,
3771 5150 3831 5195 ut

2227 5215 2370 5282 quod
2399 5230 2584 5271 verum
2626 5226 2710 5274 est
2760 5235 2867 5276 non
2918 5232 3158 5294 negetur.
3202 5225 3337 5282 Nam
3386 5229 3513 5300 quid
3562 5234 3696 5289 mali
3723 5249 3825 5290 non

2228 5316 2452 5374 possunt
2479 5308 2640 5364 etiam
2670 5310 2737 5366 de
2784 5328 2879 5368 sua
2924 5330 3085 5372 carne
3133 5320 3400 5389 cogitare,
3459 5324 3552 5394 qui
3599 5326 3824 5381 credunt

2226 5399 2572 5465 apostolicam
2605 5402 2837 5473 linguam
2859 5406 2910 5461 in
2940 5422 3006 5462 eo
3029 5408 3144 5480 ipso
3178 5411 3298 5468 loco
3331 5413 3419 5468 ubi
3458 5416 3821 5486 virginitatem

2225 5490 2467 5558 corporis
2481 5494 2910 5563 commendabat,
2943 5512 2971 5551 a
2993 5503 3338 5572 corruptione
3362 5505 3635 5562 mendacii
3659 5508 3822 5580 virgi-

2227 5596 2346 5635 nem
2374 5598 2480 5637 non
2514 5584 2713 5641 fuisse?
2744 5588 2995 5645 Primitus
3025 5607 3153 5662 ergo
3194 5609 3256 5649 ac
3297 5597 3553 5662 maxime,
3589 5602 3684 5669 qui
3728 5601 3819 5655 bo-

2227 5688 2353 5727 num
2385 5674 2701 5746 virginitatis
2731 5680 2973 5751 eligunt,
3005 5684 3309 5755 Scripturas
3335 5698 3552 5744 sanctas
3580 5692 3817 5749 ﬁrmissi-

2227 5785 2313 5825 me
2343 5778 2559 5827 teneant
2582 5774 2709 5828 nihil
2738 5790 2859 5832 esse
2886 5778 3167 5846 mentitas;
3197 5796 3259 5836 ac
3306 5798 3403 5851 per
3433 5783 3539 5839 hoc
3570 5789 3733 5841 etiam
3760 5787 3812 5841 il-

2229 5862 2316 5918 lud
2341 5880 2521 5921 verum
2549 5882 2667 5924 esse
2700 5869 2842 5939 quod
2873 5870 3073 5926 dictum
3099 5881 3199 5944 est,
3234 5872 3297 5927 Et
3322 5875 3367 5929 si
3405 5879 3670 5947 acceperis
3698 5893 3820 5934 urc-
