4048 6504
170 551 305 599 rem,
335 548 436 586 non
464 527 725 603 peccasti;
742 536 789 584 et
813 528 859 584 si
882 527 1108 600 nupserit
1130 527 1292 599 virgo,
1316 541 1419 583 non
1441 535 1635 599 peccat.
1666 523 1779 581 Nec

175 633 370 696 putent
398 622 565 679 minui
589 630 701 677 tam
732 635 982 692 magnum
1002 618 1321 690 integritatis
1347 618 1546 674 bonum
1564 618 1641 685 ,si
1673 633 1779 673 nu-

174 719 309 789 ptiae
337 731 444 772 non
471 724 631 771 erunt
670 713 894 769 malum.
937 712 1051 768 lino
1102 726 1231 768 vero
1284 710 1411 767 hinc
1454 711 1555 767 sibi
1600 711 1779 781 potius

173 810 405 881 majoris
428 807 617 880 gloriae
657 806 889 878 palmam
933 814 1288 876 praeparatam
1332 818 1452 860 esse
1503 804 1775 870 conﬁdat,

173 918 300 973 qua:
321 917 427 957 non
447 900 713 967 damnari,
750 899 796 953 si
823 897 1067 964 nuberet,
1102 896 1317 963 timuit;
1350 896 1443 952 sed
1466 895 1779 951 honoratius

173 994 453 1059 coronari,
481 992 606 1062 quia
646 1005 752 1046 non
784 989 1031 1055 nuberet,
1074 987 1444 1059 concupivit'.
1501 986 1601 1056 Qui
1649 988 1778 1056 ergo

172 1084 300 1141 sine
324 1082 573 1153 conjugio
602 1094 920 1152 permanere
944 1078 1213 1134 voluerint
1237 1119 1250 1143 ,
1279 1094 1386 1133 non
1413 1086 1667 1147 tanquam
1693 1074 1776 1129 fo-

174 1192 335 1231 veam
367 1175 573 1247 peccati
630 1174 841 1244 nuptias
884 1172 1088 1244 fugiant
1120 1189 1133 1226 :
1161 1171 1253 1227 sed
1286 1181 1538 1242 tanquam
1584 1170 1773 1226 collem

172 1269 409 1324 minoris
431 1266 556 1322 boni
579 1265 983 1331 transcendant,
1009 1274 1067 1319 ut
1092 1264 1143 1318 in
1170 1264 1390 1334 majoris
1432 1262 1776 1319 continentia:

172 1368 368 1414 monte
398 1358 757 1428 requiescant.
780 1356 854 1411 Ea
886 1357 1084 1427 quippe
1111 1356 1229 1426 lege
1257 1355 1408 1411 collis
1438 1356 1538 1411 iste
1565 1354 1775 1409 inhabi-

172 1462 343 1517 tatur,
373 1461 434 1507 nt
454 1467 558 1506 non
576 1466 697 1505 cum
725 1450 958 1505 voluerit
981 1451 1100 1521 quis
1115 1450 1358 1519 emigret.
1403 1448 1592 1505 Mulier
1629 1449 1772 1504 enim

170 1545 395 1615 alligata
423 1553 513 1608 est,
533 1541 779 1612 quamdiu
806 1542 883 1595 vir
906 1542 1015 1613 ejus
1039 1542 1155 1595 vivit
1177 1542 1196 1613 (
1218 1540 1237 1595 Ι
1263 1539 1383 1596 Cor.
1405 1558 1501 1607 vn,
1528 1541 1598 1597 58
1631 1541 1702 1597 40
1726 1539 1770 1614 ).

172 1638 565 1691 Verumtamen
595 1633 664 1689 ad
694 1634 1077 1689 continentiam
1108 1634 1374 1689 vidualem
1412 1634 1481 1689 ab
1504 1634 1622 1705 ipso
1652 1642 1773 1689 tan—

170 1743 340 1798 quam
369 1724 535 1797 gradu
580 1725 960 1780 conscenditur
994 1743 1008 1779 :
1040 1734 1258 1796 propter
1284 1724 1598 1796 virginalem
1646 1740 1776 1780 vero

171 1820 261 1875 vel
277 1817 631 1874 declinandus
658 1826 741 1873 est
770 1832 875 1873 non
904 1818 1291 1874 consentiendo
1320 1818 1656 1890 petitoribus,
1688 1819 1770 1874 vel

173 1910 568 1967 transiliendus
596 1909 974 1980 prazveniendo
1002 1910 1277 1981 petitores.

246 1995 481 2053 CAPUT
520 1995 663 2050 XIX.
685 2026 758 2036 —
776 1995 863 2050 i9.
895 1995 1108 2051 Errores
1133 1996 1234 2050 duo
1262 1997 1504 2050 contrarii
1528 1996 1591 2051 de
1613 1996 1771 2069 virgi-

172 2088 338 2142 nitate
356 2097 403 2141 et
422 2088 681 2159 conjugio.
705 2087 784 2143 Ne
808 2088 929 2158 quis
952 2097 1129 2144 autem
1158 2097 1371 2159 putaret
1396 2088 1622 2145 duorum
1648 2105 1777 2160 ope-

171 2193 298 2239 rum
324 2176 454 2233 boni
492 2186 655 2248 atque
684 2178 923 2234 melioris
947 2179 1171 2250 aequalia
1198 2179 1312 2234 fore
1340 2181 1558 2251 praemia
1582 2221 1597 2246 ,
1646 2196 1774 2251 pro-

171 2288 367 2347 pterea
392 2284 577 2331 contra
599 2291 697 2332 eos
718 2270 1090 2333 disserendum
1110 2272 1225 2344 fuit,
1252 2273 1340 2349 qui
1367 2273 1507 2343 quod
1533 2274 1607 2328 ait
1632 2275 1777 2344 Apoc

172 2367 373 2434 stolus,
405 2366 656 2422 Existimo
680 2377 847 2422 autem
868 2369 963 2422 lioc
981 2366 1168 2422 bonum
1191 2384 1300 2423 esse
1326 2380 1533 2440 propter
1552 2383 1776 2440 prman-

173 2465 280 2511 tem
305 2458 673 2526 necessitatem,
706 2457 775 2512 ita
807 2458 1141 2529 interpretati
1170 2467 1312 2524 sunt,
1343 2467 1403 2514 nt
1423 2474 1531 2514 non
1559 2468 1777 2530 propter

173 2565 407 2621 regnum
436 2550 697 2605 ctelorum
717 2592 732 2616 ,
765 2550 859 2605 sed
887 2558 1102 2621 propter
1124 2552 1378 2606 saeculum
1404 2567 1640 2621 praesens
1663 2552 1776 2609 vir-

170 2642 457 2712 ginitatem
479 2642 660 2697 utilem
688 2641 961 2707 dicerent;
986 2652 1235 2712 tanquam
1261 2642 1314 2697 in
1341 2643 1429 2697 illa
1450 2643 1556 2696 vita
1576 2651 1775 2699 aeterna

172 2734 316 2791 nihil
346 2733 554 2790 caneris
576 2734 803 2804 amplius
828 2732 1061 2788 habituri
1090 2742 1303 2802 essent,
1335 2735 1424 2804 qui
1455 2735 1556 2789 hoc
1585 2734 1777 2790 melius

172 2824 494 2895 elegissent.
521 2824 577 2879 ln
603 2839 707 2895 qua
748 2824 1109 2894 disputatione
1146 2840 1267 2879 cum
1312 2826 1378 2879 ad
1407 2825 1538 2880 illud
1564 2827 1775 2882 venire-

172 2931 307 2971 mus
351 2915 491 2986 quod
532 2914 670 2971 idem
715 2915 987 2984 apostolus
1012 2916 1117 2976 ait.
1161 2913 1562 2970 Tribulationem
1607 2926 1777 2971 autem

171 3007 354 3061 carnis
386 3006 633 3059 habebunt
661 3004 953 3077 Itujusmodi
972 3047 987 3070 ,
1013 3021 1106 3075 ego
1136 3014 1305 3059 autem
1330 3004 1465 3059 vobis
1492 3022 1647 3076 parco
1676 3024 1695 3073 ;
1722 3006 1776 3061 in

172 3097 317 3153 alios
346 3096 639 3166 litigatores
678 3095 1001 3150 incurrimus
1026 3137 1041 3162 ,
1070 3096 1161 3166 qui
1188 3110 1293 3150 non
1319 3098 1554 3166 aequales
1581 3111 1776 3166 perpe-

173 3198 289 3246 tua:
337 3189 682 3245 continentia:
722 3188 932 3258 nuptias
971 3186 1239 3253 facerent,
1288 3188 1384 3244 sed
1422 3203 1516 3244 eas
1557 3189 1778 3244 omnino

174 3283 519 3339 damnarent.
545 3281 679 3337 Nam
716 3297 837 3337 cum
875 3296 1028 3337 error
1059 3290 1281 3352 uterque
1309 3282 1411 3350 sit,
1442 3281 1529 3337 vel
1564 3297 1778 3352 :equare

172 3384 387 3432 sancta:
416 3375 707 3447 virginitati
735 3374 948 3445 nuptias
970 3414 985 3439 ,
1016 3373 1104 3431 vel
1126 3372 1383 3430 damnare
1408 3390 1422 3428 :
1451 3374 1609 3429 nimis
1639 3373 1777 3429 invi-

171 3483 301 3524 cem
341 3467 594 3538 fugiendo
616 3469 638 3499 ³
655 3508 671 3533 ,
693 3466 801 3523 duo
826 3467 913 3523 isti
941 3481 1155 3523 errores
1181 3466 1406 3523 adversa
1448 3468 1619 3522 fronte
1650 3482 1781 3523 con-

174 3561 409 3632 ﬂigunt,
465 3561 588 3631 quia
642 3559 880 3615 veritatis
934 3559 1168 3615 medium
1215 3567 1398 3616 tenere
1444 3559 1775 3627 noluerunt;

174 3666 292 3723 quo
320 3660 376 3706 et
402 3660 550 3708 certa
575 3650 783 3705 ratione
802 3692 816 3715 ,
853 3657 909 3706 et
934 3659 1237 3705 sanctarum
1261 3649 1658 3720 Scripturarum
1680 3664 1779 3705 au-

173 3745 432 3801 ctoritate
454 3785 471 3811 ,
501 3758 600 3799 nec
620 3752 897 3813 peccatum
927 3757 1049 3799 esse
1076 3743 1289 3813 nuptias
1316 3742 1648 3805 invenimus,
1678 3757 1781 3799 nec

174 3851 278 3893 eas
308 3836 450 3891 bono
476 3836 561 3891 vel
586 3834 863 3906 virginalis
887 3834 1231 3890 continentiae
1250 3875 1265 3901 ,
1294 3834 1378 3890 vel
1408 3834 1567 3889 etiam
1590 3834 1779 3891 vidua-

173 3926 247 3981 lis
295 3940 591 3994 mquamus.

250 4016 485 4074 CAPUT
514 4016 635 4072 XX.
658 4016 977 4087 ——Apostoli
1012 4016 1201 4070 dictum
1220 4057 1235 4079 ,
1267 4015 1379 4085 Ego
1412 4023 1588 4071 autem
1629 4014 1783 4070 vobis

173 4114 370 4173 parco,
396 4116 662 4172 perperam
682 4102 815 4155 trahi
834 4100 902 4154 ad
938 4101 1229 4171 nuptiarum
1249 4099 1642 4154 damnationem.
1678 4100 1782 4155 Alii

174 4192 383 4263 quippe
441 4190 743 4263 appetendo
799 4190 1194 4262 virginitatem,
1253 4191 1464 4260 nuptias
1528 4199 1782 4260 tanquam

173 4281 504 4337 adulterium
551 4280 896 4337 detestandas
940 4294 1061 4336 esse
1104 4287 1427 4350 putaverunt
1472 4298 1484 4334 :
1521 4280 1611 4335 alii
1654 4296 1783 4337 vero

174 4373 527 4431 defendendo
556 4373 881 4429 connubium
904 4414 920 4440 ,
952 4373 1323 4428 excellentiam
1361 4379 1633 4444 perpetuae
1663 4389 1785 4429 con-

176 4465 431 4521 tinentite
463 4464 596 4519 nihil
626 4464 819 4519 mereri
849 4463 1076 4534 amplius
1091 4479 1251 4534 quam
1269 4464 1600 4534 conjugalem
1630 4465 1785 4537 pudi-

176 4557 366 4613 citiam
393 4556 683 4612 voluerunt
713 4572 728 4621 ;
760 4554 913 4625 quasi
942 4554 1026 4611 vel
1054 4554 1314 4612 Susanna:
1338 4555 1537 4613 bonum
1559 4598 1577 4623 ,
1605 4557 1786 4613 Maria:

176 4651 255 4706 sit
308 4650 610 4704 humiliatio
642 4665 658 4715 ;
696 4649 780 4705 vel
825 4649 1004 4706 Μαι-ἰαὶ
1032 4649 1205 4721 majus
1237 4650 1435 4707 bonum
1458 4693 1474 4721 ,
1523 4652 1784 4709 Susanna:

176 4742 381 4798 debeat
416 4756 540 4796 esse
566 4740 860 4795 damnatio.

253 4832 349 4888 20.
390 4831 545 4887 Absit
574 4845 704 4901 ergo
734 4839 791 4886 ut
820 4831 888 4885 ita
918 4830 1114 4886 dixerit
1142 4831 1431 4902 Apostolus
1461 4833 1643 4906 nuptis
1673 4832 1786 4889 sive

177 4925 434 4995 nupturis
454 4964 470 4989 ,
516 4922 631 4995 Ego
659 4930 829 4977 autem
870 4922 1005 4977 vobis
1036 4940 1189 4993 parco
1223 4941 1243 4991 ;
1274 4932 1525 4995 tanquam
1554 4924 1788 4981 noluerit

177 5019 371 5074 dicere
395 5032 514 5086 qua:
551 5030 707 5086 paena
745 5014 1041 5085 conjugatis
1074 5014 1127 5069 in
1160 5013 1336 5070 futuro
1361 5016 1560 5071 saeculo
1585 5015 1785 5071 debea«

180 5119 289 5163 tur.
322 5106 480 5160 Absit
501 5115 558 5159 ut
581 5120 611 5159 a
644 5105 860 5159 Daniele
884 5104 951 5159 de
979 5106 1258 5175 temporali
1280 5105 1482 5176 judicio
1506 5106 1785 5161 liberatam

177 5200 384 5255 Paulus
414 5197 593 5252 mittat
632 5197 683 5251 in
730 5197 1052 5267 gehennam.
1084 5197 1238 5251 Absit
1262 5206 1323 5252 ut
1362 5198 1623 5253 maritalis
1665 5200 1787 5253 tho-

178 5305 275 5345 rus
307 5288 359 5343 ei
397 5302 556 5358 paena
580 5286 653 5343 sit
686 5294 811 5341 ante
852 5286 1082 5341 tribunal
1116 5286 1337 5353 Christi,
1364 5288 1447 5342 cui
1478 5288 1636 5343 ﬁdem
1672 5304 1790 5344 scr—

178 5382 363 5438 vando
394 5380 560 5451 elegit
596 5379 697 5435 sub
724 5378 853 5434 falsa
879 5380 1220 5436 accusatione
1247 5379 1495 5435 adulterii
1525 5381 1609 5436 vel
1651 5381 1793 5451 peri-

173 5474 358 5531 clitari
380 5516 396 5540 ,
423 5474 507 5528 vel
545 5472 703 5527 mori.
746 5471 883 5539 Quid
920 5472 1028 5543 egit
1072 5488 1171 5527 vox
1205 5472 1293 5526 illa
1318 5514 1333 5539 ,
1364 5472 1549 5527 Melius
1572 5483 1642 5529 est
1668 5474 1793 5528 nti/ti

245 5658 263 5687 ι
286 5651 397 5702 Sola
418 5651 571 5702 editio
602 5657 735 5716 Iov,
763 5648 1022 5716 conﬁdant,
1044 5665 1153 5716 quae
1186 5665 1281 5716 non
1310 5653 1537 5716 danmari
1569 5654 1615 5705 si
1648 5654 1797 5706 nube-

178 5724 297 5779 rent,
307 5716 589 5774 timuerunt,
606 5712 693 5764 sed
715 5712 989 5765 honoratius
1002 5712 1241 5778 coronari,
1265 5715 1379 5779 quia
1391 5728 1484 5766 non
1506 5716 1683 5769 nubere
1692 5732 1800 5770 con-

178 5781 851 5910 cf'lcntovaniensiqm
876 5839 1084 5910 omittit,
1121 5839 1265 5910 nimis
1295 5852 1312 5891 :
1348 5848 1401 5892 et
1436 5838 1564 5901 loco,
1606 5844 1795 5910 fugien-

184 5904 249 5952 do
304 5903 457 5953 habet
490 5913 607 5951 cum
641 5906 713 5949 Er.
735 5935 750 5960 ,
782 5901 1017 5965 fugiendi.
1056 5902 1344 5953 Emendatur
1380 5918 1441 5954 ex
1470 5912 1573 5957 Mss.

1520 418 1521 421 ‘
1595 429 1798 494 unus
1837 427 2032 487 usus.

1891 525 2111 581 incidere
2138 527 2190 581 in
2229 542 2411 584 manus
2437 537 2624 586 vestras
2644 574 2658 599 ,
2686 548 2837 603 quam
2877 549 3084 605 peccare
3123 541 3183 595 in
3212 546 3478 607 conspectu

1890 616 1986 670 Dei
2010 616 2179 689 (Dan.
2204 634 2334 685 xm,
2362 619 2472 691 25)
2497 663 2511 688 ,
2543 623 2589 677 si
2622 622 2765 679 Deus
2792 640 2909 680 eam
2961 626 3129 703 fuerat
3149 666 3169 695 ,
3206 641 3314 683 non
3355 632 3477 699 quia

1891 709 2196 779 pudicitiam
2237 712 2529 782 nuptialem
2559 715 2804 771 servabat
2832 718 3186 789 liberaturus,
3228 720 3324 777 sed
3353 726 3477 791 quia

1887 813 2141 872 nupserat
2164 804 2511 863 damnaturus
2535 808 2560 863 ?
2583 809 2646 864 Et
2677 825 2819 867 nunc
2860 813 3071 883 quoties
3098 816 3316 871 castitas
3342 831 3477 872 con-

1882 893 2074 964 jugalis
2101 896 2360 954 adversus
2406 900 2827 960 calumniatores
2868 904 3346 977 criminatoresque
3383 924 3479 963 nu.

1886 986 2117 1054 ptiarum
2140 988 2431 1059 Scriptum
2460 1000 2660 1047 sancta:
2696 996 2922 1050 veritate
2956 998 3192 1052 munitur
3216 1016 3229 1065 ;
3258 1000 3417 1055 toties
3446 1015 3478 1058 a

1885 1077 2083 1147 Spiritu
2120 1091 2306 1136 sancto
2344 1091 2529 1137 contra
2564 1084 2723 1140 falsos
2755 1094 2919 1141 testes
2946 1086 3190 1144 Susanna
3230 1089 3477 1146 defendi-

1887 1180 2005 1240 tur,
2038 1174 2194 1228 toties
2218 1189 2247 1228 a
2277 1173 2410 1230 falso
2438 1176 2663 1233 crimine
2687 1178 2965 1247 liberatur,
2996 1188 3050 1235 et
3079 1182 3247 1236 multo
3275 1182 3476 1251 majore

1884 1264 2118 1333 negotio.
2143 1265 2293 1321 Tunc
2334 1269 2476 1322 enim
2517 1268 2608 1322 uni
2652 1270 2983 1341 conjugatae,
3014 1288 3156 1328 nunc
3183 1273 3474 1341 omnibus;

1885 1362 2009 1409 tunc
2042 1354 2109 1410 de
2137 1356 2345 1412 occulto
2381 1366 2436 1413 et
2481 1356 2616 1413 falso
2653 1359 2949 1430 adulterio,
2992 1377 3135 1417 nunc
3167 1362 3236 1419 de
3260 1378 3389 1419 vero
3422 1372 3476 1420 et

1882 1445 2164 1502 manifesto
2186 1448 2452 1503 connubio
2474 1450 2677 1505 crimen
2704 1452 3016 1509 intenditur.
3042 1454 3196 1509 Tunc
3222 1470 3325 1510 una
3352 1470 3472 1511 mu-

1880 1542 1981 1598 lier
2009 1558 2074 1598 ex
2103 1559 2170 1598 eo
2193 1545 2335 1615 quod
2380 1545 2544 1615 iniqui
2574 1548 2817 1604 seniores
2856 1548 3133 1618 dicebant,
3171 1566 3314 1606 nunc
3352 1565 3473 1606 om-

1884 1651 1979 1691 nes
2017 1637 2190 1691 mariti
2236 1648 2291 1693 et
2328 1654 2524 1695 uxores
2560 1655 2629 1696 ex
2672 1655 2737 1697 eo
2776 1642 2918 1712 quod
2968 1645 3258 1713 Apostolus
3293 1644 3475 1702 dicere

1884 1727 2072 1792 noluit,
2102 1738 2440 1785 accusantur.
2467 1730 2869 1789 Damnationem
2892 1735 3087 1807 quippe
3110 1746 3364 1804 vestram,
3394 1737 3472 1792 in-

1883 1818 2070 1888 quiunt
2092 1860 2106 1883 ,
2128 1820 2293 1876 tacuit
2317 1861 2333 1887 ,
2364 1835 2486 1876 cum
2506 1822 2613 1888 ait,
2646 1822 2759 1895 Ego
2784 1834 2949 1879 autem
2982 1826 3119 1881 vobis
3139 1844 3315 1899 parco.
3342 1828 3473 1897 Quis

1882 1909 1985 1964 hoc
2008 1910 2032 1963 ‘i
2056 1909 2258 1982 Nempe
2282 1911 2373 1991 ille
2400 1913 2490 1984 qui
2520 1916 2764 1984 superius
2792 1916 2999 1973 dixerat
3026 1932 3047 1972 :
3067 1917 3133 1971 Et
3152 1919 3197 1974 si
3217 1920 3472 1991 acceperis

1881 2016 2109 2068 uxorem,
2139 2018 2238 2056 non
2260 1990 2476 2074 peccasti
2499 2021 2519 2068 ;
2540 2013 2587 2059 et
2609 2005 2655 2059 si
2690 2008 2916 2077 nupserit
2934 2008 3106 2079 virgo,
3148 2025 3249 2062 non
3279 2019 3468 2079 peccat.

1882 2091 1990 2149 Cur
2018 2095 2177 2165 igitur
2214 2096 2267 2150 in
2309 2110 2376 2152 eo
2405 2096 2546 2168 quod
2572 2097 2812 2154 modeste
2858 2100 3059 2167 tacuit,
3100 2100 3471 2171 conjugiorum

1883 2188 2227 2258 suSpicamiui
2280 2189 2531 2257 crimen;
2578 2198 2634 2245 et
2681 2190 2736 2245 in
2775 2206 2843 2246 eo
2893 2191 3035 2262 quod
3078 2201 3261 2264 aperte
3302 2192 3468 2258 dixit,

1883 2280 2252 2350 conjugiorum
2289 2295 2395 2335 non
2447 2282 2739 2352 agnoscitis
2784 2282 3149 2338 defensionem
3183 2284 3208 2338 ἲ
3248 2284 3330 2339 Αιι
3380 2299 3474 2339 cos

1882 2371 2099 2432 damnat
2136 2371 2359 2443 tacitus,
2392 2386 2527 2446 quos
2566 2372 2773 2427 locutus
2820 2372 3097 2429 absolvit?
3138 2373 3328 2431 Nonae
3361 2374 3472 2441 jam

1884 2466 2064 2520 mitius
2090 2474 2373 2520 accusatur
2401 2465 2667 2534 Susanna,
2713 2479 2819 2521 non
2863 2462 2932 2522 de
2957 2463 3226 2538 coniugio,
3268 2463 3361 2518 sed
3404 2463 3476 2519 de

1882 2556 2002 2627 ipso
2039 2554 2334 2624 adulterio,
2366 2570 2524 2626 quam
2553 2556 2793 2611 doctrina
2830 2558 3121 2626 apostolica
3152 2557 3219 2612 de
3248 2557 3473 2613 menda-

1884 2647 1969 2702 cio
1994 2645 2017 2700 ?
2043 2646 2179 2713 Quid
2205 2646 2259 2700 in
2287 2654 2435 2701 tanto
2460 2648 2698 2716 periculo
2728 2646 3027 2703 faceremus
3046 2690 3062 2714 ,
3089 2649 3191 2703 nisi
3224 2658 3328 2703 tam
3351 2664 3473 2703 cer-

1885 2746 1996 2793 tum
2037 2745 2389 2808 apertumque
2425 2748 2569 2793 esset
2615 2738 2834 2808 pudicas
2880 2740 3090 2809 nuptias
3133 2754 3239 2794 non
3278 2739 3477 2795 debere

1883 2829 2147 2896 damnari,
2172 2844 2333 2899 quam
2353 2837 2555 2884 certum
2578 2840 2928 2900 apertumque
2955 2840 3037 2886 est
3061 2840 3300 2886 sanctam
3329 2829 3477 2886 Scri-

1883 2930 2090 2992 pturam
2113 2935 2220 2975 non
2249 2935 2408 2990 posse
2434 2920 2650 2976 mentiri
2678 2922 2701 2975 ?

1953 3011 2180 3069 CAPUT
2220 3011 2551 3068 XXl.—21.
2591 3011 2907 3085 Virginitatis
2931 3015 3132 3070 laudem
3168 3024 3215 3070 et
3245 3016 3477 3070 meritum

1888 3122 1995 3161 csse
2016 3107 2203 3176 majus,
2225 3123 2341 3160 cum
2376 3108 2571 3178 nuptiae
2593 3124 2695 3162 non
2720 3117 2960 3181 tanquam
2994 3109 3144 3164 mala:
3171 3109 3475 3163 devitantur.

1889 3197 1985 3252 llic
2019 3197 2160 3253 dicet
2192 3198 2383 3269 aliquis
2412 3218 2427 3254 :
2451 3199 2579 3270 quid
2602 3200 2706 3255 hoc
2730 3202 2960 3271 pertinet
2989 3202 3055 3256 ad
3085 3217 3292 3258 sacram
3319 3201 3481 3273 virgi-

1886 3290 2105 3345 nitatem
2126 3331 2140 3356 ,
2174 3291 2255 3347 vel
2295 3301 2609 3362 perpetuam
2640 3293 3022 3350 continentiam
3045 3335 3060 3361 ,
3095 3294 3247 3365 cujus
3280 3294 3473 3364 prtedi-

1884 3382 2025 3438 catio
2047 3382 2148 3437 isto
2167 3396 2417 3439 sermone
2433 3396 2677 3455 suscepta
2703 3394 2786 3441 est
2804 3386 2828 3439 ?
2847 3385 2942 3441 Cui
2963 3386 3263 3457 respondeo
3283 3388 3473 3458 primo,

1886 3473 2027 3544 quod
2064 3474 2312 3545 superius
2337 3478 2784 3543 commemoravi,
2827 3493 2897 3534 ex
2930 3478 3031 3534 hoc
3054 3480 3276 3550 gloriam
3311 3482 3482 3551 majo-

1886 3564 1964 3619 ris
2007 3564 2149 3619 illius
2188 3565 2313 3621 boni
2341 3581 2458 3623 esse
2484 3567 2775 3637 majorem,
2807 3570 2946 3639 quod
2974 3571 3092 3641 ejus
3120 3572 3480 3642 adipiscenda:

1887 3669 2045 3710 causa
2073 3655 2271 3712 bonum
2301 3660 2579 3729 conjugale
2610 3662 3034 3727 transcenditur,
3068 3678 3171 3718 non
3201 3674 3477 3734 peccatum

1886 3747 2119 3817 conjugii
2162 3748 2450 3803 devitatur.
2498 3751 2748 3821 Alioquin
2782 3761 3052 3822 perpetua:
3094 3755 3477 3811 continentiaa‘

1887 3853 1994 3893 non
2043 3840 2310 3911 praecipue
2355 3840 2589 3907 laudari,
2635 3843 2729 3897 sed
2779 3851 2985 3899 tantum
3032 3861 3138 3900 non
3187 3848 3478 3917 vituperari

1887 3932 2159 3988 sufﬁceret
2192 3948 2206 3998 ;
2254 3933 2297 3987 si
2330 3942 2609 4003 propterea
2646 3944 2947 4003 teneretur,
2996 3937 3246 4007 quoniam
3276 3940 3480 3996 nubere

1888 4025 2091 4081 crimen
2117 4033 2280 4080 esset.
2310 4025 2510 4081 Deinde
2535 4026 2655 4097 quia
2675 4043 2781 4082 non
2811 4027 3038 4085 humana
3069 4033 3352 4101 sententia,
3383 4034 3478 4091 sed

1889 4118 2083 4173 divina:
2133 4117 2421 4187 Scripturaa
2461 4119 2777 4174 auctoritate
2816 4121 2883 4174 ad
2930 4131 3034 4176 tam
3080 4124 3348 4180 excellens
3382 4124 3482 4182 do-

1891 4226 2017 4267 num
2040 4210 2287 4266 homines
2308 4210 2625 4267 exhortandi
2647 4222 2790 4279 sunt,
2820 4230 2924 4269 non
2950 4216 3287 4273 mediocriter
3306 4235 3482 4290 neque

1890 4310 2277 4373 prmtereunter
2303 4303 2564 4372 agendum
2604 4312 2687 4359 est
2709 4347 2723 4371 ,
2755 4320 2821 4361 ne
2851 4306 3094 4377 cuiquam
3143 4309 3255 4378 ipsa
3302 4310 3483 4365 divina

1891 4392 2164 4464 Scriptura
2219 4394 2272 4447 in
2318 4393 2499 4464 aliquo
2552 4396 2775 4450 mentita
2820 4397 3080 4453 videatur.
3123 4398 3486 4458 Dehortantur

1892 4484 2036 4541 enim
2081 4485 2257 4555 potius
2288 4501 2447 4556 quam
2490 4486 2839 4543 exhortantur
2868 4491 3099 4561 virgines
3127 4507 3307 4549 sacras
3331 4535 3345 4560 ,
3392 4496 3483 4566 qui

1892 4592 1984 4632 cas
2001 4577 2079 4632 sic
2097 4592 2416 4648 permanere
2438 4580 2739 4649 nuptiarum
2768 4582 3109 4641 damnatione
3133 4589 3482 4658 compellunt.

1892 4669 2047 4727 Unde
2077 4671 2219 4725 enim
2245 4670 2519 4726 conﬁdant
2552 4688 2737 4729 verum
2764 4690 2882 4730 esse
2912 4677 3051 4747 quod
3080 4678 3333 4749 scriptum
3367 4688 3483 4747 est,

1892 4759 1963 4815 Et
2006 4761 2093 4831 qui
2122 4778 2223 4815 non
2261 4761 2349 4814 dat
2377 4772 2627 4831 nuptum,
2659 4766 2836 4819 melius
2878 4768 3001 4837 facit
3032 4783 3047 4833 ;
3077 4770 3119 4822 si
3152 4770 3341 4825 falsum
3390 4786 3487 4840 pu-

1893 4859 2007 4906 tant
2035 4866 2154 4907 csse
2195 4851 2337 4921 quod
2364 4851 2515 4923 juxta
2560 4856 2808 4924 superius
2846 4858 3188 4914 nihilominus
3226 4861 3484 4930 scriptum

1892 4952 2001 5009 est,
2043 4941 2110 4996 Et
2146 4944 2235 5013 qui
2258 4944 2347 4999 dat
2384 4946 2627 5017 virginem
2655 4965 2798 5000 suam
2820 4989 2833 5013 ,
2864 4949 2985 5002 bene
3008 4951 3126 5020 facit
3150 4951 3177 5004 Ι
3212 4951 3269 5006 Si
3306 4962 3485 5007 autem

1894 5036 2129 5107 loquenti
2164 5036 2453 5107 Scriptura:
2494 5037 2562 5092 de
2599 5040 2901 5108 nuptiarum
2937 5040 3079 5095 bono
3126 5040 3488 5099 indubitanter

1894 5127 2252 5193 crediderint,
2294 5127 2480 5182 eadem
2518 5128 2752 5184 ccclestis
2779 5131 2974 5201 eloquii
3010 5133 3347 5189 veracissima
3388 5152 3487 5192 an-

1895 5221 2142 5275 ctoritate
2179 5220 2403 5275 ﬁrmata:
2433 5221 2498 5275 ad
2538 5222 2727 5277 melius
2753 5237 2908 5278 suum
2946 5223 3170 5280 ferventi
3212 5242 3275 5282 ac
3306 5228 3488 5285 ﬁdenti

1897 5312 2172 5367 alacritate
2206 5320 2594 5367 transcurrerat.
2623 5312 2777 5369 Unde
2810 5314 2921 5384 jam
2960 5318 3092 5372 satis
3115 5334 3211 5388 pro
3241 5330 3491 5391 suscepto

1898 5403 2113 5475 negotio
2138 5402 2372 5457 diximus
2391 5444 2405 5469 ,
2432 5411 2486 5459 et
2510 5415 2765 5475 quantum
2798 5409 3070 5477 potuimus
3097 5410 3491 5469 demonstravi-

1900 5510 2047 5559 mus,
2099 5510 2200 5550 nec
2237 5494 2367 5550 illud
2395 5494 2536 5566 quod
2567 5496 2641 5551 ait
2676 5498 2995 5567 Apostolus,
3042 5501 3294 5559 Existimo
3323 5516 3493 5561 autem

1901 5591 1996 5643 hoc
2040 5590 2224 5643 bonum
2266 5605 2373 5644 esse
2409 5600 2615 5659 prapter
2659 5604 2952 5661 prazsentem
2989 5598 3372 5666 necessitatem,
3416 5600 3496 5655 sic

1902 5694 2024 5736 esse
2061 5679 2430 5750 accipiendum
2453 5722 2468 5746 ,
2500 5689 2749 5754 tauquam
2792 5686 2842 5740 in
2875 5684 2979 5741 hoc
3013 5688 3213 5743 smculo
3244 5690 3494 5746 meliores

1903 5774 2009 5829 sint
2039 5787 2207 5827 sacrae
2232 5772 2463 5844 virgines
2497 5773 2738 5831 ﬁdelibus
2766 5777 3096 5848 conjugatis,
3126 5780 3177 5833 in
3208 5795 3372 5851 regno
3402 5797 3496 5837 an-

1976 5913 1987 5941 ι
2014 5908 2147 5966 mliti,
2176 5906 2476 5960 continentur
2494 5907 2681 5960 bonum.
2714 5912 2871 5967 «heat.
2895 5909 3084 5967 bonum.
3108 5924 3135 5962 a
3158 5918 3265 5961 Msa.
