4048 6506
564 511 667 567 407

560 638 663 679 tem
696 621 949 678 caelorum
990 625 1151 685 atque
1178 614 1229 668 in
1260 611 1438 667 futuro
1468 606 1664 664 saeculo
1687 617 1843 674 pares
1869 601 1971 655 sint
2002 615 2015 651 :
2046 610 2145 651 nec

559 714 684 768 illud
713 712 797 768 ubi
813 710 887 764 ait
906 708 974 764 de
995 705 1336 769 nubentibus,
1366 697 1759 754 Tribulationem
1786 702 1951 746 autem
1979 687 2145 744 carnis

558 804 805 857 habebunt
833 798 1150 871 hujusmodi,
1180 811 1270 867 ego
1296 803 1463 847 autem
1487 789 1624 844 vobis
1652 802 1804 857 parco
1826 784 1868 854 (Ι
1893 782 2013 838 Cor.
2045 795 2140 845 vtI,

557 896 647 963 58,
677 895 774 959 26,
802 893 895 965 28)
919 934 934 959 ,
978 892 1049 945 ita
1081 885 1513 957 intelligendum,
1560 890 1809 949 tanquam
1844 876 2144 965 nuptiarum

560 998 837 1059 peccatum
864 964 919 1040 et
958 981 1353 1038 damnationem
1386 974 1632 1030 maluerit
1658 982 1833 1025 tacere
1874 982 2032 1038 quam
2060 964 2144 1019 di-

556 1055 701 1136 cere.
737 1079 934 1133 [larum
980 1075 1175 1145 quippe
1201 1070 1424 1125 duarum
1453 1064 1835 1120 sententiarum
1872 1055 2141 1126 singulas,

558 1173 666 1226 duo
710 1183 926 1225 errores
968 1166 1184 1221 sibimet
1225 1158 1480 1216 contrarii
1515 1171 1620 1211 non
1671 1168 1762 1208 eas
1804 1147 2147 1217 intelligendo

559 1271 865 1319 tenuerunt.
894 1259 1037 1313 Illam
1063 1257 1204 1312 enim
1233 1253 1299 1311 de
1324 1248 1569 1322 praesenti
1605 1244 1920 1301 necessitate
1950 1240 2022 1294 illi
2054 1252 2146 1307 pro

558 1369 620 1410 se
674 1354 1131 1421 interpretantur,
1186 1345 1280 1415 qui
1344 1341 1604 1396 nubentes
1663 1352 1768 1391 non
1829 1330 2148 1387 nubentibus

558 1459 774 1515 taquarc
803 1419 1135 1498 contendunt
1164 1454 1179 1491 :
1230 1436 1366 1490 hanc
1394 1446 1522 1487 vero
1548 1428 1636 1484 ubi
1666 1427 1865 1483 dictum
1894 1432 2004 1490 est,
2039 1419 2149 1492 Ego

560 1546 733 1591 autem
758 1534 895 1589 vobis
925 1547 1099 1603 parco,
1133 1530 1204 1583 illi
1236 1526 1326 1597 qui
1364 1524 1629 1580 nubentes
1655 1520 1916 1575 damnare
1942 1528 2148 1585 praesu-

558 1636 731 1682 munt.
785 1624 895 1680 Nos
932 1633 1112 1679 autem
1156 1616 1449 1674 secundum
1494 1612 1889 1681 Scripturarum
1937 1613 2148 1659 sancta-

563 1735 679 1776 rum
714 1716 869 1772 ﬁdem
909 1727 1200 1782 sanamque
1228 1707 1522 1764 doctrinam
1544 1744 1559 1771 ,
1598 1717 1699 1757 nec
1726 1708 2001 1772 peccatum
2032 1710 2151 1749 esse

562 1811 792 1866 dicimus
828 1806 1038 1877 nuptias
1057 1847 1072 1871 ,
1102 1810 1158 1857 et
1185 1815 1370 1857 earum
1399 1807 1576 1851 tamen
1604 1795 1804 1849 bonum
1846 1804 1954 1844 non
1977 1786 2150 1841 solum

559 1900 695 1955 inl'ra
712 1898 1039 1968 virginalem,
1058 1910 1241 1955 verum
1264 1892 1426 1946 etiam
1447 1886 1581 1941 inira
1596 1884 1861 1941 vidualem
1876 1879 2152 1935 continen-

563 1992 690 2045 tiam
716 1988 1086 2044 constituimus
1109 2002 1124 2049 ;
1152 1990 1573 2052 prtesentcmquc
1598 1972 1965 2030 necessitatem
1980 1969 2156 2038 coniu-

561 2091 827 2151 gatorum,
854 2094 961 2132 non
987 2074 1200 2146 quidem
1223 2072 1288 2127 ad
1319 2072 1477 2126 vitam
1494 2076 1770 2132 mternam,
1791 2072 2154 2119 verumtamen

563 2175 631 2230 ad
657 2173 1003 2229 excellantem
1031 2168 1251 2240 gloriam
1278 2173 1332 2219 et
1354 2164 1609 2217 honorem
1629 2159 1716 2231 qui
1738 2164 2005 2228 perpetua:
2024 2169 2153 2210 con—

565 2266 800 2322 tinentiae
817 2272 1137 2325 reservatur,
1156 2255 1411 2327 impedire
1427 2268 1608 2309 eorum
1627 2250 1871 2306 meritum
1888 2247 2114 2302 dicimus
2136 2261 2152 2312 ;

564 2375 741 2431 neque
766 2358 867 2415 hoc
894 2365 1134 2426 tempore
1159 2352 1263 2407 nisi
1302 2349 1380 2404 eis
1409 2347 1498 2417 qui
1526 2361 1585 2401 se
1614 2359 1719 2399 non
1750 2343 2026 2397 continent
2057 2353 2158 2392 nu-

568 2428 708 2524 ptias
746 2448 997 2518 expedire
1027 2487 1042 2512 ,
1092 2441 1597 2507 tribulationemque
1638 2434 1815 2490 carnis
1856 2447 1921 2486 ex
1963 2428 2155 2483 aﬁ‘ectu

562 2520 760 2599 carnali
802 2538 1134 2601 venientem,
1172 2533 1287 2587 sine
1332 2543 1438 2601 quo
1480 2526 1680 2597 nuptiae
1708 2520 2155 2579 incontinentiam

566 2648 688 2689 esse
733 2648 838 2686 non
885 2634 1145 2700 possunt,
1195 2638 1294 2678 nec
1343 2630 1523 2675 tacere
1561 2615 1793 2671 voluisse
1840 2610 2154 2681 Apostolum

562 2740 689 2781 vera
721 2728 1133 2793 pnemonentem
1160 2758 1175 2780 ,
1216 2729 1314 2770 nec
1350 2711 1559 2783 plenius
1585 2706 1851 2777 explicare
1881 2702 2155 2763 hominum

564 2814 855 2876 inﬁrmitati
884 2820 1211 2881 parcentem.

634 2903 861 2961 CAPUT
899 2899 1063 2956 XXII.
1088 2897 1263 2951 -—2‘2.
1317 2893 1595 2965 Virginitas
1632 2906 1732 2945 non
1776 2896 1981 2958 prapter
2026 2886 2157 2939 hanc

565 2997 738 3061 uitam,
762 2994 861 3048 sed.
874 3000 1080 3061 prapter
1110 2993 1334 3059 futuram
1360 2983 1616 3055 diligenda
1636 2980 1917 3035 ostenditur
1944 2993 2006 3031 ea:
2027 2975 2158 3047 Apo-

566 3083 721 3144 stolo.
772 3083 924 3138 Nunc
957 3081 1065 3151 iam
1111 3079 1508 3148 Scripturarum
1545 3073 1846 3129 divinarmn
1872 3069 2160 3125 evidentis-

567 3175 721 3233 simis
749 3174 1090 3237 testimoniis,
1125 3187 1243 3241 quae
1285 3185 1384 3241 pro
1412 3177 1610 3223 nostras
1640 3164 1913 3221 memoria:
1940 3163 2157 3219 modulo

569 3264 839 3323 recordari
872 3261 1219 3326 valuerimus,
1265 3259 1463 3314 clarius
1506 3266 1760 3327 appareat
1794 3270 1900 3310 non
1941 3262 2158 3325 propter

568 3366 887 3429 praesentem
923 3355 1082 3424 huius
1118 3352 1300 3408 sazculi
1326 3353 1520 3416 vitam,
1555 3349 1648 3405 sed
1690 3357 1904 3419 propter
1929 3346 2156 3402 futuram

567 3467 689 3523 quae
717 3452 769 3505 in
803 3464 971 3518 regno
995 3447 1255 3503 cmlorum
1286 3444 1610 3511 promittitur
1632 3484 1646 3507 ,
1677 3450 1984 3510 perpetuam
2023 3453 2155 3493 con-

569 3544 847 3605 liuentiam
875 3539 1196 3611 diligendam
1227 3538 1266 3590 ⁸.
1299 3536 1428 3604 Quis
1456 3542 1633 3589 autem
1662 3536 1762 3587 hoc
1785 3548 1888 3585 non
1919 3531 2158 3585 advertat

568 3638 622 3698 in
660 3650 733 3691 eo,
755 3633 895 3705 quod
928 3632 1085 3703 paulo
1124 3639 1246 3701 post
1290 3629 1430 3684 idem
1459 3626 1732 3696 apostolus
1775 3624 1847 3678 ait
1880 3641 1893 3676 :
1925 3623 2024 3690 Qui
2050 3624 2158 3676 sine

566 3744 726 3785 uxore
747 3736 841 3795 est,
866 3727 1047 3797 cogitat
1070 3740 1129 3778 ea
1148 3739 1261 3793 quia
1286 3730 1399 3777 sunt
1429 3720 1658 3784 Domini,
1683 3716 1934 3789 quomodo
1956 3716 2157 3788 placeat

566 3819 832 3887 Domino;
860 3818 945 3889 qui
974 3826 1145 3883 autem
1172 3811 1493 3879 matrimonio
1517 3812 1730 3882 junctus
1751 3818 1858 3873 est,
1887 3808 2072 3877 cogitat
2097 3823 2157 3860 ea

565 3926 680 3981 qua:
702 3918 820 3965 sunt
857 3906 1062 3973 mundi,
1101 3903 1352 3975 quomodo
1383 3901 1579 3971 placeat
1608 3898 1776 3952 uxori.
1810 3896 1877 3951 Et
1907 3898 2066 3950 divisa
2086 3904 2156 3950 est

566 4003 746 4065 mulier
781 4003 995 4071 innupta
1035 4008 1079 4052 et
1120 3999 1255 4067 virgo
1293 4012 1312 4052 :
1347 4010 1461 4064 qtae
1499 3995 1713 4063 innupta
1748 4002 1819 4045 est
1845 3993 1897 4055 ',
1938 3990 2158 4044 sollicita

566 4105 639 4160 est
664 4110 777 4163 quia
800 4100 915 4147 sunt
937 4090 1162 4152 Domini,
1193 4098 1244 4145 ut
1271 4087 1339 4149 sit
1352 4095 1529 4145 sancta
1554 4093 1599 4137 et
1624 4099 1838 4151 corpore
1865 4091 1911 4135 et
1939 4082 2156 4150 spiritu;

565 4198 680 4253 quae
704 4192 872 4243 autem
901 4190 1058 4248 nupta
1085 4187 1177 4243 est,
1206 4177 1422 4231 sollicita
1445 4185 1516 4228 est
1544 4190 1657 4242 qua’
1682 4184 1795 4228 sunt
1821 4173 2014 4235 mundi,
2043 4188 2158 4240 quo.

567 4274 720 4331 modo
759 4274 951 4344 placeat
980 4274 1086 4325 viro
1116 4268 1159 4339 (l
1178 4268 1294 4322 Cor.
1320 4283 1413 4332 vn,
1438 4266 1506 4320 52
1534 4267 1601 4319 54
1620 4266 1638 4335 )
1660 4266 1682 4318 ?
1704 4264 1817 4320 Non
1838 4264 2017 4333 utique
2052 4264 2153 4329 ait,

568 4364 779 4436 Cogitat
801 4379 864 4418 ea
890 4378 1008 4432 qum
1033 4360 1331 4417 securitatis
1364 4364 1488 4411 sunt
1510 4359 1571 4417 in,
1593 4357 1692 4410 hoc
1717 4356 1934 4417 sarculo,
1964 4364 2021 4407 ut
2042 4354 2159 4407 sine

567 4454 904 4526 gravioribus
939 4451 1197 4507 molestiis
1248 4459 1457 4518 tempus
1512 4447 1768 4516 transigat
1809 4463 1824 4511 ;
1869 4460 2043 4514 neque
2092 4445 2158 4499 ad

573 4551 674 4605 hoc
712 4546 935 4603 divisam
978 4542 1104 4597 dicit
1134 4542 1406 4609 innuptam
1438 4547 1497 4593 et
1529 4538 1786 4607 virginem
1832 4538 1900 4591 ab
1932 4552 1994 4591 ea
2038 4552 2159 4606 quae

570 4650 732 4710 nupta
757 4646 881 4709 est,
905 4636 957 4695 id
997 4644 1077 4695 est
1107 4634 1412 4689 distinctam
1451 4639 1610 4700 atque
1639 4628 1959 4693 discretam,
1990 4636 2047 4683 ut
2074 4630 2159 4681 in-

570 4740 734 4802 nupta
765 4732 816 4796 in
850 4729 947 4789 hac
988 4728 1095 4782 vita
1122 4739 1308 4784 secura
1341 4722 1412 4777 sit
1442 4728 1656 4791 propter
1686 4718 2007 4787 temporales
2045 4734 2159 4773 mo-

568 4825 760 4892 lestias,
791 4819 1094 4883 evitandas,
1141 4816 1335 4887 quibus
1367 4823 1527 4883 nupta
1558 4829 1663 4866 non
1692 4821 1841 4866 caret
1870 4829 1882 4866 :
1914 4811 2029 4877 sed,
2058 4811 2160 4867 Co-

567 4920 722 4991 gitat,
744 4915 913 4987 inquit
936 4956 951 4981 ,
992 4927 1106 4980 qua:
1132 4918 1248 4967 sunt
1279 4905 1518 4970 Domini,
1549 4904 1799 4975 quomodo
1828 4904 2022 4975 placeat
2048 4902 2162 4959 Da-

568 5012 726 5075 mino,
759 5018 809 5063 et
844 5006 1063 5069 sollicita
1101 5012 1174 5057 est
1199 5016 1311 5071 qua:
1348 5009 1463 5053 sunt
1500 4996 1702 5050 Domini
1733 4995 1776 5063 ³,
1806 5004 1859 5048 ut
1898 4995 1960 5049 sit
1986 5004 2162 5050 sancta

571 5111 616 5154 et
645 5116 854 5171 corpore
895 5107 939 5153 et
977 5096 1178 5169 spiritu.
1212 5091 1323 5147 Nisi
1365 5089 1502 5143 forte
1548 5101 1715 5157 usque
1761 5085 1895 5141 adeo
1938 5086 2161 5155 quisque

575 5191 885 5259 insipienter
930 5187 1293 5244 contentiosus
1342 5191 1456 5246 est,
1505 5189 1560 5235 ut
1600 5190 1823 5234 conetur
1878 5192 2157 5245 asserere,

576 5294 680 5341 non
723 5288 939 5350 propter
960 5292 1178 5350 regnum
1208 5274 1465 5341 caelorum
1488 5313 1503 5339 ,
1546 5270 1640 5326 sed
1678 5278 1894 5340 propter
1922 5284 2158 5339 prmsens

641 5456 660 5485 ⁸
684 5454 755 5513 sic
788 5451 900 5501 editi
911 5459 1000 5513 1st
1020 5460 1142 5511 Mss,
1167 5449 1476 5513 diligendum.

640 5516 662 5547 ι
686 5510 783 5570 Eia,
817 5520 873 5582 ﬁt
898 5510 1049 5561 divisa
1070 5506 1140 5561 est
1177 5506 1351 5561 mulier
1386 5516 1561 5581 nupta,
1601 5515 1646 5559 et
1678 5508 1812 5571 virgo
1826 5519 1942 5616 gnos
1963 5506 2161 5577 irmupta

640 5580 649 5616 ε
680 5587 696 5616 _-
719 5574 924 5616 anlmla
946 5580 1016 5616 est
1038 5585 1147 5616 arma
1168 5579 1278 5616 sunt
1318 5572 1519 5616 nomini.
1546 5571 1689 5616 Multo
1711 5583 1826 5616 men
1859 5581 1992 5616 osms
2013 5568 2161 5616 editio

577 5580 649 5626 est
679 5587 697 5638 ς
719 5568 931 5638 sollicita
946 5580 1016 5622 est
1038 5585 1147 5633 qua:
1168 5579 1278 5638 sunt
1314 5568 1520 5638 Domini.
1546 5568 1689 5638 Multo
1711 5568 1992 5638 mendosius
2013 5568 2162 5638 editio

579 5630 842 5703 Lov_.:i:ost_,
881 5628 1067 5703 plqceat
1096 5632 1278 5703 uxorin
1298 5636 1605 5703 prosequitur
1633 5634 1702 5679 sic
1742 5646 1753 5679 :
1788 5637 1832 5679 et
1857 5628 2038 5701 diuisus
2069 5634 2160 5703 est.

578 5689 751 5749 Mulier
773 5689 918 5746 etiam
940 5693 1137 5757 irmupta
1172 5689 1375 5757 sollicita
1396 5689 1474 5742 est
1488 5706 1595 5755 qua:
1617 5699 1724 5757 sunt
1750 5689 1958 5757 Domini.
1989 5690 2159 5739 Redin—

579 5766 802 5817 tegratur
823 5754 1067 5817 locusope
1091 5754 1531 5817 vetustissimorum
1562 5754 1793 5815 codicum,
1821 5754 1899 5803 hic
1924 5759 1975 5801 et
1996 5764 2159 5813 supra,

580 5815 772 5871 iniibro
794 5819 856 5867 de
880 5815 1285 5880 Bono—Coniugali,
1301 5828 1405 5880 cap.
1432 5816 1503 5880 ω.

646 5883 667 5914 ³
684 5886 732 5927 tn
752 5888 855 5936 Mss.
889 5874 1147 5947 omittituf,
1170 5874 1404 5942 quomodo
1442 5876 1627 5941 placeat
1654 5876 1867 5938 Domino,
1894 5884 1937 5928 ct
1961 5874 2165 5928 sollicita

580 5950 651 6007 αξ
666 5953 775 6014 qum
796 5948 903 5995 swtt
930 5939 1137 6001 Domini.

1490 495 1579 550 ne
1616 488 1885 549 ssnon
1928 478 2384 545 VIRGINITATE,
2429 478 2487 534 s.
2531 474 2897 545 Ancusrtni

3749 473 3848 529 408

2251 590 2505 647 saeculum
2561 588 2785 645 Domino
2831 585 3039 656 placere
3093 598 3190 641 nos
3244 582 3420 651 Velle,
3483 592 3578 639 aut
3638 596 3848 655 propter

2248 682 2411 735 vitam
2443 681 2618 742 istam.
2661 694 2766 733 non
2815 687 3030 748 propter
3058 686 3313 730 aeternam
3369 690 3492 731 esse
3539 684 3760 729 sanctas
3798 686 3848 731 et

2250 787 2474 843 corpore
2500 780 2553 827 ct
2572 770 2781 840 spiritu.
2828 767 2942 822 Hoc
2980 767 3199 822 credere
3218 807 3234 832 ,
3266 766 3393 836 quid
3416 775 3501 821 est
3530 766 3679 819 aliud
3699 808 3714 829 ,
3752 768 3846 822 nisi

2252 862 2692 917 miserabiliorem
2733 873 2854 915 esse
2893 858 3144 911 onmihus
3180 856 3486 909 hominibus
3515 855 3540 907 τ
3576 856 3668 909 Sic
3709 856 3846 910 enim

2251 954 2539 1023 Apostolus
2581 952 2657 1006 ait
2687 968 2699 1005 :
2731 950 2792 1005 Si
2837 950 2891 1003 in
2922 948 3015 1001 hac
3042 949 3376 1002 vita’tantum
3417 948 3472 1000 in
3502 946 3712 1001 Christo
3740 964 3848 1017 spe-

2251 1052 2418 1098 rantes
2444 1059 2613 1097 sumus
2632 1084 2647 1111 ,
2676 1039 3062 1095 miserabiliores
3087 1055 3261 1093 sumus
3298 1039 3530 1091 omnibus
3562 1038 3849 1092 hominibus

2254 1134 2310 1205 (Ι
2363 1133 2484 1188 Cor.
2537 1148 2636 1199 xv,
2691 1131 2813 1202 l9).
2864 1132 2946 1185 An
2975 1146 3102 1184 vero
3130 1129 3220 1199 qui
3246 1127 3443 1198 frangit
3475 1143 3670 1197 panem
3697 1142 3847 1182 suum

2253 1224 2543 1289 esurienti,
2575 1223 2619 1278 si
2649 1231 2854 1277 tantum
2878 1230 3095 1292 propter
3120 1219 3258 1274 hanc
3288 1220 3449 1273 vitam
3478 1218 3626 1283 facit,
3657 1219 3849 1274 stultus

2252 1323 2335 1369 est
2365 1331 2381 1380 ;
2409 1322 2463 1369 et
2504 1314 2590 1368 illc
2620 1314 2722 1368 erit
2759 1311 3030 1382 prudens,
3074 1310 3167 1380 qui
3206 1309 3432 1380 castigat
3460 1323 3666 1379 corpus
3696 1323 3846 1363 suum

2255 1421 2421 1476 usque
2440 1405 2506 1459 ad
2544 1404 2927 1459 continentiam
2950 1444 2966 1470 ,
2993 1417 3094 1472 qua
3124 1416 3221 1456 nec
3246 1399 3497 1472 coniugio
3524 1400 3848 1467 misceatur,

2253 1495 2371 1551 sici
2401 1496 2530 1550 nihil
2558 1494 2800 1565 proderit
2826 1493 2880 1548 in
2902 1506 3066 1562 regno
3088 1492 3344 1547 ccelorum
3372 1492 3396 1544 ?

2318 1607 2550 1673 CAPUT
2589 1605 2978 1661 XXlll.-—25.
3028 1604 3264 1675 Idipsum
3307 1603 3555 1675 probatur
3596 1618 3662 1657 ea:
3696 1605 3851 1657 rerbis

2255 1699 2481 1753 Domini.
2505 1699 2783 1755 Postremo
2805 1698 2977 1768 ipsum
3005 1698 3287 1752 Dominum
3315 1695 3605 1750 audiamus
3631 1694 3849 1750 eviden-

2257 1792 2511 1845 tissimam
2536 1792 2670 1845 hanc
2700 1789 3015 1845 sententiam
3044 1788 3422 1858 proferentem.
3450 1787 3587 1842 Nam
3625 1804 3750 1842 cum
3779 1788 3842 1843 de

2256 1881 2567 1951 coniugibus
2615 1896 2720 1935 non
2776 1879 3088 1949 separandis
3137 1879 3237 1932 nisi
3277 1892 3439 1931 causa
3476 1876 3850 1932 fornicationis

2258 1972 2435 2028 divine
2472 1988 2536 2027 ac
2578 1972 2887 2027 terribiliter
2931 1972 3271 2042 loqueretur,
3309 1971 3564 2025 dixerunt
3599 1973 3652 2024 ei
3698 1970 3852 2023 disci-

2259 2065 2370 2135 puli
2399 2083 2412 2119 :
2445 2064 2507 2119 Si
2534 2065 2650 2118 talis
2679 2072 2752 2117 est
2794 2080 2949 2117 causa
2992 2079 3106 2116 cum
3141 2078 3330 2128 uxore,
3378 2078 3479 2116 non
3524 2062 3735 2130 expedit
3764 2078 3852 2114 nu-

2258 2155 2390 2209 bere.
2422 2154 2624 2221 Quibus
2654 2154 2741 2209 ille
2774 2171 2787 2207 :
2821 2152 2943 2207 Non
2966 2169 3161 2219 omnes,
3185 2151 3377 2221 inquit,
3410 2152 3625 2221 capiunt
3654 2151 3850 2205 verbum

2260 2246 2372 2301 hoc.
2398 2245 2531 2301 Sunt
2559 2246 2692 2299 enim
2710 2244 2958 2315 spadones
2982 2244 3067 2313 qui
3094 2244 3166 2296 ita
3197 2243 3304 2296 nati
3331 2251 3450 2296 sunt
3482 2258 3503 2306 ;
3536 2252 3659 2296 sunt
3689 2252 3851 2295 autem

2258 2339 2350 2392 alii
2386 2338 2472 2409 qui
2504 2338 2566 2391 ab
2596 2336 2878 2391 hominibus
2905 2335 3026 2408 facti
3050 2344 3164 2391 sunt
3191 2352 3211 2400 ;
3250 2344 3296 2389 et
3320 2343 3436 2389 sunt
3475 2334 3737 2404 spadones
3772 2335 3852 2403 qui

2259 2448 2313 2486 se
2334 2432 2470 2502 ipsos
2492 2438 2836 2485 castraverunt
2864 2437 3069 2499 propter
3093 2441 3300 2494 regnum
3327 2425 3573 2480 calorum
3596 2441 3617 2480 :
3647 2426 3738 2497 qui
3767 2442 3854 2494 po-

2261 2530 2351 2576 test
2380 2538 2577 2591 capere,
2604 2522 2770 2591 capiat
2798 2519 3009 2591 (Matth.
3038 2534 3145 2583 nx,
3178 2515 3387 2589 10-12).
3415 2516 3557 2585 Quid
3586 2516 3851 2579 veracins,

2261 2614 2386 2684 quid
2442 2612 2663 2669 lucidius
2710 2612 2813 2669 dici
2877 2608 3104 2681 potuit?
3150 2609 3393 2664 Christus
3434 2608 3602 2673 dicit,
3648 2606 3852 2662 Veritas

2261 2706 2410 2773 dicit,
2444 2707 2625 2762 Virtus
2650 2715 2699 2761 et
2728 2704 2999 2775 Sapientia
3028 2702 3122 2758 Dei
3151 2701 3315 2769 dicit,
3346 2714 3442 2756 eos
3470 2701 3563 2769 qui
3611 2700 3703 2769 pio
3732 2714 3855 2769 pro-.

2261 2800 2435 2869 posito
2464 2800 2531 2855 ab
2569 2814 2734 2854 uxore
2771 2796 3013 2852 ducenda
3054 2810 3114 2851 se
3156 2792 3521 2850 continuerint
3548 2833 3565 2857 ,
3617 2802 3851 2847 castrare

2260 2908 2321 2949 se
2341 2893 2484 2963 ipsos
2508 2900 2723 2962 propter
2748 2904 2967 2960 regnum
2993 2887 3251 2944 cmlorum
3281 2902 3297 2953 ;
3326 2893 3384 2940 et
3403 2892 3598 2940 contra
3622 2884 3851 2945 humana

2260 2986 2465 3040 vanitas
2511 2983 2670 3053 impia
2724 2981 3021 3037 temeritate
3062 2977 3361 3044 contendit,
3394 2990 3491 3031 eos
3517 2976 3615 3047 qui
3642 2976 3748 3030 hoc
3783 2976 3850 3030 la.

2261 3077 2437 3143 ciunt,
2482 3082 2800 3146 praesentem
2832 3070 3203 3128 tantummodo
3245 3070 3626 3125 necessitatem
3673 3068 3842 3123 mole-

2261 3171 2482 3226 stiarum
2510 3167 2867 3237 coniugalium
2894 3164 3150 3229 devitarc,
3189 3163 3241 3218 in
3270 3176 3434 3233 regno
3460 3169 3645 3216 autem
3688 3159 3849 3215 emto-

2260 3276 2377 3315 rum
2398 3258 2626 3329 amplius
2649 3256 2935 3328 quidquam
2960 3254 3167 3310 czeteris
3197 3267 3304 3307 non
3335 3250 3533 3307 habere
3554 3250 3582 3305 ἲ

2330 3368 2556 3426 CAPUT
2592 3366 2783 3424 XXIV.
2821 3395 2896 3410 --
2929 3365 3020 3421 94.
3063 3364 3195 3419 Item
3233 3380 3296 3418 ea:
3330 3362 3492 3417 verbis
3530 3360 3715 3416 Isaite.
3748 3360 3853 3414 Ec-

2261 3462 2415 3515 clesia
2442 3475 2653 3530 regnum
2684 3458 2924 3512 sculorum
2968 3472 3061 3509 cur
3098 3454 3375 3525 appellata.
3422 3454 3502 3508 De
3527 3452 3733 3523 quibus
3759 3467 3851 3506 au-

2264 3560 2368 3607 tem
2397 3550 2724 3621 spadonibus
2746 3548 2980 3618 loquitur
3008 3548 3149 3602 Deus
3170 3560 3267 3616 per
3296 3546 3484 3600 lsaiam
3513 3544 3851 3614 prophetam,

2260 3642 2455 3714 quibus
2482 3656 2542 3697 se
2581 3641 2711 3697 dicit
2737 3640 2984 3696 daturum
3013 3639 3068 3693 in
3093 3638 3254 3692 domo
3280 3651 3375 3691 sua
3406 3644 3460 3691 et
3486 3636 3540 3690 in
3573 3651 3736 3690 muro
3763 3649 3856 3689 suo

2262 3734 2437 3789 locum
2484 3732 2836 3797 nominatum,
2873 3730 3149 3783 meliorem
3196 3727 3363 3781 multo
3408 3741 3573 3796 quam
3627 3726 3857 3780 ﬁliorum

2261 3834 2423 3894 atque
2446 3823 2692 3888 ﬁliarum,
2728 3820 2829 3879 nisi
2860 3820 3037 3875 dehis
3061 3819 3150 3889 qui
3183 3833 3241 3873 se
3269 3819 3415 3888 ipsos
3455 3826 3705 3871 castraut
3733 3832 3855 3887 pro-

2264 3923 2382 3985 pter
2410 3928 2631 3983 regnum
2657 3911 2957 3967 cmlorum?
2985 3909 3118 3964 Nam
3148 3909 3250 3964 illis
3277 3908 3470 3979 quibus
3500 3909 3683 3979 ipsum
3711 3909 3859 3967 virile

2262 4004 2558 4059 membrum
2589 4002 2915 4068 debilitatur,
2944 4009 3001 4055 ut
3027 4014 3285 4070 generare
3316 4014 3427 4054 non
3452 4000 3694 4069 possint,
3723 4000 3857 4054 sicut

2262 4103 2385 4148 sunt
2412 4092 2642 4147 eunuchi
2671 4093 2901 4147 divitum
2934 4099 2990 4146 et
3043 4105 3226 4161 regum
3248 4132 3263 4157 ,
3298 4090 3495 4144 sufﬁcit
3520 4090 3713 4160 utique
3740 4105 3856 4144 cum

2264 4186 2538 4240 christiani
2570 4186 2721 4249 ﬁunt,
2750 4194 2804 4239 et
2826 4184 2919 4239 Dei
2943 4192 3206 4253 praecepta
3230 4182 3562 4246 custodiunt,
3587 4197 3657 4237 eo
3686 4193 3859 4237 tamen

2266 4277 2539 4348 pr0posito
2575 4286 2718 4341 sunt,
2750 4284 2808 4329 ut
2846 4275 3097 4345 coniuges
3147 4276 3189 4328 si
3234 4274 3533 4343 potuissent
3574 4274 3855 4338 haberent,

2262 4369 2472 4424 creteris
2502 4368 2555 4422 in
2598 4367 2759 4422 domo
2787 4366 2883 4422 Dei
2925 4367 3221 4435 coniugatis
3268 4365 3517 4421 ﬁdelibus
3561 4366 3853 4436 adaquari,

2263 4460 2351 4529 qui
2383 4458 2586 4529 prolem
2614 4458 2757 4512 licite
2782 4457 3079 4527 pudiceque
3103 4465 3406 4525 susceptam
3449 4456 3504 4510 in
3530 4456 3630 4510 Dei
3663 4457 3858 4511 timore

2265 4550 2533 4613 nutriunt,
2564 4548 2823 4603 docentes
2851 4548 2988 4603 ﬁlios
3012 4562 3137 4602 suos
3168 4557 3225 4601 ut
3255 4557 3454 4616 ponant
3484 4546 3539 4600 in
3569 4547 3683 4603 Deo
3711 4564 3857 4617 spem

2264 4654 2443 4705 suam;
2489 4653 2594 4693 non
2633 4646 2809 4693 autem
2860 4638 3105 4707 accipere
3153 4638 3430 4692 meliorem
3479 4636 3664 4692 locum
3703 4654 3858 4708 quam

2264 4740 2347 4786 est
2374 4730 2601 4785 ﬁliorum
2624 4738 2784 4799 atque
2814 4729 3061 4783 ﬁliarum.
3083 4727 3265 4798 Neque
3293 4728 3434 4782 enim
3463 4743 3666 4783 uxores
3694 4730 3857 4785 animi

2265 4822 2481 4889 virtute,
2506 4820 2599 4877 sed
2629 4820 2807 4876 carnis
2830 4821 3149 4875 necessitate
3174 4835 3277 4873 non
3303 4818 3523 4873 ducunt.
3555 4820 3859 4875 Contendat

2265 4928 2393 4968 sane
2422 4914 2511 4983 qui
2540 4912 2768 4967 voluerit
2796 4912 2862 4966 de
2892 4912 2975 4965 his
3016 4909 3340 4979 Prophetam
3384 4910 3721 4980 spadonibus
3763 4911 3861 4966 hoc

2268 5005 2672 5075 prmnuntiasse,
2702 5004 2791 5074 qui
2818 5017 3045 5073 corpore
3073 5003 3267 5058 abscisi
3296 5012 3422 5057 sunt
3454 5020 3467 5056 :
3500 5002 3605 5058 iste
3647 5019 3858 5074 quoque

2266 5112 2419 5151 error
2468 5111 2643 5152 causce
2690 5112 2850 5167 quam
2902 5094 3233 5165 suscepimus
3276 5094 3623 5164 suffragatur.
3680 5096 3858 5166 Neque

2267 5190 2407 5245 enim
2439 5189 2702 5259 spadones
2732 5189 2863 5243 istos
2891 5188 2971 5243 eis
2997 5188 3086 5258 qui
3114 5188 3165 5241 in
3195 5188 3352 5242 domo
3380 5188 3499 5257 ejus
3529 5190 3741 5243 nullum
3772 5189 3859 5241 ha-

2267 5281 2394 5335 bent
2426 5281 2600 5335 locum
2631 5280 2866 5351 prmtulit
2894 5280 3055 5345 Deus,
3090 5280 3185 5335 sed
3215 5281 3293 5334 eis
3322 5281 3507 5350 utique
3532 5282 3626 5351 qui
3655 5282 3710 5336 in
3741 5281 3859 5335 ﬁliis

2267 5373 2582 5443 generandis
2624 5374 2915 5443 coniugalis
2958 5373 3081 5427 vita:
3138 5372 3384 5426 meritum
3434 5382 3679 5427 servant.
3728 5374 3854 5428 Nam

2268 5480 2389 5519 eum
2417 5464 2565 5531 dicit,
2584 5463 2730 5518 Dabo
2748 5465 2822 5518 eis
2848 5466 3012 5518 locum
3038 5464 3197 5517 multo
3222 5463 3509 5529 meliorem;
3546 5466 3784 5520 ostendit
3807 5475 3857 5519 et

2267 5557 2561 5627 coniugatis
2590 5555 2726 5622 dari,
2758 5554 2851 5610 sed
2897 5555 3066 5609 multo
3105 5553 3433 5609 inferiorem.
3475 5554 3546 5610 Ut
3576 5572 3709 5627 ergo
3740 5572 3859 5610 con-

2268 5648 2520 5702 cedamus
2560 5647 2615 5701 in
2656 5646 2817 5701 domo
2864 5645 2957 5700 Dei
3001 5645 3287 5715 praedictos
3335 5644 3543 5700 futuros
3586 5648 3859 5702 eunuchos

2269 5739 2559 5795 secundum
2589 5754 2828 5803 carnem,
2859 5738 2947 5808 qui
2977 5738 3027 5792 in
3055 5736 3253 5808 pepulo
3280 5736 3446 5791 lsracl
3474 5754 3583 5791 non
3617 5738 3856 5802 fuerunt;

2268 5833 2390 5901 quia
2434 5841 2487 5887 et
2520 5832 2664 5901 ipsos
2693 5831 2933 5889 videmus
2961 5845 3084 5885 cum
3129 5829 3297 5885 Judaei
3344 5845 3449 5884 non
3500 5831 3653 5897 ﬁant,
3687 5842 3859 5888 tamen

2274 5925 2387 5989 ﬁeri
2415 5924 2762 5995 christianos;
2810 5940 2901 5981 nec
2931 5924 2995 5981 de
3027 5924 3128 5983 illis
3156 5922 3359 5981 dixisse
3393 5923 3747 6002 l'rophetam,
3776 5926 3856 5999 qui
