4048 6512
180 470 293 531 ιοθ

181 587 469 661 proposito
512 579 855 641 continentia:
905 578 1149 651 eoujugia
1196 593 1301 633 non
1344 583 1682 648 qumrentes,
1729 587 1788 626 se

183 690 339 759 ipsos
366 689 602 739 castraut
631 688 846 752 propter
884 692 1106 748 regnum
1136 674 1392 730 caelorum
1422 689 1435 726 :
1467 671 1612 725 itane
1642 677 1787 753 tanta

185 778 467 834 dementia
517 775 800 846 quisquam
855 780 938 826 est
984 767 1285 824 contrarius
1334 764 1575 829 veritati,
1618 770 1675 816 ttt
1730 760 1785 815 in

188 884 359 927 carne
379 868 551 923 factos
571 863 845 921 eunuchos
867 862 1144 918 meliorem
1166 873 1324 929 quam
1345 855 1685 927 eonjugatus’
1710 854 1789 908 lo-

191 977 318 1017 cum
359 961 413 1015 in
460 958 626 1014 domo
669 956 759 1010 Dei
805 953 1004 1008 habere
1047 950 1249 1017 credat,
1281 957 1333 1007 et
1380 949 1467 1019 pio
1517 945 1801 1017 prottosito

188 1054 554 1118 continentes,
579 1063 776 1119 corpus
803 1062 971 1116 usque
994 1044 1063 1099 ad
1087 1052 1419 1111 contetttptas
1456 1041 1667 1109 nuptias
1702 1055 1792 1092 ca-

190 1146 480 1215 stigantes,
508 1157 569 1198 se
607 1141 752 1212 ipsos
797 1154 903 1193 non
942 1137 994 1192 in
1034 1149 1279 1205 corpore,
1308 1132 1403 1188 sed
1434 1134 1485 1186 in
1526 1131 1637 1200 ipsa
1664 1146 1793 1185 con-

191 1236 548 1307 cupiscentia:
572 1231 753 1289 radice
781 1237 1094 1292 castrantes,
1126 1226 1397 1281 caelestem
1423 1233 1475 1278 et
1500 1221 1790 1292 angelicam

194 1329 369 1385 vitam
410 1327 463 1382 in
505 1336 714 1381 terrena
744 1320 1067 1378 mortalitate
1103 1316 1441 1383 meditantes,
1480 1314 1793 1383 eonjugato-

193 1436 324 1476 rum
367 1418 573 1474 meritis
626 1430 781 1487 pares
813 1427 932 1469 esse
957 1408 1279 1475 contendat;
1322 1416 1379 1464 et
1420 1406 1634 1463 Christo
1684 1405 1799 1458 lau-

195 1510 355 1565 danti
382 1523 476 1563 eos
498 1507 588 1578 qui
618 1521 679 1560 se
705 1504 849 1575 ipsos
870 1507 1257 1565 castraverunt,
1288 1514 1393 1553 non
1435 1506 1652 1567 propter
1696 1494 1799 1550 hoc

196 1600 487 1664 smeulum,
524 1596 621 1653 sed
664 1603 880 1666 prepter
906 1606 1130 1663 regnum
1172 1590 1453 1655 cmlorutn,
1478 1586 1800 1643 christianus

199 1689 561 1755 contradicat,
590 1686 864 1743 alﬁrmans
903 1684 1005 1739 hoc
1040 1684 1161 1737 vita:
1208 1681 1456 1751 prtesenti
1489 1694 1609 1734 esse
1647 1677 1796 1743 utile,

202 1797 317 1836 non
362 1779 593 1835 lutum?
623 1776 761 1844 Quid
809 1774 951 1830 aliud
1003 1774 1118 1828 istis
1158 1781 1340 1836 restat,
1387 1771 1487 1825 nisi
1533 1778 1591 1825 ιιι
1629 1770 1801 1840 ipsum

202 1886 435 1943 regnum
464 1870 726 1926 caelorum
756 1865 823 1921 ad
852 1866 989 1920 hanc
1016 1853 1363 1934 temporalem
1394 1863 1577 1929 vitam,
1611 1861 1663 1914 in
1699 1875 1801 1929 qua

204 1978 357 2018 nunc
378 1975 583 2025 sumus,
611 1968 854 2014 asseram
888 1954 1193 2027 pertinere?
1217 1953 1326 2009 Cur
1354 1954 1496 2009 enim
1533 1968 1638 2007 non
1669 1961 1723 2007 et
1750 1953 1802 2005 in

205 2056 354 2109 hanc
390 2051 652 2107 insaniam
695 2048 1068 2121 progrediatur
1115 2061 1255 2101 caeca
1305 2043 1689 2114 praesumptio?
1738 2042 1807 2097 Et

205 2146 345 2217 quid
394 2144 495 2199 hac
551 2143 851 2198 assertione
907 2139 1192 2195 flll‘IOaillS?
1246 2137 1378 2193 Nam
1435 2138 1537 2193 etsi
1584 2152 1803 2207 regnum

206 2239 473 2295 caelorum
512 2234 802 2307 aliquando
835 2233 1076 2288 Ecclesia
1104 2232 1264 2288 etiam
1291 2247 1409 2303 qua:
1441 2230 1542 2286 hoc
1569 2240 1807 2300 tempore

208 2338 320 2395 est,
350 2328 682 2399 appellatur,
730 2325 795 2380 ad
844 2326 945 2380 hoc
988 2324 1169 2393 utique
1212 2325 1291 2377 sic
1337 2324 1653 2392 appellatur,
1686 2324 1808 2391 quia

211 2422 410 2476 futura:
440 2421 561 2473 vita:
600 2418 1046 2489 sempiternaeque
1084 2415 1369 2485 colligitur.
1402 2415 1655 2483 Quamvis
1681 2428 1810 2484 ergo

211 2515 631 2587 promissionem
657 2513 849 2567 habeat
869 2512 989 2565 vita:
1014 2509 1294 2580 praesentis
1314 2518 1367 2563 et
1387 2508 1576 2562 futura:
1594 2507 1642 2573 (Ι
1672 2505 1807 2561 Tim.

214 2626 293 2673 tv,
326 2608 414 2678 8),
448 2608 500 2660 in
544 2605 795 2661 omnibus
838 2613 1015 2659 tamen
1058 2601 1212 2657 bouis
1254 2601 1509 2672 operibus
1549 2599 1660 2653 suis
1703 2614 1810 2652 non

214 2699 443 2767 reSpicit
466 2713 575 2767 qua’
598 2696 849 2762 videntur,
873 2692 962 2749 sed
985 2709 1099 2764 quia
1126 2709 1227 2746 non
1247 2692 1497 2746 videntur.
1525 2689 1651 2753 Qua:
1678 2689 1813 2757 enim

213 2791 480 2855 ridentur,
520 2788 817 2858 temporalia
861 2795 1017 2854 sunt;
1059 2800 1172 2858 qua
1212 2794 1378 2839 autem
1421 2799 1523 2838 non
1558 2782 1812 2851 videntur,

214 2894 418 2938 eterna
448 2880 521 2954 (Il
551 2881 669 2935 Cor.
701 2896 773 2945 tv,
802 2880 916 2951 18).

292 2974 522 3031 CAPUT
573 2973 740 3029 XXV.
790 3004 861 3014 —
907 2973 1001 3028 εει.
1056 2970 1251 3026 Isaiam
1316 2970 1451 3043 loqui
1499 2970 1563 3025 de
1626 2980 1816 3026 ceterae

215 3066 435 3138 prmmio
462 3064 770 3136 spadonibus
811 3064 1076 3135 promisso.
1118 3061 1228 3118 Nec
1270 3076 1401 3116 sane
1437 3061 1666 3132 Spiritus
1692 3076 1818 3116 san-

214 3166 343 3212 ctus
371 3156 533 3211 tacuit
560 3154 703 3227 quod
738 3163 922 3210 contra
966 3154 1096 3209 istos
1140 3151 1598 3224 impudentissime
1633 3166 1697 3207 ac
1719 3151 1817 3207 de-

217 3248 558 3304 mentissime
605 3247 913 3318 pervicaces
951 3252 1196 3316 apertum
1237 3252 1395 3313 atque
1443 3242 1817 3296 inconcussum

216 3341 451 3405 valeret,
480 3354 773 3409 eorumque
815 3337 1106 3393 belluiuum
1157 3335 1412 3407 impetum
1455 3334 1521 3389 ab
1562 3333 1689 3388 ovili
1719 3347 1819 3388 suo

217 3430 622 3504 inexpugnabili
653 3431 948 3487 munitione
978 3429 1287 3498 repelleret.
1318 3428 1452 3484 Cum
1481 3428 1625 3483 enim
1654 3426 1823 3483 dixis-

216 3537 310 3582 set
332 3528 403 3581 de
433 3524 778 3596 spadonibus,
824 3522 965 3577 Dabo
991 3523 1061 3576 eis
1089 3524 1140 3576 in
1168 3521 1317 3576 domo
1358 3538 1468 3574 mea
1496 3531 1541 3575 et
1576 3522 1627 3574 in
1672 3537 1820 3576 muro

217 3636 338 3674 meo
372 3621 540 3673 locum
577 3617 915 3681 nominatum,
947 3614 1203 3668 meliorem
1242 3614 1397 3667 multo
1423 3630 1573 3684 quant
1598 3613 1821 3682 filiorum

216 3720 379 3782 atque
416 3708 680 3778 ﬁliarum;
719 3722 786 3761 ne
810 3705 929 3777 quis
968 3704 1190 3759 nimium
1228 3704 1457 3759 carnalis
1492 3704 1823 3759 existimaret

215 3799 427 3871 aliquid
458 3801 511 3855 in
547 3799 632 3853 his
661 3796 841 3852 verbis
872 3798 1165 3867 temporale
1192 3796 1536 3867 sperandum,
1569 3796 1823 3852 continuo

217 3892 479 3961 subjecit,
502 3889 705 3945 Nomen
730 3898 973 3945 (uernum
1006 3888 1135 3943 dabo
1175 3890 1267 3955 eis,
1292 3906 1381 3942 nec
1420 3905 1642 3959 unquam
1667 3888 1823 3942 deerit

220 3983 383 4053 (laci.
410 3998 514 4046 Lvt,
542 3983 599 4049 4,
631 3980 685 4053 5)
716 3999 729 4035 :
760 3990 1008 4051 tanquam
1040 3980 1264 4045 diceret,
1293 3978 1430 4045 Quid
1460 3979 1825 4049 tergiversaris

221 4077 394 4146 impia
436 4074 689 4130 cmcitas?
735 4074 858 4145 quid
912 4073 1319 4144 tergiversaris?
1361 4072 1497 4140 Quid
1548 4073 1824 4128 serenitati

219 4169 472 4224 veritatis
500 4167 723 4224 nebulas
765 4176 867 4221 tua:
906 4165 1270 4237 pcrversitatis
1297 4164 1566 4219 ollundis?
1605 4164 1730 4235 quid
1772 4163 1825 4219 iu

223 4268 381 4315 tanta
406 4260 803 4330 Seripturarutn
827 4258 948 4313 luce
988 4257 1234 4313 tenebras
1261 4257 1403 4312 unde
1440 4257 1708 4312 iusidieris
1745 4257 1826 4310 in-

222 4351 441 4422 quiris?
470 4350 608 4417 Quid
630 4349 977 4419 temporalem
1002 4348 1370 4403 tantummodo
1394 4348 1675 4403 utilitatem
1706 4363 1828 4417 pro-

225 4442 402 4499 mittis
444 4440 839 4497 continentibus
884 4439 1123 4495 sanctis?
1167 4437 1369 4494 Nomen
1408 4449 1651 4494 wternum
1697 4439 1828 4493 dabo

224 4537 325 4592 eis.
357 4534 495 4603 Quid
523 4534 592 4589 ab
626 4533 770 4588 omni
802 4532 1087 4588 concubitu
1126 4531 1409 4597 immunes,
1442 4541 1495 4586 et
1523 4547 1588 4587 eo
1616 4546 1829 4602 quoque

228 4630 353 4697 ipso
376 4642 483 4699 quo
503 4626 627 4680 hinc
651 4640 771 4681 sese
798 4624 1086 4689 abstinent,
1119 4638 1180 4679 ea
1202 4639 1319 4694 qum
1344 4632 1467 4680 sunt
1498 4624 1708 4680 Domini
1733 4638 1829 4679 co-

227 4721 483 4791 gitantes,
531 4718 800 4790 quomodo
855 4719 1099 4789 placeant
1148 4718 1394 4786 Domino,
1441 4718 1509 4772 ad
1564 4728 1831 4773 terrenam

227 4811 671 4869 commoditatem
703 4810 903 4867 referre
924 4810 1173 4866 conaris?
1202 4808 1402 4865 Nomen
1432 4820 1673 4865 mtemum
1700 4811 1830 4867 dabo

227 4904 326 4959 eis.
359 4901 499 4970 Quid
546 4917 771 4973 regnum
810 4902 1092 4969 calorum,
1133 4910 1355 4972 propter
1394 4902 1538 4973 quod
1583 4917 1643 4957 se
1687 4903 1832 4973 ipsos

227 5004 607 5050 eastraverunt
653 4995 822 5049 sancti
848 4994 1135 5065 spadones,
1167 4994 1217 5048 in
1248 4994 1348 5050 hac
1378 5004 1582 5051 tantum
1613 4995 1719 5050 vita
1748 4997 1832 5050 in-

231 5086 582 5157 telligendum
632 5100 753 5140 esse
795 5085 1113 5141 contendis?
1162 5084 1365 5140 Nomen
1415 5098 1659 5142 aeternum
1703 5087 1833 5142 dabo

230 5182 329 5235 eis.
371 5178 444 5233 Et
484 5178 528 5233 si
581 5176 718 5233 forte
772 5176 859 5233 hic
910 5178 1084 5249 ipsum
1128 5187 1389 5233 mternum
1435 5194 1535 5249 pro
1581 5179 1834 5234 diuturno

230 5273 454 5328 conaris
500 5271 765 5340 accipere,
796 5270 955 5337 addo,
986 5271 1284 5336 accumulo,
1318 5271 1550 5336 inculco,
1585 5270 1695 5324 Nec
1738 5288 1835 5326 un-

230 5381 391 5435 quam
436 5364 615 5418 deerit.
660 5362 796 5430 Quid
838 5364 1034 5433 quaeris
1058 5360 1337 5434 amplius?
1366 5363 1492 5433 quid
1537 5363 1670 5419 dicis
1716 5380 1834 5418 am-

234 5457 418 5530 plius?
471 5455 759 5511 Eternum
816 5454 918 5511 hoc
970 5472 1189 5522 nomen,
1236 5456 1491 5527 quidquid
1547 5456 1671 5511 illud
1730 5466 1833 5521 est,

232 5547 569 5619 spadonibus
632 5546 767 5609 Dei,
828 5545 970 5617 quod
1034 5548 1215 5618 utique
1277 5547 1502 5617 gloriam
1552 5547 1835 5617 quamdam

231 5644 515 5714 pr0priam
560 5643 1019 5713 excellentemque
1066 5640 1358 5711 significat,
1395 5655 1500 5695 non
1542 5640 1642 5694 erit
1689 5655 1837 5695 com—

237 5750 405 5793 mune
448 5750 573 5789 eum
626 5733 828 5799 multis,
873 5733 1115 5803 quamvis
1158 5732 1210 5787 in
1254 5730 1444 5787 eodem
1488 5747 1654 5802 regno
1683 5741 1738 5786 et
1784 5731 1837 5785 in

233 5826 430 5884 eadem
454 5826 622 5882 domo
658 5825 981 5881 constitutis.
1013 5824 1145 5881 Nam
1191 5824 1312 5883 ideo
1364 5823 1603 5883 fortassis
1644 5833 1694 5883 et
1736 5839 1834 5880 no-

309 5944 327 5975 ·
343 5949 395 6001 tu
416 5949 549 6007 κει,
574 5952 719 6004 quam
741 5936 1003 6008 commoti.

1607 447 1809 509 LIBER
1851 446 2049 506 UNUS.

3384 454 3488 508 M0

1895 586 2020 625 nten
2056 570 2257 626 dictum
2293 581 2394 641 est,
2433 573 2571 643 quod
2603 590 2695 630 eos
2722 575 2910 645 quibus
2945 575 3120 638 datur,
3151 576 3429 650 distinguit
3454 586 3484 633 τι

1895 662 2126 717 caneris.

1966 752 2193 811 CAPUT
2230 754 2421 810 XXVI.
2444 785 2517 794 —
2541 754 2632 810 26.
2667 754 2893 832 Objt'ctio
2923 758 2983 811 tle
3010 757 3219 813 denario
3249 759 3481 814 omnibus

1895 846 2173 913 reddendo,
2208 858 2384 902 contra
2425 847 2763 903 diversitatem
2808 850 3152 920 prwmiorum.
3200 851 3337 918 Quid
3383 852 3485 907 sibi

1897 952 2026 1009 ergo
2048 939 2180 1004 vult,
2202 938 2462 1009 inquiunt,
2482 941 2569 995 ille
2586 940 2853 1005 denarius,
2874 941 2964 1011 qui
2990 957 3152 1010 opere
3182 943 3349 998 vincte
3378 952 3487 998 ter-

1901 1029 2106 1084 minato
2130 1032 2405 1101 aequaliter
2430 1032 2675 1086 omnibus
2710 1031 2979 1097 redditur;
3022 1033 3133 1087 sive
3183 1032 3245 1087 iis
3288 1036 3375 1102 qui
3421 1051 3488 1089 ex

1904 1122 2072 1192 prima
2098 1123 2251 1190 hora,
2270 1124 2381 1179 sive
2406 1124 2471 1179 iis
2493 1124 2583 1195 qui
2609 1140 2713 1179 una
2740 1124 2868 1178 hora
2891 1126 3095 1194 Operati
3124 1134 3247 1179 sunt
3273 1125 3484 1196 (Matth.

1902 1227 1993 1277 xx,
2021 1212 2113 1282 9)?
2141 1213 2275 1280 Quid
2305 1216 2505 1284 utique,
2536 1214 2639 1269 nisi
2665 1213 2862 1285 aliquid
2891 1214 3173 1284 signiﬁcat,
3198 1215 3337 1286 quod
3367 1230 3487 1269 om-

1904 1320 2000 1359 nes
2025 1306 2378 1360 communiter
2400 1307 2692 1374 habebunt,
2713 1307 2869 1361 sicuti
2892 1316 2975 1362 cst
2998 1307 3110 1376 ipsa
3134 1308 3239 1361 vita
3266 1318 3486 1374 mterna,

1906 1396 2076 1465 ipsum
2105 1412 2332 1466 regnum
2358 1397 2639 1463 caelorum,
2665 1397 2751 1451 ttbi
2794 1405 2950 1451 erunt
2973 1410 3160 1450 omnes
3188 1411 3321 1466 quos
3356 1398 3497 1451 Deus

1908 1485 2328 1554 praedestinavit,
2347 1488 2577 1553 vocavit,
2596 1486 2931 1557 justiﬁeavit,
2949 1487 3299 1557 gloriﬁcavit?
3328 1485 3496 1557 Opor-

1908 1585 1973 1630 tet
2013 1578 2146 1631 enim
2189 1578 2515 1650 corruptibile
2559 1579 2652 1633 hoc
2696 1580 2906 1633 induere
2949 1578 3408 1649 incorruptionem,
3452 1590 3500 1635 et

1908 1670 2122 1723 mortale
2161 1669 2257 1723 hoc
2304 1670 2513 1726 induere
2555 1671 2983 1726 immortalitatem
3008 1687 3026 1725 :
3056 1671 3142 1727 hic
3172 1683 3255 1728 est
3283 1674 3373 1729 ille
3401 1674 3499 1729 de-

1909 1761 2111 1824 narius,
2142 1776 2350 1817 merces
2374 1763 2635 1817 omnium.
2671 1761 2838 1817 Stella
2864 1771 3039 1817 tamen
3064 1763 3127 1817 ab
3157 1766 3302 1819 stella
3329 1765 3500 1832 di/fcrt

1910 1851 1962 1904 in
1990 1852 2192 1922 gloria;
2226 1854 2299 1907 sic
2325 1861 2369 1907 et
2392 1855 2688 1908 resurrectio
2714 1865 3026 1908 mortuorum
3046 1872 3064 1909 :
3093 1855 3209 1910 lnee
3234 1866 3359 1910 sunt
3390 1872 3502 1910 tne-

1910 1944 2009 1999 rita
2036 1945 2246 2001 diversa
2273 1958 2599 2002 sanctorum.
2625 1946 2681 2003 Si
2706 1950 2847 2002 enim
2891 1948 3086 2004 uelum
3114 1948 3504 2019 signiﬁcaretur

1913 2036 2004 2092 illo
2043 2038 2283 2104 denario,
2326 2054 2504 2092 nonne
2543 2040 2596 2093 in
2644 2040 2782 2094 coelo
2819 2055 2938 2095 esse
2966 2041 3213 2095 omnibus
3244 2051 3325 2095 est
3352 2057 3503 2095 com-

1913 2144 2075 2183 mune
2117 2128 2421 2183 sideribus?
2468 2129 2537 2183 Et
2567 2140 2742 2184 tamen
2773 2131 2876 2183 alia
2903 2140 2973 2184 est
3021 2132 3185 2201 gloria
3215 2133 3357 2194 solis,
3400 2132 3506 2185 alia

1913 2219 2077 2288 gloria
2105 2218 2258 2285 (tmte,
2290 2218 2393 2272 alia
2419 2218 2683 2273 stellarum
2712 2219 2763 2289 (I
2796 2220 2914 2275 Cor.
2948 2236 3041 2286 xv,
3068 2222 3159 2285 55,
3195 2223 3287 2285 41,
3312 2221 3423 2291 42).
3447 2221 3504 2277 Si

1913 2308 2165 2363 denarius
2194 2309 2284 2364 ille
2317 2324 2413 2378 pro
2442 2310 2669 2364 sanitate
2708 2312 2951 2380 corporis
2993 2323 3300 2380 poneretur,
3331 2328 3509 2368 nonne

1915 2416 2035 2457 cum
2078 2412 2224 2457 recte
2254 2401 2513 2468 valemus,
2538 2402 2786 2456 omnibus
2815 2402 3071 2457 membris
3097 2404 3396 2457 communis
3426 2412 3511 2458 est

1916 2495 2138 2558 sanitas,
2160 2500 2215 2547 et
2237 2491 2349 2562 ipsa
2384 2492 2427 2547 si
2461 2507 2628 2561 usque
2653 2491 2719 2545 ad
2748 2500 2975 2547 mortem
3007 2504 3336 2562 permaneat,
3366 2493 3509 2561 pari-

1918 2592 2000 2639 ter
2022 2593 2076 2639 et
2103 2584 2379 2654 :cqualiter
2399 2584 2649 2639 omnibus
2678 2585 2853 2639 inest?
2881 2584 2951 2640 Et
2976 2595 3151 2641 tamen
3175 2587 3342 2655 posuit
3369 2585 3509 2640 Deus

1917 2675 2161 2741 membra,
2207 2674 2467 2746 cingulum
2511 2674 2745 2745 quodque
2789 2692 2963 2729 eorum
3004 2677 3059 2729 in
3112 2692 3321 2745 corpore
3361 2684 3513 2743 prout

1916 2764 2072 2818 uoluit
2106 2763 2218 2837 (Id.
2246 2781 2342 2830 xu,
2370 2766 2484 2838 l8),
2515 2774 2573 2820 ut
2609 2780 2708 2821 nec
2748 2774 2917 2822 totum
2963 2767 3035 2822 sit
3060 2767 3268 2834 oculus,
3302 2783 3401 2822 nec
3432 2775 3515 2822 to-

1920 2865 2031 2910 tum
2070 2857 2303 2922 auditus,
2334 2872 2433 2912 nec
2482 2867 2648 2911 totum
2691 2856 2980 2924 odoratus;
3029 2865 3084 2913 et
3131 2857 3387 2928 quidquid
3430 2867 3516 2913 est

1919 2948 2086 3017 aliud,
2120 2949 2279 3005 habet
2320 2964 2470 3005 suam
2516 2949 2920 3018 pmprietatem,
2959 2950 3202 3019 quamvis
3231 2949 3516 3018 aequaliter

1921 3041 2115 3098 habeat
2155 3057 2276 3103 cum
2319 3041 2569 3097 omnibus
2616 3042 2922 3096 sanitatem.
2970 3040 3046 3095 lla
3094 3041 3214 3111 quia
3264 3042 3376 3110 ipsa
3410 3042 3514 3095 vita

1921 3146 2123 3192 aeterna
2152 3134 2353 3205 pariter
2373 3133 2477 3189 erit
2500 3132 2749 3188 omnibus
2780 3133 2999 3197 sanctis,
3020 3134 3241 3203 aequalis
3261 3132 3515 3188 denarius

1921 3226 2171 3282 omnibus
2195 3224 2484 3281 attributus
2510 3233 2625 3291 est;
2659 3224 2779 3295 quia
2808 3238 2934 3279 vero
2965 3224 3018 3278 in
3046 3224 3159 3294 ipsa
3182 3224 3285 3278 vita
3314 3233 3517 3280 :eterna

1923 3316 2174 3372 distincte
2204 3314 2483 3386 fulgebunt
2511 3314 2715 3369 lumina
2761 3314 3102 3379 meritorum,
3136 3315 3317 3369 multae
3362 3330 3517 3370 man-

1923 3409 2105 3464 siones
2129 3415 2254 3463 sunt
2281 3407 2421 3478 apud
2460 3407 2673 3463 Patrem
2705 3405 2884 3481 (Joan.
2918 3422 3031 3475 xw,
3070 3406 3127 3479 Ξ)
3159 3425 3171 3461 :
3203 3423 3265 3463 ac
3291 3422 3387 3477 per
3416 3408 3520 3462 hoc

1926 3500 1981 3553 in
2012 3498 2232 3554 denario
2256 3497 2469 3569 quidem
2512 3514 2619 3553 non
2669 3497 2881 3568 impari,
2923 3513 3028 3553 non
3074 3499 3200 3552 vivit
3226 3498 3365 3553 alius
3411 3498 3517 3553 alio

1924 3590 2217 3662 prolixius;
2275 3590 2329 3644 in
2380 3589 2563 3646 multis
2606 3598 2787 3645 autem
2830 3588 3197 3646 mansionibus
3226 3588 3522 3645 honoratur

1926 3684 2064 3739 alius
2088 3683 2196 3737 alio
2225 3682 2444 3738 clarius.
3275 3680 3293 3696 '

1996 3772 2225 3830 CAPUT
2263 3772 2482 3827 XXVII.
2504 3802 2575 3812 —
2599 3773 2690 3828 27.
2729 3771 2995 3844 Virginum
3024 3772 3190 3844 gloria
3210 3775 3381 3844 futura
3410 3788 3521 3825 ma-

1918 3868 2009 3940 jor
2028 3876 2075 3921 et
2112 3866 2320 3939 propria
2348 3867 2581 3937 quaedam
2614 3867 2666 3919 in
2703 3866 2841 3920 ccelis
2878 3866 3086 3935 gaudia.
3133 3864 3292 3935 Sequi
3316 3864 3518 3935 Agnum

1929 3974 2244 4029 quocumque
2269 3958 2382 4010 ierit
2412 3957 2675 4028 proprium
2701 3966 2771 4008 est
2796 3958 3066 4026 virginum.
3090 3955 3298 4025 Pergite
3320 3957 3518 4025 itaque,

1931 4052 2102 4106 sancti
2130 4051 2243 4115 Dei,
2280 4051 2431 4120 pueri
2472 4065 2535 4105 ac
2579 4049 2791 4119 puellm,
2818 4063 2993 4103 mares
3023 4063 3087 4102 ac
3117 4047 3348 4114 feminae,
3378 4047 3525 4103 οωιί-

1932 4144 2027 4199 bes
2069 4152 2122 4199 et
2168 4144 2475 4212 innuptm‘;
2525 4142 2729 4214 pergite
2782 4149 3189 4211 perseveranter
3236 4140 3286 4195 iu
3337 4140 3520 4195 linem.

1932 4237 2168 4292 Laudato
2214 4237 2496 4291 Dominum
2538 4234 2769 4299 dulcius,
2802 4249 2961 4304 quem
3003 4232 3246 4305 cogitatis
3272 4232 3522 4299 uberius;

1932 4339 2144 4401 sperate
2168 4329 2393 4394 felicius,
2418 4328 2504 4383 cui
2532 4327 2743 4382 servitis
2771 4326 3088 4392 instantius;
3130 4334 3305 4380 amate
3333 4323 3526 4379 arden-

1934 4422 2062 4489 tius,
2103 4422 2188 4476 cui
2221 4421 2438 4491 placetis
2468 4419 2741 4474 attentius.
2793 4417 3013 4473 Lumbis
3065 4418 3319 4473 accinctis
3362 4424 3417 4472 et
3444 4416 3527 4471 lu-

1935 4514 2113 4569 cernis
2158 4512 2469 4567 ardentibus
2498 4519 2802 4580 exspectate
2846 4509 3150 4573 Dominum,
3180 4507 3391 4578 quando
3436 4522 3528 4561 ve-

1937 4608 2049 4661 niat
2087 4622 2117 4660 a
2163 4605 2362 4675 nuptiis
2402 4602 2550 4674 (Luc.
2607 4618 2699 4666 xu,
2746 4602 2835 4668 35,
2877 4601 2990 4672 '56).
3027 4600 3134 4654 Vos
3178 4600 3414 4655 all‘eretis
3458 4598 3528 4658 ad

1937 4700 2150 4769 nuptias
2198 4698 2335 4767 Agni
2377 4696 2643 4751 canticum
2690 4709 2905 4759 novum,
2949 4692 3091 4763 quod
3141 4691 3422 4746 cantabitis
3475 4690 3527 4745 in

1938 4791 2159 4848 citharis
2198 4790 2447 4845 vestris”.
2492 4786 2608 4841 Non
2647 4786 2827 4855 utique
2859 4785 2963 4840 tale
3006 4786 3161 4854 quale
3188 4791 3365 4838 cantat
3407 4782 3529 4837 uni-

1938 4900 2092 4943 versa
2142 4894 2305 4950 terra,
2353 4882 2437 4938 cui
2487 4881 2703 4946 dicitur,
2754 4878 2966 4935 Cantate
3010 4877 3228 4931 Domino
3275 4875 3531 4929 canticum

1940 4993 2156 5039 novum;
2181 4984 2381 5029 cantate
2410 4972 2651 5037 Domino,
2675 4971 2909 5024 universa
2938 4978 3071 5024 terra
3099 4965 3268 5037 (Psal.
3293 4981 3418 5029 xcv,
3441 4964 3527 5030 l);

1940 5067 2034 5123 sed
2068 5068 2173 5121 tale
2202 5066 2359 5135 quale
2388 5080 2548 5119 nemo
2577 5062 2770 5132 poterit
2798 5061 2977 5115 dicere
3004 5059 3103 5113 nisi
3136 5072 3248 5111 vos.
3274 5057 3362 5112 Sic
3388 5056 3529 5111 enim

1942 5174 2036 5214 vos
2064 5158 2194 5212 vidit
2218 5157 2269 5211 in
2301 5154 2620 5225 Apocalypsi
2649 5152 2864 5222 quidam
2903 5167 3012 5221 prae
3052 5150 3263 5221 czeteris
3304 5149 3532 5204 dilectus

1943 5252 2011 5306 ab
2038 5252 2190 5321 Agno
2221 5249 2312 5319 qui
2358 5246 2696 5303 discumbere
2743 5259 2905 5312 super
2952 5252 3138 5313 pectus
3181 5242 3297 5309 ejus
3346 5241 3536 5297 solitus

1942 5352 2076 5408 erat,
2105 5352 2159 5397 et
2197 5341 2409 5395 bibebat
2437 5349 2491 5394 et
2533 5335 2883 5394 eructuabat'
2931 5333 3189 5390 mirabilia
3220 5350 3385 5405 super
3420 5348 3534 5389 cta-

1944 5436 2097 5492 lestia
2127 5435 2358 5489 Verbum
2386 5430 2501 5487 Dei.
2528 5431 2647 5501 Ipse
2689 5443 2787 5484 vos
2820 5428 2947 5482 vidit
2972 5427 3261 5482 duodecies
3289 5426 3534 5481 duodena

1945 5529 2110 5585 millia
2152 5536 2454 5583 sanctorum
2496 5522 2920 5580 citharoedorum
2962 5521 3178 5576 illibatm
3214 5520 3535 5589 virginitatis

1948 5621 1999 5676 in
2029 5635 2275 5691 corpore,
2306 5617 2570 5672 inviolata:
2596 5615 2838 5671 veritatis
2870 5614 2922 5668 in
2961 5613 3159 5668 corde:
3199 5622 3253 5667 et
3288 5612 3409 5683 quia
3449 5627 3537 5667 se-

2012 5757 2027 5787 ¹
2049 5754 2153 5803 Sola
2180 5752 2327 5802 editio
2348 5758 2479 5809 Ima,
2504 5754 2550 5800 et
2568 5755 2745 5809 mtptte.

2012 5820 2031 5849 ¹
2058 5802 2158 5866 Duo
2182 5815 2389 5863 Vaticani
2414 5802 2520 5862 Mss.
2560 5802 2756 5869 addunt,
2785 5807 2873 5858 hoc
2907 5814 2976 5858 est
3010 5806 3060 5869 in
3098 5806 3325 5857 cordibus
3365 5802 3540 5855 dicatis

1953 5878 2192 5930 laudibus.
2217 5880 2467 5927 vaticanus
2486 5876 2625 5928 alius.
2653 5868 2829 5923 Itoc’est
2852 5870 2899 5920 in
2925 5868 3148 5921 cordibus
3165 5877 3273 5923 t'eot:
3292 5869 3348 5921 is.

2022 5943 2042 5977 ⁸
2059 5939 2163 5995 Sola
2189 5940 2333 5993 editio
2352 5945 2482 6001 ων..
2508 5945 2549 5989 et
2567 5935 2747 5993 biberat
2771 5941 2813 5985 et
2838 5932 3101 5984 mactabat.
