3986 6520
531 401 630 456 ιιι

530 511 754 584 quimlni
786 510 991 583 Agnum
1021 520 1356 578 quocumque
1383 503 1525 569 ierit,
1554 501 1768 574 scripsit
1796 499 1886 555 ille
1914 497 1980 554 de
2018 508 2115 551 vo-

534 609 614 663 bis
641 607 822 678 (Apoc.
852 617 963 670 xlv,
993 600 1133 672 2-4).
1164 597 1281 667 Quo
1306 598 1384 653 ire
1424 607 1672 667 putamus
1712 595 1853 649 hunc
1881 593 2112 663 Agnum,

532 714 636 765 quo
667 708 822 750 nemo
864 708 985 749 cum
1016 691 1163 761 sequi
1196 689 1280 745 vel
1307 688 1500 743 audeat
1525 686 1610 743 vel
1645 687 1819 741 valeat
1846 683 1946 739 nisi
1975 681 2110 737 vos?

530 789 647 855 Quo
675 798 922 859 putamus
945 802 1067 842 eum
1098 785 1214 841 ire?
1256 784 1308 839 in
1347 798 1481 854 quos
1510 782 1675 836 saltus
1701 788 1756 834 et
1780 777 1967 850 prata?
2008 774 2114 832 Ubi

531 879 692 933 credo
738 888 862 933 sunt
907 877 1146 949 gramina
1203 874 1462 947 gaudia‘;
1510 889 1613 928 non
1677 870 1867 942 gaudia
1932 867 2113 924 szeculi

534 968 689 1039 hujus
714 968 1167 1035 vana,ctinsani:e
1186 965 1488 1031 mendaces,
1519 978 1617 1020 nec
1643 962 1830 1034 gaudia
1860 960 2033 1032 qualia
2061 959 2116 1014 in

533 1060 648 1128 ipso
678 1075 846 1129 regno
886 1060 979 1116 Dei
1021 1059 1229 1115 exteris
1259 1074 1366 1114 non
1404 1056 1702 1127 virginibus
1739 1063 1917 1119 erunt,
1950 1052 2043 1109 sed
2083 1067 2114 1107 a

530 1160 853 1206 cmterorum
888 1151 1124 1206 omnium
1153 1151 1463 1221 gaudiorum
1500 1158 1645 1205 sorte
1669 1148 1938 1202 distincta.
1975 1144 2119 1203 Gau-

531 1239 679 1295 dium
717 1241 979 1312 virginum
1009 1240 1235 1309 Christi,
1263 1240 1330 1295 de
1367 1238 1602 1306 Christo,
1644 1238 1695 1292 in
1724 1236 1959 1302 Christo,
1991 1250 2113 1290 cum

533 1330 767 1399 Christo,
799 1341 921 1403 post
944 1332 1231 1399 Christum,
1264 1347 1358 1403 per
1398 1329 1689 1397 Christum,
1720 1338 1939 1401 propter
1963 1328 2119 1383 Chri-

533 1431 695 1475 stum.
734 1421 934 1478 Gaudia
963 1423 1176 1494 prepria
1208 1422 1467 1493 virginum
1498 1420 1714 1488 Christi,
1745 1436 1849 1475 non
1878 1428 2002 1475 sunt
2025 1435 2118 1474 ea-

534 1512 657 1566 dem
689 1529 792 1567 non
832 1514 1116 1583 virginum,
1144 1514 1385 1583 quamvis
1413 1513 1636 1569 Christi.
1674 1512 1805 1567 Nam
1837 1523 1961 1567 sunt
1995 1511 2115 1567 aliis

532 1604 657 1667 alia,
688 1603 780 1658 sed
822 1605 983 1659 nullis
1014 1606 1158 1660 talia.
1200 1604 1274 1661 Ite
1302 1606 1355 1660 in
1396 1605 1530 1670 hmo,
1560 1604 1840 1676 sequimini
1883 1606 2111 1677 Agnum,

531 1696 653 1763 quia
679 1703 732 1751 et
758 1697 878 1769 agni
922 1711 1047 1752 caro
1078 1697 1258 1767 utique
1285 1697 1454 1768 virgo.
1490 1696 1601 1752 [Ioc
1640 1697 1782 1751 enim
1815 1695 1867 1750 in
1901 1711 1959 1751 se
1982 1695 2114 1751 reti-

530 1785 646 1839 nuit
683 1794 890 1855 auctus,
940 1788 1082 1857 quod
1121 1788 1277 1843 matri
1319 1803 1425 1844 non
1473 1788 1693 1844 abstulit
1736 1797 2025 1858 conceptus
2062 1796 2118 1843 et

531 1886 707 1935 natus.
758 1879 942 1936 Merito
990 1896 1113 1935 eum
1163 1882 1451 1952 sequimini
1496 1882 1799 1953 virginitate
1842 1881 2019 1938 cordis
2061 1889 2117 1937 et

529 1972 725 2036 carnis,
752 1988 1087 2044 quocumque
1126 1974 1266 2029 ierit.
1309 1974 1447 2043 Quid
1486 1983 1569 2031 est
1610 1976 1751 2029 enim
1792 1976 1965 2045 sequi,
2011 1975 2114 2030 nisi

462 2120 469 2135 ,
530 2063 765 2125 imitari?
806 2066 938 2134 Quia
971 2066 1213 2123 Christus
1256 2084 1354 2139 pro
1393 2067 1547 2123 nobis
1588 2084 1777 2139 passus
1818 2077 1919 2134 est,
1952 2068 2119 2123 relin-

530 2170 699 2224 quens
743 2156 895 2211 nobis
922 2158 1249 2228 exemplum,
1282 2159 1418 2214 sicut
1458 2160 1533 2213 ait
1577 2159 1851 2229 apostolus
1904 2160 2113 2229 Petrus,

530 2255 585 2298 ut
604 2262 872 2316 sequamur
896 2248 1102 2319 vestigia
1128 2250 1237 2319 ejus
1269 2248 1318 2319 (I
1353 2248 1495 2304 Petr.
1534 2266 1594 2316 ιι,
1634 2249 1750 2319 2|).
1787 2251 1937 2305 IIunc
1967 2251 2018 2305 in
2049 2266 2115 2306 eo

529 2336 752 2407 quisque
794 2340 1052 2408 sequitur,
1078 2339 1130 2393 in
1158 2354 1263 2411 quo
1306 2340 1543 2395 imitatur
1574 2360 1588 2396 :
1619 2356 1722 2396 non
1770 2341 1823 2396 in
1857 2349 2112 2412 quantum

530 2428 622 2483 ille
652 2427 815 2483 Filius
846 2430 937 2485 Dei
967 2440 1051 2486 est
1077 2447 1231 2498 unus,
1261 2447 1356 2502 per
1393 2447 1549 2503 quem
1582 2432 1717 2488 facta
1749 2441 1874 2488 sunt
1901 2432 2110 2499 omnia;

527 2519 621 2574 sed
651 2520 703 2574 in
733 2530 986 2591 quantum
1030 2522 1171 2578 filius
1201 2523 1452 2591 hominis,
1481 2540 1599 2595 qua:
1628 2526 1928 2595 oportebat,
1972 2526 2024 2579 in
2055 2539 2114 2580 se

528 2612 754 2680 prmbuit
799 2614 1097 2671 imitanda:
1140 2625 1195 2671 et
1233 2619 1395 2672 multa
1447 2617 1499 2672 in
1550 2618 1642 2672 illo
1679 2618 1747 2673 ad
1799 2618 2111 2673 imitandum

527 2702 774 2760 omnibus
805 2715 1205 2778 preponuntur;
1254 2710 1531 2782 virginitas
1567 2722 1745 2766 autem
1789 2712 1967 2766 carnis
2004 2727 2113 2766 non

527 2796 804 2862 omnibus;
850 2814 955 2853 non
995 2800 1141 2854 enim
1191 2800 1388 2856 habent
1430 2801 1555 2872 quid
1601 2800 1799 2858 faciant
1847 2811 1905 2858 ut
1949 2804 2115 2875 virgi-

526 2900 623 2938 nes
652 2886 778 2953 sint,
819 2887 873 2946 in
915 2889 1107 2960 quibus
1144 2888 1256 2961 jam
1288 2889 1485 2945 factum
1527 2899 1610 2946 est
1639 2902 1696 2946 ut
1726 2891 1958 2963 virgines
2004 2908 2113 2948 non

526 2976 653 3029 sint.

597 3065 823 3122 CAPUT
853 3067 1091 3123 XXVIII.
1110 3100 1180 3110 —
1198 3070 1290 3126 28.
1323 3072 1593 3144 Quousque
1616 3077 1756 3146 sequi
1778 3075 1978 3145 Agnum
2006 3093 2115 3131 om-

529 3173 615 3211 nes
649 3168 876 3226 possunt.
908 3159 1211 3231 Sequantur
1252 3165 1430 3236 itaque
1472 3167 1680 3236 Agnum
1720 3170 1902 3224 caeteri
1931 3170 2116 3227 ﬁdeles

527 3248 618 3316 qui
647 3248 1005 3319 virginitatem
1037 3255 1277 3323 corporis
1309 3256 1626 3324 amiserunt,
1648 3275 1752 3315 non
1779 3276 2115 3334 quocumque

528 3338 620 3395 ille
643 3340 781 3409 ierit,
809 3343 903 3397 sed
930 3360 1204 3417 quousque
1234 3348 1330 3418 ipsi
1362 3351 1653 3419 potuerint.
1682 3351 1912 3409 Possunt
1937 3364 2112 3411 autem

528 3429 744 3500 ubique,
791 3443 985 3502 prmter
1023 3451 1142 3492 cum
1188 3438 1241 3493 in
1287 3439 1482 3497 decore
1527 3442 1846 3515 virginitatis
1890 3447 2112 3502 incedit.

526 3519 676 3575 Beati
712 3541 959 3595 pauperes
1000 3529 1223 3600 spiritu;
1262 3532 1541 3591 imitamini
1584 3552 1727 3604 eum,
1758 3540 1848 3609 qui
1898 3550 2115 3610 prepter

526 3629 624 3669 vos
654 3632 853 3686 pauper
882 3618 1051 3675 factus
1073 3630 1172 3689 est,
1191 3639 1311 3678 cum
1335 3625 1486 3681 dives
1505 3637 1647 3683 esset
1672 3629 1747 3703 (II
1764 3629 1883 3685 Cor.
1900 3647 2011 3695 vm,
2033 3632 2110 3703 9).

526 3705 674 3762 Beati
718 3712 898 3777 mites;
946 3713 1225 3770 imitamini
1265 3732 1384 3773 cum
1426 3720 1515 3790 qui
1560 3721 1713 3788 dixit,
1757 3721 1950 3777 Discite
1979 3742 2010 3777 a
2036 3741 2115 3779 me

524 3800 764 3868 quoniam
809 3804 945 3859 mitis
982 3822 1093 3860 sum
1136 3817 1183 3861 et
1225 3809 1432 3865 Immitis
1457 3811 1609 3865 corde
1638 3812 1851 3882 (Matth.
1890 3831 1965 3883 xl,
1996 3814 2110 3889 99).

525 3889 674 3946 Beati
711 3894 972 3965 lugentes;
1007 3897 1287 3955 imitamini
1328 3918 1449 3957 eum
1476 3904 1565 3975 qui
1596 3903 1742 3960 flevit
1769 3922 1932 3977 super
1959 3910 2115 3965 Jeru-

524 3988 688 4043 salem
719 3989 869 4060 (Luc.
907 4009 1016 4058 XIX,
1046 3991 1160 4067 41).
1202 3994 1349 4050 Beati
1374 3997 1462 4069 qui
1490 4000 1715 4053 esuriant
1743 4008 1789 4053 et
1821 4001 1995 4055 sitiunt
2014 4004 2113 4073 ju-

491 4081 749 4147 .stitiam;
794 4082 1075 4139 imitamini
1114 4101 1236 4141 eum
1279 4088 1368 4156 qui
1400 4087 1552 4153 dixit,
1585 4089 1733 4144 Meus
1776 4092 1917 4147 cibus
1946 4104 2017 4147 est
2060 4104 2114 4149 ut

526 4175 713 4245 faciam
750 4176 1053 4231 voluntatem
1086 4179 1196 4249 ejus
1242 4180 1327 4248 qui
1377 4181 1512 4235 misit
1552 4198 1631 4235 me
1670 4182 1849 4254 (Joan.
1885 4201 1962 4251 tv,
1996 4187 2110 4259 54).

523 4265 670 4321 Beati
700 4268 1082 4334 misericordes;
1127 4270 1403 4326 imitamini
1447 4288 1567 4328 eum
1617 4276 1707 4345 qui
1759 4277 2036 4333 vulnerato
2081 4294 2111 4333 a

526 4357 821 4415 latronibus
864 4370 917 4416 et
954 4362 1006 4415 in
1036 4362 1119 4417 via
1164 4361 1361 4432 jacenti
1415 4367 1673 4421 semivivo
1726 4368 2111 4442 desperatoque

528 4450 777 4506 subvenit
802 4451 951 4523 (an.
986 4470 1043 4521 x,
1081 4454 1294 4526 30—55).
1334 4455 1479 4511 Beati
1516 4460 1901 4528 mundicordes;
1930 4464 2111 4519 imita-

526 4542 654 4595 mini
673 4557 791 4596 eum
815 4545 901 4614 qui
920 4554 1179 4615 peccatum
1207 4564 1307 4601 non
1336 4547 1471 4618 fecit,
1498 4567 1587 4605 nec
1612 4551 1840 4608 inventus
1868 4565 1939 4608 est
1960 4556 2110 4611 dolus

522 4636 575 4690 in
604 4653 691 4691 ore
715 4638 823 4710 ejus
857 4638 908 4709 (I
944 4637 1081 4694 Petr.
1121 4656 1177 4706 ll,
1212 4640 1331 4711 2'2).
1359 4640 1507 4697 Beati
1544 4645 1782 4715 paci/ici;
1830 4648 2108 4705 imitamini

522 4743 647 4783 eum
677 4729 767 4800 qui
796 4745 890 4799 pro
920 4731 1030 4786 suis
1061 4734 1488 4800 persecutoribus
1518 4735 1670 4803 dixit,
1700 4736 1877 4803 Pater,
1909 4741 2110 4809 ignosce

519 4819 643 4885 illis,
680 4821 798 4890 quia
826 4822 1051 4877 nesciunt
1076 4824 1196 4894 quid
1223 4823 1417 4894 faciunt
1444 4825 1593 4896 (Luc.
1625 4846 1778 4898 χχιιι,
1812 4831 1928 4901 54).
1960 4832 2108 4887 Beati

521 4915 607 4982 qni
634 4916 1024 4984 persecutionem
1041 4916 1303 4987 patiuntur
1323 4930 1527 4990 prapter
1548 4922 1794 4995 justitiam
1814 4924 2025 4998 (Matth.
2051 4944 2105 4994 v,

518 5007 707 5080 5-10);
742 5008 1021 5065 imitamini
1062 5026 1184 5065 eum
1215 5012 1302 5082 qui
1332 5028 1423 5084 pro
1452 5013 1590 5067 vobis
1626 5033 1806 5086 passus
1835 5027 1927 5083 est,
1951 5020 2108 5073 relin-

518 5116 670 5167 quens
690 5102 825 5155 vobis
846 5103 1151 5171 exemplum,
1166 5113 1219 5158 ut
1238 5106 1519 5174 sequamini
1535 5107 1740 5177 vestigia
1763 5110 1871 5180 ejus
1890 5111 1940 5180 (Ι
1962 5110 2104 5166 Petr.

521 5207 576 5251 ιι,
603 5190 716 5261 21).
750 5193 875 5250 Haec
912 5195 999 5266 qui
1043 5196 1337 5263 imitantur,
1386 5197 1437 5251 in
1473 5197 1554 5252 his
1610 5199 1817 5269 Agmun
1869 5216 2106 5272 sequun-

520 5291 623 5336 tur.
653 5282 759 5339 Sed
783 5297 928 5341 certe
956 5289 1115 5343 etiam
1159 5288 1426 5361 conjugati
1469 5301 1689 5360 possunt
1738 5292 1815 5347 ire
1866 5310 1959 5363 per
2006 5295 2105 5349 ista

520 5374 760 5444 vestigia,
791 5378 888 5431 etsi
920 5394 1023 5433 non
1064 5379 1296 5450 perfecte
1326 5382 1377 5436 in
1409 5382 1595 5437 eadem
1629 5383 1795 5438 forma
1842 5396 2106 5455 ponentes

520 5465 730 5535 pedem,
762 5480 1126 5526 verumtamen
1158 5472 1210 5526 in
1238 5473 1439 5529 eisdem
1471 5476 1675 5531 semitis
1704 5477 2028 5547 gradientes.

590 5558 818 5616 CAPUT
856 5561 1048 5615 XXIX.
1067 5594 1135 5603 —
1151 5565 1242 5620 ‘29.
1286 5566 1397 5633 Quo
1422 5585 1533 5623 eum
1555 5581 1829 5641 sequuntur
1858 5573 1980 5627 salte
2005 5574 2106 5627 vir-

520 5651 677 5721 gines.
711 5647 993 5704 Invidentia
1026 5653 1078 5705 in
1102 5656 1237 5709 caelis
1264 5667 1468 5728 propter
1496 5663 1821 5731 prwmiorum
1858 5663 2104 5731 (ii/feren-

586 5804 607 5883 ξ
629 5803 911 5883 miniata.
938 5816 1044 5869 pro,
1064 5808 1310 5875 gramina,
1337 5810 1506 5876 habet,
1532 5818 1739 5878 gratuita
1768 5832 1783 5867 :
1807 5818 2101 5883 refraganti-

518 5864 610 5913 bus
636 5873 741 5915 λιες.
766 5874 818 5918 et

1412 386 1500 442 DE
1537 382 1806 442 SANCTA
1845 374 2309 447 VIRCINITATE,
2347 378 2407 435 S.
2448 377 2816 437 AUGUSTINI

3704 392 3802 448 ΗΞ

2233 494 2354 549 tiam
2377 496 2540 551 nulla.
2568 496 2674 554 Sed
2700 512 2827 554 ecce
2855 497 2942 554 ille
2969 498 3151 571 Agnus
3174 501 3412 571 graditur
3431 503 3624 561 itinere
3650 506 3803 575 virgic

2226 589 2360 654 nali;
2387 589 2656 660 quomodo
2679 600 2802 661 post
2816 607 2936 646 eum
2954 592 3101 648 ibunt
3117 594 3205 663 qui
3221 594 3323 650 hoc
3347 596 3643 652 amiserunt
3662 601 3799 670 quod

2226 681 2373 737 nullo
2411 680 2574 737 modo
2616 683 2917 754 recipiunt?
2948 682 3056 739 Vos
3084 699 3235 755 ergo,
3267 700 3363 741 vos
3407 687 3481 743 ite
3510 697 3633 758 post
3662 706 3801 757 eum,

2224 774 2457 843 virgines
2483 774 2626 845 ejus;
2659 791 2755 831 vos
2781 786 2836 831 et
2857 776 2981 831 illuc
3007 777 3080 833 ite
3116 787 3238 848 post
3262 795 3406 842 eum,
3435 781 3562 851 quia
3590 792 3805 853 propter

2225 866 2329 920 hoc
2350 883 2510 922 unum
2528 870 2544 901 ί
2567 884 2900 940 quocumque
2921 868 3042 924 ierit
3071 872 3356 941 sequimini
3372 888 3494 928 eum
3516 874 3618 929 :ad
3638 874 3819 943 quod-ﬁ

2225 954 2357 1011 libet
2394 958 2535 1013 enim
2565 958 2709 1013 aliud
2738 960 3033 1015 sanctitatis
3066 959 3264 1016 donum
3290 978 3395 1033 quo
3424 980 3546 1019 eum
3575 948 3815 1036 sequan-T

2225 1055 2331 1113 tur,
2363 1049 2563 1103 hortari
2592 1062 2883 1120 possumus
2920 1049 3254 1121 conjugatos,
3288 1062 3483 1121 praeter
3516 1053 3621 1108 hoc
3664 1055 3801 1125 quod

2224 1138 2643 1208 irreparabiliter
2679 1140 2990 1195 amiserunt.
3025 1140 3131 1195 Vos
3157 1141 3333 1212 itaque
3361 1143 3645 1213 sequimini
3684 1159 3801 1198 eum

2225 1231 2457 1287 tenendo
2478 1241 2880 1301 perseveranter
2904 1232 3042 1303 quod
3074 1234 3293 1288 vovistis
3313 1235 3587 1291 ardenter.
3622 1235 3802 1293 Facite

2222 1335 2346 1378 cum
2377 1325 2620 1393 potestis,
2661 1338 2729 1379 ne
2770 1323 3088 1393 virginitatis
3136 1326 3333 1379 bonum
3359 1342 3388 1380 a
3416 1325 3570 1383 vobis
3599 1338 3799 1397 pereat,

2221 1413 2308 1469 cui
2335 1413 2509 1470 facere
2536 1414 2664 1470 nihil
2693 1415 2916 1485 potestis
2940 1425 2998 1470 ut
3025 1416 3226 1471 redeat.
3260 1416 3470 1472 Videbit
3492 1433 3588 1474 vos
3614 1429 3802 1473 cetera

2220 1506 2505 1561 multitudo
2532 1507 2787 1571 fidelium,
2811 1523 2930 1578 qua:
2958 1510 3160 1578 Aguum
3186 1508 3252 1563 ad
3281 1509 3383 1564 hoc
3408 1510 3556 1579 sequi
3580 1525 3688 1565 non
3711 1528 3805 1582 po-

2222 1605 2358 1653 test:
2388 1597 2606 1667 videbit,
2630 1613 2729 1654 nec
2750 1598 3033 1665 invidebit;
3056 1609 3111 1654 et
3134 1600 3451 1655 collmtando
3473 1602 3644 1665 vobis,
3664 1603 3802 1673 quod

2220 1689 2274 1745 in
2302 1705 2360 1745 se
2382 1705 2485 1745 non
2513 1690 2688 1755 habet,
2723 1691 2938 1746 habebit
2961 1691 3011 1745 in
3037 1691 3207 1745 vobis.
3230 1690 3363 1746 Nam
3394 1700 3447 1747 et
3473 1692 3603 1748 illud
3632 1695 3803 1749 canti-

2218 1796 2339 1837 cutn
2367 1799 2559 1838 novum
2587 1784 2855 1854 proprium
2877 1794 3111 1838 vestrum
3140 1782 3317 1838 dicere
3338 1798 3443 1839 non
3463 1785 3688 1853 poterit;
3706 1801 3801 1840 au-

2218 1873 2333 1929 dire
2360 1884 2538 1929 autem
2571 1875 2782 1945 poterit,
2810 1883 2865 1929 et
2883 1873 3134 1929 delectari
3171 1884 3349 1929 vestro
3380 1882 3491 1930 tam
3516 1876 3801 1933 excellenti

2218 1966 2379 2021 bono.
2411 1966 2519 2022 Sed
2546 1980 2645 2021 vos
2671 1966 2758 2037 qui
2786 1973 2841 2020 et
2883 1965 3070 2020 dicetis
3094 1974 3148 2021 et
3173 1966 3418 2033 audietis,
3458 1966 3581 2036 quia
3621 1976 3675 2021 et
3704 1967 3799 2023 hoc

2216 2055 2357 2125 quod
2384 2055 2574 2111 dicetis
2603 2070 2634 2110 a
2659 2054 2811 2110 vobis
2836 2054 3085 2122 audietis,
3112 2054 3318 2110 felicius
3346 2054 3797 2127 exsultabitis,ju-

2218 2147 2551 2218 cundiusque
2576 2146 2885 2217 regnabitis.
2915 2146 2991 2200 De
3021 2145 3222 2216 majore
3251 2154 3428 2200 tamen
3458 2156 3641 2202 vestro
3669 2162 3797 2217 gau-

2218 2241 2306 2296 dio
2333 2241 2509 2295 nullus
2535 2255 2737 2296 maeror
2764 2240 2867 2295 erit
2904 2239 3096 2310 quibus
3122 2238 3225 2294 hoc
3253 2239 3447 2294 deerit.
3492 2240 3681 2311 Agnus
3717 2241 3800 2297 ille

2216 2333 2431 2404 quippe,
2460 2347 2619 2403 quem
2648 2347 2745 2387 vos
2770 2346 3105 2402 quocumque
3126 2331 3246 2386 ierit
3272 2331 3578 2402 sequimini,
3598 2347 3698 2388 nec
3712 2348 3801 2388 eos

2216 2425 2431 2480 deseret
2456 2425 2546 2495 qui
2573 2440 2695 2480 eum
2722 2439 2827 2494 quo
2855 2439 2949 2477 vos
2978 2439 3081 2478 non
3109 2423 3289 2478 valent
3329 2424 3504 2493 sequi.
3547 2423 3800 2494 Omnipo-

2218 2525 2414 2571 tcntem
2445 2520 2649 2586 Agnum
2678 2514 2964 2586 loquimur.
2990 2515 3057 2570 Et
3091 2514 3241 2569 vobis
3267 2515 3496 2584 prwibit,
3538 2526 3594 2569 et
3634 2515 3701 2571 ab
3727 2517 3801 2572 eis

2216 2622 2323 2662 non
2353 2608 2538 2671 abibit,
2569 2622 2689 2661 cum
2716 2607 2817 2662 erit
2845 2608 2983 2661 Deus
3012 2606 3190 2661 omnia
3222 2606 3273 2660 in
3320 2606 3572 2661 omnibus
3598 2605 3618 2679 (
3636 2607 3653 2659 l
3682 2605 3795 2661 Cor.

2216 2715 2307 2763 xv,
2335 2699 2450 2768 28).
2482 2698 2549 2753 Et
2568 2700 2655 2769 qui
2679 2698 2855 2753 minus
2876 2696 3164 2763 habebunt,
3188 2713 3218 2751 a
3240 2697 3389 2751 vobis
3415 2712 3519 2751 non
3548 2697 3800 2752 abhorre-

2216 2790 2369 2845 bunt.
2401 2790 2498 2845 Ubi
2529 2790 2671 2844 enim
2701 2789 2841 2843 nulla
2872 2797 2954 2843 est
2983 2788 3291 2852 invidentia,
3324 2802 3553 2843 concors
3581 2797 3666 2843 est
3700 2788 3799 2843 dii-

2216 2882 2462 2938 fcrentia.
2496 2881 2807 2936 Przcsumite
2850 2880 3052 2950 itaque,
3099 2878 3267 2943 fidite,
3298 2878 3654 2945 roboramini,
3683 2896 3796 2950 per-

2216 2984 2448 3040 mancte,
2487 2973 2578 3043 qui
2610 2972 2812 3027 vovctis
2851 2979 2907 3026 et
2946 2970 3169 3025 redditis
3213 2970 3438 3024 Domino
3470 2971 3581 3025 Deo
3630 2980 3798 3026 vestro

2217 3075 2336 3119 vota
2382 3063 2556 3135 (Psal.
2606 3079 2771 3129 Lxxv,
2814 3061 2905 3133 12)
2950 3074 3227 3133 perpetuas
3270 3063 3646 3131 continentia,
3700 3078 3795 3118 non

2216 3164 2435 3225 propter
2463 3169 2699 3225 praesens
2725 3154 3002 3221 saeculum,
3043 3153 3138 3209 sed
3168 3162 3387 3224 propter
3425 3169 3651 3225 regnum
3693 3170 3797 3211 cre-

2216 3244 2413 3300 lorum.

2286 3334 2515 3392 CAPUT
2553 3334 2723 3391 XXX.
2746 3335 2932 3390 —50.
2976 3333 3225 3388 Hortatur
3265 3335 3334 3388 ad
3370 3335 3712 3406 virginitatem
3748 3346 3798 3389 ut

2215 3427 2284 3482 ad
2306 3444 2435 3498 opus
2456 3429 2936 3498 supererogationis,
2963 3444 3063 3481 non
3090 3428 3349 3497 praecepti.
3386 3427 3494 3482 Vos
3522 3428 3686 3483 etiam
3714 3428 3795 3498 qui

2218 3519 2321 3575 hoc
2370 3520 2605 3577 nondum
2651 3520 2903 3587 vovistis,
2957 3520 3047 3590 qui
3098 3519 3319 3590 potestis
3364 3533 3583 3590 capere,
3635 3520 3799 3589 capite

2218 3611 2435 3685 (Matth.
2476 3628 2588 3679 XIX,
2623 3612 2745 3685 12);
2793 3620 3199 3682 perseveranter
3225 3612 3442 3675 currite,
3471 3621 3531 3666 ut
3556 3626 3797 3683 compre-

2216 3703 2461 3759 hendatis
2488 3703 2532 3777 (1
2556 3703 2675 3758 Cor.
2704 3719 2783 3770 ix,
2808 3702 2926 3774 24).
2957 3702 3150 3757 Tollite
3176 3701 3376 3756 hostias
3405 3701 3632 3772 quisque
3660 3717 3794 3767 suas,

2216 3806 2272 3853 et
2300 3798 2514 3853 introite
2545 3797 2598 3852 in
2625 3798 2757 3851 atria
2789 3796 2996 3851 Domini
3021 3794 3192 3866 (Psal.
3222 3810 3345 3860 xcv,
3373 3795 3450 3864 8),
3481 3810 3588 3849 non
3618 3811 3683 3849 ex
3711 3810 3799 3850 ne-

2216 3892 2486 3954 cessitate,
2515 3898 2833 3961 potestatem
2866 3887 3126 3943 habentes
3152 3896 3345 3943 vestra:
3368 3886 3681 3942 voluntatis.
3705 3886 3799 3941 Ne-

2215 3998 2319 4053 que
2344 3983 2486 4037 cnim
2512 3983 2671 4048 sicut,
2708 3979 2828 4034 Non
2856 3978 3202 4046 mazchaberis,
3234 3977 3354 4032 Non
3385 3978 3585 4031 occides
3609 3977 3795 4049 (Exod.

2214 4091 2313 4142 xx,
2343 4076 2430 4140 l3,
2455 4074 2562 4143 14),
2590 4073 2660 4127 ita
2681 4071 2785 4127 dici
2806 4079 3000 4142 potest,
3019 4069 3132 4125 Non
3162 4068 3352 4124 nubes.
3382 4069 3473 4123 llla
3498 4069 3794 4139 exiguntur,

2215 4167 2315 4222 ista
2342 4166 2656 4222 offeruntur.
2678 4163 2735 4219 Si
2766 4163 2894 4217 liant
2920 4162 3039 4226 ista,
3068 4161 3383 4215 laudantur:
3408 4160 3510 4213 nisi
3543 4160 3673 4214 [iant
3692 4160 3793 4226 illa,

2213 4256 2553 4311 damnantur.
2580 4253 2637 4309 In
2666 4254 2769 4308 illis
2798 4253 3055 4309 Dominus
3081 4251 3317 4307 debitum
3348 4251 3578 4321 imperat
3616 4252 3797 4306 vobis:

2215 4352 2267 4406 in
2302 4350 2385 4405 his
2412 4358 2589 4404 autem
2634 4348 2677 4402 si
2722 4345 2847 4417 quid
2893 4345 3124 4416 amplius
3164 4345 3700 4414 supererogaveritis,
3750 4345 3795 4397 in

2213 4440 2488 4497 redeundo
2516 4438 2707 4495 reddet
2748 4422 2899 4492 vobis
2927 4436 3074 4508 (Luc.
3103 4452 3157 4501 x,
3191 4436 3304 4506 35).
3336 4434 3600 4505 Cogitate,
3653 4434 3799 4505 quid.

2213 4531 2339 4604 quid
2362 4531 2490 4586 illud
2516 4539 2620 4598 est,
2646 4532 2697 4583 in
2721 4545 2874 4583 muro
2896 4529 3012 4598 ejus
3034 4528 3206 4583 locum
3241 4528 3575 4581 nominatum
3609 4528 3796 4583 melio-

2213 4639 2327 4679 rem
2358 4622 2528 4678 multo
2557 4638 2715 4693 quam
2748 4620 2977 4676 filiorum
3000 4630 3159 4690 atque
3189 4619 3436 4673 ﬁliarum.
3466 4618 3713 4689 Cogitate
3734 4620 3795 4674 il-

2212 4717 2282 4772 lic
2328 4730 2525 4771 nomen
2580 4723 2837 4769 mtcrnum
2900 4711 3049 4783 (Isai.
3104 4728 3208 4777 LVI,
3257 4712 3337 4782 5).
3385 4710 3516 4778 Quis
3571 4713 3801 4782 explicat

2211 4808 2371 4879 quale
2422 4822 2616 4862 nomen
2665 4806 2802 4861 erit?
2849 4805 3117 4875 Quidquid
3168 4815 3343 4859 tamen
3386 4808 3509 4871 erit,
3543 4814 3800 4860 :eternum

2212 4901 2334 4957 erit.
2369 4900 2479 4955 [loc
2508 4900 2777 4956 credendo
2816 4909 2870 4953 et
2915 4897 3178 4968 sperando
3222 4907 3277 4953 et
3328 4898 3577 4963 amando,
3629 4898 3803 4969 potui-

2210 4994 2308 5048 stis
2334 4992 2581 5064 eonjngia
2616 5009 2720 5045 non
2760 4991 3002 5047 devitarc
3030 4990 3317 5062 prohibita,
3351 4990 3443 5045 sed
3472 4993 3802 5047 transvolare

2209 5098 2487 5141 COI'ICCSSD.

2280 5174 2507 5230 CAPUT
2548 5173 2740 5229 XXXI.
2759 5204 2830 5214 -—-
2850 5174 2940 5229 51.
2974 5172 3250 5228 Humilitas
3280 5174 3499 5229 maxime
3526 5176 3800 5246 virginibus

2209 5266 2629 5322 commendanda.
2666 5264 2985 5319 Humilitatis
3026 5281 3263 5319 mensura
3308 5266 3486 5336 cuique
3516 5267 3661 5321 data.
3696 5269 3799 5323 Su-

2210 5358 2383 5430 perbia
2410 5368 2571 5411 mater
2614 5357 2921 5411 invidentiaz.
2953 5356 3107 5413 Unde
3134 5356 3294 5427 hujus
3325 5359 3565 5413 muneris
3593 5358 3798 5430 magni-

2211 5450 2359 5516 tudo,
2392 5449 2457 5504 ad
2502 5450 2643 5520 quod
2673 5448 3059 5519 capessendum
3090 5465 3187 5519 pro
3215 5451 3409 5505 nostris
3438 5449 3646 5506 viribus
3674 5452 3794 5506 hor-

2210 5544 2300 5598 tati
2346 5558 2553 5605 sumus,
2600 5552 2799 5612 quanto
2842 5551 2925 5596 est
2967 5541 3314 5596 excellentius
3343 5550 3503 5612 atque
3545 5541 3775 5597 divinius

2210 5645 2357 5691 tanto
2406 5635 2572 5704 magis
2618 5633 2872 5688 admonet
2917 5632 3326 5689 sollicitudinem
3372 5646 3635 5699 nostram,
3686 5647 3793 5689 non

2206 5728 2381 5785 Solum
2408 5728 2475 5782 dc
2504 5726 2883 5798 gloriosissima
2916 5726 3175 5791 castitate,
3208 5740 3391 5780 verum
3424 5727 3585 5783 etiam
3609 5727 3677 5784 de
3705 5736 3790 5780 tu-

2276 5884 2293 5917 ³
2320 5881 2455 5942 aliti,
2482 5880 2651 5933 bonum
2680 5893 2839 5932 unum.
2864 5881 3024 5940 Abest,
3053 5880 3242 5941 bonum,
3268 5892 3295 5930 a
3316 5889 3419 5932 Mss.
