4048 6516
187 423 298 477 41⁸5

185 539 400 594 tissima
431 535 731 591 humilitate
755 533 956 604 aliquid
986 533 1149 604 loqui.
1183 532 1316 588 Cum
1349 545 1476 602 ergo
1519 538 1790 602 perpetua:

181 629 540 686 continentia:
578 627 909 697 professores
957 641 1017 680 se
1065 623 1361 694 conjugatis
1392 631 1788 692 comparantes,

181 723 487 777 secundum
516 720 825 790 Scripturas
860 718 1222 787 compererint
1255 731 1349 771 eos
1390 715 1526 770 infra
1563 730 1704 780 esse,
1738 725 1793 770 et

180 827 358 883 Opere
385 823 438 868 et
468 813 738 877 mercede,
766 821 819 868 et
847 820 970 864 voto
1005 817 1060 864 et
1090 808 1340 878 praemio;
1386 808 1566 863 statim
1611 806 1790 860 veniat

181 909 241 963 in
289 915 523 962 mentem
567 905 708 976 quod
757 904 1013 973 scriptum
1055 910 1170 955 est:
1203 901 1402 966 Quanto
1447 914 1662 969 magnus
1714 913 1786 963 es,

179 1010 332 1053 tanto
359 999 573 1052 humilia
601 1011 648 1051 te
675 998 724 1051 in
748 997 998 1062 omnibus,
1026 1005 1073 1050 et
1097 1010 1268 1048 coram
1292 992 1400 1047 Deo
1426 993 1643 1046 invenies
1669 1007 1790 1061 gra-

178 1091 312 1143 tiam
359 1088 548 1160 (Eccli.
595 1105 674 1154 m,
717 1087 832 1161 20).
870 1088 1116 1142 Mensura
1149 1085 1462 1140 humilitatis
1501 1083 1693 1153 cuique
1723 1098 1789 1138 ex

179 1195 443 1235 mensura
473 1179 640 1250 ipsius
661 1178 1041 1250 magnitudinis
1062 1177 1185 1231 data
1217 1185 1330 1232 est:
1351 1177 1437 1230 cui
1469 1183 1552 1230 est
1583 1176 1790 1243 pericu-

178 1271 303 1326 losa
349 1270 623 1341 superbia,
657 1287 774 1340 qua:
820 1269 1050 1339 amplius
1096 1267 1443 1338 amplioribus
1487 1265 1787 1319 insidiatur.

178 1365 340 1419 ilanc
371 1365 611 1434 sequitur
655 1363 966 1428 invidentia,
998 1371 1248 1432 tanquam
1278 1359 1384 1414 ﬁlia
1425 1359 1740 1430 pcdissequa
1771 1375 1786 1412 :

176 1472 307 1512 eam
337 1457 535 1526 quippe
573 1456 820 1526 superbia
850 1456 1104 1510 continuo
1131 1453 1287 1522 parit,
1322 1467 1422 1506 nec
1448 1467 1681 1521 unquam
1705 1458 1790 1506 est

176 1549 305 1604 sine
339 1548 432 1602 tali
467 1548 614 1618 prole
660 1556 818 1617 atque
859 1548 1076 1602 comite.
1105 1545 1308 1614 Quibus
1351 1543 1562 1599 duobus
1606 1544 1783 1611 malis,

176 1642 291 1696 hoc
318 1650 401 1696 est
432 1639 680 1709 superbia
709 1649 761 1695 et
789 1638 1100 1704 invidentia,
1145 1637 1388 1692 diabolus
1417 1638 1557 1692 est‘.
1605 1635 1788 1708 Itaque

176 1745 374 1788 contra
407 1733 710 1802 superbiam
739 1743 960 1787 matrem
991 1732 1293 1787 invidentia:
1329 1732 1568 1788 maxime
1593 1732 1788 1786 militat

175 1829 439 1882 universa
470 1826 747 1896 disciplina
771 1826 1080 1881 christiana.
1105 1825 1230 1881 Hmc
1258 1827 1398 1880 enim
1430 1825 1588 1880 docet
1612 1825 1788 1880 humi-

178 1919 420 1985 litatem,
445 1933 548 1989 qua
575 1929 627 1972 et
653 1919 892 1988 acquirat
921 1927 974 1973 et
1011 1917 1277 1972 custodiat
1321 1918 1637 1973 charitatem
1669 1937 1684 1974 :
1717 1918 1786 1974 de

181 2025 290 2078 qua
321 2023 445 2063 cum
477 2009 677 2063 dictum
705 2017 868 2076 esset,
898 2007 1130 2064 Charitas
1171 2025 1271 2063 non
1300 2010 1600 2074 aemulatur;
1640 2010 1786 2066 velut

179 2103 228 2156 si
257 2117 476 2157 causam
512 2117 896 2172 qumreremus,
941 2102 1080 2157 unde
1109 2102 1201 2156 ﬁat
1231 2110 1287 2156 ut
1331 2118 1434 2157 non
1483 2103 1782 2172 a'muletur,

177 2193 444 2247 continuo
473 2192 732 2254 subdidit,
762 2191 885 2247 Non
925 2195 1134 2263 inﬂatur
1174 2193 1215 2265 (Ι
1239 2191 1357 2247 Cor.
1387 2210 1502 2259 xm,
1528 2196 1583 2264 4)
1614 2212 1627 2249 :
1662 2205 1783 2248 tan-

178 2300 347 2354 quam
378 2283 603 2349 diceret,
638 2283 760 2338 Ideo
788 2300 891 2338 non
921 2283 1082 2338 habet
1121 2284 1489 2349 invidentiam,
1533 2285 1654 2354 quia
1685 2299 1785 2341 nec

179 2377 514 2445 superbiam.
547 2377 750 2431 Doctor
780 2377 955 2448 itaque
985 2376 1296 2432 humilitatis
1326 2377 1570 2433 Christus
1609 2378 1785 2448 primo

177 2471 511 2539 semetipsum
539 2471 813 2524 exinanivit
841 2473 1058 2542 formam
1086 2472 1216 2525 servi
1239 2471 1514 2541 accipiens,
1556 2472 1610 2525 in
1642 2471 1784 2525 simi-

179 2563 404 2616 litudine
438 2563 700 2616 hominum
740 2567 924 2633 factus,
961 2574 1009 2618 et
1045 2564 1218 2617 habitu
1255 2564 1485 2618 inventus
1514 2573 1568 2616 ut
1595 2564 1782 2630 homo;

179 2654 473 2707 huniiliarit
501 2656 840 2724 semetipsum,
886 2655 1051 2725 factus
1095 2656 1328 2710 obediens
1367 2672 1524 2726 usque
1551 2656 1619 2709 ad
1647 2672 1786 2710 mor-

180 2755 312 2808 tem,
344 2754 550 2798 mortem
573 2755 740 2799 autem
771 2748 933 2799 crucis
955 2746 1213 2816 (Philipp.
1243 2763 1301 2812 tt,
1331 2747 1384 2814 7,
1409 2747 1487 2819 8).
1515 2747 1629 2818 lpsa
1655 2764 1784 2804 vero

180 2835 438 2892 doctrina
467 2838 603 2906 ejus,
634 2854 793 2909 quam
823 2849 1024 2894 attente
1053 2840 1285 2895 insinuet
1315 2839 1671 2896 lmmilitatcm
1702 2850 1784 2896 at-

179 2943 295 2998 que
324 2928 448 2984 huic
488 2930 858 3000 prtecipicndaa
896 2931 1245 2986 vehementer
1275 2932 1501 2997 insistat,
1533 2933 1658 3002 quis
1684 2948 1783 2988 ex-

181 3019 389 3088 plicare
418 3020 575 3076 facile
605 3022 796 3090 possit,
825 3031 986 3093 atque
1015 3023 1067 3076 in
1099 3023 1235 3078 hanc
1263 3039 1375 3077 rem
1403 3024 1784 3080 demonstran-

179 3108 312 3163 dam
335 3111 642 3166 testimonia
662 3121 851 3166 cuncta
871 3114 1198 3182 congerere?
1227 3113 1339 3168 lloc
1359 3111 1537 3170 facere
1561 3125 1785 3171 conetur

181 3201 270 3256 vel
321 3202 494 3264 faciat,
541 3203 782 3274 quisquis
828 3218 1072 3259 seorsum
1117 3203 1184 3258 de
1227 3203 1526 3260 humilitate
1553 3205 1786 3261 voluerit

181 3293 461 3352 scribere:
487 3295 641 3366 hujus
690 3305 868 3351 autem
910 3296 1090 3366 operis
1133 3295 1279 3350 aliud
1320 3297 1650 3368 propositum
1680 3304 1784 3368 est,

186 3389 334 3458 quod
366 3389 432 3443 de
463 3400 568 3442 tam
603 3406 790 3459 magna
821 3406 877 3443 re
905 3399 1210 3458 susceptum
1238 3398 1341 3455 est,
1386 3399 1442 3442 ut
1479 3390 1526 3444 ei
1555 3390 1786 3444 maxime

185 3480 258 3533 sit
285 3481 521 3534 cavenda
545 3481 814 3549 superbia.

259 3573 490 3629 CAPUT
529 3573 747 3629 XXXII.
767 3605 838 3613 —
857 3575 945 3629 52.
988 3572 1066 3628 De
1095 3574 1379 3628 humilitate
1408 3583 1658 3644 pra’cepta
1679 3572 1790 3627 Do~

186 3669 318 3720 mini
352 3677 398 3722 et
433 3669 683 3738 exempla.
717 3667 949 3722 Proinde
978 3683 1144 3738 pauca
1175 3667 1498 3732 testimonia,
1532 3682 1650 3736 qnte
1687 3665 1791 3720 Do-

187 3759 369 3813 minus
398 3758 448 3812 in
481 3768 714 3814 mentem
746 3759 873 3815 dare
899 3759 1168 3830 dignatur,
1213 3775 1278 3814 ex
1325 3757 1564 3816 doctrina
1591 3755 1789 3812 Christi

189 3850 259 3904 de
295 3849 595 3904 humilitate
623 3866 1010 3914 commemoro,
1051 3866 1168 3920 qua:
1197 3850 1263 3904 ad
1305 3850 1356 3905 id
1395 3849 1536 3920 quod
1586 3846 1792 3902 intendi

193 3943 425 3996 fortasse
475 3943 761 3997 sufﬁciant.
814 3943 1005 3998 Sermo
1043 3943 1179 4012 ejus,
1220 3958 1376 4013 quem
1407 3941 1634 4010 primum
1662 3954 1792 4008 pro-

192 4032 441 4086 lixiorem
476 4033 538 4086 ad
568 4032 858 4102 discipulos
889 4033 1092 4099 habuit,
1121 4033 1241 4087 inde
1264 4034 1446 4100 C(Bpil,
1481 4029 1626 4084 Beati
1657 4046 1790 4099 pau-

195 4139 340 4191 peres
387 4123 591 4193 spiritu,
627 4124 866 4194 quoniam
910 4125 1137 4194 ipsorum
1183 4133 1255 4178 est
1297 4140 1508 4194 regnum
1553 4122 1794 4176 caelorum

195 4213 411 4282 (.llatth.
448 4230 501 4279 v,
526 4215 580 4284 5)
607 4233 618 4267 :
655 4230 787 4284 quos
815 4216 928 4270 sine
964 4216 1067 4270 ulla
1093 4215 1455 4270 controversia
1481 4213 1799 4268 humilesin-

196 4307 508 4375 telligimus.
552 4305 737 4361 Fidem
787 4307 1128 4361 Centurionis
1179 4307 1320 4361 illius
1364 4305 1484 4360 ideo
1527 4305 1796 4376 praecipue

199 4398 457 4462 lmdavit,
488 4413 588 4453 nec
603 4414 661 4452 se
681 4398 948 4453 invenisse
966 4399 1017 4452 in
1038 4398 1201 4453 lsrael
1227 4398 1361 4453 dixit
1387 4407 1584 4452 tantam
1609 4396 1792 4463 ﬁdem,

195 4489 316 4555 quia
348 4488 439 4543 ille
467 4499 572 4543 tam
604 4487 875 4544 humiliter
903 4489 1152 4556 credidit,
1185 4499 1242 4544 ut
1267 4490 1490 4554 diceret,
1525 4487 1648 4543 Non
1680 4507 1794 4544 sum

194 4589 385 4656 dignus
411 4595 466 4637 ut
492 4584 583 4639 sub
613 4593 795 4638 tectum
823 4600 986 4636 meum
1011 4583 1165 4636 intres
1191 4580 1298 4653 (Id.
1318 4599 1431 4649 vm,
1450 4580 1625 4654 5-10).
1643 4579 1800 4641 Unde

203 4691 306 4731 nec
335 4674 621 4731 Blatthmns
669 4674 738 4729 ob
779 4672 925 4728 aliud
975 4688 1096 4728 eum
1128 4672 1260 4727 dixit
1289 4673 1583 4730 accessisse
1611 4672 1679 4728 ad
1704 4672 1798 4729 Je-

203 4784 351 4836 sum,
401 4784 525 4822 cum
571 4767 911 4838 apertissime
953 4763 1125 4820 Lucas
1172 4764 1404 4820 insinuet
1427 4763 1569 4834 quod
1600 4780 1704 4820 non
1730 4764 1798 4819 ad

192 4879 321 4920 cum
359 4865 473 4934 ipse
503 4863 731 4930 venerit,
755 4862 850 4919 sed
884 4862 1087 4917 amicos
1131 4875 1257 4916 suos
1287 4861 1494 4915 miserit
1520 4859 1674 4928 (Luc.
1703 4875 1798 4925 vn,

192 4960 244 5023 6,
283 4959 362 5026 ἶ),
392 4957 494 5010 nisi
518 4957 639 5026 quia
671 4957 978 5011 lidelissima
1022 4955 1322 5010 humilitate
1370 4957 1538 5025 magis
1570 4957 1682 5025 ipse
1705 4971 1796 5009 ac-

191 5051 386 5114 cessit,
419 5065 580 5120 quam
611 5049 685 5104 illi
713 5065 847 5121 quos
889 5051 1052 5104 misit.
1087 5048 1240 5106 Unde
1280 5057 1334 5104 et
1364 5049 1490 5103 illud
1522 5048 1800 5119 νγοιιιιριίο

191 5158 320 5197 cum
353 5151 456 5205 est,
502 5141 748 5196 Excelsus
791 5151 864 5196 est
906 5141 1176 5208 Dominus,
1224 5150 1272 5196 et
1315 5141 1522 5195 humilia
1566 5142 1800 5209 respicit;

191 5235 398 5290 excelsa
422 5245 592 5288 autem
618 5236 817 5306 alonge
842 5235 1096 5306 cognoscit
1122 5232 1292 5307 (Psal.
1318 5249 1553 5298 cxxxvn,
1588 5232 1679 5301 6):
1706 5234 1799 5288 uti-

191 5345 301 5399 que
327 5337 583 5398 tanquam
617 5344 723 5382 non
750 5327 1078 5383 accedentia.
1110 5327 1244 5381 Hinc
1269 5327 1413 5382 etilli
1432 5326 1641 5380 mulieri
1661 5325 1800 5380 Cha-

194 5437 406 5476 nanrea:
437 5421 588 5486 dicit,
623 5420 666 5472 Ο
700 5421 898 5483 mulier,
938 5437 1125 5491 magna
1164 5429 1236 5473 est
1276 5418 1401 5488 ﬁdes
1436 5417 1556 5470 tua!
1596 5417 1684 5485 fiat
1714 5417 1801 5470 tibi

190 5513 326 5565 sicut
351 5513 425 5565 vis
458 5528 480 5568 :
517 5528 680 5582 qnam
721 5512 966 5581 superius
996 5527 1182 5566 canem
1210 5509 1590 5580 appellaverat,
1623 5523 1721 5563 nec
1750 5509 1800 5564 ei

193 5621 396 5676 panem
432 5605 666 5660 filiorum
693 5604 1079 5676 proﬁciendum
1110 5619 1230 5660 esse
1260 5600 1626 5673 responderat.
1647 5601 1802 5668 Quod

262 5860 280 5892 ί
309 5858 382 5910 sic
406 5864 512 5906 Mss.
540 5863 596 5904 At
621 5861 716 5916 Er._,
756 5849 983 5916 superbia
1002 5856 1046 5916 et
1071 5849 1330 5916 invidentia
1367 5845 1586 5899 diabolus
1612 5851 1810 5916 pra‘esl.

197 5926 326 5985 Una,
353 5918 602 5979 ειω-εγὸὰτ
625 5924 668 5968 et
693 5914 968 5967 int'idctttia'
984 5913 1201 5964 diabolus
1220 5920 1412 5975 pra‘cst.

1623 413 1828 472 LIBER
1867 414 2068 473 UNUS.

3388 431 3488 486 ΔΗ

1898 530 1989 585 illa
2029 531 2301 590 humiliter
2330 536 2598 607 accipiens
2621 539 2849 608 dixerat,
2881 541 2990 609 Ita,
3018 543 3266 611 Domine;
3291 563 3408 601 nam
3437 560 3487 602 et

1895 638 2046 679 canes
2071 626 2226 681 edunt
2266 627 2330 682 de
2353 630 2495 685 micis
2517 647 2630 696 qua:
2653 633 2837 687 cadunt
2875 635 2938 688 de
2965 653 3136 690 mensa
3165 637 3485 694 dominorum

1895 733 2121 773 suorum.
2145 723 2223 774 At:
2244 721 2322 776 sic
2350 722 2488 792 quod
2513 725 2726 779 assiduo
2747 727 2980 782 clamore
3006 744 3111 783 non
3140 730 3483 799 impetrabat,

1896 807 2083 863 humili
2132 811 2469 868 confessione
2517 817 2812 885 promeruit
2859 817 3070 889 (Matth.
3116 835 3211 885 xv,
3261 821 3484 894 22-28).

1896 897 2030 954 Hinc
2055 901 2206 955 etilli
2231 902 2339 958 duo
2369 917 2734 975 proponuntur
2763 920 2978 964 orantes
3009 911 3060 964 in
3091 913 3311 982 templo,
3345 930 3482 968 unus

1895 989 2210 1060 pharisznus,
2256 1003 2310 1048 et
2334 996 2468 1050 alter
2493 998 2828 1066 publicanus,
2864 1011 3080 1070 propter
3117 1017 3209 1057 eos
3252 1005 3339 1073 qui
3381 1005 3479 1062 sibi

1889 1085 2019 1153 justi
2058 1086 2325 1151 videntur,
2367 1098 2421 1143 et
2446 1101 2706 1159 Spernunt
2738 1102 2985 1156 caeteros,
3015 1103 3068 1148 et
3096 1096 3480 1151 enumerationi

1894 1177 2206 1232 meritorum
2257 1180 2538 1249 przefertur
2575 1182 2843 1238 confessio
2888 1195 3246 1253 peccatorum.
3281 1187 3348 1240 Et
3379 1189 3480 1240 uti-

1891 1284 1995 1339 que
2023 1270 2131 1324 Deo
2157 1273 2354 1341 gratias
2373 1273 2560 1342 agebat
2587 1273 2880 1344 pharisaeus
2906 1291 2967 1330 cx
2993 1276 3076 1330 his
3098 1277 3149 1329 in
3172 1276 3363 1346 quibus
3383 1277 3480 1334 sibi

1893 1360 2116 1415 tnultum
2159 1363 2428 1431 placebat:
2465 1363 2688 1427 Gratias,
2721 1365 2909 1435 inquit,
2942 1367 3029 1419 tibi
3072 1383 3189 1437 ago,
3236 1368 3356 1437 quia
3381 1383 3484 1420 non

1890 1470 2004 1506 sum
2028 1455 2157 1508 sicut
2183 1457 2348 1510 cteteri
2373 1457 2620 1521 homines,
2642 1459 2839 1525 injusti,
2859 1469 3103 1528 raptores,
3121 1458 3363 1524 adulteri,
3386 1460 3485 1513 sic-

1889 1555 1947 1600 ut
1995 1554 2043 1600 et
2081 1547 2378 1617 publicanus
2403 1550 2514 1603 iste.
2541 1549 2731 1620 Jejuno
2751 1551 2825 1604 bis
2846 1553 2898 1605 in
2927 1550 3153 1618 sabbato,
3177 1552 3395 1605 decimas
3416 1552 3484 1606 do

1889 1639 2114 1692 omnium
2141 1656 2463 1710 quaecumque
2485 1644 2735 1712 possideo.
2759 1643 3072 1696 Publicanns
3092 1656 3260 1698 autem
3287 1645 3349 1697 de
3369 1645 3484 1698 lon-

1889 1731 2074 1801 ginquo
2095 1732 2278 1797 stabat,
2302 1749 2393 1785 nec
2411 1733 2584 1787 oculos
2605 1735 2673 1786 ad
2706 1736 2885 1788 (telum
2926 1735 3141 1788 audebat
3179 1738 3363 1799 levare,
3391 1735 3481 1789 sed

1891 1824 2196 1893 percutiebat
2226 1836 2398 1894 pectus
2428 1843 2599 1887 suum,
2651 1827 2856 1880 dicens:
2879 1826 3039 1891 Deus,
3085 1828 3335 1897 propitius
3375 1837 3482 1882 esto

1889 1917 2012 1970 mihi
2039 1920 2308 1988 peccatori.
2340 1919 2592 1989 Sequitur
2607 1929 2782 1974 autem
2805 1919 2980 1974 divina
3000 1921 3263 1976 sententia
3288 1939 3300 1975 :
3322 1921 3480 1975 Amen

1887 2006 2000 2061 dico
2032 2009 2186 2069 vobis,
2221 2010 2475 2064 descendit
2496 2010 2812 2082 justiﬁcatus
2855 2013 2917 2064 de
2955 2012 3139 2080 templo
3182 2011 3482 2082 publicanus

1888 2100 2050 2170 magis
2077 2117 2232 2167 quam
2257 2102 2346 2156 ille
2371 2103 2668 2172 pharisaeus.
2717 2102 2921 2159 Deinde
2959 2118 3116 2157 causa
3157 2103 3478 2168 ostenditur,

1886 2205 1981 2244 cur
2007 2190 2110 2246 hoc
2134 2190 2331 2261 justum
2370 2194 2472 2247 sit:
2505 2194 2757 2258 Quoniam
2778 2194 2822 2248 is
2844 2195 2930 2266 qui
2948 2210 3001 2248 se
3021 2193 3211 2248 exultat
3236 2193 3480 2246 humilia-

1886 2281 2039 2346 bitur,
2064 2293 2110 2336 et
2133 2284 2219 2353 qui
2244 2301 2298 2338 se
2324 2285 2557 2340 humiliat
2584 2286 2889 2340 exaltabitur
2911 2284 3061 2358 (Luc.
3087 2300 3235 2345 xvm,
3262 2284 3477 2353 10-“).

1886 2377 2028 2433 Fieri
2057 2392 2184 2448 ergo
2205 2387 2382 2449 potest
2412 2388 2468 2433 ut
2495 2380 2720 2449 quisque
2750 2389 2804 2434 et
2834 2379 2970 2433 mala
2999 2394 3122 2433 vera
3166 2378 3388 2441 devitet,
3422 2385 3480 2432 et

1886 2481 2012 2521 vera
2039 2466 2179 2523 bona
2206 2468 2259 2522 in
2286 2483 2348 2526 se
2372 2470 2699 2538 consideret,
2727 2479 2782 2526 et
2809 2471 2878 2526 de
2909 2470 2994 2524 his
3019 2470 3162 2524 Patri
3211 2470 3475 2523 luminum

1886 2561 2086 2631 gratias
2111 2568 2254 2630 agat,
2284 2577 2318 2618 a
2343 2578 2448 2632 quo
2475 2562 2753 2618 descendit
2795 2577 2954 2617 omne
2979 2561 3160 2616 datum
3189 2564 3475 2631 optimum,

1885 2661 1941 2707 et
1964 2668 2124 2708 omne
2152 2653 2349 2706 donum
2391 2652 2686 2723 perfectum
2735 2651 2938 2724 (Jacobi
2967 2669 3004 2717 ι,
3036 2653 3158 2722 l7);
3199 2663 3253 2707 et
3297 2660 3476 2706 tamen

1884 2744 2136 2800 elationis
2161 2744 2292 2798 vitio
2319 2744 2658 2813 reprobctur,
2690 2745 2732 2797 si
2759 2743 2878 2798 aliis
2909 2743 3280 2813 peccatoribus
3305 2738 3480 2795 maxi-

1886 2852 2079 2904 meque
2112 2845 2327 2908 peccata
2355 2837 2406 2889 in
2433 2835 2675 2890 oratione
2696 2833 3096 2896 conﬁtentibus,
3126 2831 3210 2887 vel
3237 2831 3350 2885 sola
3378 2844 3477 2886 co-

1885 2929 2140 2998 gitatione
2168 2943 2287 2998 quae
2313 2943 2493 2982 coram
2526 2929 2638 2982 Deo
2663 2935 2767 2994 est,
2800 2927 3061 2996 superbus
3092 2925 3329 2989 insultet,
3353 2921 3477 2994 qui-

1886 3022 1984 3077 bus
2006 3036 2112 3076 non
2134 3021 2448 3091 exprobatio
2474 3035 2596 3076 cum
2628 3020 2921 3084 inﬂatione,
2955 3019 3047 3074 sed
3077 3019 3347 3073 miseratio
3363 3017 3480 3099 sine

1887 3114 2260 3186 desperatione
2282 3114 2526 3170 debetur.
2565 3113 2702 3182 Quid
2752 3112 2882 3168 illud
2925 3111 3069 3182 quod
3118 3108 3481 3182 qum-rentibus

1889 3207 2030 3262 inter
2055 3221 2114 3262 se
2140 3206 2414 3277 discipulis
2449 3206 2693 3276 quisnam
2724 3219 2913 3260 eorum
2939 3202 3114 3273 major
3151 3210 3315 3264 esset,
3347 3215 3483 3269 pne-

1885 3313 2006 3355 rum
2033 3299 2315 3371 parvulum
2344 3299 2624 3356 constituit
2650 3303 2775 3353 ante
2804 3297 2988 3352 oculos
3009 3311 3220 3362 eorum,
3254 3292 3440 3348 dicens
3465 3306 3480 3346 :

1889 3390 2009 3448 Nisi
2039 3392 2237 3466 fueritis
2273 3393 2401 3446 sicut
2427 3409 2554 3462 puer
2590 3392 2703 3452 iste,
2748 3407 2848 3444 non
2887 3390 3136 3443 intrabitis
3178 3389 3230 3441 in
3271 3400 3483 3457 regnum

1888 3483 2134 3537 caelorum
2157 3481 2375 3553 (Matth.
2407 3497 2561 3545 xvm,
2593 3482 2745 3551 1-5)?
2773 3497 2950 3536 nonne
2978 3479 3332 3534 humilitatem
3363 3490 3484 3531 ma-

1891 3573 2034 3629 xime
2062 3573 2474 3635 commendavit,
2521 3573 2655 3627 etin
2703 3587 2765 3627 ea
2809 3571 3057 3625 meritum
3103 3565 3486 3638 magnitudinis

1889 3666 2108 3738 posuit?
2129 3666 2225 3722 Vel
2268 3681 2392 3721 cum
2432 3664 2553 3719 ﬁliis
2578 3663 2828 3719 Zebedaei
2859 3663 3021 3717 latera
3048 3661 3164 3730 ejus
3195 3661 3246 3713 in
3279 3658 3486 3714 sedium

1892 3761 2220 3818 sublimitate
2250 3757 2773 3828 concupiscentibus,
2821 3757 2890 3810 ita
2923 3754 3217 3823 respondit,
3269 3762 3324 3807 ut
3361 3768 3489 3823 pas-

1894 3854 2062 3909 sionis
2090 3851 2206 3922 ejus
2234 3851 2454 3906 calicem
2489 3849 2776 3905 bibendum
2827 3848 3002 3918 potius
3045 3847 3340 3915 cogitarent
3370 3843 3482 3915 (Id.

1896 3961 1992 4012 xx,
2021 3943 2114 4013 2|,
2149 3942 2268 4015 22),
2299 3942 2351 3996 in
2379 3957 2484 4012 quo
2511 3957 2570 3996 se
2599 3940 2898 3994 humiliavit
2939 3953 3107 4009 usque
3136 3937 3202 3991 ad
3233 3944 3484 4000 mortem,

1896 4049 2121 4095 mortem
2147 4047 2326 4093 autem
2353 4039 2527 4091 crucis
2558 4033 2815 4105 (Philipp.
2851 4048 2904 4097 ιι,
2946 4031 3022 4100 8),
3056 4045 3213 4101 quam
3253 4027 3489 4098 superbo

1898 4131 2136 4201 appetitu
2177 4127 2414 4199 prrefcrri
2447 4125 2656 4181 creteris
2682 4123 3043 4194 postularent;
3073 4119 3200 4190 quid
3230 4117 3486 4182 ostendit,

1898 4226 2000 4281 nisi
2043 4225 2122 4281 eis
2165 4239 2224 4278 se
2266 4223 2497 4277 futurum
2544 4216 2836 4274 altitudinis
2880 4215 3208 4286 largitorem,
3245 4211 3336 4283 qui
3367 4226 3491 4266 eum

1899 4319 2175 4375 doctorem
2207 4315 2523 4371 humilitatis
2565 4321 2719 4366 antea
2759 4307 3144 4380 sequerentur?
3186 4304 3305 4359 1am
3358 4317 3492 4358 vero

1900 4411 2042 4482 quod
2090 4411 2333 4466 exiturus
2376 4407 2441 4461 ad
2491 4405 2794 4476 passionem
2840 4401 2967 4456 lavit
2999 4398 3163 4470 pedes
3194 4396 3490 4466 discipulis,

1902 4501 2214 4570 monuitque
2259 4497 2593 4568 apertissime
2620 4505 2677 4549 ut
2715 4495 2819 4550 hoc
2851 4492 3083 4546 faccrtnt
3114 4487 3494 4555 condiscipulis

1900 4604 2060 4664 atque
2079 4590 2374 4656 conservis,
2397 4589 2539 4660 quod
2558 4589 2635 4644 eis
2663 4587 2876 4643 fecisset
2893 4585 3146 4655 Magister
3161 4592 3213 4637 et
3235 4580 3496 4635 Dominus

1903 4687 2083 4758 (Joan.
2112 4703 2228 4752 xm,
2263 4682 2455 4756 4-17);
2502 4691 2758 4753 quantum
2794 4675 3190 4734 commendavit
3221 4671 3496 4726 humilita-

1904 4779 2046 4836 tem?
2072 4779 2166 4835 Cui
2197 4775 2634 4834 commcndandte
2672 4774 2832 4829 etiam
2882 4781 3092 4842 tempus
3138 4767 3264 4822 illud
3311 4764 3493 4833 elegit,

1902 4888 2008 4943 quo
2045 4887 2167 4927 eum
2216 4869 2454 4940 proxime
2495 4867 2810 4922 moriturum
2855 4879 2975 4918 cum
3007 4873 3198 4930 magno
3227 4855 3497 4910 desiderio

1901 4965 2324 5027 contuebantur;
2356 4961 2456 5014 hoc
2487 4960 2667 5029 utique
2702 4957 2968 5028 przrcipue
3017 4949 3272 5006 memoria
3307 4955 3492 5000 reten-

1905 5057 2030 5123 turi,
2047 5055 2188 5127 quod
2218 5054 2465 5125 Magister
2486 5049 2772 5106 imitandus
2790 5047 3030 5101 ultimum
3050 5043 3492 5097 demonstrasset.

1905 5150 1973 5204 At
2003 5149 2092 5202 ille
2115 5147 2219 5201 hoc
2247 5145 2372 5200 fecit
2404 5143 2492 5198 illo
2521 5151 2783 5212 tempore,
2815 5136 2956 5208 quod
3004 5135 3184 5204 utique
3225 5131 3398 5202 potuit
3443 5138 3498 5184 ct

1904 5243 2024 5296 aliis
2049 5249 2173 5294 ante
2194 5237 2402 5302 diebus,
2435 5235 2631 5307 quibus
2657 5247 2776 5287 cum
2810 5230 2888 5285 eis
2917 5228 3091 5282 fuerat
3119 5231 3496 5280 conversatus:

1904 5333 2117 5406 quando
2156 5333 2202 5386 si
2250 5331 2422 5394 ﬁeret,
2464 5327 2564 5381 hoc
2590 5327 2762 5396 ipsum
2791 5323 3004 5395 quidem
3052 5319 3372 5382 traderetur,
3403 5315 3497 5371 sed

1907 5432 2090 5497 utique
2117 5442 2222 5480 non
2253 5425 2330 5478 sic
2361 5422 2712 5491 acciperetur.

1974 5519 2201 5578 CAPUT
2233 5514 2564 5571 XXXIII.—
2611 5513 2697 5567 55.
2736 5508 3014 5563 Humilitas
3058 5504 3380 5567 Christianis,
3411 5502 3499 5554 sed

1907 5617 2126 5673 maxime
2154 5610 2428 5682 virginibus
2451 5603 2796 5662 custodienda.
2823 5601 2957 5658 Cum
3002 5615 3130 5671 ergo
3180 5595 3502 5653 Christianis

1907 5707 2157 5762 omnibus
2177 5698 2524 5758 custodienda
2551 5697 2621 5752 sit
2649 5695 2917 5751 humilitas
2938 5734 2952 5757 ,
3009 5687 3437 5762 quandoquidem
3472 5699 3503 5739 ει

1908 5800 2127 5856 Christo
2173 5792 2458 5851 Christiani
2519 5789 2889 5862 appellantur,
2941 5785 3090 5854 cujus
3151 5779 3496 5849 Evangeliuin

1911 5907 2070 5952 nemo
2099 5889 2377 5960 diligenter
2405 5886 2673 5950 intuetur,
2709 5882 2794 5952 qui
2827 5894 2932 5936 non
2965 5891 3092 5934 cum
3114 5868 3502 5930 doctorcmliev
