3986 6508
546 413 649 470 615

543 520 782 577 militatis
812 518 1076 585 inveniat;
1105 525 1216 573 tum
1263 517 1498 574 maxime
1527 518 1736 573 virtutis
1768 515 1924 587 hujus
1952 524 2127 571 secta-

544 622 689 667 tores
713 620 768 666 et
797 619 1206 665 conservatores
1235 625 1327 665 eos
1356 624 1476 665 esse
1505 609 1790 673 convenit,
1819 608 1907 679 qui
1941 622 2131 677 magno

542 702 721 770 aliquo
752 702 892 755 bono
918 701 1130 756 caneris
1158 700 1429 765 eminent,
1477 709 1535 755 ut
1578 714 1901 769 magnopere
1945 707 2133 753 curent

543 791 673 844 illud
713 791 854 861 quod
892 791 1136 861 primitus
1165 793 1316 862 posui
1348 809 1360 845 :
1394 792 1593 859 Quanto
1619 808 1830 861 magnus
1868 807 1950 857 es,
1994 799 2131 844 tanta

542 885 753 938 humilia
776 894 822 937 te
851 885 903 939 in
933 886 1163 938 omnibus
1182 926 1198 951 ,
1240 894 1285 938 et
1313 901 1484 939 coram
1528 883 1635 937 Deo
1670 885 1889 936 invenies
1914 883 2133 953 gratiam

541 975 729 1045 (Eccli.
757 990 848 1042 ιιι,
894 974 1012 1045 20).
1040 976 1269 1031 Proinde
1309 976 1431 1047 quia
1474 984 1724 1044 perpetua
1774 974 2123 1039 continentia,

541 1066 880 1137 maximeque
909 1067 1185 1137 virginitas
1203 1108 1217 1133 ,
1243 1082 1489 1137 maguum
1516 1066 1716 1121 bonum
1747 1073 1828 1119 est
1854 1066 1906 1119 in
1932 1066 2129 1119 sanctis

542 1160 671 1225 Dei,
702 1160 1107 1230 vigilantissime
1150 1160 1447 1215 cavendum
1489 1168 1572 1215 est
1621 1174 1689 1215 ne
1730 1158 1977 1230 superbia
2009 1173 2129 1212 cor-

545 1260 847 1320 rumpatur.

614 1341 704 1395 54.
749 1339 997 1395 Cnriosas
1042 1349 1096 1395 et
1143 1340 1395 1395 verbosas
1424 1338 1591 1393 malas
1637 1338 1887 1409 innuptas
1934 1339 2127 1393 Paulus

546 1432 822 1500 apostolus
851 1440 1032 1498 notat,
1064 1440 1118 1486 et
1158 1430 1259 1486 hoc
1288 1431 1471 1485 vitium
1500 1429 1683 1484 venire
1723 1430 1851 1484 dicit
1879 1445 1945 1484 ex
1994 1430 2123 1483 otio.

543 1522 713 1576 Simul
738 1530 905 1575 autem
928 1560 945 1588 ,
980 1522 1189 1591 inquit,
1220 1530 1266 1574 et
1292 1521 1465 1575 otiosa:
1497 1518 1698 1573 discunt
1723 1520 1982 1574 circumire
2030 1520 2126 1572 do-

539 1627 650 1664 mos
674 1612 731 1675 ¹;
766 1627 865 1664 non
886 1611 1049 1665 solum
1075 1621 1239 1665 autem
1288 1611 1488 1675 otiosis,
1520 1626 1689 1664 verum
1741 1611 1889 1663 etiam
1914 1610 2128 1664 curiosa:

538 1709 585 1754 et
610 1701 827 1756 verbosis
845 1742 860 1765 ,
892 1702 1148 1771 loquentes
1175 1716 1288 1769 qua:
1315 1717 1415 1754 non
1436 1710 1649 1771 oportet.
1680 1700 1753 1756 De
1773 1700 1856 1755 his
1884 1702 2125 1770 superius

537 1790 773 1855 dixerat,
805 1790 1045 1845 Iuniores
1070 1800 1237 1845 autem
1258 1790 1436 1845 viduas
1456 1791 1605 1845 evita.
1634 1789 1758 1844 Cum
1778 1790 1908 1844 enim
1936 1792 1985 1843 in
2034 1790 2119 1844 de-

543 1884 674 1937 liciis
691 1884 911 1954 egerint,
937 1885 991 1937 in
1017 1882 1215 1937 Christo
1241 1883 1423 1937 nubere
1440 1883 1648 1945 volunt;
1670 1882 1904 1936 habentes
1924 1882 2126 1935 damna-
2150 1876 2173 1885 ί

538 1976 751 2040 tionem,
779 1976 1016 2045 quoniam
1047 1976 1262 2044 primam
1313 1975 1469 2042 ﬁdem
1516 1975 1710 2027 irritam
1754 1974 1975 2042 fecerunt
2014 1989 2032 2027 :
2073 1974 2123 2029 id

538 2077 620 2123 est
641 2109 655 2132 ,
696 2068 749 2121 in
783 2083 847 2123 eo
868 2068 1008 2136 quod
1040 2069 1210 2137 primo
1240 2076 1525 2130 voverant,
1560 2084 1664 2122 non
1696 2075 1974 2122 steterunt.

610 2159 834 2214 CAPUT
862 2159 1101 2216 XXXIV.
1131 2191 1200 2199 —
1222 2158 1471 2230 Innuptas
1498 2162 1714 2215 viventes
1734 2170 1911 2214 contra
1937 2176 2124 2230 prapo-

542 2249 693 2302 situm
732 2266 832 2303 non
876 2259 1067 2320 spectat
1111 2266 1331 2320 prtesens
1359 2250 1645 2304 adhortatio
1678 2251 1747 2303 ad
1770 2252 2119 2304 humilitatem.

537 2339 647 2395 Nec
679 2349 853 2394 tamen
903 2342 1014 2407 ait,
1048 2340 1287 2405 nubunt;
1344 2340 1435 2396 sed
1461 2382 1475 2405 ,
1507 2341 1690 2395 nubere
1719 2341 1907 2395 volunt.
1936 2340 2123 2395 Multas

536 2431 680 2485 enim
709 2446 892 2485 earum
915 2440 1129 2486 revocat
1156 2446 1185 2484 a
1222 2432 1503 2498 nubendo,
1554 2447 1657 2486 non
1703 2447 1857 2485 amor
1884 2431 2123 2501 praiclari

536 2523 825 2592 propositi,
882 2523 974 2578 sed
1025 2524 1193 2593 aperti
1233 2522 1510 2579 dedecoris
1557 2525 1742 2589 timor,
1794 2525 2014 2578 veniens
2057 2532 2113 2579 et

536 2613 650 2684 ipse
701 2613 769 2669 de
815 2613 1090 2685 superbia,
1120 2627 1222 2683 qua
1269 2613 1580 2669 formidatur
1608 2614 1775 2684 magis
1819 2613 2123 2671 hominibus

536 2704 818 2774 displicere
837 2748 853 2771 ,
877 2720 1035 2775 quam
1060 2705 1188 2760 Deo.
1219 2704 1312 2760 lia:
1342 2706 1503 2776 igitur
1529 2722 1647 2775 qua:
1676 2706 1878 2761 nubere
1898 2706 2081 2761 volunt
2100 2746 2117 2772 ,

538 2804 594 2850 et
617 2796 735 2851 ideo
777 2811 884 2851 non
917 2796 1116 2851 nubunt
1147 2795 1270 2866 quia
1319 2796 1535 2867 impune
1583 2812 1687 2850 non
1718 2804 1968 2866 possunt,
2000 2811 2121 2866 qua:

536 2888 727 2943 melius
754 2888 1016 2943 nuberent
1043 2902 1200 2956 quam
1230 2897 1513 2941 urerentur
1532 2929 1546 2953 ,
1579 2886 1632 2941 id
1684 2895 1796 2952 est,
1839 2902 1995 2956 quam
2022 2901 2118 2942 oc-

540 2979 680 3034 culta
703 2979 910 3032 flamma
939 2979 1385 3048 concupiscentia:
1412 2980 1463 3033 in
1490 2980 1602 3048 ipsa
1627 2980 1953 3035 conscientia
1970 2982 1989 3012 ³
2020 2995 2112 3035 va-

536 3077 835 3135 starentur,
867 3084 1000 3139 quas
1032 3069 1253 3138 paenitet
1304 3070 1680 3139 professionis,
1714 3080 1767 3125 et
1811 3072 1951 3141 piget
1991 3086 2121 3126 con-

537 3159 820 3224 fessionis;
854 3159 953 3212 nisi
979 3166 1283 3214 correctum
1314 3174 1408 3213 cor
1433 3157 1695 3229 dirigant,
1726 3167 1781 3214 et
1809 3159 1901 3214 Dei
1933 3159 2121 3217 timore

535 3265 723 3306 rursus
744 3250 1018 3305 libidinem
1046 3251 1279 3317 vincant,
1308 3251 1361 3305 in
1387 3250 1611 3305 mortuis
1633 3250 1947 3320 deputanda:
1964 3259 2111 3319 sunt,

534 3342 650 3396 sive
680 3341 731 3395 in
761 3340 965 3395 deliciis
990 3350 1181 3411 agant;
1210 3341 1348 3397 unde
1376 3341 1504 3396 dicit
1534 3342 1819 3412 Apostolus
1839 3384 1854 3409 ,
1879 3341 2007 3409 Qua
2024 3359 2119 3396 au-

536 3444 633 3489 tent
658 3434 710 3487 in
738 3432 932 3487 deliciis
957 3433 1061 3503 agit
1085 3474 1100 3497 ,
1128 3434 1293 3487 vivens
1337 3443 1535 3487 mortua
1574 3444 1647 3489 est
1675 3434 1718 3503 (1
1749 3433 1883 3488 Tim.
1902 3451 1932 3488 v
1952 3476 1967 3500 ,
2016 3436 2081 3489 15
2100 3477 2115 3503 ,

536 3526 595 3579 il
634 3566 648 3590 ,
680 3524 786 3590 l2,
818 3522 907 3596 (5);
946 3524 1055 3578 sive
1082 3524 1133 3578 in
1158 3524 1427 3579 laboribus
1466 3532 1626 3594 atque
1671 3523 1928 3594 jejuniis,
1973 3524 2117 3578 nulla

534 3617 711 3673 cordis
739 3617 1074 3673 correctione
1112 3617 1395 3688 superfluis
1418 3659 1435 3685 ,
1485 3627 1539 3673 et
1569 3618 1735 3689 magis
1778 3619 2118 3673 ostentationi

534 3724 692 3779 quam
719 3707 1075 3764 emendationi
1104 3708 1125 3739 ³
1150 3708 1523 3764 servientibus.
1546 3708 1661 3765 Non
1676 3725 1773 3779 ego
1801 3710 1989 3765 talibus
2007 3726 2119 3765 ma-

533 3814 688 3868 gnam
720 3814 900 3854 curam
952 3798 1263 3854 humilitatis
1292 3799 1507 3870 iugero,
1553 3800 1604 3854 in
1647 3801 1838 3871 quibus
1867 3801 2115 3870 superbia

534 3892 645 3961 ipsa
676 3890 1045 3959 confunditur,
1074 3900 1129 3947 et
1150 3891 1495 3947 conscientiae
1519 3892 1739 3947 vulnere
1779 3902 2114 3949 cruentatur.

533 3983 639 4038 Nec
660 3984 883 4039 ebriosis
903 4026 919 4051 ,
948 3996 1039 4039 aut
1080 3985 1254 4039 avaris
1272 4024 1286 4049 ,
1312 3992 1402 4038 aut
1442 3984 1549 4039 alio
1572 3983 1809 4053 qnolibet
1838 3984 2116 4040 damnabi-

533 4074 599 4129 lis
624 4075 793 4129 morbi
823 4073 1050 4145 genere‘
1076 4074 1397 4144 jacentibus,
1429 4090 1547 4129 cum
1567 4073 1796 4129 habeant
1824 4076 2116 4146 corporalis

539 4167 882 4221 continenti-.12
926 4164 1346 4234 professionem,
1392 4165 1733 4234 moribusque
1778 4166 2041 4235 perversis
2084 4181 2115 4221 a

536 4270 635 4310 suo
664 4255 876 4310 nomine
902 4255 1211 4319 dissonent,
1249 4254 1385 4310 hanc
1422 4271 1667 4325 magnam
1704 4258 2113 4312 sollicitudinem

535 4350 639 4418 pia:
667 4348 983 4403 humilitatis
1009 4348 1222 4416 impono
1254 4364 1266 4400 :
1297 4348 1394 4402 nisi
1418 4347 1555 4401 forte
1577 4349 1627 4401 in
1661 4348 1743 4401 his
1776 4350 1927 4404 malis
1953 4351 2113 4405 etiam

535 4449 803 4496 ostentare
823 4455 880 4494 se
906 4438 1197 4505 audebunt,
1216 4440 1406 4509 quibus
1425 4455 1527 4495 non
1558 4441 1749 4495 snflieit
1769 4442 1907 4512 quod
1930 4457 2114 4497 eorum

536 4531 790 4600 supplicia
833 4530 1170 4585 differuntur.
1198 4530 1309 4586 Nec
1353 4531 1424 4586 de
1469 4531 1549 4585 his
1588 4548 1687 4602 ago
1741 4533 1790 4587 in
1817 4534 2008 4602 quibus
2034 4542 2117 4589 est

535 4621 747 4692 quidam
780 4620 1023 4690 placendi
1075 4622 1377 4691 appetitus,
1422 4631 1512 4675 aut
1555 4623 1875 4692 elcgantiore
1923 4625 2115 4678 vestitu

532 4730 691 4786 quam
722 4722 880 4768 tantm
904 4713 1246 4782 professionis
1272 4714 1563 4768 necessitas
1606 4713 1865 4782 p0stulat,
1894 4723 1986 4767 aut
2027 4730 2117 4768 ea-

534 4806 656 4875 pitis
687 4804 975 4875 ligamento
1002 4803 1252 4868 notabili,
1283 4803 1396 4858 sive
1437 4802 1765 4874 prmtutnidis
1797 4803 2115 4860 umbonibus

531 4896 842 4967 capillorum
865 4937 879 4960 ,
909 4895 1021 4949 sive
1045 4894 1361 4965 tegminibus
1389 4893 1458 4948 ita
1491 4894 1690 4948 teneris
1721 4893 1741 4924 ⁸
1767 4934 1783 4959 ,
1826 4902 1883 4947 ιιι
1927 4895 2115 4949 retiola

530 4990 714 5045 subter
734 4989 903 5058 posita
933 4995 1227 5057 appareant
1257 5003 1270 5038 :
1301 4985 1383 5040 his
1414 4982 1650 5039 nondum
1680 4984 1748 5039 de
1775 4984 2069 5039 humilitate
2095 5026 2111 5051 ,

530 5082 622 5138 sed
651 5081 718 5137 de
754 5081 865 5151 ipsa
915 5082 1158 5138 castitate
1190 5077 1272 5132 vel
1323 5075 1624 5146 integritate
1653 5074 1916 5144 pudicitia:
1940 5075 2113 5130 danda

535 5180 794 5242 praecepta
820 5179 963 5227 sunt.
988 5171 1063 5225 Da
1092 5168 1221 5224 mihi
1251 5167 1588 5237 proﬁtentem
1612 5176 1920 5236 perpetuam
1945 5166 2114 5220 conti-

531 5263 762 5317 nentiam
788 5304 803 5329 ,
849 5270 1009 5331 atque
1035 5261 1119 5315 his
1147 5270 1201 5315 et
1227 5256 1531 5329 hujusmodi
1559 5258 1807 5312 omnibus
1840 5266 2111 5313 carentem

534 5354 671 5408 vitiis
699 5361 753 5408 et
777 5355 995 5407 maculis
1023 5368 1230 5407 morum
1255 5369 1269 5417 ;
1303 5351 1426 5405 huic
1456 5350 1760 5420 superbiam
1786 5352 1967 5412 timeo,
1990 5350 2116 5405 huic

543 5456 651 5501 tam
682 5460 873 5515 magno
916 5444 1058 5497 bono
1082 5459 1145 5497 ex
1191 5442 1437 5497 elationis
1474 5452 1679 5496 tumore
1723 5441 1968 5495 formido.
1997 5442 2113 5506 Quo

596 5624 612 5653 ί
640 5629 766 5679 Mss,
787 5616 990 5669 curiosae
1010 5630 1111 5667 esse
1135 5615 1623 5679 discunt,icirrumire
1648 5617 1828 5679 domos.

596 5684 614 5747 ξ
636 5686 705 5747 sic
726 5676 892 5743 plures
913 5687 1019 5730 Mss.
1046 5684 1099 5747 At
1123 5679 1257 5735 editi,
1274 5676 1325 5726 in
1340 5678 1445 5739 ipsa
1464 5677 1864 5747 concupiscentia.

596 5746 617 5807 ἓ
642 5739 829 5807 Aliquot
845 5741 1220 5807 ﬁssiomittunt,
1247 5752 1394 5807 quam
1415 5739 1750 5807 emendationi.

595 5806 615 5838 ⁸
648 5798 754 5856 Mss'.
777 5842 789 5865 ,
823 5802 1029 5864 quolibet
1061 5798 1325 5850 damnabili
1360 5798 1511 5865 morbi
1543 5814 1731 5863 genere.

594 5869 747 5922 'tiditi
779 5862 858 5921 ita
881 5865 1057 5917 tenetis
1089 5869 1301 5915 utuntur.
1331 5862 1493 5917 Abest,
1530 5862 1741 5918 ut‘mtnr,
1769 5877 1794 5912 a
1820 5869 1922 5915 uss.

1497 408 1585 462 DE
1623 406 1887 463 SANCTA
1933 402 2394 472 VlllGlNlTATE,
2435 405 2494 461 S.
2534 405 2903 464 AUCUSTINI

3711 411 3805 467 116

2234 516 2400 588 magis
2428 518 2566 574 inest
2592 519 2731 575 unde
2749 521 2847 576 sibi
2877 521 3113 591 placeat,
3132 535 3197 579 eo
3217 522 3386 594 magis
3413 537 3604 579 vereor
3622 539 3691 579 ne
3714 525 3810 583 sibi

2237 606 2493 675 placendo
2523 608 2598 663 illi
2635 609 2929 680 displiceat,
2947 611 3036 681 qui
3063 612 3291 684 superbis
3317 613 3524 679 resistit,
3544 612 3810 669 humilibus

2235 707 2400 751 autem
2437 699 2523 752 dat
2553 701 2767 769 gratiam
2797 700 2997 772 (Jacobi
3026 719 3077 757 tv
3101 744 3116 768 ,
3143 701 3223 775 6).

2306 788 2532 845 CAPUT
2560 789 2775 845 XXXV.
2808 822 2879 832 —
2914 793 3003 848 55.
3037 792 3388 848 Humilitatem
3426 794 3661 852 Christus
3703 814 3735 851 α
3762 814 3812 854 se

2235 882 2361 934 disci
2369 882 2531 951 jubet.
2555 882 2713 937 Certe
2736 884 3057 953 praecipuum
3086 885 3446 955 magisterium
3465 897 3520 942 et
3545 888 3810 958 virginalis

2237 973 2549 1042 integritatis
2572 974 2873 1043 exemplum
2931 974 2985 1029 in
3035 975 3150 1045 ipso
3196 975 3411 1031 Christo
3455 978 3809 1033 contuendum

2233 1072 2331 1116 est.
2373 1062 2507 1128 Quid
2536 1078 2663 1133 ergo
2704 1064 2934 1134 amplius
2974 1066 3372 1121 continentibus
3420 1067 3489 1123 de
3519 1068 3809 1124 humilitate

2234 1155 2533 1223 praecipiam
2560 1196 2574 1217 ,
2598 1171 2755 1225 quam
2776 1156 2916 1225 quod
2945 1156 3033 1211 ille
3053 1158 3143 1227 qui
3162 1158 3409 1214 omnibus
3432 1158 3594 1225 dicit,
3627 1159 3807 1214 Discite

2230 1260 2263 1297 a
2292 1261 2368 1297 me
2395 1245 2633 1314 quoniam
2661 1247 2794 1299 mitis
2822 1264 2932 1299 sum
2961 1257 3006 1301 et
3049 1247 3255 1301 humilis
3289 1249 3441 1303 corde
3466 1250 3493 1302 ?
3542 1265 3665 1305 eum
3692 1266 3807 1304 ma-

2232 1335 2559 1405 gnitudinem
2591 1351 2739 1390 suam
2766 1352 2923 1407 supra
2950 1350 3460 1406 commemorasset;
3503 1349 3558 1396 et
3585 1341 3804 1411 idipsum

2229 1429 2415 1484 volens
2440 1430 2722 1485 ostendere
2750 1430 2766 1462 ⁸
2789 1471 2805 1496 ,
2855 1440 3082 1501 quantus
3113 1440 3331 1504 propter
3382 1450 3481 1488 nos
3525 1435 3806 1504 quantillus

2229 1518 2448 1575 cﬂ‘ectus
2472 1527 2555 1574 est
2583 1536 2597 1573 :
2627 1518 2881 1589 Conﬁteor
2902 1561 2917 1587 ,
2949 1522 3148 1591 inquit,
3172 1523 3262 1576 tibi
3283 1563 3299 1589 ,
3331 1522 3486 1578 Pater
3515 1525 3569 1592 ³,
3598 1522 3808 1580 Domina

2229 1612 2341 1665 ειειὶ
2364 1621 2411 1665 et
2430 1620 2607 1677 terraz,
2639 1612 2879 1679 quoniam
2908 1613 3213 1667 abscondisti
3238 1614 3345 1668 hwc
3367 1630 3399 1668 a
3420 1615 3730 1683 sapientibus
3757 1625 3803 1670 et

2229 1700 2555 1770 prudentibus
2580 1742 2594 1767 ,
2625 1711 2671 1755 et
2695 1700 2923 1755 revelasti
2952 1718 3009 1755 ea
3026 1704 3269 1773 parvulis.
3303 1702 3387 1757 Ita
3410 1746 3426 1771 ,
3453 1703 3617 1758 Pater
3639 1747 3655 1771 ,
3685 1722 3805 1775 quo-

2228 1791 2363 1844 niam
2414 1791 2486 1845 sic
2524 1790 2767 1859 placitum
2807 1800 2877 1845 est
2906 1808 3076 1845 coram
3119 1800 3185 1845 te.
3218 1791 3404 1846 Omnia
3447 1794 3575 1847 mihi
3626 1797 3808 1848 tradita

2226 1894 2341 1937 sunt
2386 1901 2417 1937 a
2468 1882 2624 1937 Patre
2652 1900 2759 1937 meo
2791 1926 2805 1951 ,
2840 1894 2884 1938 et
2928 1902 3072 1939 nemo
3121 1887 3374 1957 cognoscit
3430 1886 3671 1955 Filium,
3713 1890 3807 1944 nisi

2230 1974 2425 2041 Pater;
2449 1988 2493 2031 et
2523 1994 2665 2031 nemo
2690 1978 2940 2047 cognoscit
2977 1977 3180 2033 Patrem
3205 2019 3219 2043 ,
3272 1980 3371 2033 nisi
3398 1978 3566 2035 Filius
3591 2022 3607 2045 ,
3656 1990 3703 2035 et
3730 1983 3806 2035 cui

2227 2067 2434 2133 voluerit
2459 2066 2625 2122 Filius
2654 2068 2890 2121 revelare.
2920 2066 3092 2123 Venite
3117 2069 3185 2123 ad
3213 2087 3291 2123 me
3312 2110 3328 2137 ,
3359 2087 3530 2125 omnes
3558 2073 3647 2142 qui
3672 2072 3807 2126 labo-

2227 2160 2349 2213 ratis
2378 2168 2422 2212 et
2450 2160 2643 2213 onerati
2669 2160 2785 2213 estis
2808 2200 2824 2227 ,
2852 2167 2898 2214 et
2927 2176 3017 2231 ego
3045 2177 3129 2215 vos
3157 2162 3403 2230 reﬁciam.
3424 2160 3614 2217 Tollite
3624 2164 3805 2235 jugum

2227 2267 2388 2303 meum
2416 2268 2565 2321 super
2584 2267 2669 2305 vos
2692 2292 2708 2317 ,
2736 2260 2783 2306 et
2820 2252 2995 2307 discite
3022 2270 3053 2306 a
3083 2270 3162 2308 me
3186 2254 3422 2321 quoniam
3450 2255 3587 2308 mitis
3616 2272 3726 2309 sum
3760 2266 3805 2310 et

2229 2342 2432 2397 humilis
2462 2342 2611 2397 corde
2639 2342 2849 2416 (Matth.
2876 2360 2959 2410 ιι,
2990 2344 3208 2414 ἳ5ο29).
3248 2344 3367 2411 Ille,
3402 2345 3488 2400 ille
3517 2347 3605 2400 cui
3631 2348 3804 2401 omnia

2227 2432 2439 2487 tradidit
2455 2433 2630 2499 Pater,
2650 2443 2871 2504 etquem
2894 2450 3050 2491 nemo
3070 2436 3305 2505 agnoscit
3328 2435 3427 2491 nisi
3446 2437 3624 2504 Pater,
3643 2448 3696 2494 et
3719 2440 3803 2509 qui

2226 2525 2439 2581 Patrem
2468 2527 2613 2582 solus
2656 2528 2923 2597 agnoscit,
2950 2536 3004 2583 et
3028 2527 3115 2583 cui
3143 2529 3373 2583 voluerit
3395 2529 3640 2585 revelare
3658 2572 3675 2597 ,
3703 2546 3803 2586 non

2225 2614 2386 2682 dicit,
2416 2615 2616 2671 Discite
2637 2630 2668 2670 a
2694 2632 2783 2672 me
2824 2616 3079 2671 mundum
3105 2615 3398 2687 fabricare,
3428 2627 3522 2674 aut
3569 2630 3804 2678 mortuos

2224 2707 2512 2773 suscitare;
2541 2706 2661 2773 sed,
2685 2708 2804 2776 quia
2830 2708 2965 2762 initis
3001 2725 3111 2762 sum
3137 2718 3184 2762 et
3222 2708 3425 2764 humilis
3442 2710 3616 2765 corde.
3646 2710 3691 2767 Ο
3709 2711 3804 2767 do-

2224 2798 2449 2852 ctrinam
2473 2798 2759 2854 salutarem
2777 2800 2793 2855 1
2824 2814 2857 2854 o
2872 2799 3179 2869 Magistrum
3198 2799 3589 2872 Dominumque
3606 2811 3801 2857 morta-

2224 2887 2352 2943 lium
2374 2930 2390 2955 ,
2413 2888 2607 2959 quibus
2642 2904 2787 2945 mors
2811 2890 3001 2959 poculo
3034 2891 3300 2960 superbire
3330 2892 3611 2963 propinata
3652 2904 3804 2963 atque

2224 2978 2489 3035 transfusa
2521 2981 2633 3035 est!
2685 2980 2863 3035 Noluit
2911 2981 3107 3037 docere
3147 2982 3289 3052 quod
3331 2983 3445 3052 ipse
3491 2998 3598 3038 non
3627 2995 3800 3049 esset,

2224 3071 2394 3126 noluit
2414 3071 2605 3139 jubere
2632 3070 2773 3141 quod
2803 3072 2915 3142 ipse
2948 3086 3053 3127 non
3097 3071 3320 3129 faceret.
3346 3071 3519 3129 Video
3546 3083 3601 3130 te
3624 3116 3640 3140 ,
3668 3075 3801 3132 bone

2221 3162 2378 3228 Jesu,
2408 3162 2577 3217 oculis
2604 3162 2758 3229 lidci,
2793 3177 2927 3233 quos
2977 3164 3234 3233 aperuisti
3283 3163 3413 3219 mihi
3452 3173 3707 3236 tanquam
3748 3167 3803 3225 in

2222 3254 2482 3309 concione
2509 3252 2723 3325 generis
2746 3254 2965 3309 humani
3009 3254 3325 3311 clamantem
3378 3270 3443 3311 ac
3489 3256 3757 3315 dicentem
3784 3299 3801 3328 ,

2236 3345 2411 3401 Venite
2436 3347 2503 3399 ad
2538 3362 2616 3400 me
2639 3388 2654 3415 ,
2682 3356 2730 3400 et
2757 3347 2931 3401 discite
2954 3365 2986 3401 a
3022 3365 3117 3401 me.
3140 3347 3275 3416 Quid
3294 3389 3309 3414 ,
3340 3348 3567 3404 obsecro
3610 3358 3684 3417 te,
3714 3366 3805 3421 per

2222 3454 2378 3509 quem
2416 3438 2550 3494 facta
2581 3447 2704 3494 sunt
2724 3440 2929 3505 omnia,
2952 3440 3053 3495 Fili
3103 3441 3234 3507 Dei,
3267 3449 3321 3496 et
3346 3441 3489 3497 idem
3515 3442 3607 3512 qui
3637 3442 3803 3498 factus

2221 3543 2281 3583 es
2309 3529 2446 3584 inter
2472 3529 2649 3584 omnia
2672 3571 2687 3595 ,
2722 3529 2822 3585 Fili
2849 3530 3110 3597 hominis;
3139 3532 3265 3601 quid
3294 3540 3352 3587 ut
3371 3532 3647 3589 discamus
3669 3550 3700 3589 a
3726 3544 3794 3600 te,

2221 3621 2460 3675 venimus
2486 3620 2553 3675 ad
2579 3622 2664 3676 te?
2682 3620 2934 3687 Quoniam
2959 3623 3093 3676 mitis
3114 3640 3227 3677 sum
3248 3666 3262 3689 ,
3289 3623 3494 3693 inquit,
3523 3633 3572 3678 et
3600 3625 3799 3681 humilis

2220 3711 2388 3765 corde.
2419 3711 2649 3767 Huccine
2677 3712 2877 3767 redacti
2909 3721 3033 3767 sunt
3059 3728 3244 3768 omnes
3267 3712 3498 3769 thesauri
3529 3716 3802 3786 sapientia:

2220 3813 2271 3859 et
2299 3804 2533 3858 scientia:
2557 3802 2851 3858 absconditi
2873 3804 2927 3858 in
2955 3813 3005 3859 te
3038 3802 3254 3876 (Coloss.
3279 3821 3315 3859 ιι
3333 3846 3346 3867 .
3375 3804 3429 3874 3)
3449 3846 3463 3871 ,
3494 3814 3552 3861 ut
3579 3808 3683 3862 hoc
3710 3822 3802 3877 pro

2220 3910 2413 3966 magno
2441 3895 2709 3950 discamus
2734 3910 2764 3950 a
2796 3904 2847 3951 te
2870 3937 2885 3961 ,
2914 3897 3165 3964 quoniam
3216 3897 3360 3951 mitis
3406 3911 3465 3951 es
3492 3906 3546 3952 et
3591 3897 3800 3953 humilis

2219 3985 2413 4040 corde?
2440 3985 2585 4039 Itane
2607 4000 2852 4056 magnum
2883 3993 2967 4039 est
2993 4000 3112 4039 esse
3142 4000 3361 4055 parvum
3384 4026 3399 4051 ,
3430 3993 3489 4040 ut
3519 3987 3623 4042 nisi
3670 4003 3701 4041 a
3753 3998 3799 4043 te

2219 4076 2307 4146 qui
2327 4084 2431 4129 tam
2462 4090 2685 4145 magnus
2716 4091 2774 4131 es
2815 4076 2996 4143 licrct,
3025 4075 3156 4131 disci
3177 4077 3396 4131 omnino
3441 4092 3549 4132 non
3582 4079 3799 4148 posset?

2220 4166 2294 4223 lla
2322 4167 2497 4238 plane.
2530 4166 2644 4221 Non
2673 4168 2813 4222 enim
2838 4168 2991 4222 aliter
3019 4169 3285 4224 invenitur
3310 4170 3523 4239 requies
3558 4173 3752 4227 anima:
3779 4214 3792 4235 ,

2220 4260 2323 4314 nisi
2353 4258 2589 4327 inquieto
2618 4267 2823 4313 tumore
2851 4258 3058 4328 digesto
3082 4299 3097 4326 ,
3122 4274 3228 4329 quo
3275 4275 3465 4330 magna
3492 4261 3600 4317 sibi
3642 4272 3755 4318 erat
3777 4306 3793 4330 ,

2219 4349 2431 4421 quando
2455 4349 2545 4403 tibi
2568 4364 2696 4403 sana
2729 4365 2833 4403 non
2865 4358 3001 4405 erat.

2290 4438 2513 4495 CAPUT
2534 4438 2777 4493 XXXVI.
2807 4468 2880 4479 —-
2899 4440 2988 4495 36.
3020 4439 3340 4495 Humilitatis
3387 4442 3625 4497 doctrina
3656 4443 3800 4514 facile

2218 4533 2393 4586 audita
2417 4549 2449 4585 a
2478 4532 2837 4603 peccatoribus.
2865 4530 3150 4602 Virginibus
3176 4534 3331 4587 multo
3350 4534 3511 4604 magis
3527 4534 3798 4589 audienda.

2218 4625 2452 4679 Audiant
2480 4632 2529 4677 te
2550 4665 2564 4688 ,
2594 4632 2647 4677 et
2672 4623 2887 4677 veniant
2908 4623 2973 4677 ad
3005 4632 3082 4689 te,
3113 4632 3167 4677 et
3205 4624 3360 4678 mites
3386 4634 3549 4694 atque
3576 4624 3799 4679 humiles

2217 4732 2339 4772 esse
2364 4715 2568 4770 discant
2600 4729 2630 4768 a
2674 4723 2759 4782 te,
2801 4715 2890 4784 qui
2938 4715 3358 4770 misericordiam
3411 4725 3466 4771 et
3520 4718 3798 4772 veritatem

2219 4816 2361 4862 tuam
2390 4807 2704 4875 requirunt,
2734 4806 2825 4860 tibi
2857 4805 3109 4871 vivendo,
3148 4806 3274 4871 tibi,
3320 4822 3426 4860 non
3456 4807 3557 4860 sibi
3612 4808 3801 4861 Audiat

2219 4902 2321 4956 hoc
2366 4901 2614 4955 laborans
2650 4908 2704 4952 et
2731 4908 3013 4965 oneratus,
3041 4899 3129 4968 qui
3160 4900 3366 4953 sarcina
3420 4900 3717 4968 premitur,
3750 4908 3804 4952 ut

2218 4991 2398 5046 oculos
2421 4989 2487 5044 ad
2514 4988 2708 5045 caelum
2735 4989 2913 5043 levare
2950 5004 3057 5043 non
3097 4989 3321 5053 audeat,
3363 4990 3674 5059 percutiens
3708 5006 3800 5061 pe-

2217 5095 2335 5139 ctus
2366 5083 2455 5138 ille
2484 5091 2728 5153 peccator
2750 5091 2804 5138 et
2839 5082 3202 5152 propinquans
3226 5081 3291 5137 de
3321 5082 3617 5153 longinquo
3645 5083 3793 5152 (an.

2218 5193 2347 5232 svnt
2366 5218 2378 5241 ,
2404 5176 2514 5245 15).
2544 5174 2737 5231 Audiat
2764 5174 3016 5230 Centurio
3034 5217 3049 5241 ,
3078 5191 3182 5230 non
3213 5176 3401 5246 dignus
3422 5176 3579 5244 cujus
3607 5184 3802 5232 toctum

2217 5271 2425 5325 subires
2454 5267 2661 5341 (Matth.
2693 5283 2785 5323 vut
2814 5309 2828 5332 ,
2860 5266 2936 5339 8).
2973 5267 3163 5322 Audiat
3192 5266 3449 5322 Zacbteus
3503 5270 3681 5337 major
3709 5286 3801 5337 puv

2218 5364 2545 5418 blicanorum
2566 5403 2580 5427 ,
2604 5361 2898 5430 quzidrupla
2920 5361 3207 5415 restituens
3233 5361 3378 5415 lucra
3411 5361 3798 5416 damnabilium

2219 5466 2553 5527 peccatorum
2586 5453 2734 5527 (Luc.
2766 5470 2856 5509 nx
2877 5495 2891 5520 ,
2922 5453 2959 5507 2
2985 5494 2998 5518 ,
3029 5451 3104 5522 8).
3136 5451 3327 5507 Audiat
3354 5453 3548 5508 mulier
3586 5454 3643 5510 in
3672 5456 3799 5509 civi-

2284 5674 2298 5705 ¹
2326 5669 2539 5722 Nonnulli
2562 5679 2689 5729 λιες»,
2708 5676 3136 5735 connuemorasset,
3163 5668 3372 5735 idipsum
3398 5677 3561 5722 volens
3580 5678 3795 5722 ostende-

2219 5750 2272 5786 re
2294 5748 2309 5783 :
2335 5738 2506 5783 omissa
2532 5733 2775 5794 particula,
2799 5740 2860 5782 et.

2283 5798 2300 5826 ³
2320 5806 2369 5907 tiu
2540 5797 2681 5846 deest
2722 5810 2837 5861 vos,
2868 5802 3045 5856 Pater;
3072 5802 3122 5845 et
3147 5794 3286 5859 paulo
3320 5803 3426 5856 post
3454 5798 3723 5851 omittitur,
3758 5800 3799 5843 rt

2268 5874 2327 5909 ‘n.
2350 5872 2387 5908 ct
2428 5871 2548 5909 una.

2218 5873 2548 5919 trt‘ztactntvns.
