  <div class='ocr_page' id='page_1' title='image "/cluster/home/n/w/nwhite01/storage/ocr_20150623/40-41/uc1.31175026811482/216.png"; bbox 0 0 3986 6500; ppageno 0'>
   <div class='ocr_carea' id='block_1_1' title="bbox 158 483 243 539">
    <p class='ocr_par' dir='ltr' id='par_1_1' title="bbox 158 483 243 539">
     <span class='ocr_line' id='line_1_1' title="bbox 158 483 243 539; baseline -0.012 0"><span class='ocrx_word' id='word_1_1' title='bbox 158 483 243 539; x_wconf 67' lang='grc'>117</span> 
     </span>
    </p>
   </div>
   <div class='ocr_carea' id='block_1_2' title="bbox 158 565 1703 664">
    <p class='ocr_par' dir='ltr' id='par_1_2' title="bbox 158 565 1703 664">
     <span class='ocr_line' id='line_1_2' title="bbox 158 565 1703 664; baseline -0.028 -12"><span class='ocrx_word' id='word_1_2' title='bbox 158 610 249 653; x_wconf 76' lang='lat' dir='ltr'><strong>tate</strong></span> <span class='ocrx_word' id='word_1_3' title='bbox 272 586 702 664; x_wconf 80' lang='lat' dir='ltr'><strong>peccatris,tanto</strong></span> <span class='ocrx_word' id='word_1_4' title='bbox 724 574 1074 651; x_wconf 85' lang='lat' dir='ltr'><strong>lacrymosior</strong></span> <span class='ocrx_word' id='word_1_5' title='bbox 1104 569 1326 642; x_wconf 86' lang='lat' dir='ltr'><strong>pedibus</strong></span> <span class='ocrx_word' id='word_1_6' title='bbox 1349 565 1472 627; x_wconf 87' lang='lat' dir='ltr'><strong>tuis,</strong></span> <span class='ocrx_word' id='word_1_7' title='bbox 1505 565 1703 629; x_wconf 87' lang='lat' dir='ltr'><strong>quanto</strong></span> 
     </span>
    </p>
   </div>
   <div class='ocr_carea' id='block_1_3' title="bbox 160 651 1708 742">
    <p class='ocr_par' dir='ltr' id='par_1_3' title="bbox 160 651 1708 742">
     <span class='ocr_line' id='line_1_3' title="bbox 160 651 1708 742; baseline -0.026 0"><span class='ocrx_word' id='word_1_8' title='bbox 160 651 538 742; x_wconf 70' lang='lat' dir='ltr'><strong>l‘uerdtalienior</strong></span> <span class='ocrx_word' id='word_1_9' title='bbox 564 690 595 729; x_wconf 90' lang='lat' dir='ltr'><strong>a</strong></span> <span class='ocrx_word' id='word_1_10' title='bbox 622 670 862 741; x_wconf 93' lang='lat' dir='ltr'><strong>vestigiis</strong></span> <span class='ocrx_word' id='word_1_11' title='bbox 888 666 987 722; x_wconf 86' lang='lat' dir='ltr'><strong>luis</strong></span> <span class='ocrx_word' id='word_1_12' title='bbox 1016 663 1162 736; x_wconf 86' lang='lat' dir='ltr'><strong>(an.</strong></span> <span class='ocrx_word' id='word_1_13' title='bbox 1195 675 1267 715; x_wconf 83' lang='lat' dir='ltr'><strong>vn</strong></span> <span class='ocrx_word' id='word_1_14' title='bbox 1292 701 1305 723; x_wconf 91' lang='lat'><strong>,</strong></span> <span class='ocrx_word' id='word_1_15' title='bbox 1337 657 1425 722; x_wconf 74' lang='lat'><strong>57,</strong></span> <span class='ocrx_word' id='word_1_16' title='bbox 1454 653 1568 722; x_wconf 76' lang='lat'><strong>58).</strong></span> <span class='ocrx_word' id='word_1_17' title='bbox 1602 651 1708 742; x_wconf 85' lang='lat' dir='ltr'><strong>Au-</strong></span> 
     </span>
    </p>
   </div>
   <div class='ocr_carea' id='block_1_4' title="bbox 158 741 1706 837">
    <p class='ocr_par' dir='ltr' id='par_1_4' title="bbox 158 741 1706 837">
     <span class='ocr_line' id='line_1_4' title="bbox 158 741 1706 837; baseline -0.026 -2"><span class='ocrx_word' id='word_1_18' title='bbox 158 782 286 837; x_wconf 85' lang='lat' dir='ltr'><strong>diant</strong></span> <span class='ocrx_word' id='word_1_19' title='bbox 309 770 614 831; x_wconf 89' lang='lat' dir='ltr'><strong>meretrices</strong></span> <span class='ocrx_word' id='word_1_20' title='bbox 662 774 715 821; x_wconf 92' lang='lat' dir='ltr'><strong>et</strong></span> <span class='ocrx_word' id='word_1_21' title='bbox 747 759 1052 836; x_wconf 89' lang='lat' dir='ltr'><strong>publicani,</strong></span> <span class='ocrx_word' id='word_1_22' title='bbox 1082 756 1171 826; x_wconf 89' lang='lat' dir='ltr'><strong>qui</strong></span> <span class='ocrx_word' id='word_1_23' title='bbox 1201 752 1414 809; x_wconf 89' lang='lat' dir='ltr'><strong>Seribas</strong></span> <span class='ocrx_word' id='word_1_24' title='bbox 1441 755 1494 803; x_wconf 89' lang='lat' dir='ltr'><strong>et</strong></span> <span class='ocrx_word' id='word_1_25' title='bbox 1518 741 1706 837; x_wconf 85' lang='lat' dir='ltr'><strong>Phari-</strong></span> 
     </span>
    </p>
   </div>
   <div class='ocr_carea' id='block_1_5' title="bbox 160 834 1705 939">
    <p class='ocr_par' dir='ltr' id='par_1_5' title="bbox 160 834 1705 939">
     <span class='ocr_line' id='line_1_5' title="bbox 160 834 1705 939; baseline -0.024 -14"><span class='ocrx_word' id='word_1_26' title='bbox 160 834 278 926; x_wconf 59' lang='lat' dir='ltr'><strong>sieos</strong></span> <span class='ocrx_word' id='word_1_27' title='bbox 300 862 595 939; x_wconf 70' lang='lat' dir='ltr'><strong>prtceedunt</strong></span> <span class='ocrx_word' id='word_1_28' title='bbox 613 859 665 913; x_wconf 92' lang='lat' dir='ltr'><strong>in</strong></span> <span class='ocrx_word' id='word_1_29' title='bbox 694 834 916 928; x_wconf 84' lang='lat' dir='ltr'><strong>regnum</strong></span> <span class='ocrx_word' id='word_1_30' title='bbox 943 851 1199 908; x_wconf 67' lang='lat' dir='ltr'><strong>caelorum</strong></span> <span class='ocrx_word' id='word_1_31' title='bbox 1222 842 1432 919; x_wconf 76' lang='lat' dir='ltr'><strong>(Matth.</strong></span> <span class='ocrx_word' id='word_1_32' title='bbox 1450 854 1539 895; x_wconf 81' lang='lat' dir='ltr'><strong>xxi</strong></span> <span class='ocrx_word' id='word_1_33' title='bbox 1557 880 1572 905; x_wconf 93' lang='lat'><strong>,</strong></span> <span class='ocrx_word' id='word_1_34' title='bbox 1589 836 1648 891; x_wconf 77' lang='grc'>51</span> <span class='ocrx_word' id='word_1_35' title='bbox 1666 834 1705 902; x_wconf 95' lang='grc'><strong>).</strong></span> 
     </span>
    </p>
   </div>
   <div class='ocr_carea' id='block_1_6' title="bbox 163 930 1709 1021">
    <p class='ocr_par' dir='ltr' id='par_1_6' title="bbox 163 930 1709 1021">
     <span class='ocr_line' id='line_1_6' title="bbox 163 930 1709 1021; baseline -0.023 -5"><span class='ocrx_word' id='word_1_36' title='bbox 163 930 329 1018; x_wconf 68' lang='lat' dir='ltr'><strong>Audiat</strong></span> <span class='ocrx_word' id='word_1_37' title='bbox 367 968 522 1009; x_wconf 88' lang='lat' dir='ltr'><strong>omne</strong></span> <span class='ocrx_word' id='word_1_38' title='bbox 550 963 721 1021; x_wconf 85' lang='lat' dir='ltr'><strong>genus</strong></span> <span class='ocrx_word' id='word_1_39' title='bbox 767 957 1059 1016; x_wconf 77' lang='lat' dir='ltr'><strong>:cgrorum,</strong></span> <span class='ocrx_word' id='word_1_40' title='bbox 1092 953 1213 994; x_wconf 88' lang='lat' dir='ltr'><strong>cum</strong></span> <span class='ocrx_word' id='word_1_41' title='bbox 1254 934 1444 1006; x_wconf 84' lang='lat' dir='ltr'><strong>quibus</strong></span> <span class='ocrx_word' id='word_1_42' title='bbox 1472 930 1563 986; x_wconf 89' lang='lat' dir='ltr'><strong>tibi</strong></span> <span class='ocrx_word' id='word_1_43' title='bbox 1614 943 1709 999; x_wconf 92' lang='lat' dir='ltr'><strong>pro</strong></span> 
     </span>
    </p>
   </div>
   <div class='ocr_carea' id='block_1_7' title="bbox 166 1020 1710 1110">
    <p class='ocr_par' dir='ltr' id='par_1_7' title="bbox 166 1020 1710 1110">
     <span class='ocr_line' id='line_1_7' title="bbox 166 1020 1710 1110; baseline -0.021 -5"><span class='ocrx_word' id='word_1_44' title='bbox 166 1048 357 1105; x_wconf 87' lang='lat' dir='ltr'><strong>crimine</strong></span> <span class='ocrx_word' id='word_1_45' title='bbox 378 1051 499 1099; x_wconf 90' lang='lat' dir='ltr'><strong>sunt</strong></span> <span class='ocrx_word' id='word_1_46' title='bbox 523 1020 738 1110; x_wconf 84' lang='lat' dir='ltr'><strong>objecta</strong></span> <span class='ocrx_word' id='word_1_47' title='bbox 761 1035 1002 1092; x_wconf 87' lang='lat' dir='ltr'><strong>convivia</strong></span> <span class='ocrx_word' id='word_1_48' title='bbox 1023 1072 1039 1098; x_wconf 92' lang='lat'><strong>,</strong></span> <span class='ocrx_word' id='word_1_49' title='bbox 1073 1028 1319 1083; x_wconf 77' lang='lat' dir='ltr'><strong>videlicet</strong></span> <span class='ocrx_word' id='word_1_50' title='bbox 1340 1023 1491 1095; x_wconf 89' lang='lat' dir='ltr'><strong>quasi</strong></span> <span class='ocrx_word' id='word_1_51' title='bbox 1520 1037 1549 1076; x_wconf 88' lang='lat' dir='ltr'><strong>a</strong></span> <span class='ocrx_word' id='word_1_52' title='bbox 1568 1020 1710 1075; x_wconf 87' lang='lat' dir='ltr'><strong>sanis</strong></span> 
     </span>
    </p>
   </div>
   <div class='ocr_carea' id='block_1_8' title="bbox 164 1112 1712 1211">
    <p class='ocr_par' dir='ltr' id='par_1_8' title="bbox 164 1112 1712 1211">
     <span class='ocr_line' id='line_1_8' title="bbox 164 1112 1712 1211; baseline -0.02 -16"><span class='ocrx_word' id='word_1_53' title='bbox 164 1140 238 1211; x_wconf 91' lang='lat' dir='ltr'><strong>qui</strong></span> <span class='ocrx_word' id='word_1_54' title='bbox 259 1136 507 1193; x_wconf 89' lang='lat' dir='ltr'><strong>medicum</strong></span> <span class='ocrx_word' id='word_1_55' title='bbox 559 1147 667 1185; x_wconf 91' lang='lat' dir='ltr'><strong>non</strong></span> <span class='ocrx_word' id='word_1_56' title='bbox 694 1126 1033 1199; x_wconf 69' lang='lat' dir='ltr'><strong>quaerebant,</strong></span> <span class='ocrx_word' id='word_1_57' title='bbox 1065 1135 1186 1177; x_wconf 92' lang='lat' dir='ltr'><strong>eum</strong></span> <span class='ocrx_word' id='word_1_58' title='bbox 1240 1127 1298 1173; x_wconf 90' lang='lat' dir='ltr'><strong>tu</strong></span> <span class='ocrx_word' id='word_1_59' title='bbox 1349 1132 1454 1172; x_wconf 93' lang='lat' dir='ltr'><strong>non</strong></span> <span class='ocrx_word' id='word_1_60' title='bbox 1498 1112 1712 1168; x_wconf 83' lang='lat' dir='ltr'><strong>venires</strong></span> 
     </span>
    </p>
   </div>
   <div class='ocr_carea' id='block_1_9' title="bbox 168 1204 1709 1297">
    <p class='ocr_par' dir='ltr' id='par_1_9' title="bbox 168 1204 1709 1297">
     <span class='ocr_line' id='line_1_9' title="bbox 168 1204 1709 1297; baseline -0.019 -12"><span class='ocrx_word' id='word_1_61' title='bbox 168 1204 329 1285; x_wconf 59' lang='lat' dir='ltr'><strong>iecere</strong></span> <span class='ocrx_word' id='word_1_62' title='bbox 347 1228 511 1297; x_wconf 73' lang='lat' dir='ltr'><strong>iustos</strong></span> <span class='ocrx_word' id='word_1_63' title='bbox 530 1266 546 1291; x_wconf 90' lang='lat'><strong>,</strong></span> <span class='ocrx_word' id='word_1_64' title='bbox 576 1220 674 1277; x_wconf 91' lang='lat' dir='ltr'><strong>sed</strong></span> <span class='ocrx_word' id='word_1_65' title='bbox 694 1226 1001 1291; x_wconf 89' lang='lat' dir='ltr'><strong>peccatores</strong></span> <span class='ocrx_word' id='word_1_66' title='bbox 1026 1214 1077 1268; x_wconf 94' lang='lat' dir='ltr'><strong>in</strong></span> <span class='ocrx_word' id='word_1_67' title='bbox 1103 1209 1469 1284; x_wconf 65' lang='lat' dir='ltr'><strong>paenitentiam</strong></span> <span class='ocrx_word' id='word_1_68' title='bbox 1501 1204 1609 1277; x_wconf 87' lang='lat' dir='ltr'><strong>(Id.</strong></span> <span class='ocrx_word' id='word_1_69' title='bbox 1632 1218 1709 1267; x_wconf 81' lang='lat' dir='ltr'><strong>ix,</strong></span> 
     </span>
    </p>
   </div>
   <div class='ocr_carea' id='block_1_10' title="bbox 168 1296 1711 1392">
    <p class='ocr_par' dir='ltr' id='par_1_10' title="bbox 168 1296 1711 1392">
     <span class='ocr_line' id='line_1_10' title="bbox 168 1296 1711 1392; baseline -0.021 -12"><span class='ocrx_word' id='word_1_70' title='bbox 168 1319 435 1392; x_wconf 77' lang='grc' dir='ltr'>11-15).1Ιί</span> <span class='ocrx_word' id='word_1_71' title='bbox 462 1331 651 1371; x_wconf 88' lang='lat' dir='ltr'><strong>omnes</strong></span> <span class='ocrx_word' id='word_1_72' title='bbox 676 1328 800 1368; x_wconf 90' lang='lat' dir='ltr'><strong>cum</strong></span> <span class='ocrx_word' id='word_1_73' title='bbox 827 1314 1208 1367; x_wconf 88' lang='lat' dir='ltr'><strong>convertuntur</strong></span> <span class='ocrx_word' id='word_1_74' title='bbox 1228 1302 1294 1358; x_wconf 90' lang='lat' dir='ltr'><strong>ad</strong></span> <span class='ocrx_word' id='word_1_75' title='bbox 1322 1313 1402 1367; x_wconf 90' lang='lat' dir='ltr'><strong>te,</strong></span> <span class='ocrx_word' id='word_1_76' title='bbox 1431 1299 1584 1353; x_wconf 76' lang='lat' dir='ltr'><strong>facile</strong></span> <span class='ocrx_word' id='word_1_77' title='bbox 1612 1296 1711 1351; x_wconf 81' lang='grc' dir='ltr'>ιιιί-</span> 
     </span>
    </p>
   </div>
   <div class='ocr_carea' id='block_1_11' title="bbox 168 1391 1713 1470">
    <p class='ocr_par' dir='ltr' id='par_1_11' title="bbox 168 1391 1713 1470">
     <span class='ocr_line' id='line_1_11' title="bbox 168 1391 1713 1470; baseline -0.018 0"><span class='ocrx_word' id='word_1_78' title='bbox 168 1422 348 1470; x_wconf 85' lang='lat' dir='ltr'><strong>tescunt</strong></span> <span class='ocrx_word' id='word_1_79' title='bbox 372 1423 422 1465; x_wconf 87' lang='lat' dir='ltr'><strong>et</strong></span> <span class='ocrx_word' id='word_1_80' title='bbox 464 1406 816 1463; x_wconf 76' lang='lat' dir='ltr'><strong>humiliantur</strong></span> <span class='ocrx_word' id='word_1_81' title='bbox 844 1416 1023 1458; x_wconf 88' lang='lat' dir='ltr'><strong>coram</strong></span> <span class='ocrx_word' id='word_1_82' title='bbox 1057 1408 1107 1454; x_wconf 88' lang='lat' dir='ltr'><strong>te</strong></span> <span class='ocrx_word' id='word_1_83' title='bbox 1129 1440 1143 1462; x_wconf 88' lang='lat'><strong>,</strong></span> <span class='ocrx_word' id='word_1_84' title='bbox 1172 1408 1438 1451; x_wconf 89' lang='lat' dir='ltr'><strong>memores</strong></span> <span class='ocrx_word' id='word_1_85' title='bbox 1488 1391 1713 1460; x_wconf 88' lang='lat' dir='ltr'><strong>iniquis-</strong></span> 
     </span>
    </p>
   </div>
   <div class='ocr_carea' id='block_1_12' title="bbox 168 1480 1714 1563">
    <p class='ocr_par' dir='ltr' id='par_1_12' title="bbox 168 1480 1714 1563">
     <span class='ocr_line' id='line_1_12' title="bbox 168 1480 1714 1563; baseline -0.019 -3"><span class='ocrx_word' id='word_1_86' title='bbox 168 1508 295 1560; x_wconf 70' lang='lat' dir='ltr'><strong>sima:</strong></span> <span class='ocrx_word' id='word_1_87' title='bbox 337 1503 451 1557; x_wconf 77' lang='lat' dir='ltr'><strong>vita:</strong></span> <span class='ocrx_word' id='word_1_88' title='bbox 497 1514 647 1563; x_wconf 64' lang='lat' dir='ltr'><strong>suae,</strong></span> <span class='ocrx_word' id='word_1_89' title='bbox 705 1503 762 1550; x_wconf 90' lang='lat' dir='ltr'><strong>et</strong></span> <span class='ocrx_word' id='word_1_90' title='bbox 812 1487 1282 1562; x_wconf 78' lang='lat' dir='ltr'><strong>indulgentissima:</strong></span> <span class='ocrx_word' id='word_1_91' title='bbox 1336 1480 1714 1538; x_wconf 68' lang='lat' dir='ltr'><strong>misericordia:</strong></span> 
     </span>
    </p>
   </div>
   <div class='ocr_carea' id='block_1_13' title="bbox 168 1572 1717 1663">
    <p class='ocr_par' dir='ltr' id='par_1_13' title="bbox 168 1572 1717 1663">
     <span class='ocr_line' id='line_1_13' title="bbox 168 1572 1717 1663; baseline -0.015 -14"><span class='ocrx_word' id='word_1_92' title='bbox 168 1606 285 1659; x_wconf 72' lang='lat' dir='ltr'><strong>tuae;</strong></span> <span class='ocrx_word' id='word_1_93' title='bbox 328 1593 442 1663; x_wconf 88' lang='lat' dir='ltr'><strong>quia</strong></span> <span class='ocrx_word' id='word_1_94' title='bbox 498 1590 584 1643; x_wconf 87' lang='lat' dir='ltr'><strong>ubi</strong></span> <span class='ocrx_word' id='word_1_95' title='bbox 631 1586 905 1642; x_wconf 81' lang='lat' dir='ltr'><strong>abundavit</strong></span> <span class='ocrx_word' id='word_1_96' title='bbox 945 1592 1239 1654; x_wconf 86' lang='lat' dir='ltr'><strong>peccatum,</strong></span> <span class='ocrx_word' id='word_1_97' title='bbox 1295 1572 1717 1649; x_wconf 82' lang='lat' dir='ltr'><strong>superabundavit</strong></span> 
     </span>
    </p>
   </div>
   <div class='ocr_carea' id='block_1_14' title="bbox 166 1679 744 1759">
    <p class='ocr_par' dir='ltr' id='par_1_14' title="bbox 166 1679 744 1759">
     <span class='ocr_line' id='line_1_14' title="bbox 166 1679 744 1759; baseline -0.012 -18"><span class='ocrx_word' id='word_1_98' title='bbox 166 1687 306 1759; x_wconf 81' lang='lat' dir='ltr'><strong>gratia</strong></span> <span class='ocrx_word' id='word_1_99' title='bbox 333 1684 500 1756; x_wconf 85' lang='lat' dir='ltr'><strong>(llam.</strong></span> <span class='ocrx_word' id='word_1_100' title='bbox 525 1697 559 1735; x_wconf 89' lang='lat' dir='ltr'><strong>v</strong></span> <span class='ocrx_word' id='word_1_101' title='bbox 578 1724 593 1748; x_wconf 91' lang='lat'><strong>,</strong></span> <span class='ocrx_word' id='word_1_102' title='bbox 621 1679 744 1750; x_wconf 72' lang='grc'>20).</span> 
     </span>
    </p>
   </div>
   <div class='ocr_carea' id='block_1_15' title="bbox 226 1757 1723 1843">
    <p class='ocr_par' dir='ltr' id='par_1_15' title="bbox 226 1757 1723 1843">
     <span class='ocr_line' id='line_1_15' title="bbox 226 1757 1723 1843; baseline -0.015 -10"><span class='ocrx_word' id='word_1_103' title='bbox 226 1780 304 1834; x_wconf 78' lang='lat'><strong>37.</strong></span> <span class='ocrx_word' id='word_1_104' title='bbox 333 1774 434 1832; x_wconf 83' lang='lat' dir='ltr'><strong>Sed</strong></span> <span class='ocrx_word' id='word_1_105' title='bbox 463 1776 674 1843; x_wconf 86' lang='lat' dir='ltr'><strong>respice</strong></span> <span class='ocrx_word' id='word_1_106' title='bbox 700 1771 910 1841; x_wconf 82' lang='lat' dir='ltr'><strong>agmina</strong></span> <span class='ocrx_word' id='word_1_107' title='bbox 938 1766 1200 1838; x_wconf 77' lang='lat' dir='ltr'><strong>virginum</strong></span> <span class='ocrx_word' id='word_1_108' title='bbox 1220 1806 1235 1831; x_wconf 92' lang='lat'><strong>,</strong></span> <span class='ocrx_word' id='word_1_109' title='bbox 1263 1775 1547 1834; x_wconf 90' lang='lat' dir='ltr'><strong>puerorum</strong></span> <span class='ocrx_word' id='word_1_110' title='bbox 1570 1757 1723 1830; x_wconf 82' lang='lat' dir='ltr'><strong>pucl-</strong></span> 
     </span>
    </p>
   </div>
   <div class='ocr_carea' id='block_1_16' title="bbox 171 1852 1723 1938">
    <p class='ocr_par' dir='ltr' id='par_1_16' title="bbox 171 1852 1723 1938">
     <span class='ocr_line' id='line_1_16' title="bbox 171 1852 1723 1938; baseline -0.014 -15"><span class='ocrx_word' id='word_1_111' title='bbox 171 1870 415 1938; x_wconf 88' lang='lat' dir='ltr'><strong>larumque</strong></span> <span class='ocrx_word' id='word_1_112' title='bbox 440 1874 790 1920; x_wconf 88' lang='lat' dir='ltr'><strong>sanctarum:</strong></span> <span class='ocrx_word' id='word_1_113' title='bbox 840 1861 891 1914; x_wconf 91' lang='lat' dir='ltr'><strong>in</strong></span> <span class='ocrx_word' id='word_1_114' title='bbox 941 1857 1176 1913; x_wconf 83' lang='lat' dir='ltr'><strong>Ecclesia</strong></span> <span class='ocrx_word' id='word_1_115' title='bbox 1214 1865 1298 1909; x_wconf 90' lang='lat' dir='ltr'><strong>tua</strong></span> <span class='ocrx_word' id='word_1_116' title='bbox 1346 1852 1608 1908; x_wconf 89' lang='lat' dir='ltr'><strong>eruditum</strong></span> <span class='ocrx_word' id='word_1_117' title='bbox 1642 1859 1723 1903; x_wconf 90' lang='lat' dir='ltr'><strong>est</strong></span> 
     </span>
    </p>
   </div>
   <div class='ocr_carea' id='block_1_17' title="bbox 173 1940 1723 2028">
    <p class='ocr_par' dir='ltr' id='par_1_17' title="bbox 173 1940 1723 2028">
     <span class='ocr_line' id='line_1_17' title="bbox 173 1940 1723 2028; baseline -0.014 -15"><span class='ocrx_word' id='word_1_118' title='bbox 173 1961 255 2013; x_wconf 87' lang='lat' dir='ltr'><strong>hoc</strong></span> <span class='ocrx_word' id='word_1_119' title='bbox 279 1971 469 2028; x_wconf 85' lang='lat' dir='ltr'><strong>genus;</strong></span> <span class='ocrx_word' id='word_1_120' title='bbox 499 1955 606 2009; x_wconf 91' lang='lat' dir='ltr'><strong>illic</strong></span> <span class='ocrx_word' id='word_1_121' title='bbox 635 1953 733 2007; x_wconf 91' lang='lat' dir='ltr'><strong>tibi</strong></span> <span class='ocrx_word' id='word_1_122' title='bbox 775 1967 802 2005; x_wconf 88' lang='lat' dir='ltr'><strong>a</strong></span> <span class='ocrx_word' id='word_1_123' title='bbox 830 1949 1084 2006; x_wconf 84' lang='lat' dir='ltr'><strong>maternis</strong></span> <span class='ocrx_word' id='word_1_124' title='bbox 1115 1946 1363 2001; x_wconf 86' lang='lat' dir='ltr'><strong>uberibus</strong></span> <span class='ocrx_word' id='word_1_125' title='bbox 1401 1940 1676 2013; x_wconf 85' lang='lat' dir='ltr'><strong>pullulavit</strong></span> <span class='ocrx_word' id='word_1_126' title='bbox 1708 1980 1723 2005; x_wconf 93' lang='lat'><strong>,</strong></span> 
     </span>
    </p>
   </div>
   <div class='ocr_carea' id='block_1_18' title="bbox 174 2032 1725 2112">
    <p class='ocr_par' dir='ltr' id='par_1_18' title="bbox 174 2032 1725 2112">
     <span class='ocr_line' id='line_1_18' title="bbox 174 2032 1725 2112; baseline -0.014 -6"><span class='ocrx_word' id='word_1_127' title='bbox 174 2051 217 2106; x_wconf 91' lang='lat' dir='ltr'><strong>in</strong></span> <span class='ocrx_word' id='word_1_128' title='bbox 240 2052 453 2104; x_wconf 75' lang='lat' dir='ltr'><strong>‘nomen</strong></span> <span class='ocrx_word' id='word_1_129' title='bbox 481 2056 629 2101; x_wconf 90' lang='lat' dir='ltr'><strong>tuum</strong></span> <span class='ocrx_word' id='word_1_130' title='bbox 661 2044 732 2099; x_wconf 90' lang='lat' dir='ltr'><strong>ad</strong></span> <span class='ocrx_word' id='word_1_131' title='bbox 762 2040 1085 2112; x_wconf 89' lang='lat' dir='ltr'><strong>loquendum</strong></span> <span class='ocrx_word' id='word_1_132' title='bbox 1128 2038 1363 2108; x_wconf 78' lang='lat' dir='ltr'><strong>linguam</strong></span> <span class='ocrx_word' id='word_1_133' title='bbox 1413 2032 1597 2096; x_wconf 88' lang='lat' dir='ltr'><strong>solvit,</strong></span> <span class='ocrx_word' id='word_1_134' title='bbox 1630 2047 1725 2085; x_wconf 62' lang='lat' dir='ltr'><strong>no.</strong></span> 
     </span>
    </p>
   </div>
   <div class='ocr_carea' id='block_1_19' title="bbox 174 2121 1726 2197">
    <p class='ocr_par' dir='ltr' id='par_1_19' title="bbox 174 2121 1726 2197">
     <span class='ocr_line' id='line_1_19' title="bbox 174 2121 1726 2197; baseline -0.014 0"><span class='ocrx_word' id='word_1_135' title='bbox 174 2158 275 2197; x_wconf 88' lang='lat' dir='ltr'><strong>men</strong></span> <span class='ocrx_word' id='word_1_136' title='bbox 303 2149 439 2193; x_wconf 89' lang='lat' dir='ltr'><strong>tuum</strong></span> <span class='ocrx_word' id='word_1_137' title='bbox 472 2137 623 2190; x_wconf 89' lang='lat' dir='ltr'><strong>velut</strong></span> <span class='ocrx_word' id='word_1_138' title='bbox 646 2135 737 2189; x_wconf 87' lang='lat' dir='ltr'><strong>lac</strong></span> <span class='ocrx_word' id='word_1_139' title='bbox 762 2131 997 2188; x_wconf 73' lang='lat' dir='ltr'><strong>infantia:</strong></span> <span class='ocrx_word' id='word_1_140' title='bbox 1026 2144 1138 2185; x_wconf 64' lang='lat' dir='ltr'><strong>sua:</strong></span> <span class='ocrx_word' id='word_1_141' title='bbox 1164 2127 1306 2183; x_wconf 77' lang='lat' dir='ltr'><strong>suxit</strong></span> <span class='ocrx_word' id='word_1_142' title='bbox 1328 2124 1580 2180; x_wconf 86' lang='lat' dir='ltr'><strong>infusum.</strong></span> <span class='ocrx_word' id='word_1_143' title='bbox 1610 2121 1726 2175; x_wconf 84' lang='lat' dir='ltr'><strong>Non</strong></span> 
     </span>
    </p>
   </div>
   <div class='ocr_carea' id='block_1_20' title="bbox 174 2212 1730 2301">
    <p class='ocr_par' dir='ltr' id='par_1_20' title="bbox 174 2212 1730 2301">
     <span class='ocr_line' id='line_1_20' title="bbox 174 2212 1730 2301; baseline -0.013 -15"><span class='ocrx_word' id='word_1_144' title='bbox 174 2239 322 2301; x_wconf 84' lang='lat' dir='ltr'><strong>potest</strong></span> <span class='ocrx_word' id='word_1_145' title='bbox 345 2229 621 2299; x_wconf 86' lang='lat' dir='ltr'><strong>quisquam</strong></span> <span class='ocrx_word' id='word_1_146' title='bbox 654 2241 724 2280; x_wconf 78' lang='lat' dir='ltr'><strong>ex</strong></span> <span class='ocrx_word' id='word_1_147' title='bbox 755 2224 859 2279; x_wconf 90' lang='lat' dir='ltr'><strong>hoc</strong></span> <span class='ocrx_word' id='word_1_148' title='bbox 879 2236 1101 2276; x_wconf 91' lang='lat' dir='ltr'><strong>numero</strong></span> <span class='ocrx_word' id='word_1_149' title='bbox 1122 2218 1301 2274; x_wconf 84' lang='lat' dir='ltr'><strong>dicere</strong></span> <span class='ocrx_word' id='word_1_150' title='bbox 1319 2258 1333 2283; x_wconf 90' lang='lat'><strong>,</strong></span> <span class='ocrx_word' id='word_1_151' title='bbox 1366 2216 1464 2282; x_wconf 83' lang='lat' dir='ltr'><strong>Qui</strong></span> <span class='ocrx_word' id='word_1_152' title='bbox 1490 2215 1630 2285; x_wconf 84' lang='lat' dir='ltr'><strong>prius</strong></span> <span class='ocrx_word' id='word_1_153' title='bbox 1655 2212 1730 2283; x_wconf 81' lang='lat' dir='ltr'><strong>[ui</strong></span> 
     </span>
    </p>
   </div>
   <div class='ocr_carea' id='block_1_21' title="bbox 173 2304 1731 2391">
    <p class='ocr_par' dir='ltr' id='par_1_21' title="bbox 173 2304 1731 2391">
     <span class='ocr_line' id='line_1_21' title="bbox 173 2304 1731 2391; baseline -0.014 -14"><span class='ocrx_word' id='word_1_154' title='bbox 173 2323 459 2391; x_wconf 71' lang='lat' dir='ltr'><strong>blasphemus</strong></span> <span class='ocrx_word' id='word_1_155' title='bbox 498 2328 544 2372; x_wconf 87' lang='lat' dir='ltr'><strong>et</strong></span> <span class='ocrx_word' id='word_1_156' title='bbox 592 2323 895 2388; x_wconf 73' lang='lat' dir='ltr'><strong>persecutor</strong></span> <span class='ocrx_word' id='word_1_157' title='bbox 912 2321 959 2366; x_wconf 90' lang='lat' dir='ltr'><strong>et</strong></span> <span class='ocrx_word' id='word_1_158' title='bbox 994 2310 1302 2381; x_wconf 87' lang='lat' dir='ltr'><strong>injuriosus,</strong></span> <span class='ocrx_word' id='word_1_159' title='bbox 1327 2306 1415 2361; x_wconf 86' lang='lat' dir='ltr'><strong>sed</strong></span> <span class='ocrx_word' id='word_1_160' title='bbox 1448 2304 1731 2358; x_wconf 81' lang='lat' dir='ltr'><strong>misericor-</strong></span> 
     </span>
    </p>
   </div>
   <div class='ocr_carea' id='block_1_22' title="bbox 176 2394 1735 2474">
    <p class='ocr_par' dir='ltr' id='par_1_22' title="bbox 176 2394 1735 2474">
     <span class='ocr_line' id='line_1_22' title="bbox 176 2394 1735 2474; baseline -0.015 -6"><span class='ocrx_word' id='word_1_161' title='bbox 176 2415 291 2467; x_wconf 84' lang='lat' dir='ltr'><strong>diam</strong></span> <span class='ocrx_word' id='word_1_162' title='bbox 311 2418 589 2466; x_wconf 71' lang='lat' dir='ltr'><strong>consecutus</strong></span> <span class='ocrx_word' id='word_1_163' title='bbox 615 2423 739 2463; x_wconf 90' lang='lat' dir='ltr'><strong>sum</strong></span> <span class='ocrx_word' id='word_1_164' title='bbox 760 2448 776 2473; x_wconf 90' lang='lat'><strong>,</strong></span> <span class='ocrx_word' id='word_1_165' title='bbox 798 2405 917 2474; x_wconf 84' lang='lat' dir='ltr'><strong>quia</strong></span> <span class='ocrx_word' id='word_1_166' title='bbox 940 2403 1179 2474; x_wconf 85' lang='lat' dir='ltr'><strong>ignorans</strong></span> <span class='ocrx_word' id='word_1_167' title='bbox 1194 2398 1291 2470; x_wconf 80' lang='lat' dir='ltr'><strong>feci</strong></span> <span class='ocrx_word' id='word_1_168' title='bbox 1311 2399 1363 2451; x_wconf 89' lang='lat' dir='ltr'><strong>in</strong></span> <span class='ocrx_word' id='word_1_169' title='bbox 1387 2394 1735 2450; x_wconf 74' lang='lat' dir='ltr'><strong>incredulitate</strong></span> 
     </span>
    </p>
   </div>
   <div class='ocr_carea' id='block_1_23' title="bbox 176 2485 1733 2573">
    <p class='ocr_par' dir='ltr' id='par_1_23' title="bbox 176 2485 1733 2573">
     <span class='ocr_line' id='line_1_23' title="bbox 176 2485 1733 2573; baseline -0.014 -15"><span class='ocrx_word' id='word_1_170' title='bbox 176 2503 215 2573; x_wconf 96' lang='lat' dir='ltr'><strong>(I</strong></span> <span class='ocrx_word' id='word_1_171' title='bbox 234 2502 351 2557; x_wconf 81' lang='lat' dir='ltr'><strong>Tim.</strong></span> <span class='ocrx_word' id='word_1_172' title='bbox 379 2518 431 2569; x_wconf 88' lang='grc' dir='ltr'>ι,</span> <span class='ocrx_word' id='word_1_173' title='bbox 464 2499 550 2570; x_wconf 76' lang='grc'>15)</span> <span class='ocrx_word' id='word_1_174' title='bbox 581 2516 595 2553; x_wconf 89' lang='lat'><strong>:</strong></span> <span class='ocrx_word' id='word_1_175' title='bbox 628 2499 750 2552; x_wconf 90' lang='lat' dir='ltr'><strong>imo</strong></span> <span class='ocrx_word' id='word_1_176' title='bbox 765 2496 924 2551; x_wconf 88' lang='lat' dir='ltr'><strong>etiam</strong></span> <span class='ocrx_word' id='word_1_177' title='bbox 946 2491 1087 2563; x_wconf 91' lang='lat' dir='ltr'><strong>quod</strong></span> <span class='ocrx_word' id='word_1_178' title='bbox 1115 2505 1219 2545; x_wconf 93' lang='lat' dir='ltr'><strong>non</strong></span> <span class='ocrx_word' id='word_1_179' title='bbox 1240 2487 1446 2559; x_wconf 86' lang='lat' dir='ltr'><strong>jussisti</strong></span> <span class='ocrx_word' id='word_1_180' title='bbox 1464 2529 1478 2551; x_wconf 93' lang='lat'><strong>,</strong></span> <span class='ocrx_word' id='word_1_181' title='bbox 1503 2485 1596 2540; x_wconf 89' lang='lat' dir='ltr'><strong>sed</strong></span> <span class='ocrx_word' id='word_1_182' title='bbox 1617 2496 1733 2537; x_wconf 89' lang='lat' dir='ltr'><strong>tan-</strong></span> 
     </span>
    </p>
   </div>
   <div class='ocr_carea' id='block_1_24' title="bbox 179 2572 1737 2653">
    <p class='ocr_par' dir='ltr' id='par_1_24' title="bbox 179 2572 1737 2653">
     <span class='ocr_line' id='line_1_24' title="bbox 179 2572 1737 2653; baseline -0.013 -6"><span class='ocrx_word' id='word_1_183' title='bbox 179 2572 421 2647; x_wconf 88' lang='lat' dir='ltr'><strong>tummodo</strong></span> <span class='ocrx_word' id='word_1_184' title='bbox 464 2588 785 2643; x_wconf 74' lang='lat' dir='ltr'><strong>volentihus</strong></span> <span class='ocrx_word' id='word_1_185' title='bbox 835 2580 1196 2653; x_wconf 89' lang='lat' dir='ltr'><strong>arripiendum</strong></span> <span class='ocrx_word' id='word_1_186' title='bbox 1248 2575 1604 2649; x_wconf 87' lang='lat' dir='ltr'><strong>proposuisti,</strong></span> <span class='ocrx_word' id='word_1_187' title='bbox 1658 2572 1737 2627; x_wconf 86' lang='lat' dir='ltr'><strong>di-</strong></span> 
     </span>
    </p>
   </div>
   <div class='ocr_carea' id='block_1_25' title="bbox 178 2670 1740 2750">
    <p class='ocr_par' dir='ltr' id='par_1_25' title="bbox 178 2670 1740 2750">
     <span class='ocr_line' id='line_1_25' title="bbox 178 2670 1740 2750; baseline -0.012 -11"><span class='ocrx_word' id='word_1_188' title='bbox 178 2699 290 2739; x_wconf 77' lang='lat' dir='ltr'><strong>cens</strong></span> <span class='ocrx_word' id='word_1_189' title='bbox 310 2726 324 2750; x_wconf 91' lang='lat'><strong>,</strong></span> <span class='ocrx_word' id='word_1_190' title='bbox 345 2682 433 2748; x_wconf 82' lang='lat' dir='ltr'><strong>Qui</strong></span> <span class='ocrx_word' id='word_1_191' title='bbox 460 2688 621 2750; x_wconf 89' lang='lat' dir='ltr'><strong>potest</strong></span> <span class='ocrx_word' id='word_1_192' title='bbox 679 2692 888 2748; x_wconf 84' lang='lat' dir='ltr'><strong>capere,</strong></span> <span class='ocrx_word' id='word_1_193' title='bbox 921 2673 1122 2743; x_wconf 88' lang='lat' dir='ltr'><strong>capiat,</strong></span> <span class='ocrx_word' id='word_1_194' title='bbox 1180 2670 1552 2740; x_wconf 91' lang='lat' dir='ltr'><strong>arripuerunt,</strong></span> <span class='ocrx_word' id='word_1_195' title='bbox 1582 2679 1740 2720; x_wconf 89' lang='lat' dir='ltr'><strong>vove-</strong></span> 
     </span>
    </p>
   </div>
   <div class='ocr_carea' id='block_1_26' title="bbox 180 2757 1740 2844">
    <p class='ocr_par' dir='ltr' id='par_1_26' title="bbox 180 2757 1740 2844">
     <span class='ocr_line' id='line_1_26' title="bbox 180 2757 1740 2844; baseline -0.012 -14"><span class='ocrx_word' id='word_1_196' title='bbox 180 2783 385 2839; x_wconf 88' lang='lat' dir='ltr'><strong>runt;et</strong></span> <span class='ocrx_word' id='word_1_197' title='bbox 403 2783 612 2844; x_wconf 87' lang='lat' dir='ltr'><strong>propter</strong></span> <span class='ocrx_word' id='word_1_198' title='bbox 646 2783 875 2841; x_wconf 81' lang='lat' dir='ltr'><strong>regnum</strong></span> <span class='ocrx_word' id='word_1_199' title='bbox 900 2766 1159 2822; x_wconf 67' lang='lat' dir='ltr'><strong>caclorum</strong></span> <span class='ocrx_word' id='word_1_200' title='bbox 1188 2778 1246 2818; x_wconf 90' lang='lat' dir='ltr'><strong>se</strong></span> <span class='ocrx_word' id='word_1_201' title='bbox 1272 2762 1415 2832; x_wconf 89' lang='lat' dir='ltr'><strong>ipsos</strong></span> <span class='ocrx_word' id='word_1_202' title='bbox 1441 2802 1455 2825; x_wconf 93' lang='lat'><strong>,</strong></span> <span class='ocrx_word' id='word_1_203' title='bbox 1487 2776 1592 2814; x_wconf 92' lang='lat' dir='ltr'><strong>non</strong></span> <span class='ocrx_word' id='word_1_204' title='bbox 1619 2757 1740 2828; x_wconf 85' lang='lat' dir='ltr'><strong>quia</strong></span> 
     </span>
    </p>
   </div>
   <div class='ocr_carea' id='block_1_27' title="bbox 180 2848 1740 2933">
    <p class='ocr_par' dir='ltr' id='par_1_27' title="bbox 180 2848 1740 2933">
     <span class='ocr_line' id='line_1_27' title="bbox 180 2848 1740 2933; baseline -0.012 -11"><span class='ocrx_word' id='word_1_205' title='bbox 180 2868 477 2932; x_wconf 86' lang='lat' dir='ltr'><strong>minatuses,</strong></span> <span class='ocrx_word' id='word_1_206' title='bbox 503 2862 598 2919; x_wconf 89' lang='lat' dir='ltr'><strong>sed</strong></span> <span class='ocrx_word' id='word_1_207' title='bbox 625 2861 763 2933; x_wconf 87' lang='lat' dir='ltr'><strong>quia</strong></span> <span class='ocrx_word' id='word_1_208' title='bbox 784 2862 1099 2915; x_wconf 88' lang='lat' dir='ltr'><strong>hortatuses</strong></span> <span class='ocrx_word' id='word_1_209' title='bbox 1118 2899 1133 2925; x_wconf 98' lang='lat'><strong>,</strong></span> <span class='ocrx_word' id='word_1_210' title='bbox 1151 2860 1515 2911; x_wconf 88' lang='lat' dir='ltr'><strong>castraverunt</strong></span> <span class='ocrx_word' id='word_1_211' title='bbox 1543 2848 1740 2920; x_wconf 73' lang='lat' dir='ltr'><strong>(Matth.</strong></span> 
     </span>
    </p>
   </div>
   <div class='ocr_carea' id='block_1_28' title="bbox 181 2956 425 3027">
    <p class='ocr_par' dir='ltr' id='par_1_28' title="bbox 181 2956 425 3027">
     <span class='ocr_line' id='line_1_28' title="bbox 181 2956 425 3027; baseline -0.004 -15"><span class='ocrx_word' id='word_1_212' title='bbox 181 2972 258 3012; x_wconf 78' lang='lat' dir='ltr'><strong>xu</strong></span> <span class='ocrx_word' id='word_1_213' title='bbox 278 2998 292 3023; x_wconf 92' lang='lat'><strong>,</strong></span> <span class='ocrx_word' id='word_1_214' title='bbox 321 2956 425 3027; x_wconf 78' lang='grc'>12).</span> 
     </span>
    </p>
   </div>
   <div class='ocr_carea' id='block_1_29' title="bbox 238 3032 1745 3111">
    <p class='ocr_par' dir='ltr' id='par_1_29' title="bbox 238 3032 1745 3111">
     <span class='ocr_line' id='line_1_29' title="bbox 238 3032 1745 3111; baseline -0.011 -8"><span class='ocrx_word' id='word_1_215' title='bbox 238 3045 444 3103; x_wconf 74' lang='lat' dir='ltr'><strong>CAPUT</strong></span> <span class='ocrx_word' id='word_1_216' title='bbox 466 3042 750 3102; x_wconf 72' lang='lat' dir='ltr'><strong>XXXVII.</strong></span> <span class='ocrx_word' id='word_1_217' title='bbox 774 3040 1092 3097; x_wconf 72' lang='lat' dir='ltr'><strong>Humilitatis</strong></span> <span class='ocrx_word' id='word_1_218' title='bbox 1116 3038 1401 3111; x_wconf 70' lang='lat' dir='ltr'><strong>exemplum</strong></span> <span class='ocrx_word' id='word_1_219' title='bbox 1425 3036 1478 3089; x_wconf 81' lang='lat' dir='ltr'><strong>in</strong></span> <span class='ocrx_word' id='word_1_220' title='bbox 1499 3034 1609 3106; x_wconf 84' lang='lat' dir='ltr'><strong>ipso</strong></span> <span class='ocrx_word' id='word_1_221' title='bbox 1636 3032 1745 3086; x_wconf 86' lang='lat' dir='ltr'><strong>Do—</strong></span> 
     </span>
    </p>
   </div>
   <div class='ocr_carea' id='block_1_30' title="bbox 181 3125 1745 3210">
    <p class='ocr_par' dir='ltr' id='par_1_30' title="bbox 181 3125 1745 3210">
     <span class='ocr_line' id='line_1_30' title="bbox 181 3125 1745 3210; baseline -0.01 -16"><span class='ocrx_word' id='word_1_222' title='bbox 181 3140 299 3193; x_wconf 75' lang='lat' dir='ltr'><strong>mino</strong></span> <span class='ocrx_word' id='word_1_223' title='bbox 309 3140 609 3210; x_wconf 79' lang='lat' dir='ltr'><strong>propositum</strong></span> <span class='ocrx_word' id='word_1_224' title='bbox 622 3135 931 3207; x_wconf 79' lang='lat' dir='ltr'><strong>virginibus.</strong></span> <span class='ocrx_word' id='word_1_225' title='bbox 956 3131 1285 3188; x_wconf 84' lang='lat' dir='ltr'><strong>Hisinclama</strong></span> <span class='ocrx_word' id='word_1_226' title='bbox 1306 3170 1322 3197; x_wconf 88' lang='lat'><strong>,</strong></span> <span class='ocrx_word' id='word_1_227' title='bbox 1349 3128 1403 3182; x_wconf 91' lang='lat' dir='ltr'><strong>hi</strong></span> <span class='ocrx_word' id='word_1_228' title='bbox 1433 3135 1484 3182; x_wconf 92' lang='lat' dir='ltr'><strong>te</strong></span> <span class='ocrx_word' id='word_1_229' title='bbox 1509 3125 1745 3191; x_wconf 90' lang='lat' dir='ltr'><strong>audiant,</strong></span> 
     </span>
    </p>
   </div>
   <div class='ocr_carea' id='block_1_31' title="bbox 179 3218 1749 3304">
    <p class='ocr_par' dir='ltr' id='par_1_31' title="bbox 179 3218 1749 3304">
     <span class='ocr_line' id='line_1_31' title="bbox 179 3218 1749 3304; baseline -0.012 -15"><span class='ocrx_word' id='word_1_230' title='bbox 179 3232 400 3304; x_wconf 86' lang='lat' dir='ltr'><strong>quoniam</strong></span> <span class='ocrx_word' id='word_1_231' title='bbox 420 3232 565 3287; x_wconf 89' lang='lat' dir='ltr'><strong>mitis</strong></span> <span class='ocrx_word' id='word_1_232' title='bbox 604 3245 677 3286; x_wconf 89' lang='lat' dir='ltr'><strong>es</strong></span> <span class='ocrx_word' id='word_1_233' title='bbox 718 3237 775 3284; x_wconf 91' lang='lat' dir='ltr'><strong>et</strong></span> <span class='ocrx_word' id='word_1_234' title='bbox 800 3227 1012 3282; x_wconf 90' lang='lat' dir='ltr'><strong>humilis</strong></span> <span class='ocrx_word' id='word_1_235' title='bbox 1028 3223 1209 3281; x_wconf 90' lang='lat' dir='ltr'><strong>corde.</strong></span> <span class='ocrx_word' id='word_1_236' title='bbox 1246 3223 1309 3278; x_wconf 81' lang='lat' dir='ltr'><strong>Hi</strong></span> <span class='ocrx_word' id='word_1_237' title='bbox 1344 3228 1543 3293; x_wconf 89' lang='lat' dir='ltr'><strong>quanto</strong></span> <span class='ocrx_word' id='word_1_238' title='bbox 1574 3218 1749 3288; x_wconf 85' lang='lat' dir='ltr'><strong>magni</strong></span> 
     </span>
    </p>
   </div>
   <div class='ocr_carea' id='block_1_32' title="bbox 180 3313 1752 3389">
    <p class='ocr_par' dir='ltr' id='par_1_32' title="bbox 180 3313 1752 3389">
     <span class='ocr_line' id='line_1_32' title="bbox 180 3313 1752 3389; baseline -0.01 -9"><span class='ocrx_word' id='word_1_239' title='bbox 180 3334 305 3389; x_wconf 83' lang='lat' dir='ltr'><strong>sunt,</strong></span> <span class='ocrx_word' id='word_1_240' title='bbox 322 3332 461 3379; x_wconf 88' lang='lat' dir='ltr'><strong>tanto</strong></span> <span class='ocrx_word' id='word_1_241' title='bbox 490 3322 789 3378; x_wconf 89' lang='lat' dir='ltr'><strong>humilicnt</strong></span> <span class='ocrx_word' id='word_1_242' title='bbox 814 3334 873 3374; x_wconf 91' lang='lat' dir='ltr'><strong>se</strong></span> <span class='ocrx_word' id='word_1_243' title='bbox 901 3319 954 3373; x_wconf 93' lang='lat' dir='ltr'><strong>in</strong></span> <span class='ocrx_word' id='word_1_244' title='bbox 981 3317 1246 3383; x_wconf 87' lang='lat' dir='ltr'><strong>omnibus,</strong></span> <span class='ocrx_word' id='word_1_245' title='bbox 1265 3323 1320 3370; x_wconf 90' lang='lat' dir='ltr'><strong>ut</strong></span> <span class='ocrx_word' id='word_1_246' title='bbox 1339 3329 1519 3370; x_wconf 89' lang='lat' dir='ltr'><strong>coram</strong></span> <span class='ocrx_word' id='word_1_247' title='bbox 1542 3322 1594 3368; x_wconf 92' lang='lat' dir='ltr'><strong>te</strong></span> <span class='ocrx_word' id='word_1_248' title='bbox 1612 3313 1752 3365; x_wconf 85' lang='lat' dir='ltr'><strong>inve-</strong></span> 
     </span>
    </p>
   </div>
   <div class='ocr_carea' id='block_1_33' title="bbox 180 3403 1752 3487">
    <p class='ocr_par' dir='ltr' id='par_1_33' title="bbox 180 3403 1752 3487">
     <span class='ocr_line' id='line_1_33' title="bbox 180 3403 1752 3487; baseline -0.011 -15"><span class='ocrx_word' id='word_1_249' title='bbox 180 3416 557 3487; x_wconf 83' lang='lat' dir='ltr'><strong>niantgratiam.</strong></span> <span class='ocrx_word' id='word_1_250' title='bbox 588 3413 738 3469; x_wconf 84' lang='lat' dir='ltr'><strong>Justi</strong></span> <span class='ocrx_word' id='word_1_251' title='bbox 754 3418 909 3466; x_wconf 88' lang='lat' dir='ltr'><strong>sunt:</strong></span> <span class='ocrx_word' id='word_1_252' title='bbox 926 3408 1021 3464; x_wconf 90' lang='lat' dir='ltr'><strong>sed</strong></span> <span class='ocrx_word' id='word_1_253' title='bbox 1040 3405 1294 3478; x_wconf 92' lang='lat' dir='ltr'><strong>numquid</strong></span> <span class='ocrx_word' id='word_1_254' title='bbox 1314 3406 1451 3460; x_wconf 85' lang='lat' dir='ltr'><strong>sicut</strong></span> <span class='ocrx_word' id='word_1_255' title='bbox 1479 3413 1534 3459; x_wconf 92' lang='lat' dir='ltr'><strong>tu</strong></span> <span class='ocrx_word' id='word_1_256' title='bbox 1554 3403 1752 3474; x_wconf 81' lang='lat' dir='ltr'><strong>justiﬁ-</strong></span> 
     </span>
    </p>
   </div>
   <div class='ocr_carea' id='block_1_34' title="bbox 177 3498 1755 3578">
    <p class='ocr_par' dir='ltr' id='par_1_34' title="bbox 177 3498 1755 3578">
     <span class='ocr_line' id='line_1_34' title="bbox 177 3498 1755 3578; baseline -0.009 -14"><span class='ocrx_word' id='word_1_257' title='bbox 177 3523 290 3563; x_wconf 64' lang='lat' dir='ltr'><strong>eius</strong></span> <span class='ocrx_word' id='word_1_258' title='bbox 308 3506 591 3578; x_wconf 68' lang='lat' dir='ltr'><strong>impium“!</strong></span> <span class='ocrx_word' id='word_1_259' title='bbox 620 3503 776 3561; x_wconf 87' lang='lat' dir='ltr'><strong>Casti</strong></span> <span class='ocrx_word' id='word_1_260' title='bbox 796 3510 922 3558; x_wconf 89' lang='lat' dir='ltr'><strong>sunt</strong></span> <span class='ocrx_word' id='word_1_261' title='bbox 942 3520 955 3556; x_wconf 90' lang='lat'><strong>:</strong></span> <span class='ocrx_word' id='word_1_262' title='bbox 974 3500 1068 3555; x_wconf 90' lang='lat' dir='ltr'><strong>sed</strong></span> <span class='ocrx_word' id='word_1_263' title='bbox 1082 3515 1177 3556; x_wconf 91' lang='lat' dir='ltr'><strong>eos</strong></span> <span class='ocrx_word' id='word_1_264' title='bbox 1204 3500 1255 3554; x_wconf 91' lang='lat' dir='ltr'><strong>in</strong></span> <span class='ocrx_word' id='word_1_265' title='bbox 1299 3498 1530 3569; x_wconf 90' lang='lat' dir='ltr'><strong>peccatis</strong></span> <span class='ocrx_word' id='word_1_266' title='bbox 1556 3506 1755 3552; x_wconf 88' lang='lat' dir='ltr'><strong>matres</strong></span> 
     </span>
    </p>
   </div>
   <div class='ocr_carea' id='block_1_35' title="bbox 179 3588 1754 3668">
    <p class='ocr_par' dir='ltr' id='par_1_35' title="bbox 179 3588 1754 3668">
     <span class='ocr_line' id='line_1_35' title="bbox 179 3588 1754 3668; baseline -0.01 -10"><span class='ocrx_word' id='word_1_267' title='bbox 179 3616 342 3657; x_wconf 86' lang='lat' dir='ltr'><strong>eorum</strong></span> <span class='ocrx_word' id='word_1_268' title='bbox 359 3602 410 3656; x_wconf 86' lang='lat' dir='ltr'><strong>in</strong></span> <span class='ocrx_word' id='word_1_269' title='bbox 428 3600 597 3656; x_wconf 91' lang='lat' dir='ltr'><strong>uteris</strong></span> <span class='ocrx_word' id='word_1_270' title='bbox 624 3597 882 3653; x_wconf 87' lang='lat' dir='ltr'><strong>aluerunt</strong></span> <span class='ocrx_word' id='word_1_271' title='bbox 898 3592 1069 3668; x_wconf 79' lang='lat' dir='ltr'><strong>(Psal.</strong></span> <span class='ocrx_word' id='word_1_272' title='bbox 1094 3610 1125 3648; x_wconf 88' lang='grc' dir='ltr'>ι.</span> <span class='ocrx_word' id='word_1_273' title='bbox 1141 3635 1156 3661; x_wconf 87' lang='grc'>,</span> <span class='ocrx_word' id='word_1_274' title='bbox 1183 3591 1259 3664; x_wconf 89' lang='grc'>7).</span> <span class='ocrx_word' id='word_1_275' title='bbox 1279 3590 1457 3647; x_wconf 88' lang='lat' dir='ltr'><strong>Sancti</strong></span> <span class='ocrx_word' id='word_1_276' title='bbox 1475 3598 1632 3645; x_wconf 88' lang='lat' dir='ltr'><strong>sunt:</strong></span> <span class='ocrx_word' id='word_1_277' title='bbox 1662 3588 1754 3643; x_wconf 88' lang='lat' dir='ltr'><strong>scd</strong></span> 
     </span>
    </p>
   </div>
   <div class='ocr_carea' id='block_1_36' title="bbox 179 3679 1755 3756">
    <p class='ocr_par' dir='ltr' id='par_1_36' title="bbox 179 3679 1755 3756">
     <span class='ocr_line' id='line_1_36' title="bbox 179 3679 1755 3756; baseline -0.01 -9"><span class='ocrx_word' id='word_1_278' title='bbox 179 3694 389 3749; x_wconf 88' lang='lat' dir='ltr'><strong>tuetiam</strong></span> <span class='ocrx_word' id='word_1_279' title='bbox 416 3700 640 3747; x_wconf 87' lang='lat' dir='ltr'><strong>sanctus</strong></span> <span class='ocrx_word' id='word_1_280' title='bbox 674 3699 1002 3745; x_wconf 88' lang='lat' dir='ltr'><strong>sanctorum.</strong></span> <span class='ocrx_word' id='word_1_281' title='bbox 1026 3685 1271 3756; x_wconf 84' lang='lat' dir='ltr'><strong>Virgines</strong></span> <span class='ocrx_word' id='word_1_282' title='bbox 1296 3690 1421 3739; x_wconf 93' lang='lat' dir='ltr'><strong>sunt</strong></span> <span class='ocrx_word' id='word_1_283' title='bbox 1448 3700 1462 3735; x_wconf 89' lang='lat'><strong>:</strong></span> <span class='ocrx_word' id='word_1_284' title='bbox 1495 3680 1592 3737; x_wconf 89' lang='lat' dir='ltr'><strong>sed</strong></span> <span class='ocrx_word' id='word_1_285' title='bbox 1642 3679 1755 3735; x_wconf 88' lang='lat' dir='ltr'><strong>nati</strong></span> 
     </span>
    </p>
   </div>
   <div class='ocr_carea' id='block_1_37' title="bbox 180 3769 1759 3853">
    <p class='ocr_par' dir='ltr' id='par_1_37' title="bbox 180 3769 1759 3853">
     <span class='ocr_line' id='line_1_37' title="bbox 180 3769 1759 3853; baseline -0.011 -15"><span class='ocrx_word' id='word_1_286' title='bbox 180 3785 319 3838; x_wconf 83' lang='lat' dir='ltr'><strong>etiam</strong></span> <span class='ocrx_word' id='word_1_287' title='bbox 348 3799 411 3838; x_wconf 77' lang='lat' dir='ltr'><strong>ex</strong></span> <span class='ocrx_word' id='word_1_288' title='bbox 431 3782 747 3853; x_wconf 79' lang='lat' dir='ltr'><strong>virginibus</strong></span> <span class='ocrx_word' id='word_1_289' title='bbox 773 3794 879 3833; x_wconf 92' lang='lat' dir='ltr'><strong>non</strong></span> <span class='ocrx_word' id='word_1_290' title='bbox 905 3784 1049 3833; x_wconf 91' lang='lat' dir='ltr'><strong>sunt.</strong></span> <span class='ocrx_word' id='word_1_291' title='bbox 1084 3777 1150 3829; x_wconf 84' lang='lat' dir='ltr'><strong>Et</strong></span> <span class='ocrx_word' id='word_1_292' title='bbox 1179 3774 1365 3843; x_wconf 80' lang='lat' dir='ltr'><strong>Spiritu</strong></span> <span class='ocrx_word' id='word_1_293' title='bbox 1404 3780 1459 3827; x_wconf 90' lang='lat' dir='ltr'><strong>et</strong></span> <span class='ocrx_word' id='word_1_294' title='bbox 1494 3784 1655 3826; x_wconf 89' lang='lat' dir='ltr'><strong>carne</strong></span> <span class='ocrx_word' id='word_1_295' title='bbox 1678 3769 1759 3821; x_wconf 83' lang='lat' dir='ltr'><strong>in—</strong></span> 
     </span>
    </p>
   </div>
   <div class='ocr_carea' id='block_1_38' title="bbox 180 3860 1762 3945">
    <p class='ocr_par' dir='ltr' id='par_1_38' title="bbox 180 3860 1762 3945">
     <span class='ocr_line' id='line_1_38' title="bbox 180 3860 1762 3945; baseline -0.011 -16"><span class='ocrx_word' id='word_1_296' title='bbox 180 3876 294 3945; x_wconf 81' lang='lat' dir='ltr'><strong>trgri</strong></span> <span class='ocrx_word' id='word_1_297' title='bbox 321 3884 440 3929; x_wconf 91' lang='lat' dir='ltr'><strong>sunt</strong></span> <span class='ocrx_word' id='word_1_298' title='bbox 470 3892 484 3927; x_wconf 92' lang='lat'>:</span> <span class='ocrx_word' id='word_1_299' title='bbox 518 3872 618 3929; x_wconf 90' lang='lat' dir='ltr'><strong>sed</strong></span> <span class='ocrx_word' id='word_1_300' title='bbox 647 3869 888 3925; x_wconf 79' lang='lat' dir='ltr'><strong>Verbum</strong></span> <span class='ocrx_word' id='word_1_301' title='bbox 907 3881 1032 3922; x_wconf 83' lang='lat' dir='ltr'><strong>caro</strong></span> <span class='ocrx_word' id='word_1_302' title='bbox 1061 3865 1254 3920; x_wconf 82' lang='lat' dir='ltr'><strong>factum</strong></span> <span class='ocrx_word' id='word_1_303' title='bbox 1286 3877 1390 3917; x_wconf 92' lang='lat' dir='ltr'><strong>non</strong></span> <span class='ocrx_word' id='word_1_304' title='bbox 1416 3870 1558 3915; x_wconf 86' lang='lat' dir='ltr'><strong>sunt.</strong></span> <span class='ocrx_word' id='word_1_305' title='bbox 1591 3860 1655 3914; x_wconf 85' lang='lat' dir='ltr'><strong>Et</strong></span> <span class='ocrx_word' id='word_1_306' title='bbox 1685 3868 1762 3913; x_wconf 89' lang='lat' dir='ltr'><strong>ta-</strong></span> 
     </span>
    </p>
   </div>
   <div class='ocr_carea' id='block_1_39' title="bbox 179 3947 1761 4030">
    <p class='ocr_par' dir='ltr' id='par_1_39' title="bbox 179 3947 1761 4030">
     <span class='ocr_line' id='line_1_39' title="bbox 179 3947 1761 4030; baseline -0.013 -9"><span class='ocrx_word' id='word_1_307' title='bbox 179 3982 286 4021; x_wconf 84' lang='lat' dir='ltr'><strong>men</strong></span> <span class='ocrx_word' id='word_1_308' title='bbox 310 3965 516 4020; x_wconf 83' lang='lat' dir='ltr'><strong>discant</strong></span> <span class='ocrx_word' id='word_1_309' title='bbox 535 4005 551 4030; x_wconf 91' lang='lat'><strong>,</strong></span> <span class='ocrx_word' id='word_1_310' title='bbox 581 3977 703 4019; x_wconf 90' lang='lat' dir='ltr'><strong>non</strong></span> <span class='ocrx_word' id='word_1_311' title='bbox 731 3960 799 4015; x_wconf 89' lang='lat' dir='ltr'><strong>ab</strong></span> <span class='ocrx_word' id='word_1_312' title='bbox 830 3959 909 4014; x_wconf 90' lang='lat' dir='ltr'><strong>eis</strong></span> <span class='ocrx_word' id='word_1_313' title='bbox 930 3958 1122 4028; x_wconf 89' lang='lat' dir='ltr'><strong>quibus</strong></span> <span class='ocrx_word' id='word_1_314' title='bbox 1151 3963 1363 4025; x_wconf 88' lang='lat' dir='ltr'><strong>peccata</strong></span> <span class='ocrx_word' id='word_1_315' title='bbox 1394 3950 1637 4015; x_wconf 89' lang='lat' dir='ltr'><strong>dimittis,</strong></span> <span class='ocrx_word' id='word_1_316' title='bbox 1667 3947 1761 4003; x_wconf 90' lang='lat' dir='ltr'><strong>sed</strong></span> 
     </span>
    </p>
   </div>
   <div class='ocr_carea' id='block_1_40' title="bbox 178 4040 1759 4127">
    <p class='ocr_par' dir='ltr' id='par_1_40' title="bbox 178 4040 1759 4127">
     <span class='ocr_line' id='line_1_40' title="bbox 178 4040 1759 4127; baseline -0.013 -14"><span class='ocrx_word' id='word_1_317' title='bbox 178 4075 205 4113; x_wconf 89' lang='lat' dir='ltr'><strong>a</strong></span> <span class='ocrx_word' id='word_1_318' title='bbox 238 4069 283 4114; x_wconf 89' lang='lat' dir='ltr'><strong>te</strong></span> <span class='ocrx_word' id='word_1_319' title='bbox 321 4060 433 4127; x_wconf 89' lang='lat' dir='ltr'><strong>ipso</strong></span> <span class='ocrx_word' id='word_1_320' title='bbox 462 4057 625 4127; x_wconf 83' lang='lat' dir='ltr'><strong>Agno</strong></span> <span class='ocrx_word' id='word_1_321' title='bbox 655 4052 788 4118; x_wconf 89' lang='lat' dir='ltr'><strong>Dei,</strong></span> <span class='ocrx_word' id='word_1_322' title='bbox 819 4050 909 4120; x_wconf 92' lang='lat' dir='ltr'><strong>qui</strong></span> <span class='ocrx_word' id='word_1_323' title='bbox 937 4048 1078 4104; x_wconf 91' lang='lat' dir='ltr'><strong>tollis</strong></span> <span class='ocrx_word' id='word_1_324' title='bbox 1109 4054 1323 4117; x_wconf 86' lang='lat' dir='ltr'><strong>peccata</strong></span> <span class='ocrx_word' id='word_1_325' title='bbox 1352 4041 1534 4098; x_wconf 90' lang='lat' dir='ltr'><strong>mundi</strong></span> <span class='ocrx_word' id='word_1_326' title='bbox 1569 4040 1759 4114; x_wconf 83' lang='lat' dir='ltr'><strong>(Joan.</strong></span> 
     </span>
    </p>
   </div>
   <div class='ocr_carea' id='block_1_41' title="bbox 180 4129 1761 4217">
    <p class='ocr_par' dir='ltr' id='par_1_41' title="bbox 180 4129 1761 4217">
     <span class='ocr_line' id='line_1_41' title="bbox 180 4129 1761 4217; baseline -0.011 -15"><span class='ocrx_word' id='word_1_327' title='bbox 180 4164 228 4213; x_wconf 84' lang='grc' dir='ltr'>ι,</span> <span class='ocrx_word' id='word_1_328' title='bbox 265 4151 363 4213; x_wconf 64' lang='lat' dir='ltr'><strong>ll,</strong></span> <span class='ocrx_word' id='word_1_329' title='bbox 415 4148 510 4217; x_wconf 68' lang='grc' dir='ltr'><strong>ΞΘ)</strong></span> <span class='ocrx_word' id='word_1_330' title='bbox 540 4190 555 4210; x_wconf 86' lang='grc'><em>,</em></span> <span class='ocrx_word' id='word_1_331' title='bbox 599 4143 864 4216; x_wconf 83' lang='lat' dir='ltr'><strong>quoniam</strong></span> <span class='ocrx_word' id='word_1_332' title='bbox 902 4140 1046 4194; x_wconf 90' lang='lat' dir='ltr'><strong>mitis</strong></span> <span class='ocrx_word' id='word_1_333' title='bbox 1092 4153 1151 4193; x_wconf 90' lang='lat' dir='ltr'><strong>es</strong></span> <span class='ocrx_word' id='word_1_334' title='bbox 1199 4145 1255 4192; x_wconf 91' lang='lat' dir='ltr'><strong>et</strong></span> <span class='ocrx_word' id='word_1_335' title='bbox 1324 4134 1536 4189; x_wconf 87' lang='lat' dir='ltr'><strong>humilis</strong></span> <span class='ocrx_word' id='word_1_336' title='bbox 1579 4129 1761 4187; x_wconf 90' lang='lat' dir='ltr'><strong>corde.</strong></span> 
     </span>
    </p>
   </div>
   <div class='ocr_carea' id='block_1_42' title="bbox 238 4224 1764 4311">
    <p class='ocr_par' dir='ltr' id='par_1_42' title="bbox 238 4224 1764 4311">
     <span class='ocr_line' id='line_1_42' title="bbox 238 4224 1764 4311; baseline -0.014 -15"><span class='ocrx_word' id='word_1_337' title='bbox 238 4242 319 4296; x_wconf 75' lang='lat'><strong>58.</strong></span> <span class='ocrx_word' id='word_1_338' title='bbox 342 4241 457 4296; x_wconf 86' lang='lat' dir='ltr'><strong>Non</strong></span> <span class='ocrx_word' id='word_1_339' title='bbox 497 4254 607 4311; x_wconf 86' lang='lat' dir='ltr'><strong>ego</strong></span> <span class='ocrx_word' id='word_1_340' title='bbox 640 4246 696 4291; x_wconf 89' lang='lat' dir='ltr'><strong>te</strong></span> <span class='ocrx_word' id='word_1_341' title='bbox 715 4277 730 4304; x_wconf 93' lang='lat'><strong>,</strong></span> <span class='ocrx_word' id='word_1_342' title='bbox 771 4235 946 4289; x_wconf 89' lang='lat' dir='ltr'><strong>anima</strong></span> <span class='ocrx_word' id='word_1_343' title='bbox 970 4230 1055 4302; x_wconf 91' lang='lat' dir='ltr'><strong>pie</strong></span> <span class='ocrx_word' id='word_1_344' title='bbox 1083 4228 1270 4300; x_wconf 88' lang='lat' dir='ltr'><strong>pudica</strong></span> <span class='ocrx_word' id='word_1_345' title='bbox 1292 4269 1306 4294; x_wconf 94' lang='lat'><strong>,</strong></span> <span class='ocrx_word' id='word_1_346' title='bbox 1330 4242 1447 4297; x_wconf 67' lang='lat' dir='ltr'><strong>quin</strong></span> <span class='ocrx_word' id='word_1_347' title='bbox 1474 4224 1764 4295; x_wconf 89' lang='lat' dir='ltr'><strong>appetitum</strong></span> 
     </span>
    </p>
   </div>
   <div class='ocr_carea' id='block_1_43' title="bbox 180 4316 1769 4398">
    <p class='ocr_par' dir='ltr' id='par_1_43' title="bbox 180 4316 1769 4398">
     <span class='ocr_line' id='line_1_43' title="bbox 180 4316 1769 4398; baseline -0.01 -13"><span class='ocrx_word' id='word_1_348' title='bbox 180 4333 427 4387; x_wconf 84' lang='lat' dir='ltr'><strong>carnalem</strong></span> <span class='ocrx_word' id='word_1_349' title='bbox 467 4347 574 4387; x_wconf 89' lang='lat' dir='ltr'><strong>nec</strong></span> <span class='ocrx_word' id='word_1_350' title='bbox 616 4342 795 4398; x_wconf 90' lang='lat' dir='ltr'><strong>usque</strong></span> <span class='ocrx_word' id='word_1_351' title='bbox 831 4325 897 4380; x_wconf 88' lang='lat' dir='ltr'><strong>ad</strong></span> <span class='ocrx_word' id='word_1_352' title='bbox 936 4336 1251 4380; x_wconf 90' lang='lat' dir='ltr'><strong>concessum</strong></span> <span class='ocrx_word' id='word_1_353' title='bbox 1290 4318 1590 4389; x_wconf 91' lang='lat' dir='ltr'><strong>conjugium</strong></span> <span class='ocrx_word' id='word_1_354' title='bbox 1630 4316 1769 4371; x_wconf 79' lang='lat' dir='ltr'><strong>rela-</strong></span> 
     </span>
    </p>
   </div>
   <div class='ocr_carea' id='block_1_44' title="bbox 180 4408 1768 4494">
    <p class='ocr_par' dir='ltr' id='par_1_44' title="bbox 180 4408 1768 4494">
     <span class='ocr_line' id='line_1_44' title="bbox 180 4408 1768 4494; baseline -0.011 -18"><span class='ocrx_word' id='word_1_355' title='bbox 180 4425 297 4478; x_wconf 75' lang='lat' dir='ltr'><strong>usti</strong></span> <span class='ocrx_word' id='word_1_356' title='bbox 317 4466 332 4491; x_wconf 93' lang='lat'><strong>,</strong></span> <span class='ocrx_word' id='word_1_357' title='bbox 357 4439 481 4494; x_wconf 66' lang='lat' dir='ltr'><strong>qua:</strong></span> <span class='ocrx_word' id='word_1_358' title='bbox 521 4421 883 4476; x_wconf 87' lang='lat' dir='ltr'><strong>decessurum</strong></span> <span class='ocrx_word' id='word_1_359' title='bbox 913 4428 1107 4483; x_wconf 90' lang='lat' dir='ltr'><strong>corpus</strong></span> <span class='ocrx_word' id='word_1_360' title='bbox 1133 4426 1232 4466; x_wconf 90' lang='lat' dir='ltr'><strong>nec</strong></span> <span class='ocrx_word' id='word_1_361' title='bbox 1260 4408 1553 4465; x_wconf 90' lang='lat' dir='ltr'><strong>successori</strong></span> <span class='ocrx_word' id='word_1_362' title='bbox 1577 4421 1768 4477; x_wconf 87' lang='lat' dir='ltr'><strong>propa-</strong></span> 
     </span>
    </p>
   </div>
   <div class='ocr_carea' id='block_1_45' title="bbox 181 4497 1769 4583">
    <p class='ocr_par' dir='ltr' id='par_1_45' title="bbox 181 4497 1769 4583">
     <span class='ocr_line' id='line_1_45' title="bbox 181 4497 1769 4583; baseline -0.013 -13"><span class='ocrx_word' id='word_1_363' title='bbox 181 4515 337 4583; x_wconf 75' lang='lat' dir='ltr'><strong>gando</strong></span> <span class='ocrx_word' id='word_1_364' title='bbox 372 4511 693 4575; x_wconf 89' lang='lat' dir='ltr'><strong>indulsisti,</strong></span> <span class='ocrx_word' id='word_1_365' title='bbox 730 4522 853 4579; x_wconf 72' lang='lat' dir='ltr'><strong>qua:</strong></span> <span class='ocrx_word' id='word_1_366' title='bbox 902 4503 1160 4559; x_wconf 80' lang='lat' dir='ltr'><strong>ﬂuitantia</strong></span> <span class='ocrx_word' id='word_1_367' title='bbox 1209 4501 1447 4556; x_wconf 85' lang='lat' dir='ltr'><strong>membra</strong></span> <span class='ocrx_word' id='word_1_368' title='bbox 1476 4508 1683 4554; x_wconf 90' lang='lat' dir='ltr'><strong>terrena</strong></span> <span class='ocrx_word' id='word_1_369' title='bbox 1716 4497 1769 4550; x_wconf 93' lang='lat' dir='ltr'><strong>in</strong></span> 
     </span>
    </p>
   </div>
   <div class='ocr_carea' id='block_1_46' title="bbox 179 4593 1774 4665">
    <p class='ocr_par' dir='ltr' id='par_1_46' title="bbox 179 4593 1774 4665">
     <span class='ocr_line' id='line_1_46' title="bbox 179 4593 1774 4665; baseline -0.012 -4"><span class='ocrx_word' id='word_1_370' title='bbox 179 4607 285 4661; x_wconf 61' lang='lat' dir='ltr'><strong>caeli</strong></span> <span class='ocrx_word' id='word_1_371' title='bbox 330 4600 796 4661; x_wconf 78' lang='lat' dir='ltr'><strong>consuetudinem</strong></span> <span class='ocrx_word' id='word_1_372' title='bbox 850 4593 1175 4665; x_wconf 68' lang='lat' dir='ltr'><strong>suspendisti</strong></span> <span class='ocrx_word' id='word_1_373' title='bbox 1222 4609 1235 4646; x_wconf 88' lang='lat'><strong>:</strong></span> <span class='ocrx_word' id='word_1_374' title='bbox 1278 4607 1383 4646; x_wconf 92' lang='lat' dir='ltr'><strong>non</strong></span> <span class='ocrx_word' id='word_1_375' title='bbox 1431 4605 1530 4660; x_wconf 87' lang='lat' dir='ltr'><strong>ego</strong></span> <span class='ocrx_word' id='word_1_376' title='bbox 1570 4599 1658 4655; x_wconf 90' lang='lat' dir='ltr'><strong>te,</strong></span> <span class='ocrx_word' id='word_1_377' title='bbox 1713 4595 1774 4642; x_wconf 88' lang='lat' dir='ltr'><strong>ut</strong></span> 
     </span>
    </p>
   </div>
   <div class='ocr_carea' id='block_1_47' title="bbox 182 4680 1771 4758">
    <p class='ocr_par' dir='ltr' id='par_1_47' title="bbox 182 4680 1771 4758">
     <span class='ocr_line' id='line_1_47' title="bbox 182 4680 1771 4758; baseline -0.014 -4"><span class='ocrx_word' id='word_1_378' title='bbox 182 4698 340 4753; x_wconf 83' lang='lat' dir='ltr'><strong>discas</strong></span> <span class='ocrx_word' id='word_1_379' title='bbox 361 4696 759 4756; x_wconf 85' lang='lat' dir='ltr'><strong>humilitatem,</strong></span> <span class='ocrx_word' id='word_1_380' title='bbox 775 4690 842 4743; x_wconf 88' lang='lat' dir='ltr'><strong>ad</strong></span> <span class='ocrx_word' id='word_1_381' title='bbox 870 4687 1174 4758; x_wconf 84' lang='lat' dir='ltr'><strong>publicanos</strong></span> <span class='ocrx_word' id='word_1_382' title='bbox 1195 4693 1249 4740; x_wconf 92' lang='lat' dir='ltr'><strong>et</strong></span> <span class='ocrx_word' id='word_1_383' title='bbox 1272 4690 1578 4753; x_wconf 88' lang='lat' dir='ltr'><strong>peccatores</strong></span> <span class='ocrx_word' id='word_1_384' title='bbox 1598 4680 1771 4747; x_wconf 92' lang='lat' dir='ltr'><strong>mitto,</strong></span> 
     </span>
    </p>
   </div>
   <div class='ocr_carea' id='block_1_48' title="bbox 179 4772 1772 4861">
    <p class='ocr_par' dir='ltr' id='par_1_48' title="bbox 179 4772 1772 4861">
     <span class='ocr_line' id='line_1_48' title="bbox 179 4772 1772 4861; baseline -0.013 -16"><span class='ocrx_word' id='word_1_385' title='bbox 179 4790 259 4861; x_wconf 85' lang='lat' dir='ltr'><strong>qui</strong></span> <span class='ocrx_word' id='word_1_386' title='bbox 286 4801 463 4845; x_wconf 86' lang='lat' dir='ltr'><strong>tamen</strong></span> <span class='ocrx_word' id='word_1_387' title='bbox 494 4789 550 4843; x_wconf 86' lang='lat' dir='ltr'><strong>in</strong></span> <span class='ocrx_word' id='word_1_388' title='bbox 584 4799 812 4855; x_wconf 86' lang='lat' dir='ltr'><strong>regnum</strong></span> <span class='ocrx_word' id='word_1_389' title='bbox 838 4781 1094 4835; x_wconf 59' lang='lat' dir='ltr'><strong>caelorum</strong></span> <span class='ocrx_word' id='word_1_390' title='bbox 1136 4774 1444 4848; x_wconf 68' lang='lat' dir='ltr'><strong>prmcedunt</strong></span> <span class='ocrx_word' id='word_1_391' title='bbox 1473 4772 1772 4843; x_wconf 89' lang='lat' dir='ltr'><strong>superbos;</strong></span> 
     </span>
    </p>
   </div>
   <div class='ocr_carea' id='block_1_49' title="bbox 184 4862 1776 4940">
    <p class='ocr_par' dir='ltr' id='par_1_49' title="bbox 184 4862 1776 4940">
     <span class='ocr_line' id='line_1_49' title="bbox 184 4862 1776 4940; baseline -0.011 -7"><span class='ocrx_word' id='word_1_392' title='bbox 184 4897 277 4935; x_wconf 84' lang='lat' dir='ltr'><strong>non</strong></span> <span class='ocrx_word' id='word_1_393' title='bbox 315 4892 367 4935; x_wconf 90' lang='lat' dir='ltr'><strong>te</strong></span> <span class='ocrx_word' id='word_1_394' title='bbox 396 4879 466 4935; x_wconf 87' lang='lat' dir='ltr'><strong>ad</strong></span> <span class='ocrx_word' id='word_1_395' title='bbox 518 4880 626 4932; x_wconf 85' lang='lat' dir='ltr'><strong>hos</strong></span> <span class='ocrx_word' id='word_1_396' title='bbox 656 4875 849 4937; x_wconf 87' lang='lat' dir='ltr'><strong>mitto;</strong></span> <span class='ocrx_word' id='word_1_397' title='bbox 883 4870 1079 4940; x_wconf 86' lang='lat' dir='ltr'><strong>indigni</strong></span> <span class='ocrx_word' id='word_1_398' title='bbox 1110 4876 1232 4923; x_wconf 89' lang='lat' dir='ltr'><strong>sunt</strong></span> <span class='ocrx_word' id='word_1_399' title='bbox 1261 4868 1401 4921; x_wconf 92' lang='lat' dir='ltr'><strong>enim</strong></span> <span class='ocrx_word' id='word_1_400' title='bbox 1440 4865 1528 4936; x_wconf 90' lang='lat' dir='ltr'><strong>qui</strong></span> <span class='ocrx_word' id='word_1_401' title='bbox 1573 4864 1639 4917; x_wconf 90' lang='lat' dir='ltr'><strong>ah</strong></span> <span class='ocrx_word' id='word_1_402' title='bbox 1672 4862 1776 4917; x_wconf 54' lang='lat' dir='ltr'><strong>im.</strong></span> 
     </span>
    </p>
   </div>
   <div class='ocr_carea' id='block_1_50' title="bbox 181 4953 1778 5039">
    <p class='ocr_par' dir='ltr' id='par_1_50' title="bbox 181 4953 1778 5039">
     <span class='ocr_line' id='line_1_50' title="bbox 181 4953 1778 5039; baseline -0.012 -12"><span class='ocrx_word' id='word_1_403' title='bbox 181 4973 446 5029; x_wconf 68' lang='lat' dir='ltr'><strong>munditia:</strong></span> <span class='ocrx_word' id='word_1_404' title='bbox 477 4969 747 5039; x_wconf 83' lang='lat' dir='ltr'><strong>voragine</strong></span> <span class='ocrx_word' id='word_1_405' title='bbox 776 4964 980 5019; x_wconf 87' lang='lat' dir='ltr'><strong>liberati</strong></span> <span class='ocrx_word' id='word_1_406' title='bbox 1010 4973 1133 5016; x_wconf 89' lang='lat' dir='ltr'><strong>sunt</strong></span> <span class='ocrx_word' id='word_1_407' title='bbox 1158 5002 1173 5027; x_wconf 90' lang='lat'><strong>,</strong></span> <span class='ocrx_word' id='word_1_408' title='bbox 1208 4971 1263 5014; x_wconf 91' lang='lat' dir='ltr'><strong>ut</strong></span> <span class='ocrx_word' id='word_1_409' title='bbox 1283 4957 1347 5013; x_wconf 87' lang='lat' dir='ltr'><strong>ad</strong></span> <span class='ocrx_word' id='word_1_410' title='bbox 1366 4973 1459 5013; x_wconf 93' lang='lat' dir='ltr'><strong>eos</strong></span> <span class='ocrx_word' id='word_1_411' title='bbox 1491 4953 1778 5010; x_wconf 86' lang='lat' dir='ltr'><strong>imitandos</strong></span> 
     </span>
    </p>
   </div>
   <div class='ocr_carea' id='block_1_51' title="bbox 184 5047 1777 5128">
    <p class='ocr_par' dir='ltr' id='par_1_51' title="bbox 184 5047 1777 5128">
     <span class='ocr_line' id='line_1_51' title="bbox 184 5047 1777 5128; baseline -0.014 -8"><span class='ocrx_word' id='word_1_412' title='bbox 184 5068 411 5120; x_wconf 84' lang='lat' dir='ltr'><strong>mittatur</strong></span> <span class='ocrx_word' id='word_1_413' title='bbox 441 5064 659 5119; x_wconf 87' lang='lat' dir='ltr'><strong>illibata</strong></span> <span class='ocrx_word' id='word_1_414' title='bbox 689 5056 965 5128; x_wconf 84' lang='lat' dir='ltr'><strong>virginitas</strong></span> <span class='ocrx_word' id='word_1_415' title='bbox 994 5072 1007 5108; x_wconf 91' lang='lat'><strong>:</strong></span> <span class='ocrx_word' id='word_1_416' title='bbox 1039 5052 1108 5107; x_wconf 89' lang='lat' dir='ltr'><strong>ad</strong></span> <span class='ocrx_word' id='word_1_417' title='bbox 1138 5053 1335 5121; x_wconf 80' lang='lat' dir='ltr'><strong>Regem</strong></span> <span class='ocrx_word' id='word_1_418' title='bbox 1359 5050 1479 5105; x_wconf 66' lang='lat' dir='ltr'><strong>coeli</strong></span> <span class='ocrx_word' id='word_1_419' title='bbox 1505 5057 1554 5102; x_wconf 85' lang='lat' dir='ltr'><strong>te</strong></span> <span class='ocrx_word' id='word_1_420' title='bbox 1582 5047 1732 5100; x_wconf 89' lang='lat' dir='ltr'><strong>mitto</strong></span> <span class='ocrx_word' id='word_1_421' title='bbox 1761 5085 1777 5111; x_wconf 92' lang='lat'><strong>,</strong></span> 
     </span>
    </p>
   </div>
   <div class='ocr_carea' id='block_1_52' title="bbox 180 5140 1783 5226">
    <p class='ocr_par' dir='ltr' id='par_1_52' title="bbox 180 5140 1783 5226">
     <span class='ocr_line' id='line_1_52' title="bbox 180 5140 1783 5226; baseline -0.011 -16"><span class='ocrx_word' id='word_1_422' title='bbox 180 5158 239 5212; x_wconf 87' lang='lat' dir='ltr'><strong>ad</strong></span> <span class='ocrx_word' id='word_1_423' title='bbox 258 5174 377 5213; x_wconf 89' lang='lat' dir='ltr'><strong>eum</strong></span> <span class='ocrx_word' id='word_1_424' title='bbox 422 5172 524 5226; x_wconf 86' lang='lat' dir='ltr'><strong>per</strong></span> <span class='ocrx_word' id='word_1_425' title='bbox 553 5168 718 5224; x_wconf 83' lang='lat' dir='ltr'><strong>quem</strong></span> <span class='ocrx_word' id='word_1_426' title='bbox 748 5148 915 5204; x_wconf 84' lang='lat' dir='ltr'><strong>creati</strong></span> <span class='ocrx_word' id='word_1_427' title='bbox 942 5155 1065 5201; x_wconf 88' lang='lat' dir='ltr'><strong>sunt</strong></span> <span class='ocrx_word' id='word_1_428' title='bbox 1088 5144 1327 5200; x_wconf 87' lang='lat' dir='ltr'><strong>homines</strong></span> <span class='ocrx_word' id='word_1_429' title='bbox 1349 5185 1362 5206; x_wconf 90' lang='lat'><strong>,</strong></span> <span class='ocrx_word' id='word_1_430' title='bbox 1388 5150 1441 5196; x_wconf 91' lang='lat' dir='ltr'><strong>et</strong></span> <span class='ocrx_word' id='word_1_431' title='bbox 1465 5140 1551 5211; x_wconf 88' lang='lat' dir='ltr'><strong>qui</strong></span> <span class='ocrx_word' id='word_1_432' title='bbox 1573 5146 1783 5194; x_wconf 86' lang='lat' dir='ltr'><strong>creatus</strong></span> 
     </span>
    </p>
   </div>
   <div class='ocr_carea' id='block_1_53' title="bbox 182 5231 1781 5311">
    <p class='ocr_par' dir='ltr' id='par_1_53' title="bbox 182 5231 1781 5311">
     <span class='ocr_line' id='line_1_53' title="bbox 182 5231 1781 5311; baseline -0.013 -7"><span class='ocrx_word' id='word_1_433' title='bbox 182 5261 257 5304; x_wconf 88' lang='lat' dir='ltr'><strong>est</strong></span> <span class='ocrx_word' id='word_1_434' title='bbox 284 5252 425 5304; x_wconf 85' lang='lat' dir='ltr'><strong>inter</strong></span> <span class='ocrx_word' id='word_1_435' title='bbox 454 5246 717 5301; x_wconf 87' lang='lat' dir='ltr'><strong>homines</strong></span> <span class='ocrx_word' id='word_1_436' title='bbox 764 5248 981 5311; x_wconf 87' lang='lat' dir='ltr'><strong>propter</strong></span> <span class='ocrx_word' id='word_1_437' title='bbox 1036 5237 1315 5302; x_wconf 91' lang='lat' dir='ltr'><strong>homines;</strong></span> <span class='ocrx_word' id='word_1_438' title='bbox 1362 5234 1427 5289; x_wconf 88' lang='lat' dir='ltr'><strong>ad</strong></span> <span class='ocrx_word' id='word_1_439' title='bbox 1483 5231 1781 5303; x_wconf 88' lang='lat' dir='ltr'><strong>speciosum</strong></span> 
     </span>
    </p>
   </div>
   <div class='ocr_carea' id='block_1_54' title="bbox 181 5324 1785 5411">
    <p class='ocr_par' dir='ltr' id='par_1_54' title="bbox 181 5324 1785 5411">
     <span class='ocr_line' id='line_1_54' title="bbox 181 5324 1785 5411; baseline -0.014 -14"><span class='ocrx_word' id='word_1_440' title='bbox 181 5341 343 5397; x_wconf 75' lang='lat' dir='ltr'><strong>forma</strong></span> <span class='ocrx_word' id='word_1_441' title='bbox 390 5356 511 5411; x_wconf 72' lang='lat' dir='ltr'><strong>pra:</strong></span> <span class='ocrx_word' id='word_1_442' title='bbox 570 5337 698 5391; x_wconf 75' lang='lat' dir='ltr'><strong>(iliis</strong></span> <span class='ocrx_word' id='word_1_443' title='bbox 745 5333 1019 5388; x_wconf 89' lang='lat' dir='ltr'><strong>hominum</strong></span> <span class='ocrx_word' id='word_1_444' title='bbox 1058 5327 1233 5403; x_wconf 87' lang='lat' dir='ltr'><strong>(Psal.</strong></span> <span class='ocrx_word' id='word_1_445' title='bbox 1262 5341 1388 5382; x_wconf 80' lang='lat' dir='ltr'><strong>xuv</strong></span> <span class='ocrx_word' id='word_1_446' title='bbox 1413 5367 1427 5391; x_wconf 91' lang='lat'><strong>,</strong></span> <span class='ocrx_word' id='word_1_447' title='bbox 1454 5324 1548 5395; x_wconf 83' lang='lat'><strong>5),</strong></span> <span class='ocrx_word' id='word_1_448' title='bbox 1578 5332 1631 5377; x_wconf 91' lang='lat' dir='ltr'><strong>et</strong></span> <span class='ocrx_word' id='word_1_449' title='bbox 1656 5337 1785 5378; x_wconf 87' lang='lat' dir='ltr'><strong>con-</strong></span> 
     </span>
    </p>
   </div>
   <div class='ocr_carea' id='block_1_55' title="bbox 183 5413 1785 5505">
    <p class='ocr_par' dir='ltr' id='par_1_55' title="bbox 183 5413 1785 5505">
     <span class='ocr_line' id='line_1_55' title="bbox 183 5413 1785 5505; baseline -0.012 -19"><span class='ocrx_word' id='word_1_450' title='bbox 183 5444 440 5505; x_wconf 71' lang='lat' dir='ltr'><strong>temptum</strong></span> <span class='ocrx_word' id='word_1_451' title='bbox 471 5446 505 5485; x_wconf 86' lang='lat' dir='ltr'><strong>a</strong></span> <span class='ocrx_word' id='word_1_452' title='bbox 561 5428 688 5483; x_wconf 82' lang='lat' dir='ltr'><strong>ﬁliis</strong></span> <span class='ocrx_word' id='word_1_453' title='bbox 732 5424 1011 5480; x_wconf 88' lang='lat' dir='ltr'><strong>hominum</strong></span> <span class='ocrx_word' id='word_1_454' title='bbox 1064 5435 1159 5491; x_wconf 89' lang='lat' dir='ltr'><strong>pro</strong></span> <span class='ocrx_word' id='word_1_455' title='bbox 1209 5418 1332 5473; x_wconf 81' lang='lat' dir='ltr'><strong>filiis</strong></span> <span class='ocrx_word' id='word_1_456' title='bbox 1383 5413 1785 5480; x_wconf 88' lang='lat' dir='ltr'><strong>hominum,ad</strong></span> 
     </span>
    </p>
   </div>
   <div class='ocr_carea' id='block_1_56' title="bbox 179 5506 1789 5595">
    <p class='ocr_par' dir='ltr' id='par_1_56' title="bbox 179 5506 1789 5595">
     <span class='ocr_line' id='line_1_56' title="bbox 179 5506 1789 5595; baseline -0.014 -14"><span class='ocrx_word' id='word_1_457' title='bbox 179 5541 296 5581; x_wconf 80' lang='lat' dir='ltr'><strong>eum</strong></span> <span class='ocrx_word' id='word_1_458' title='bbox 316 5525 410 5595; x_wconf 86' lang='lat' dir='ltr'><strong>qui</strong></span> <span class='ocrx_word' id='word_1_459' title='bbox 439 5523 741 5577; x_wconf 86' lang='lat' dir='ltr'><strong>dominans</strong></span> <span class='ocrx_word' id='word_1_460' title='bbox 783 5514 1000 5584; x_wconf 81' lang='lat' dir='ltr'><strong>Angelis</strong></span> <span class='ocrx_word' id='word_1_461' title='bbox 1027 5510 1416 5567; x_wconf 86' lang='lat' dir='ltr'><strong>immortalibus</strong></span> <span class='ocrx_word' id='word_1_462' title='bbox 1434 5551 1450 5577; x_wconf 96' lang='lat'><strong>,</strong></span> <span class='ocrx_word' id='word_1_463' title='bbox 1507 5522 1611 5563; x_wconf 92' lang='lat' dir='ltr'><strong>non</strong></span> <span class='ocrx_word' id='word_1_464' title='bbox 1638 5506 1789 5561; x_wconf 86' lang='lat' dir='ltr'><strong>dedi-</strong></span> 
     </span>
    </p>
   </div>
   <div class='ocr_carea' id='block_1_57' title="bbox 181 5598 1787 5684">
    <p class='ocr_par' dir='ltr' id='par_1_57' title="bbox 181 5598 1787 5684">
     <span class='ocr_line' id='line_1_57' title="bbox 181 5598 1787 5684; baseline -0.013 -14"><span class='ocrx_word' id='word_1_465' title='bbox 181 5626 368 5684; x_wconf 80' lang='lat' dir='ltr'><strong>gnatus</strong></span> <span class='ocrx_word' id='word_1_466' title='bbox 384 5622 475 5669; x_wconf 89' lang='lat' dir='ltr'><strong>est</strong></span> <span class='ocrx_word' id='word_1_467' title='bbox 502 5608 716 5666; x_wconf 82' lang='lat' dir='ltr'><strong>servire</strong></span> <span class='ocrx_word' id='word_1_468' title='bbox 738 5604 1072 5661; x_wconf 88' lang='lat' dir='ltr'><strong>mortalibus.</strong></span> <span class='ocrx_word' id='word_1_469' title='bbox 1093 5602 1226 5657; x_wconf 87' lang='lat' dir='ltr'><strong>Eum</strong></span> <span class='ocrx_word' id='word_1_470' title='bbox 1252 5609 1396 5657; x_wconf 91' lang='lat' dir='ltr'><strong>certe</strong></span> <span class='ocrx_word' id='word_1_471' title='bbox 1410 5598 1664 5653; x_wconf 90' lang='lat' dir='ltr'><strong>humilem</strong></span> <span class='ocrx_word' id='word_1_472' title='bbox 1684 5612 1787 5650; x_wconf 93' lang='lat' dir='ltr'><strong>non</strong></span> 
     </span>
    </p>
   </div>
   <div class='ocr_carea' id='block_1_58' title="bbox 186 5693 1789 5779">
    <p class='ocr_par' dir='ltr' id='par_1_58' title="bbox 186 5693 1789 5779">
     <span class='ocr_line' id='line_1_58' title="bbox 186 5693 1789 5779; baseline -0.012 -19"><span class='ocrx_word' id='word_1_473' title='bbox 186 5704 435 5779; x_wconf 74' lang='lat' dir='ltr'><strong>iniquitas</strong></span> <span class='ocrx_word' id='word_1_474' title='bbox 458 5745 474 5768; x_wconf 93' lang='lat'><strong>,</strong></span> <span class='ocrx_word' id='word_1_475' title='bbox 507 5701 611 5756; x_wconf 87' lang='lat' dir='ltr'><strong>sed</strong></span> <span class='ocrx_word' id='word_1_476' title='bbox 639 5698 875 5755; x_wconf 87' lang='lat' dir='ltr'><strong>charitas</strong></span> <span class='ocrx_word' id='word_1_477' title='bbox 905 5695 1063 5760; x_wconf 77' lang='lat' dir='ltr'><strong>fecit;</strong></span> <span class='ocrx_word' id='word_1_478' title='bbox 1096 5693 1317 5748; x_wconf 81' lang='lat' dir='ltr'><strong>charitas</strong></span> <span class='ocrx_word' id='word_1_479' title='bbox 1347 5705 1466 5763; x_wconf 62' lang='lat' dir='ltr'><strong>quae</strong></span> <span class='ocrx_word' id='word_1_480' title='bbox 1498 5706 1600 5745; x_wconf 90' lang='lat' dir='ltr'><strong>non</strong></span> <span class='ocrx_word' id='word_1_481' title='bbox 1630 5703 1789 5742; x_wconf 71' lang='lat' dir='ltr'><strong>temu—</strong></span> 
     </span>
    </p>
   </div>
   <div class='ocr_carea' id='block_1_59' title="bbox 242 5847 1323 5913">
    <p class='ocr_par' dir='ltr' id='par_1_59' title="bbox 242 5847 1323 5913">
     <span class='ocr_line' id='line_1_59' title="bbox 242 5847 1323 5913; baseline -0.012 -2"><span class='ocrx_word' id='word_1_482' title='bbox 242 5866 257 5894; x_wconf 84' lang='grc'>¹</span> <span class='ocrx_word' id='word_1_483' title='bbox 285 5861 396 5911; x_wconf 70' lang='lat' dir='ltr'><strong>sola</strong></span> <span class='ocrx_word' id='word_1_484' title='bbox 418 5859 588 5909; x_wconf 83' lang='lat' dir='ltr'><strong>editio</strong></span> <span class='ocrx_word' id='word_1_485' title='bbox 605 5863 711 5905; x_wconf 64' lang='grc' dir='ltr'><strong>ιον.</strong></span> <span class='ocrx_word' id='word_1_486' title='bbox 734 5852 915 5905; x_wconf 88' lang='lat' dir='ltr'><strong>omittit</strong></span> <span class='ocrx_word' id='word_1_487' title='bbox 932 5847 1232 5913; x_wconf 68' lang='lat' dir='ltr'><strong>particulam,</strong></span> <span class='ocrx_word' id='word_1_488' title='bbox 1251 5849 1323 5913; x_wconf 81' lang='lat' dir='ltr'><strong>in.</strong></span> 
     </span>
    </p>
   </div>
   <div class='ocr_carea' id='block_1_60' title="bbox 242 5910 1358 5975">
    <p class='ocr_par' dir='ltr' id='par_1_60' title="bbox 242 5910 1358 5975">
     <span class='ocr_line' id='line_1_60' title="bbox 242 5910 1358 5975; baseline -0.013 -3"><span class='ocrx_word' id='word_1_489' title='bbox 242 5926 263 5957; x_wconf 80' lang='grc'><strong><em>⁸</em></strong></span> <span class='ocrx_word' id='word_1_490' title='bbox 281 5930 356 5972; x_wconf 71' lang='grc' dir='ltr'><strong>ετ.</strong></span> <span class='ocrx_word' id='word_1_491' title='bbox 388 5930 443 5973; x_wconf 88' lang='lat' dir='ltr'><strong>et</strong></span> <span class='ocrx_word' id='word_1_492' title='bbox 470 5918 697 5969; x_wconf 83' lang='lat' dir='ltr'><strong>nonnulli</strong></span> <span class='ocrx_word' id='word_1_493' title='bbox 719 5924 826 5965; x_wconf 62' lang='lat' dir='ltr'><strong>Ms.</strong></span> <span class='ocrx_word' id='word_1_494' title='bbox 854 5910 1126 5975; x_wconf 78' lang='lat' dir='ltr'><strong>justiﬁcant</strong></span> <span class='ocrx_word' id='word_1_495' title='bbox 1142 5910 1358 5974; x_wconf 86' lang='lat' dir='ltr'><strong>impium.</strong></span> 
     </span>
    </p>
   </div>
   <div class='ocr_carea' id='block_1_61' title="bbox 1518 438 1957 501">
    <p class='ocr_par' dir='ltr' id='par_1_61' title="bbox 1518 438 1957 501">
     <span class='ocr_line' id='line_1_61' title="bbox 1518 438 1957 501; baseline -0.011 0"><span class='ocrx_word' id='word_1_496' title='bbox 1518 441 1717 501; x_wconf 76' lang='lat' dir='ltr'><strong>LIBER</strong></span> <span class='ocrx_word' id='word_1_497' title='bbox 1759 438 1957 496; x_wconf 83' lang='lat' dir='ltr'><strong>UNUS.</strong></span> 
     </span>
    </p>
   </div>
   <div class='ocr_carea' id='block_1_62' title="bbox 3283 451 3385 508">
    <p class='ocr_par' dir='ltr' id='par_1_62' title="bbox 3283 451 3385 508">
     <span class='ocr_line' id='line_1_62' title="bbox 3283 451 3385 508; baseline 0.02 -2"><span class='ocrx_word' id='word_1_498' title='bbox 3283 451 3385 508; x_wconf 70' lang='lat' dir='ltr'><strong>M8</strong></span> 
     </span>
    </p>
   </div>
   <div class='ocr_carea' id='block_1_63' title="bbox 1818 556 3386 638">
    <p class='ocr_par' dir='ltr' id='par_1_63' title="bbox 1818 556 3386 638">
     <span class='ocr_line' id='line_1_63' title="bbox 1818 556 3386 638; baseline 0.006 -29"><span class='ocrx_word' id='word_1_499' title='bbox 1818 556 1980 621; x_wconf 81' lang='lat' dir='ltr'><strong>tatur,</strong></span> <span class='ocrx_word' id='word_1_500' title='bbox 2022 572 2124 610; x_wconf 87' lang='lat' dir='ltr'><strong>non</strong></span> <span class='ocrx_word' id='word_1_501' title='bbox 2167 557 2376 629; x_wconf 80' lang='lat' dir='ltr'><strong>inﬂatur</strong></span> <span class='ocrx_word' id='word_1_502' title='bbox 2398 601 2411 626; x_wconf 92' lang='lat'><strong>,</strong></span> <span class='ocrx_word' id='word_1_503' title='bbox 2446 577 2543 615; x_wconf 89' lang='lat' dir='ltr'><strong>non</strong></span> <span class='ocrx_word' id='word_1_504' title='bbox 2584 560 2762 634; x_wconf 80' lang='lat' dir='ltr'><strong>qutrrit</strong></span> <span class='ocrx_word' id='word_1_505' title='bbox 2790 580 2904 634; x_wconf 75' lang='lat' dir='ltr'><strong>qua:</strong></span> <span class='ocrx_word' id='word_1_506' title='bbox 2928 582 3020 620; x_wconf 84' lang='lat' dir='ltr'><strong>sua</strong></span> <span class='ocrx_word' id='word_1_507' title='bbox 3059 575 3175 620; x_wconf 87' lang='lat' dir='ltr'><strong>sunt</strong></span> <span class='ocrx_word' id='word_1_508' title='bbox 3197 564 3239 638; x_wconf 88' lang='grc' dir='ltr'><strong>(Ι</strong></span> <span class='ocrx_word' id='word_1_509' title='bbox 3263 565 3386 621; x_wconf 86' lang='lat' dir='ltr'><strong>Cor.</strong></span> 
     </span>
    </p>
   </div>
   <div class='ocr_carea' id='block_1_64' title="bbox 1818 647 3391 727">
    <p class='ocr_par' dir='ltr' id='par_1_64' title="bbox 1818 647 3391 727">
     <span class='ocr_line' id='line_1_64' title="bbox 1818 647 3391 727; baseline 0.009 -29"><span class='ocrx_word' id='word_1_510' title='bbox 1818 661 1907 699; x_wconf 75' lang='lat' dir='ltr'><strong>xm</strong></span> <span class='ocrx_word' id='word_1_511' title='bbox 1930 689 1943 711; x_wconf 92' lang='lat'><strong>,</strong></span> <span class='ocrx_word' id='word_1_512' title='bbox 1966 647 2030 714; x_wconf 70' lang='grc'><strong>4,</strong></span> <span class='ocrx_word' id='word_1_513' title='bbox 2060 647 2114 719; x_wconf 81' lang='lat'><strong>5)</strong></span> <span class='ocrx_word' id='word_1_514' title='bbox 2151 666 2163 701; x_wconf 91' lang='lat'><strong>:</strong></span> <span class='ocrx_word' id='word_1_515' title='bbox 2186 651 2303 719; x_wconf 89' lang='lat' dir='ltr'><strong>quia</strong></span> <span class='ocrx_word' id='word_1_516' title='bbox 2334 661 2381 704; x_wconf 90' lang='lat' dir='ltr'><strong>et</strong></span> <span class='ocrx_word' id='word_1_517' title='bbox 2402 649 2628 708; x_wconf 80' lang='lat' dir='ltr'><strong>Christus</strong></span> <span class='ocrx_word' id='word_1_518' title='bbox 2649 672 2747 709; x_wconf 86' lang='lat' dir='ltr'><strong>non</strong></span> <span class='ocrx_word' id='word_1_519' title='bbox 2761 656 2854 709; x_wconf 91' lang='lat' dir='ltr'><strong>sibi</strong></span> <span class='ocrx_word' id='word_1_520' title='bbox 2875 658 3100 727; x_wconf 84' lang='lat' dir='ltr'><strong>placuit;</strong></span> <span class='ocrx_word' id='word_1_521' title='bbox 3128 657 3236 724; x_wconf 83' lang='lat' dir='ltr'><strong>sed,</strong></span> <span class='ocrx_word' id='word_1_522' title='bbox 3260 659 3391 712; x_wconf 74' lang='lat' dir='ltr'><strong>sicut</strong></span> 
     </span>
    </p>
   </div>
   <div class='ocr_carea' id='block_1_65' title="bbox 1816 739 3390 816">
    <p class='ocr_par' dir='ltr' id='par_1_65' title="bbox 1816 739 3390 816">
     <span class='ocr_line' id='line_1_65' title="bbox 1816 739 3390 816; baseline 0.006 -25"><span class='ocrx_word' id='word_1_523' title='bbox 1816 739 2057 809; x_wconf 86' lang='lat' dir='ltr'><strong>scriptum</strong></span> <span class='ocrx_word' id='word_1_524' title='bbox 2083 741 2146 795; x_wconf 90' lang='lat' dir='ltr'><strong>de</strong></span> <span class='ocrx_word' id='word_1_525' title='bbox 2168 741 2256 795; x_wconf 86' lang='lat' dir='ltr'><strong>illo</strong></span> <span class='ocrx_word' id='word_1_526' title='bbox 2281 752 2386 808; x_wconf 89' lang='lat' dir='ltr'><strong>est,</strong></span> <span class='ocrx_word' id='word_1_527' title='bbox 2413 744 2698 813; x_wconf 82' lang='lat' dir='ltr'><strong>Opprobria</strong></span> <span class='ocrx_word' id='word_1_528' title='bbox 2718 748 3127 816; x_wconf 71' lang='lat' dir='ltr'><strong>exprobrantium</strong></span> <span class='ocrx_word' id='word_1_529' title='bbox 3149 751 3236 803; x_wconf 87' lang='lat' dir='ltr'><strong>tibi</strong></span> <span class='ocrx_word' id='word_1_530' title='bbox 3257 752 3390 804; x_wconf 80' lang='lat' dir='ltr'><strong>ceci-</strong></span> 
     </span>
    </p>
   </div>
   <div class='ocr_carea' id='block_1_66' title="bbox 1818 828 3389 906">
    <p class='ocr_par' dir='ltr' id='par_1_66' title="bbox 1818 828 3389 906">
     <span class='ocr_line' id='line_1_66' title="bbox 1818 828 3389 906; baseline 0.008 -26"><span class='ocrx_word' id='word_1_531' title='bbox 1818 828 1999 883; x_wconf 87' lang='lat' dir='ltr'><strong>derunt</strong></span> <span class='ocrx_word' id='word_1_532' title='bbox 2022 847 2171 902; x_wconf 84' lang='lat' dir='ltr'><strong>super</strong></span> <span class='ocrx_word' id='word_1_533' title='bbox 2199 849 2278 886; x_wconf 91' lang='lat' dir='ltr'><strong>me</strong></span> <span class='ocrx_word' id='word_1_534' title='bbox 2307 832 2479 903; x_wconf 86' lang='lat' dir='ltr'><strong>(Rom.</strong></span> <span class='ocrx_word' id='word_1_535' title='bbox 2504 850 2608 903; x_wconf 77' lang='lat' dir='ltr'><strong>xv,</strong></span> <span class='ocrx_word' id='word_1_536' title='bbox 2640 836 2719 906; x_wconf 84' lang='grc'>5).</span> <span class='ocrx_word' id='word_1_537' title='bbox 2762 836 2905 893; x_wconf 89' lang='lat' dir='ltr'><strong>Vade</strong></span> <span class='ocrx_word' id='word_1_538' title='bbox 2924 879 2940 904; x_wconf 93' lang='lat'><strong>,</strong></span> <span class='ocrx_word' id='word_1_539' title='bbox 2965 840 3083 894; x_wconf 88' lang='lat' dir='ltr'><strong>veni</strong></span> <span class='ocrx_word' id='word_1_540' title='bbox 3108 840 3175 895; x_wconf 89' lang='lat' dir='ltr'><strong>ad</strong></span> <span class='ocrx_word' id='word_1_541' title='bbox 3206 841 3352 895; x_wconf 92' lang='lat' dir='ltr'><strong>illum</strong></span> <span class='ocrx_word' id='word_1_542' title='bbox 3373 878 3389 904; x_wconf 90' lang='lat'><strong>,</strong></span> 
     </span>
    </p>
   </div>
   <div class='ocr_carea' id='block_1_67' title="bbox 1817 922 3395 995">
    <p class='ocr_par' dir='ltr' id='par_1_67' title="bbox 1817 922 3395 995">
     <span class='ocr_line' id='line_1_67' title="bbox 1817 922 3395 995; baseline 0.006 -18"><span class='ocrx_word' id='word_1_543' title='bbox 1817 931 1873 977; x_wconf 88' lang='lat' dir='ltr'><strong>et</strong></span> <span class='ocrx_word' id='word_1_544' title='bbox 1896 922 2041 979; x_wconf 89' lang='lat' dir='ltr'><strong>disce</strong></span> <span class='ocrx_word' id='word_1_545' title='bbox 2078 925 2325 995; x_wconf 87' lang='lat' dir='ltr'><strong>quoniam</strong></span> <span class='ocrx_word' id='word_1_546' title='bbox 2347 926 2491 980; x_wconf 92' lang='lat' dir='ltr'><strong>mitis</strong></span> <span class='ocrx_word' id='word_1_547' title='bbox 2520 934 2600 981; x_wconf 83' lang='lat' dir='ltr'><strong>est</strong></span> <span class='ocrx_word' id='word_1_548' title='bbox 2620 926 2674 981; x_wconf 84' lang='lat' dir='ltr'><strong>et</strong></span> <span class='ocrx_word' id='word_1_549' title='bbox 2702 926 2917 985; x_wconf 91' lang='lat' dir='ltr'><strong>humilis</strong></span> <span class='ocrx_word' id='word_1_550' title='bbox 2943 931 3123 985; x_wconf 90' lang='lat' dir='ltr'><strong>corde.</strong></span> <span class='ocrx_word' id='word_1_551' title='bbox 3147 931 3261 986; x_wconf 89' lang='lat' dir='ltr'><strong>Non</strong></span> <span class='ocrx_word' id='word_1_552' title='bbox 3293 931 3395 985; x_wconf 87' lang='lat' dir='ltr'><strong>ibis</strong></span> 
     </span>
    </p>
   </div>
   <div class='ocr_carea' id='block_1_68' title="bbox 1818 1009 3397 1086">
    <p class='ocr_par' dir='ltr' id='par_1_68' title="bbox 1818 1009 3397 1086">
     <span class='ocr_line' id='line_1_68' title="bbox 1818 1009 3397 1086; baseline 0.007 -18"><span class='ocrx_word' id='word_1_553' title='bbox 1818 1014 1886 1069; x_wconf 88' lang='lat' dir='ltr'><strong>ad</strong></span> <span class='ocrx_word' id='word_1_554' title='bbox 1929 1030 2050 1070; x_wconf 92' lang='lat' dir='ltr'><strong>eum</strong></span> <span class='ocrx_word' id='word_1_555' title='bbox 2093 1017 2183 1086; x_wconf 93' lang='lat' dir='ltr'><strong>qui</strong></span> <span class='ocrx_word' id='word_1_556' title='bbox 2219 1017 2400 1073; x_wconf 89' lang='lat' dir='ltr'><strong>oculos</strong></span> <span class='ocrx_word' id='word_1_557' title='bbox 2440 1018 2507 1072; x_wconf 92' lang='lat' dir='ltr'><strong>ad</strong></span> <span class='ocrx_word' id='word_1_558' title='bbox 2552 1009 2744 1074; x_wconf 78' lang='lat' dir='ltr'><strong>etelum</strong></span> <span class='ocrx_word' id='word_1_559' title='bbox 2793 1021 2969 1078; x_wconf 87' lang='lat' dir='ltr'><strong>levare</strong></span> <span class='ocrx_word' id='word_1_560' title='bbox 3007 1038 3115 1078; x_wconf 90' lang='lat' dir='ltr'><strong>non</strong></span> <span class='ocrx_word' id='word_1_561' title='bbox 3165 1024 3397 1079; x_wconf 88' lang='lat' dir='ltr'><strong>audebat</strong></span> 
     </span>
    </p>
   </div>
   <div class='ocr_carea' id='block_1_69' title="bbox 1818 1107 3399 1182">
    <p class='ocr_par' dir='ltr' id='par_1_69' title="bbox 1818 1107 3399 1182">
     <span class='ocr_line' id='line_1_69' title="bbox 1818 1107 3399 1182; baseline 0.006 -22"><span class='ocrx_word' id='word_1_562' title='bbox 1818 1121 1980 1163; x_wconf 89' lang='lat' dir='ltr'><strong>onere</strong></span> <span class='ocrx_word' id='word_1_563' title='bbox 2002 1107 2327 1178; x_wconf 84' lang='lat' dir='ltr'><strong>iniquitatis;</strong></span> <span class='ocrx_word' id='word_1_564' title='bbox 2358 1110 2449 1163; x_wconf 89' lang='lat' dir='ltr'><strong>sed</strong></span> <span class='ocrx_word' id='word_1_565' title='bbox 2479 1111 2545 1164; x_wconf 87' lang='lat' dir='ltr'><strong>ad</strong></span> <span class='ocrx_word' id='word_1_566' title='bbox 2566 1126 2690 1167; x_wconf 92' lang='lat' dir='ltr'><strong>eum</strong></span> <span class='ocrx_word' id='word_1_567' title='bbox 2728 1112 2821 1182; x_wconf 88' lang='lat' dir='ltr'><strong>qui</strong></span> <span class='ocrx_word' id='word_1_568' title='bbox 2840 1112 2908 1169; x_wconf 90' lang='lat' dir='ltr'><strong>de</strong></span> <span class='ocrx_word' id='word_1_569' title='bbox 2949 1115 3086 1169; x_wconf 91' lang='lat' dir='ltr'><strong>coelo</strong></span> <span class='ocrx_word' id='word_1_570' title='bbox 3119 1114 3399 1170; x_wconf 88' lang='lat' dir='ltr'><strong>descendit</strong></span> 
     </span>
    </p>
   </div>
   <div class='ocr_carea' id='block_1_70' title="bbox 1820 1198 3399 1275">
    <p class='ocr_par' dir='ltr' id='par_1_70' title="bbox 1820 1198 3399 1275">
     <span class='ocr_line' id='line_1_70' title="bbox 1820 1198 3399 1275; baseline 0.006 -24"><span class='ocrx_word' id='word_1_571' title='bbox 1820 1198 2055 1268; x_wconf 89' lang='lat' dir='ltr'><strong>pondere</strong></span> <span class='ocrx_word' id='word_1_572' title='bbox 2081 1199 2354 1255; x_wconf 87' lang='lat' dir='ltr'><strong>charitatis</strong></span> <span class='ocrx_word' id='word_1_573' title='bbox 2399 1200 2573 1273; x_wconf 85' lang='lat' dir='ltr'><strong>(Joan.</strong></span> <span class='ocrx_word' id='word_1_574' title='bbox 2605 1219 2690 1271; x_wconf 82' lang='lat' dir='ltr'><strong>vt,</strong></span> <span class='ocrx_word' id='word_1_575' title='bbox 2732 1203 2862 1275; x_wconf 78' lang='lat'><strong>38).</strong></span> <span class='ocrx_word' id='word_1_576' title='bbox 2890 1203 3004 1259; x_wconf 86' lang='lat' dir='ltr'><strong>Non</strong></span> <span class='ocrx_word' id='word_1_577' title='bbox 3046 1204 3148 1259; x_wconf 91' lang='lat' dir='ltr'><strong>ibis</strong></span> <span class='ocrx_word' id='word_1_578' title='bbox 3188 1205 3253 1260; x_wconf 91' lang='lat' dir='ltr'><strong>ad</strong></span> <span class='ocrx_word' id='word_1_579' title='bbox 3279 1220 3399 1261; x_wconf 91' lang='lat' dir='ltr'><strong>eam</strong></span> 
     </span>
    </p>
   </div>
   <div class='ocr_carea' id='block_1_71' title="bbox 1822 1291 3401 1370">
    <p class='ocr_par' dir='ltr' id='par_1_71' title="bbox 1822 1291 3401 1370">
     <span class='ocr_line' id='line_1_71' title="bbox 1822 1291 3401 1370; baseline 0.006 -27"><span class='ocrx_word' id='word_1_580' title='bbox 1822 1306 1939 1358; x_wconf 62' lang='lat' dir='ltr'><strong>quae</strong></span> <span class='ocrx_word' id='word_1_581' title='bbox 1966 1291 2174 1346; x_wconf 91' lang='lat' dir='ltr'><strong>Domini</strong></span> <span class='ocrx_word' id='word_1_582' title='bbox 2196 1293 2275 1346; x_wconf 93' lang='lat' dir='ltr'><strong>sui</strong></span> <span class='ocrx_word' id='word_1_583' title='bbox 2304 1294 2469 1362; x_wconf 88' lang='lat' dir='ltr'><strong>pedes</strong></span> <span class='ocrx_word' id='word_1_584' title='bbox 2496 1294 2745 1370; x_wconf 84' lang='lat' dir='ltr'><strong>laerymis</strong></span> <span class='ocrx_word' id='word_1_585' title='bbox 2764 1297 2982 1367; x_wconf 87' lang='lat' dir='ltr'><strong>rigavit,</strong></span> <span class='ocrx_word' id='word_1_586' title='bbox 3021 1311 3267 1368; x_wconf 71' lang='lat' dir='ltr'><strong>quaerens</strong></span> <span class='ocrx_word' id='word_1_587' title='bbox 3316 1299 3401 1352; x_wconf 84' lang='lat' dir='ltr'><strong>in-</strong></span> 
     </span>
    </p>
   </div>
   <div class='ocr_carea' id='block_1_72' title="bbox 1822 1380 3399 1458">
    <p class='ocr_par' dir='ltr' id='par_1_72' title="bbox 1822 1380 3399 1458">
     <span class='ocr_line' id='line_1_72' title="bbox 1822 1380 3399 1458; baseline 0.006 -24"><span class='ocrx_word' id='word_1_588' title='bbox 1822 1380 2143 1451; x_wconf 89' lang='lat' dir='ltr'><strong>dulgentiam</strong></span> <span class='ocrx_word' id='word_1_589' title='bbox 2169 1385 2406 1453; x_wconf 89' lang='lat' dir='ltr'><strong>gravium</strong></span> <span class='ocrx_word' id='word_1_590' title='bbox 2439 1397 2806 1455; x_wconf 88' lang='lat' dir='ltr'><strong>peccatorum;</strong></span> <span class='ocrx_word' id='word_1_591' title='bbox 2836 1388 2928 1443; x_wconf 89' lang='lat' dir='ltr'><strong>sed</strong></span> <span class='ocrx_word' id='word_1_592' title='bbox 2952 1388 3053 1442; x_wconf 91' lang='lat' dir='ltr'><strong>ibis</strong></span> <span class='ocrx_word' id='word_1_593' title='bbox 3081 1388 3148 1443; x_wconf 89' lang='lat' dir='ltr'><strong>ad</strong></span> <span class='ocrx_word' id='word_1_594' title='bbox 3173 1403 3293 1443; x_wconf 90' lang='lat' dir='ltr'><strong>eum</strong></span> <span class='ocrx_word' id='word_1_595' title='bbox 3310 1390 3399 1458; x_wconf 91' lang='lat' dir='ltr'><strong>qui</strong></span> 
     </span>
    </p>
   </div>
   <div class='ocr_carea' id='block_1_73' title="bbox 1824 1472 3405 1547">
    <p class='ocr_par' dir='ltr' id='par_1_73' title="bbox 1824 1472 3405 1547">
     <span class='ocr_line' id='line_1_73' title="bbox 1824 1472 3405 1547; baseline 0.004 -21"><span class='ocrx_word' id='word_1_596' title='bbox 1824 1486 1944 1526; x_wconf 92' lang='lat' dir='ltr'><strong>cum</strong></span> <span class='ocrx_word' id='word_1_597' title='bbox 1975 1472 2126 1528; x_wconf 90' lang='lat' dir='ltr'><strong>daret</strong></span> <span class='ocrx_word' id='word_1_598' title='bbox 2153 1474 2527 1545; x_wconf 79' lang='lat' dir='ltr'><strong>indulgentiam</strong></span> <span class='ocrx_word' id='word_1_599' title='bbox 2573 1478 2809 1532; x_wconf 90' lang='lat' dir='ltr'><strong>omnium</strong></span> <span class='ocrx_word' id='word_1_600' title='bbox 2856 1489 3233 1547; x_wconf 85' lang='lat' dir='ltr'><strong>peccatorum,</strong></span> <span class='ocrx_word' id='word_1_601' title='bbox 3278 1479 3405 1533; x_wconf 86' lang='lat' dir='ltr'><strong>lavit</strong></span> 
     </span>
    </p>
   </div>
   <div class='ocr_carea' id='block_1_74' title="bbox 1826 1565 3403 1643">
    <p class='ocr_par' dir='ltr' id='par_1_74' title="bbox 1826 1565 3403 1643">
     <span class='ocr_line' id='line_1_74' title="bbox 1826 1565 3403 1643; baseline 0.003 -24"><span class='ocrx_word' id='word_1_602' title='bbox 1826 1565 1987 1635; x_wconf 89' lang='lat' dir='ltr'><strong>pedes</strong></span> <span class='ocrx_word' id='word_1_603' title='bbox 2014 1581 2231 1622; x_wconf 90' lang='lat' dir='ltr'><strong>suorum</strong></span> <span class='ocrx_word' id='word_1_604' title='bbox 2263 1583 2536 1624; x_wconf 90' lang='lat' dir='ltr'><strong>servorum</strong></span> <span class='ocrx_word' id='word_1_605' title='bbox 2567 1568 2675 1642; x_wconf 85' lang='lat' dir='ltr'><strong>(Id.</strong></span> <span class='ocrx_word' id='word_1_606' title='bbox 2722 1586 2815 1625; x_wconf 80' lang='lat' dir='ltr'><strong>xm</strong></span> <span class='ocrx_word' id='word_1_607' title='bbox 2840 1612 2855 1638; x_wconf 92' lang='lat'><strong>,</strong></span> <span class='ocrx_word' id='word_1_608' title='bbox 2886 1568 2959 1643; x_wconf 82' lang='grc'>5).</span> <span class='ocrx_word' id='word_1_609' title='bbox 2991 1570 3123 1625; x_wconf 89' lang='lat' dir='ltr'><strong>Novi</strong></span> <span class='ocrx_word' id='word_1_610' title='bbox 3170 1571 3403 1641; x_wconf 90' lang='lat' dir='ltr'><strong>dignita-</strong></span> 
     </span>
    </p>
   </div>
   <div class='ocr_carea' id='block_1_75' title="bbox 1830 1659 3408 1732">
    <p class='ocr_par' dir='ltr' id='par_1_75' title="bbox 1830 1659 3408 1732">
     <span class='ocr_line' id='line_1_75' title="bbox 1830 1659 3408 1732; baseline 0.003 -21"><span class='ocrx_word' id='word_1_611' title='bbox 1830 1669 1932 1712; x_wconf 89' lang='lat' dir='ltr'><strong>tem</strong></span> <span class='ocrx_word' id='word_1_612' title='bbox 1960 1659 2274 1728; x_wconf 86' lang='lat' dir='ltr'><strong>virginitatis</strong></span> <span class='ocrx_word' id='word_1_613' title='bbox 2300 1669 2399 1715; x_wconf 83' lang='lat' dir='ltr'><strong>tuae</strong></span> <span class='ocrx_word' id='word_1_614' title='bbox 2424 1680 2436 1713; x_wconf 89' lang='lat'><strong>:</strong></span> <span class='ocrx_word' id='word_1_615' title='bbox 2462 1676 2567 1715; x_wconf 91' lang='lat' dir='ltr'><strong>non</strong></span> <span class='ocrx_word' id='word_1_616' title='bbox 2587 1662 2680 1716; x_wconf 89' lang='lat' dir='ltr'><strong>tibi</strong></span> <span class='ocrx_word' id='word_1_617' title='bbox 2710 1676 2952 1732; x_wconf 87' lang='lat' dir='ltr'><strong>propono</strong></span> <span class='ocrx_word' id='word_1_618' title='bbox 2978 1661 3288 1716; x_wconf 89' lang='lat' dir='ltr'><strong>imitandum</strong></span> <span class='ocrx_word' id='word_1_619' title='bbox 3311 1676 3408 1731; x_wconf 84' lang='lat' dir='ltr'><strong>pu-</strong></span> 
     </span>
    </p>
   </div>
   <div class='ocr_carea' id='block_1_76' title="bbox 1828 1748 3408 1819">
    <p class='ocr_par' dir='ltr' id='par_1_76' title="bbox 1828 1748 3408 1819">
     <span class='ocr_line' id='line_1_76' title="bbox 1828 1748 3408 1819; baseline 0.003 -17"><span class='ocrx_word' id='word_1_620' title='bbox 1828 1748 2094 1805; x_wconf 90' lang='lat' dir='ltr'><strong>blicanum</strong></span> <span class='ocrx_word' id='word_1_621' title='bbox 2127 1750 2396 1807; x_wconf 91' lang='lat' dir='ltr'><strong>humiliter</strong></span> <span class='ocrx_word' id='word_1_622' title='bbox 2420 1763 2756 1809; x_wconf 90' lang='lat' dir='ltr'><strong>accusantem</strong></span> <span class='ocrx_word' id='word_1_623' title='bbox 2788 1754 2981 1808; x_wconf 89' lang='lat' dir='ltr'><strong>delicta</strong></span> <span class='ocrx_word' id='word_1_624' title='bbox 3030 1769 3165 1819; x_wconf 88' lang='lat' dir='ltr'><strong>sua;</strong></span> <span class='ocrx_word' id='word_1_625' title='bbox 3217 1752 3311 1808; x_wconf 91' lang='lat' dir='ltr'><strong>sed</strong></span> <span class='ocrx_word' id='word_1_626' title='bbox 3339 1753 3408 1807; x_wconf 86' lang='lat' dir='ltr'><strong>ti-</strong></span> 
     </span>
    </p>
   </div>
   <div class='ocr_carea' id='block_1_77' title="bbox 1830 1842 3410 1914">
    <p class='ocr_par' dir='ltr' id='par_1_77' title="bbox 1830 1842 3410 1914">
     <span class='ocr_line' id='line_1_77' title="bbox 1830 1842 3410 1914; baseline 0.001 -19"><span class='ocrx_word' id='word_1_627' title='bbox 1830 1856 1949 1895; x_wconf 91' lang='lat' dir='ltr'><strong>meo</strong></span> <span class='ocrx_word' id='word_1_628' title='bbox 1978 1842 2069 1897; x_wconf 93' lang='lat' dir='ltr'><strong>tibi</strong></span> <span class='ocrx_word' id='word_1_629' title='bbox 2101 1842 2419 1912; x_wconf 61' lang='lat' dir='ltr'><strong>pharisaeum</strong></span> <span class='ocrx_word' id='word_1_630' title='bbox 2468 1844 2696 1914; x_wconf 86' lang='lat' dir='ltr'><strong>superbe</strong></span> <span class='ocrx_word' id='word_1_631' title='bbox 2737 1844 3028 1914; x_wconf 87' lang='lat' dir='ltr'><strong>jactantem</strong></span> <span class='ocrx_word' id='word_1_632' title='bbox 3080 1844 3269 1898; x_wconf 90' lang='lat' dir='ltr'><strong>merita</strong></span> <span class='ocrx_word' id='word_1_633' title='bbox 3313 1857 3410 1898; x_wconf 89' lang='lat' dir='ltr'><strong>sua</strong></span> 
     </span>
    </p>
   </div>
   <div class='ocr_carea' id='block_1_78' title="bbox 1833 1933 3411 2008">
    <p class='ocr_par' dir='ltr' id='par_1_78' title="bbox 1833 1933 3411 2008">
     <span class='ocr_line' id='line_1_78' title="bbox 1833 1933 3411 2008; baseline 0.001 -21"><span class='ocrx_word' id='word_1_634' title='bbox 1833 1933 1983 2008; x_wconf 87' lang='lat' dir='ltr'><strong>(Luc.</strong></span> <span class='ocrx_word' id='word_1_635' title='bbox 2008 1953 2162 2005; x_wconf 85' lang='lat' dir='ltr'><strong>xvm,</strong></span> <span class='ocrx_word' id='word_1_636' title='bbox 2195 1935 2407 2008; x_wconf 77' lang='grc' dir='ltr'>1οο14).</span> <span class='ocrx_word' id='word_1_637' title='bbox 2434 1936 2551 1991; x_wconf 87' lang='lat' dir='ltr'><strong>Non</strong></span> <span class='ocrx_word' id='word_1_638' title='bbox 2578 1937 2697 1992; x_wconf 92' lang='lat' dir='ltr'><strong>dico</strong></span> <span class='ocrx_word' id='word_1_639' title='bbox 2720 1978 2734 2002; x_wconf 92' lang='lat'><strong>,</strong></span> <span class='ocrx_word' id='word_1_640' title='bbox 2760 1936 2889 1992; x_wconf 88' lang='lat' dir='ltr'><strong>Esto</strong></span> <span class='ocrx_word' id='word_1_641' title='bbox 2919 1937 3091 2008; x_wconf 87' lang='lat' dir='ltr'><strong>qualis</strong></span> <span class='ocrx_word' id='word_1_642' title='bbox 3112 1936 3202 1990; x_wconf 91' lang='lat' dir='ltr'><strong>illa</strong></span> <span class='ocrx_word' id='word_1_643' title='bbox 3224 1935 3291 1990; x_wconf 92' lang='lat' dir='ltr'><strong>de</strong></span> <span class='ocrx_word' id='word_1_644' title='bbox 3310 1950 3411 2004; x_wconf 87' lang='lat' dir='ltr'><strong>qua</strong></span> 
     </span>
    </p>
   </div>
   <div class='ocr_carea' id='block_1_79' title="bbox 1833 2025 3415 2096">
    <p class='ocr_par' dir='ltr' id='par_1_79' title="bbox 1833 2025 3415 2096">
     <span class='ocr_line' id='line_1_79' title="bbox 1833 2025 3415 2096; baseline -0.003 -15"><span class='ocrx_word' id='word_1_645' title='bbox 1833 2025 2031 2081; x_wconf 89' lang='lat' dir='ltr'><strong>dictum</strong></span> <span class='ocrx_word' id='word_1_646' title='bbox 2069 2036 2183 2095; x_wconf 82' lang='lat' dir='ltr'><strong>est,</strong></span> <span class='ocrx_word' id='word_1_647' title='bbox 2226 2027 2562 2081; x_wconf 85' lang='lat' dir='ltr'><strong>Dimittuntur</strong></span> <span class='ocrx_word' id='word_1_648' title='bbox 2599 2029 2644 2081; x_wconf 87' lang='lat' dir='ltr'><strong>ei</strong></span> <span class='ocrx_word' id='word_1_649' title='bbox 2680 2037 2883 2096; x_wconf 85' lang='lat' dir='ltr'><strong>peccata</strong></span> <span class='ocrx_word' id='word_1_650' title='bbox 2933 2028 3128 2092; x_wconf 88' lang='lat' dir='ltr'><strong>multa,</strong></span> <span class='ocrx_word' id='word_1_651' title='bbox 3177 2025 3415 2095; x_wconf 87' lang='lat' dir='ltr'><strong>quoniam</strong></span> 
     </span>
    </p>
   </div>
   <div class='ocr_carea' id='block_1_80' title="bbox 1832 2116 3417 2185">
    <p class='ocr_par' dir='ltr' id='par_1_80' title="bbox 1832 2116 3417 2185">
     <span class='ocr_line' id='line_1_80' title="bbox 1832 2116 3417 2185; baseline -0.001 -15"><span class='ocrx_word' id='word_1_652' title='bbox 1832 2118 2010 2171; x_wconf 74' lang='lat' dir='ltr'><strong>dilexit</strong></span> <span class='ocrx_word' id='word_1_653' title='bbox 2040 2119 2284 2185; x_wconf 78' lang='lat' dir='ltr'><strong>multant;</strong></span> <span class='ocrx_word' id='word_1_654' title='bbox 2312 2118 2406 2173; x_wconf 88' lang='lat' dir='ltr'><strong>sed</strong></span> <span class='ocrx_word' id='word_1_655' title='bbox 2431 2127 2610 2173; x_wconf 89' lang='lat' dir='ltr'><strong>metuo</strong></span> <span class='ocrx_word' id='word_1_656' title='bbox 2640 2134 2708 2173; x_wconf 92' lang='lat' dir='ltr'><strong>ne</strong></span> <span class='ocrx_word' id='word_1_657' title='bbox 2736 2134 2855 2173; x_wconf 91' lang='lat' dir='ltr'><strong>cum</strong></span> <span class='ocrx_word' id='word_1_658' title='bbox 2886 2119 2979 2173; x_wconf 89' lang='lat' dir='ltr'><strong>tibi</strong></span> <span class='ocrx_word' id='word_1_659' title='bbox 3019 2118 3289 2172; x_wconf 89' lang='lat' dir='ltr'><strong>modicum</strong></span> <span class='ocrx_word' id='word_1_660' title='bbox 3335 2116 3417 2170; x_wconf 91' lang='lat' dir='ltr'><strong>di-</strong></span> 
     </span>
    </p>
   </div>
   <div class='ocr_carea' id='block_1_81' title="bbox 1838 2208 3258 2281">
    <p class='ocr_par' dir='ltr' id='par_1_81' title="bbox 1838 2208 3258 2281">
     <span class='ocr_line' id='line_1_81' title="bbox 1838 2208 3258 2281; baseline -0.003 -18"><span class='ocrx_word' id='word_1_661' title='bbox 1838 2208 1973 2263; x_wconf 91' lang='lat' dir='ltr'><strong>mitti</strong></span> <span class='ocrx_word' id='word_1_662' title='bbox 2003 2218 2188 2278; x_wconf 88' lang='lat' dir='ltr'><strong>putas,</strong></span> <span class='ocrx_word' id='word_1_663' title='bbox 2222 2208 2486 2264; x_wconf 88' lang='lat' dir='ltr'><strong>modicum</strong></span> <span class='ocrx_word' id='word_1_664' title='bbox 2512 2209 2701 2279; x_wconf 86' lang='lat' dir='ltr'><strong>diligas</strong></span> <span class='ocrx_word' id='word_1_665' title='bbox 2739 2208 2849 2281; x_wconf 91' lang='lat' dir='ltr'><strong>(Id.</strong></span> <span class='ocrx_word' id='word_1_666' title='bbox 2880 2224 2983 2276; x_wconf 84' lang='lat' dir='ltr'><strong>vit,</strong></span> <span class='ocrx_word' id='word_1_667' title='bbox 3016 2208 3112 2273; x_wconf 82' lang='lat'><strong>&#39;58,</strong></span> <span class='ocrx_word' id='word_1_668' title='bbox 3144 2208 3258 2277; x_wconf 67' lang='lat'><strong>47).</strong></span> 
     </span>
    </p>
   </div>
   <div class='ocr_carea' id='block_1_82' title="bbox 1907 2296 3408 2368">
    <p class='ocr_par' dir='ltr' id='par_1_82' title="bbox 1907 2296 3408 2368">
     <span class='ocr_line' id='line_1_82' title="bbox 1907 2296 3408 2368; baseline -0.001 -16"><span class='ocrx_word' id='word_1_669' title='bbox 1907 2298 2131 2355; x_wconf 80' lang='lat' dir='ltr'><strong>CAPUT</strong></span> <span class='ocrx_word' id='word_1_670' title='bbox 2186 2299 2472 2354; x_wconf 80' lang='lat' dir='ltr'><strong>XXXVIII.</strong></span> <span class='ocrx_word' id='word_1_671' title='bbox 2505 2330 2580 2340; x_wconf 90' lang='lat'><strong><em>—</em></strong></span> <span class='ocrx_word' id='word_1_672' title='bbox 2621 2300 2711 2355; x_wconf 78' lang='grc'><strong>59.</strong></span> <span class='ocrx_word' id='word_1_673' title='bbox 2753 2299 2926 2354; x_wconf 76' lang='lat' dir='ltr'><strong>Timor</strong></span> <span class='ocrx_word' id='word_1_674' title='bbox 2967 2299 3091 2367; x_wconf 82' lang='lat' dir='ltr'><strong>ipsis</strong></span> <span class='ocrx_word' id='word_1_675' title='bbox 3132 2296 3408 2368; x_wconf 82' lang='lat' dir='ltr'><strong>virginibus</strong></span> 
     </span>
    </p>
   </div>
   <div class='ocr_carea' id='block_1_83' title="bbox 1840 2380 3420 2455">
    <p class='ocr_par' dir='ltr' id='par_1_83' title="bbox 1840 2380 3420 2455">
     <span class='ocr_line' id='line_1_83' title="bbox 1840 2380 3420 2455; baseline -0.001 -12"><span class='ocrx_word' id='word_1_676' title='bbox 1840 2392 2143 2446; x_wconf 84' lang='lat' dir='ltr'><strong>necessarius</strong></span> <span class='ocrx_word' id='word_1_677' title='bbox 2163 2433 2177 2455; x_wconf 90' lang='lat'><strong>,</strong></span> <span class='ocrx_word' id='word_1_678' title='bbox 2206 2408 2307 2445; x_wconf 87' lang='lat' dir='ltr'><strong>non</strong></span> <span class='ocrx_word' id='word_1_679' title='bbox 2337 2392 2484 2445; x_wconf 88' lang='lat' dir='ltr'><strong>timor</strong></span> <span class='ocrx_word' id='word_1_680' title='bbox 2512 2390 2771 2446; x_wconf 78' lang='lat' dir='ltr'><strong>swcularis</strong></span> <span class='ocrx_word' id='word_1_681' title='bbox 2791 2400 2882 2444; x_wconf 89' lang='lat' dir='ltr'><strong>aut</strong></span> <span class='ocrx_word' id='word_1_682' title='bbox 2911 2390 3124 2451; x_wconf 85' lang='lat' dir='ltr'><strong>servilis,</strong></span> <span class='ocrx_word' id='word_1_683' title='bbox 3155 2380 3243 2444; x_wconf 82' lang='lat' dir='ltr'><strong>sed</strong></span> <span class='ocrx_word' id='word_1_684' title='bbox 3270 2389 3420 2442; x_wconf 88' lang='lat' dir='ltr'><strong>timor</strong></span> 
     </span>
    </p>
   </div>
   <div class='ocr_carea' id='block_1_84' title="bbox 1840 2482 3419 2554">
    <p class='ocr_par' dir='ltr' id='par_1_84' title="bbox 1840 2482 3419 2554">
     <span class='ocr_line' id='line_1_84' title="bbox 1840 2482 3419 2554; baseline 0 -18"><span class='ocrx_word' id='word_1_685' title='bbox 1840 2482 1938 2537; x_wconf 86' lang='lat' dir='ltr'><strong>Dei</strong></span> <span class='ocrx_word' id='word_1_686' title='bbox 1962 2493 2148 2538; x_wconf 88' lang='lat' dir='ltr'><strong>castus.</strong></span> <span class='ocrx_word' id='word_1_687' title='bbox 2178 2483 2374 2550; x_wconf 80' lang='lat' dir='ltr'><strong>Metuo,</strong></span> <span class='ocrx_word' id='word_1_688' title='bbox 2409 2484 2644 2554; x_wconf 90' lang='lat' dir='ltr'><strong>inquam,</strong></span> <span class='ocrx_word' id='word_1_689' title='bbox 2677 2483 2770 2538; x_wconf 89' lang='lat' dir='ltr'><strong>tibi</strong></span> <span class='ocrx_word' id='word_1_690' title='bbox 2804 2483 3169 2546; x_wconf 83' lang='lat' dir='ltr'><strong>vehementer,</strong></span> <span class='ocrx_word' id='word_1_691' title='bbox 3201 2498 3270 2537; x_wconf 90' lang='lat' dir='ltr'><strong>ne</strong></span> <span class='ocrx_word' id='word_1_692' title='bbox 3297 2498 3419 2536; x_wconf 89' lang='lat' dir='ltr'><strong>eum</strong></span> 
     </span>
    </p>
   </div>
   <div class='ocr_carea' id='block_1_85' title="bbox 1844 2574 3419 2645">
    <p class='ocr_par' dir='ltr' id='par_1_85' title="bbox 1844 2574 3419 2645">
     <span class='ocr_line' id='line_1_85' title="bbox 1844 2574 3419 2645; baseline 0.001 -18"><span class='ocrx_word' id='word_1_693' title='bbox 1844 2582 1896 2629; x_wconf 90' lang='lat' dir='ltr'><strong>te</strong></span> <span class='ocrx_word' id='word_1_694' title='bbox 1925 2575 2130 2645; x_wconf 88' lang='lat' dir='ltr'><strong>Agnum</strong></span> <span class='ocrx_word' id='word_1_695' title='bbox 2158 2590 2489 2645; x_wconf 87' lang='lat' dir='ltr'><strong>quocumque</strong></span> <span class='ocrx_word' id='word_1_696' title='bbox 2514 2574 2636 2630; x_wconf 88' lang='lat' dir='ltr'><strong>ierit</strong></span> <span class='ocrx_word' id='word_1_697' title='bbox 2659 2583 2962 2630; x_wconf 89' lang='lat' dir='ltr'><strong>secuturam</strong></span> <span class='ocrx_word' id='word_1_698' title='bbox 2994 2589 3112 2629; x_wconf 87' lang='lat' dir='ltr'><strong>esse</strong></span> <span class='ocrx_word' id='word_1_699' title='bbox 3150 2574 3419 2644; x_wconf 87' lang='lat' dir='ltr'><strong>gloriaris,</strong></span> 
     </span>
    </p>
   </div>
   <div class='ocr_carea' id='block_1_86' title="bbox 1844 2667 3427 2737">
    <p class='ocr_par' dir='ltr' id='par_1_86' title="bbox 1844 2667 3427 2737">
     <span class='ocr_line' id='line_1_86' title="bbox 1844 2667 3427 2737; baseline -0.003 -14"><span class='ocrx_word' id='word_1_700' title='bbox 1844 2681 1966 2723; x_wconf 90' lang='lat' dir='ltr'><strong>eum</strong></span> <span class='ocrx_word' id='word_1_701' title='bbox 1988 2681 2098 2737; x_wconf 75' lang='lat' dir='ltr'><strong>pra:</strong></span> <span class='ocrx_word' id='word_1_702' title='bbox 2121 2675 2329 2722; x_wconf 88' lang='lat' dir='ltr'><strong>tumore</strong></span> <span class='ocrx_word' id='word_1_703' title='bbox 2355 2667 2620 2737; x_wconf 67' lang='lat' dir='ltr'><strong>superbire</strong></span> <span class='ocrx_word' id='word_1_704' title='bbox 2644 2667 2792 2737; x_wconf 88' lang='lat' dir='ltr'><strong>sequi</strong></span> <span class='ocrx_word' id='word_1_705' title='bbox 2817 2680 2910 2737; x_wconf 90' lang='lat' dir='ltr'><strong>per</strong></span> <span class='ocrx_word' id='word_1_706' title='bbox 2930 2673 3149 2737; x_wconf 85' lang='lat' dir='ltr'><strong>angusta</strong></span> <span class='ocrx_word' id='word_1_707' title='bbox 3177 2680 3279 2720; x_wconf 88' lang='lat' dir='ltr'><strong>non</strong></span> <span class='ocrx_word' id='word_1_708' title='bbox 3305 2680 3427 2735; x_wconf 81' lang='lat' dir='ltr'><strong>pos-</strong></span> 
     </span>
    </p>
   </div>
   <div class='ocr_carea' id='block_1_87' title="bbox 1846 2755 3427 2827">
    <p class='ocr_par' dir='ltr' id='par_1_87' title="bbox 1846 2755 3427 2827">
     <span class='ocr_line' id='line_1_87' title="bbox 1846 2755 3427 2827; baseline -0.005 -14"><span class='ocrx_word' id='word_1_709' title='bbox 1846 2759 1939 2813; x_wconf 91' lang='lat' dir='ltr'><strong>sis.</strong></span> <span class='ocrx_word' id='word_1_710' title='bbox 1982 2757 2188 2812; x_wconf 88' lang='lat' dir='ltr'><strong>Bonum</strong></span> <span class='ocrx_word' id='word_1_711' title='bbox 2218 2766 2299 2812; x_wconf 92' lang='lat' dir='ltr'><strong>est</strong></span> <span class='ocrx_word' id='word_1_712' title='bbox 2326 2758 2418 2812; x_wconf 91' lang='lat' dir='ltr'><strong>tibi</strong></span> <span class='ocrx_word' id='word_1_713' title='bbox 2444 2798 2459 2823; x_wconf 90' lang='lat'><strong>,</strong></span> <span class='ocrx_word' id='word_1_714' title='bbox 2490 2771 2523 2812; x_wconf 89' lang='grc' dir='ltr'><strong>ο</strong></span> <span class='ocrx_word' id='word_1_715' title='bbox 2549 2757 2724 2810; x_wconf 86' lang='lat' dir='ltr'><strong>anima</strong></span> <span class='ocrx_word' id='word_1_716' title='bbox 2754 2755 3027 2827; x_wconf 89' lang='lat' dir='ltr'><strong>virginalis</strong></span> <span class='ocrx_word' id='word_1_717' title='bbox 3048 2797 3064 2819; x_wconf 87' lang='lat'><strong>,</strong></span> <span class='ocrx_word' id='word_1_718' title='bbox 3102 2755 3259 2810; x_wconf 88' lang='lat' dir='ltr'><strong>utsic</strong></span> <span class='ocrx_word' id='word_1_719' title='bbox 3294 2770 3427 2824; x_wconf 89' lang='lat' dir='ltr'><strong>quo-</strong></span> 
     </span>
    </p>
   </div>
   <div class='ocr_carea' id='block_1_88' title="bbox 1846 2840 3427 2919">
    <p class='ocr_par' dir='ltr' id='par_1_88' title="bbox 1846 2840 3427 2919">
     <span class='ocr_line' id='line_1_88' title="bbox 1846 2840 3427 2919; baseline -0.003 -16"><span class='ocrx_word' id='word_1_720' title='bbox 1846 2848 2007 2903; x_wconf 92' lang='lat' dir='ltr'><strong>modo</strong></span> <span class='ocrx_word' id='word_1_721' title='bbox 2035 2848 2184 2919; x_wconf 86' lang='lat' dir='ltr'><strong>virgo</strong></span> <span class='ocrx_word' id='word_1_722' title='bbox 2222 2863 2318 2914; x_wconf 90' lang='lat' dir='ltr'><strong>es,</strong></span> <span class='ocrx_word' id='word_1_723' title='bbox 2360 2848 2437 2903; x_wconf 92' lang='lat' dir='ltr'><strong>sic</strong></span> <span class='ocrx_word' id='word_1_724' title='bbox 2468 2848 2688 2902; x_wconf 91' lang='lat' dir='ltr'><strong>omnino</strong></span> <span class='ocrx_word' id='word_1_725' title='bbox 2730 2840 2949 2902; x_wconf 88' lang='lat' dir='ltr'><strong>servans</strong></span> <span class='ocrx_word' id='word_1_726' title='bbox 2992 2847 3043 2901; x_wconf 92' lang='lat' dir='ltr'><strong>in</strong></span> <span class='ocrx_word' id='word_1_727' title='bbox 3083 2845 3245 2901; x_wconf 90' lang='lat' dir='ltr'><strong>corde</strong></span> <span class='ocrx_word' id='word_1_728' title='bbox 3284 2844 3427 2915; x_wconf 90' lang='lat' dir='ltr'><strong>quod</strong></span> 
     </span>
    </p>
   </div>
   <div class='ocr_carea' id='block_1_89' title="bbox 1849 2935 3431 3007">
    <p class='ocr_par' dir='ltr' id='par_1_89' title="bbox 1849 2935 3431 3007">
     <span class='ocr_line' id='line_1_89' title="bbox 1849 2935 3431 3007; baseline -0.002 -15"><span class='ocrx_word' id='word_1_729' title='bbox 1849 2948 2032 2994; x_wconf 89' lang='lat' dir='ltr'><strong>renata</strong></span> <span class='ocrx_word' id='word_1_730' title='bbox 2058 2952 2117 2994; x_wconf 90' lang='lat' dir='ltr'><strong>es</strong></span> <span class='ocrx_word' id='word_1_731' title='bbox 2137 2980 2151 3005; x_wconf 93' lang='lat'><strong>,</strong></span> <span class='ocrx_word' id='word_1_732' title='bbox 2182 2952 2405 2993; x_wconf 85' lang='lat' dir='ltr'><strong>servans</strong></span> <span class='ocrx_word' id='word_1_733' title='bbox 2428 2938 2481 2992; x_wconf 92' lang='lat' dir='ltr'><strong>in</strong></span> <span class='ocrx_word' id='word_1_734' title='bbox 2511 2952 2670 2991; x_wconf 88' lang='lat' dir='ltr'><strong>carne</strong></span> <span class='ocrx_word' id='word_1_735' title='bbox 2694 2936 2838 3007; x_wconf 86' lang='lat' dir='ltr'><strong>quod</strong></span> <span class='ocrx_word' id='word_1_736' title='bbox 2887 2945 3007 2991; x_wconf 90' lang='lat' dir='ltr'><strong>nata</strong></span> <span class='ocrx_word' id='word_1_737' title='bbox 3036 2951 3094 2991; x_wconf 89' lang='lat' dir='ltr'><strong>es</strong></span> <span class='ocrx_word' id='word_1_738' title='bbox 3115 2979 3131 3003; x_wconf 88' lang='lat'><strong>,</strong></span> <span class='ocrx_word' id='word_1_739' title='bbox 3158 2935 3431 3004; x_wconf 86' lang='lat' dir='ltr'><strong>concipias</strong></span> 
     </span>
    </p>
   </div>
   <div class='ocr_carea' id='block_1_90' title="bbox 1854 3025 3431 3097">
    <p class='ocr_par' dir='ltr' id='par_1_90' title="bbox 1854 3025 3431 3097">
     <span class='ocr_line' id='line_1_90' title="bbox 1854 3025 3431 3097; baseline -0.002 -14"><span class='ocrx_word' id='word_1_740' title='bbox 1854 3040 2029 3084; x_wconf 88' lang='lat' dir='ltr'><strong>tamen</strong></span> <span class='ocrx_word' id='word_1_741' title='bbox 2074 3045 2103 3083; x_wconf 91' lang='lat' dir='ltr'><strong>a</strong></span> <span class='ocrx_word' id='word_1_742' title='bbox 2134 3029 2325 3084; x_wconf 88' lang='lat' dir='ltr'><strong>timore</strong></span> <span class='ocrx_word' id='word_1_743' title='bbox 2369 3027 2577 3083; x_wconf 87' lang='lat' dir='ltr'><strong>Domini</strong></span> <span class='ocrx_word' id='word_1_744' title='bbox 2605 3038 2660 3083; x_wconf 91' lang='lat' dir='ltr'><strong>et</strong></span> <span class='ocrx_word' id='word_1_745' title='bbox 2684 3026 2945 3097; x_wconf 89' lang='lat' dir='ltr'><strong>parturias</strong></span> <span class='ocrx_word' id='word_1_746' title='bbox 2974 3027 3215 3097; x_wconf 88' lang='lat' dir='ltr'><strong>spiritum</strong></span> <span class='ocrx_word' id='word_1_747' title='bbox 3246 3025 3431 3080; x_wconf 87' lang='lat' dir='ltr'><strong>salutis</strong></span> 
     </span>
    </p>
   </div>
   <div class='ocr_carea' id='block_1_91' title="bbox 1855 3117 3430 3194">
    <p class='ocr_par' dir='ltr' id='par_1_91' title="bbox 1855 3117 3430 3194">
     <span class='ocr_line' id='line_1_91' title="bbox 1855 3117 3430 3194; baseline -0.004 -20"><span class='ocrx_word' id='word_1_748' title='bbox 1855 3121 2006 3194; x_wconf 87' lang='lat' dir='ltr'><strong>(Isai.</strong></span> <span class='ocrx_word' id='word_1_749' title='bbox 2035 3136 2162 3176; x_wconf 74' lang='lat' dir='ltr'><strong>xxvr</strong></span> <span class='ocrx_word' id='word_1_750' title='bbox 2182 3164 2197 3188; x_wconf 89' lang='lat'><strong>,</strong></span> <span class='ocrx_word' id='word_1_751' title='bbox 2228 3120 2341 3191; x_wconf 85' lang='lat' dir='ltr'><strong>I8).</strong></span> <span class='ocrx_word' id='word_1_752' title='bbox 2390 3119 2568 3173; x_wconf 83' lang='lat' dir='ltr'><strong>Timor</strong></span> <span class='ocrx_word' id='word_1_753' title='bbox 2595 3119 2811 3189; x_wconf 89' lang='lat' dir='ltr'><strong>quidem</strong></span> <span class='ocrx_word' id='word_1_754' title='bbox 2844 3134 2944 3172; x_wconf 88' lang='lat' dir='ltr'><strong>non</strong></span> <span class='ocrx_word' id='word_1_755' title='bbox 2972 3127 3042 3171; x_wconf 89' lang='lat' dir='ltr'><strong>est</strong></span> <span class='ocrx_word' id='word_1_756' title='bbox 3070 3118 3120 3171; x_wconf 90' lang='lat' dir='ltr'><strong>in</strong></span> <span class='ocrx_word' id='word_1_757' title='bbox 3150 3117 3430 3183; x_wconf 80' lang='lat' dir='ltr'><strong>eharitate,</strong></span> 
     </span>
    </p>
   </div>
   <div class='ocr_carea' id='block_1_92' title="bbox 1853 3206 3437 3285">
    <p class='ocr_par' dir='ltr' id='par_1_92' title="bbox 1853 3206 3437 3285">
     <span class='ocr_line' id='line_1_92' title="bbox 1853 3206 3437 3285; baseline -0.007 -17"><span class='ocrx_word' id='word_1_758' title='bbox 1853 3215 1941 3269; x_wconf 88' lang='lat' dir='ltr'><strong>sed</strong></span> <span class='ocrx_word' id='word_1_759' title='bbox 1961 3218 2204 3285; x_wconf 79' lang='lat' dir='ltr'><strong>perfecta,</strong></span> <span class='ocrx_word' id='word_1_760' title='bbox 2226 3212 2364 3267; x_wconf 86' lang='lat' dir='ltr'><strong>sicut</strong></span> <span class='ocrx_word' id='word_1_761' title='bbox 2390 3211 2643 3280; x_wconf 87' lang='lat' dir='ltr'><strong>scriptum</strong></span> <span class='ocrx_word' id='word_1_762' title='bbox 2666 3218 2766 3274; x_wconf 87' lang='lat' dir='ltr'><strong>est,</strong></span> <span class='ocrx_word' id='word_1_763' title='bbox 2795 3210 3017 3262; x_wconf 83' lang='lat' dir='ltr'><strong>cltaritas</strong></span> <span class='ocrx_word' id='word_1_764' title='bbox 3042 3208 3180 3275; x_wconf 83' lang='lat' dir='ltr'><strong>foras</strong></span> <span class='ocrx_word' id='word_1_765' title='bbox 3203 3207 3351 3259; x_wconf 88' lang='lat' dir='ltr'><strong>mittit</strong></span> <span class='ocrx_word' id='word_1_766' title='bbox 3373 3206 3437 3257; x_wconf 88' lang='lat' dir='ltr'><strong>ti-</strong></span> 
     </span>
    </p>
   </div>
   <div class='ocr_carea' id='block_1_93' title="bbox 1857 3298 3433 3375">
    <p class='ocr_par' dir='ltr' id='par_1_93' title="bbox 1857 3298 3433 3375">
     <span class='ocr_line' id='line_1_93' title="bbox 1857 3298 3433 3375; baseline -0.005 -16"><span class='ocrx_word' id='word_1_767' title='bbox 1857 3321 2043 3359; x_wconf 86' lang='lat' dir='ltr'><strong>morem</strong></span> <span class='ocrx_word' id='word_1_768' title='bbox 2079 3304 2120 3375; x_wconf 94' lang='lat' dir='ltr'><strong>(l</strong></span> <span class='ocrx_word' id='word_1_769' title='bbox 2143 3302 2300 3358; x_wconf 81' lang='lat' dir='ltr'><strong>Joan.</strong></span> <span class='ocrx_word' id='word_1_770' title='bbox 2325 3320 2397 3371; x_wconf 85' lang='lat' dir='ltr'><strong>iv,</strong></span> <span class='ocrx_word' id='word_1_771' title='bbox 2428 3300 2515 3375; x_wconf 93' lang='grc'><strong>18)</strong></span> <span class='ocrx_word' id='word_1_772' title='bbox 2548 3319 2561 3355; x_wconf 93' lang='lat'>:</span> <span class='ocrx_word' id='word_1_773' title='bbox 2597 3300 2691 3356; x_wconf 92' lang='lat' dir='ltr'><strong>sed</strong></span> <span class='ocrx_word' id='word_1_774' title='bbox 2724 3300 2968 3354; x_wconf 90' lang='lat' dir='ltr'><strong>timorem</strong></span> <span class='ocrx_word' id='word_1_775' title='bbox 2995 3298 3292 3363; x_wconf 89' lang='lat' dir='ltr'><strong>hominum,</strong></span> <span class='ocrx_word' id='word_1_776' title='bbox 3327 3311 3433 3351; x_wconf 93' lang='lat' dir='ltr'><strong>non</strong></span> 
     </span>
    </p>
   </div>
   <div class='ocr_carea' id='block_1_94' title="bbox 1859 3388 3437 3463">
    <p class='ocr_par' dir='ltr' id='par_1_94' title="bbox 1859 3388 3437 3463">
     <span class='ocr_line' id='line_1_94' title="bbox 1859 3388 3437 3463; baseline -0.005 -12"><span class='ocrx_word' id='word_1_777' title='bbox 1859 3396 1988 3461; x_wconf 90' lang='lat' dir='ltr'><strong>Dei;</strong></span> <span class='ocrx_word' id='word_1_778' title='bbox 2030 3395 2274 3449; x_wconf 89' lang='lat' dir='ltr'><strong>timorem</strong></span> <span class='ocrx_word' id='word_1_779' title='bbox 2302 3393 2672 3463; x_wconf 89' lang='lat' dir='ltr'><strong>temporalium</strong></span> <span class='ocrx_word' id='word_1_780' title='bbox 2704 3391 2961 3445; x_wconf 90' lang='lat' dir='ltr'><strong>malorum</strong></span> <span class='ocrx_word' id='word_1_781' title='bbox 2986 3432 2999 3455; x_wconf 88' lang='lat'><strong>,</strong></span> <span class='ocrx_word' id='word_1_782' title='bbox 3032 3404 3139 3443; x_wconf 90' lang='lat' dir='ltr'><strong>non</strong></span> <span class='ocrx_word' id='word_1_783' title='bbox 3178 3388 3341 3443; x_wconf 90' lang='lat' dir='ltr'><strong>divini</strong></span> <span class='ocrx_word' id='word_1_784' title='bbox 3381 3388 3437 3443; x_wconf 89' lang='lat' dir='ltr'><strong>in</strong></span> 
     </span>
    </p>
   </div>
   <div class='ocr_carea' id='block_1_95' title="bbox 1860 3478 3435 3556">
    <p class='ocr_par' dir='ltr' id='par_1_95' title="bbox 1860 3478 3435 3556">
     <span class='ocr_line' id='line_1_95' title="bbox 1860 3478 3435 3556; baseline -0.006 -16"><span class='ocrx_word' id='word_1_785' title='bbox 1860 3487 1963 3540; x_wconf 87' lang='lat' dir='ltr'><strong>line</strong></span> <span class='ocrx_word' id='word_1_786' title='bbox 1973 3484 2178 3556; x_wconf 87' lang='lat' dir='ltr'><strong>judicii.</strong></span> <span class='ocrx_word' id='word_1_787' title='bbox 2210 3482 2338 3538; x_wconf 83' lang='lat' dir='ltr'><strong>Noli</strong></span> <span class='ocrx_word' id='word_1_788' title='bbox 2362 3484 2519 3537; x_wconf 89' lang='lat' dir='ltr'><strong>altum</strong></span> <span class='ocrx_word' id='word_1_789' title='bbox 2542 3497 2738 3552; x_wconf 82' lang='lat' dir='ltr'><strong>sapere,</strong></span> <span class='ocrx_word' id='word_1_790' title='bbox 2761 3480 2849 3534; x_wconf 84' lang='lat' dir='ltr'><strong>sed</strong></span> <span class='ocrx_word' id='word_1_791' title='bbox 2870 3481 2988 3533; x_wconf 87' lang='lat' dir='ltr'><strong>time</strong></span> <span class='ocrx_word' id='word_1_792' title='bbox 3011 3478 3188 3551; x_wconf 88' lang='lat' dir='ltr'><strong>(Rom.</strong></span> <span class='ocrx_word' id='word_1_793' title='bbox 3220 3495 3293 3545; x_wconf 70' lang='grc' dir='ltr'>ιι,</span> <span class='ocrx_word' id='word_1_794' title='bbox 3319 3478 3435 3548; x_wconf 71' lang='lat'><strong>20).</strong></span> 
     </span>
    </p>
   </div>
   <div class='ocr_carea' id='block_1_96' title="bbox 1862 3572 3441 3640">
    <p class='ocr_par' dir='ltr' id='par_1_96' title="bbox 1862 3572 3441 3640">
     <span class='ocr_line' id='line_1_96' title="bbox 1862 3572 3441 3640; baseline -0.004 -8"><span class='ocrx_word' id='word_1_795' title='bbox 1862 3580 1995 3632; x_wconf 81' lang='lat' dir='ltr'><strong>Ama</strong></span> <span class='ocrx_word' id='word_1_796' title='bbox 2040 3576 2141 3632; x_wconf 90' lang='lat' dir='ltr'><strong>Dei</strong></span> <span class='ocrx_word' id='word_1_797' title='bbox 2183 3575 2505 3640; x_wconf 88' lang='lat' dir='ltr'><strong>bonitatem,</strong></span> <span class='ocrx_word' id='word_1_798' title='bbox 2554 3574 2681 3628; x_wconf 90' lang='lat' dir='ltr'><strong>time</strong></span> <span class='ocrx_word' id='word_1_799' title='bbox 2726 3572 3071 3628; x_wconf 87' lang='lat' dir='ltr'><strong>severitatem</strong></span> <span class='ocrx_word' id='word_1_800' title='bbox 3114 3580 3441 3640; x_wconf 84' lang='lat' dir='ltr'><strong>:utrumque</strong></span> 
     </span>
    </p>
   </div>
   <div class='ocr_carea' id='block_1_97' title="bbox 1864 3660 3438 3738">
    <p class='ocr_par' dir='ltr' id='par_1_97' title="bbox 1864 3660 3438 3738">
     <span class='ocr_line' id='line_1_97' title="bbox 1864 3660 3438 3738; baseline -0.006 -15"><span class='ocrx_word' id='word_1_801' title='bbox 1864 3676 1915 3723; x_wconf 90' lang='lat' dir='ltr'><strong>te</strong></span> <span class='ocrx_word' id='word_1_802' title='bbox 1958 3665 2241 3738; x_wconf 88' lang='lat' dir='ltr'><strong>superbam</strong></span> <span class='ocrx_word' id='word_1_803' title='bbox 2281 3680 2400 3721; x_wconf 89' lang='lat' dir='ltr'><strong>esse</strong></span> <span class='ocrx_word' id='word_1_804' title='bbox 2428 3676 2533 3719; x_wconf 92' lang='lat' dir='ltr'><strong>non</strong></span> <span class='ocrx_word' id='word_1_805' title='bbox 2572 3663 2719 3718; x_wconf 90' lang='lat' dir='ltr'><strong>sinit.</strong></span> <span class='ocrx_word' id='word_1_806' title='bbox 2765 3661 3007 3716; x_wconf 87' lang='lat' dir='ltr'><strong>Amando</strong></span> <span class='ocrx_word' id='word_1_807' title='bbox 3049 3661 3190 3716; x_wconf 91' lang='lat' dir='ltr'><strong>enim</strong></span> <span class='ocrx_word' id='word_1_808' title='bbox 3244 3660 3438 3727; x_wconf 88' lang='lat' dir='ltr'><strong>times,</strong></span> 
     </span>
    </p>
   </div>
   <div class='ocr_carea' id='block_1_98' title="bbox 1865 3749 3443 3824">
    <p class='ocr_par' dir='ltr' id='par_1_98' title="bbox 1865 3749 3443 3824">
     <span class='ocr_line' id='line_1_98' title="bbox 1865 3749 3443 3824; baseline -0.006 -10"><span class='ocrx_word' id='word_1_809' title='bbox 1865 3775 1931 3815; x_wconf 93' lang='lat' dir='ltr'><strong>ne</strong></span> <span class='ocrx_word' id='word_1_810' title='bbox 1959 3767 2192 3814; x_wconf 87' lang='lat' dir='ltr'><strong>amatum</strong></span> <span class='ocrx_word' id='word_1_811' title='bbox 2223 3766 2278 3813; x_wconf 91' lang='lat' dir='ltr'><strong>et</strong></span> <span class='ocrx_word' id='word_1_812' title='bbox 2304 3764 2567 3812; x_wconf 88' lang='lat' dir='ltr'><strong>amantem</strong></span> <span class='ocrx_word' id='word_1_813' title='bbox 2607 3754 2839 3824; x_wconf 87' lang='lat' dir='ltr'><strong>graviter</strong></span> <span class='ocrx_word' id='word_1_814' title='bbox 2875 3752 3132 3807; x_wconf 75' lang='lat' dir='ltr'><strong>oliendas.</strong></span> <span class='ocrx_word' id='word_1_815' title='bbox 3162 3749 3292 3804; x_wconf 85' lang='lat' dir='ltr'><strong>Nam</strong></span> <span class='ocrx_word' id='word_1_816' title='bbox 3324 3766 3443 3820; x_wconf 82' lang='lat' dir='ltr'><strong>quae</strong></span> 
     </span>
    </p>
   </div>
   <div class='ocr_carea' id='block_1_99' title="bbox 1864 3841 3445 3922">
    <p class='ocr_par' dir='ltr' id='par_1_99' title="bbox 1864 3841 3445 3922">
     <span class='ocr_line' id='line_1_99' title="bbox 1864 3841 3445 3922; baseline -0.007 -17"><span class='ocrx_word' id='word_1_817' title='bbox 1864 3850 2077 3922; x_wconf 87' lang='lat' dir='ltr'><strong>gravior</strong></span> <span class='ocrx_word' id='word_1_818' title='bbox 2087 3848 2328 3915; x_wconf 84' lang='lat' dir='ltr'><strong>oli&#39;ensio,</strong></span> <span class='ocrx_word' id='word_1_819' title='bbox 2347 3863 2503 3919; x_wconf 89' lang='lat' dir='ltr'><strong>quam</strong></span> <span class='ocrx_word' id='word_1_820' title='bbox 2520 3854 2576 3899; x_wconf 92' lang='lat' dir='ltr'><strong>ut</strong></span> <span class='ocrx_word' id='word_1_821' title='bbox 2596 3844 2839 3914; x_wconf 90' lang='lat' dir='ltr'><strong>superbia</strong></span> <span class='ocrx_word' id='word_1_822' title='bbox 2854 3844 2932 3914; x_wconf 91' lang='lat' dir='ltr'><strong>(a)</strong></span> <span class='ocrx_word' id='word_1_823' title='bbox 2947 3843 3021 3897; x_wconf 92' lang='lat' dir='ltr'><strong>illi</strong></span> <span class='ocrx_word' id='word_1_824' title='bbox 3036 3842 3339 3911; x_wconf 78' lang='lat' dir='ltr'><strong>displicens,</strong></span> <span class='ocrx_word' id='word_1_825' title='bbox 3355 3841 3445 3910; x_wconf 90' lang='lat' dir='ltr'><strong>qui</strong></span> 
     </span>
    </p>
   </div>
   <div class='ocr_carea' id='block_1_100' title="bbox 1867 3930 3449 4013">
    <p class='ocr_par' dir='ltr' id='par_1_100' title="bbox 1867 3930 3449 4013">
     <span class='ocr_line' id='line_1_100' title="bbox 1867 3930 3449 4013; baseline -0.009 -16"><span class='ocrx_word' id='word_1_826' title='bbox 1867 3952 2083 4013; x_wconf 88' lang='lat' dir='ltr'><strong>propter</strong></span> <span class='ocrx_word' id='word_1_827' title='bbox 2108 3950 2159 3996; x_wconf 85' lang='lat' dir='ltr'><strong>te</strong></span> <span class='ocrx_word' id='word_1_828' title='bbox 2184 3938 2426 4008; x_wconf 89' lang='lat' dir='ltr'><strong>superbis</strong></span> <span class='ocrx_word' id='word_1_829' title='bbox 2453 3936 2761 4006; x_wconf 85' lang='lat' dir='ltr'><strong>displicuit?</strong></span> <span class='ocrx_word' id='word_1_830' title='bbox 2788 3935 2853 3989; x_wconf 87' lang='lat' dir='ltr'><strong>Et</strong></span> <span class='ocrx_word' id='word_1_831' title='bbox 2878 3933 2968 3989; x_wconf 91' lang='lat' dir='ltr'><strong>ubi</strong></span> <span class='ocrx_word' id='word_1_832' title='bbox 2998 3931 3165 4000; x_wconf 87' lang='lat' dir='ltr'><strong>magis</strong></span> <span class='ocrx_word' id='word_1_833' title='bbox 3193 3945 3313 3987; x_wconf 89' lang='lat' dir='ltr'><strong>esse</strong></span> <span class='ocrx_word' id='word_1_834' title='bbox 3355 3930 3449 3984; x_wconf 86' lang='lat' dir='ltr'><strong>de-</strong></span> 
     </span>
    </p>
   </div>
   <div class='ocr_carea' id='block_1_101' title="bbox 1870 4020 3448 4098">
    <p class='ocr_par' dir='ltr' id='par_1_101' title="bbox 1870 4020 3448 4098">
     <span class='ocr_line' id='line_1_101' title="bbox 1870 4020 3448 4098; baseline -0.01 -9"><span class='ocrx_word' id='word_1_835' title='bbox 1870 4035 1960 4089; x_wconf 91' lang='lat' dir='ltr'><strong>bet</strong></span> <span class='ocrx_word' id='word_1_836' title='bbox 2006 4034 2154 4086; x_wconf 87' lang='lat' dir='ltr'><strong>timor</strong></span> <span class='ocrx_word' id='word_1_837' title='bbox 2201 4032 2289 4085; x_wconf 90' lang='lat' dir='ltr'><strong>ille</strong></span> <span class='ocrx_word' id='word_1_838' title='bbox 2335 4038 2501 4084; x_wconf 88' lang='lat' dir='ltr'><strong>castus</strong></span> <span class='ocrx_word' id='word_1_839' title='bbox 2545 4041 2841 4098; x_wconf 86' lang='lat' dir='ltr'><strong>permanens</strong></span> <span class='ocrx_word' id='word_1_840' title='bbox 2885 4026 2938 4080; x_wconf 84' lang='lat' dir='ltr'><strong>in</strong></span> <span class='ocrx_word' id='word_1_841' title='bbox 2981 4024 3222 4079; x_wconf 67' lang='lat' dir='ltr'><strong>saeculum</strong></span> <span class='ocrx_word' id='word_1_842' title='bbox 3276 4020 3448 4075; x_wconf 74' lang='lat' dir='ltr'><strong>swculi</strong></span> 
     </span>
    </p>
   </div>
   <div class='ocr_carea' id='block_1_102' title="bbox 1871 4113 3451 4195">
    <p class='ocr_par' dir='ltr' id='par_1_102' title="bbox 1871 4113 3451 4195">
     <span class='ocr_line' id='line_1_102' title="bbox 1871 4113 3451 4195; baseline -0.009 -17"><span class='ocrx_word' id='word_1_843' title='bbox 1871 4123 2043 4195; x_wconf 86' lang='lat' dir='ltr'><strong>(Psal.</strong></span> <span class='ocrx_word' id='word_1_844' title='bbox 2077 4137 2229 4185; x_wconf 80' lang='lat' dir='ltr'><strong>xvm,</strong></span> <span class='ocrx_word' id='word_1_845' title='bbox 2261 4118 2348 4193; x_wconf 90' lang='grc'>10)</span> <span class='ocrx_word' id='word_1_846' title='bbox 2374 4163 2387 4183; x_wconf 85' lang='grc'>,</span> <span class='ocrx_word' id='word_1_847' title='bbox 2417 4134 2572 4190; x_wconf 86' lang='lat' dir='ltr'><strong>quam</strong></span> <span class='ocrx_word' id='word_1_848' title='bbox 2603 4118 2654 4172; x_wconf 89' lang='lat' dir='ltr'><strong>in</strong></span> <span class='ocrx_word' id='word_1_849' title='bbox 2696 4126 2747 4173; x_wconf 88' lang='lat' dir='ltr'><strong>te</strong></span> <span class='ocrx_word' id='word_1_850' title='bbox 2771 4158 2785 4183; x_wconf 93' lang='lat'><strong>,</strong></span> <span class='ocrx_word' id='word_1_851' title='bbox 2818 4133 2936 4187; x_wconf 74' lang='lat' dir='ltr'><strong>qua:</strong></span> <span class='ocrx_word' id='word_1_852' title='bbox 2963 4131 3068 4170; x_wconf 93' lang='lat' dir='ltr'><strong>non</strong></span> <span class='ocrx_word' id='word_1_853' title='bbox 3099 4113 3303 4185; x_wconf 86' lang='lat' dir='ltr'><strong>cogitas</strong></span> <span class='ocrx_word' id='word_1_854' title='bbox 3331 4127 3451 4182; x_wconf 79' lang='lat' dir='ltr'><strong>quae</strong></span> 
     </span>
    </p>
   </div>
   <div class='ocr_carea' id='block_1_103' title="bbox 1872 4204 3452 4282">
    <p class='ocr_par' dir='ltr' id='par_1_103' title="bbox 1872 4204 3452 4282">
     <span class='ocr_line' id='line_1_103' title="bbox 1872 4204 3452 4282; baseline -0.008 -14"><span class='ocrx_word' id='word_1_855' title='bbox 1872 4223 1996 4269; x_wconf 88' lang='lat' dir='ltr'><strong>sunt</strong></span> <span class='ocrx_word' id='word_1_856' title='bbox 2022 4212 2224 4279; x_wconf 86' lang='lat' dir='ltr'><strong>mundi,</strong></span> <span class='ocrx_word' id='word_1_857' title='bbox 2253 4210 2520 4282; x_wconf 89' lang='lat' dir='ltr'><strong>quomodo</strong></span> <span class='ocrx_word' id='word_1_858' title='bbox 2541 4209 2747 4279; x_wconf 83' lang='lat' dir='ltr'><strong>placeas</strong></span> <span class='ocrx_word' id='word_1_859' title='bbox 2768 4208 3014 4278; x_wconf 85' lang='lat' dir='ltr'><strong>conjugi:</strong></span> <span class='ocrx_word' id='word_1_860' title='bbox 3060 4204 3154 4261; x_wconf 87' lang='lat' dir='ltr'><strong>sed</strong></span> <span class='ocrx_word' id='word_1_861' title='bbox 3180 4220 3299 4275; x_wconf 81' lang='lat' dir='ltr'><strong>qua:</strong></span> <span class='ocrx_word' id='word_1_862' title='bbox 3327 4213 3452 4257; x_wconf 87' lang='lat' dir='ltr'><strong>sunt</strong></span> 
     </span>
    </p>
   </div>
   <div class='ocr_carea' id='block_1_104' title="bbox 1874 4293 3452 4375">
    <p class='ocr_par' dir='ltr' id='par_1_104' title="bbox 1874 4293 3452 4375">
     <span class='ocr_line' id='line_1_104' title="bbox 1874 4293 3452 4375; baseline -0.007 -14"><span class='ocrx_word' id='word_1_863' title='bbox 1874 4306 2102 4371; x_wconf 86' lang='lat' dir='ltr'><strong>Domini,</strong></span> <span class='ocrx_word' id='word_1_864' title='bbox 2132 4303 2398 4375; x_wconf 90' lang='lat' dir='ltr'><strong>quomodo</strong></span> <span class='ocrx_word' id='word_1_865' title='bbox 2426 4304 2635 4373; x_wconf 90' lang='lat' dir='ltr'><strong>placeas</strong></span> <span class='ocrx_word' id='word_1_866' title='bbox 2677 4303 2900 4358; x_wconf 84' lang='lat' dir='ltr'><strong>Domino</strong></span> <span class='ocrx_word' id='word_1_867' title='bbox 2946 4302 2989 4375; x_wconf 92' lang='lat' dir='ltr'><strong>(l</strong></span> <span class='ocrx_word' id='word_1_868' title='bbox 3030 4300 3150 4356; x_wconf 85' lang='lat' dir='ltr'><strong>Cor.</strong></span> <span class='ocrx_word' id='word_1_869' title='bbox 3178 4315 3284 4365; x_wconf 88' lang='lat' dir='ltr'><strong>vn,</strong></span> <span class='ocrx_word' id='word_1_870' title='bbox 3312 4293 3452 4367; x_wconf 55' lang='grc' dir='ltr'><strong>δεμ</strong></span> 
     </span>
    </p>
   </div>
   <div class='ocr_carea' id='block_1_105' title="bbox 1876 4394 3454 4453">
    <p class='ocr_par' dir='ltr' id='par_1_105' title="bbox 1876 4394 3454 4453">
     <span class='ocr_line' id='line_1_105' title="bbox 1876 4394 3454 4453; baseline -0.007 0"><span class='ocrx_word' id='word_1_871' title='bbox 1876 4398 1969 4453; x_wconf 90' lang='lat' dir='ltr'><strong>Ille</strong></span> <span class='ocrx_word' id='word_1_872' title='bbox 1990 4398 2125 4452; x_wconf 91' lang='lat' dir='ltr'><strong>alius</strong></span> <span class='ocrx_word' id='word_1_873' title='bbox 2151 4398 2308 4451; x_wconf 84' lang='lat' dir='ltr'><strong>timor</strong></span> <span class='ocrx_word' id='word_1_874' title='bbox 2331 4411 2437 4451; x_wconf 90' lang='lat' dir='ltr'><strong>non</strong></span> <span class='ocrx_word' id='word_1_875' title='bbox 2459 4405 2543 4451; x_wconf 90' lang='lat' dir='ltr'><strong>est</strong></span> <span class='ocrx_word' id='word_1_876' title='bbox 2562 4396 2614 4450; x_wconf 90' lang='lat' dir='ltr'><strong>in</strong></span> <span class='ocrx_word' id='word_1_877' title='bbox 2636 4394 2893 4450; x_wconf 89' lang='lat' dir='ltr'><strong>eharitate</strong></span> <span class='ocrx_word' id='word_1_878' title='bbox 2917 4411 2931 4448; x_wconf 90' lang='lat'><strong>:</strong></span> <span class='ocrx_word' id='word_1_879' title='bbox 2958 4394 3058 4448; x_wconf 91' lang='lat' dir='ltr'><strong>iste</strong></span> <span class='ocrx_word' id='word_1_880' title='bbox 3078 4402 3253 4447; x_wconf 89' lang='lat' dir='ltr'><strong>autem</strong></span> <span class='ocrx_word' id='word_1_881' title='bbox 3274 4399 3454 4446; x_wconf 89' lang='lat' dir='ltr'><strong>castus</strong></span> 
     </span>
    </p>
   </div>
   <div class='ocr_carea' id='block_1_106' title="bbox 1878 4487 3452 4555">
    <p class='ocr_par' dir='ltr' id='par_1_106' title="bbox 1878 4487 3452 4555">
     <span class='ocr_line' id='line_1_106' title="bbox 1878 4487 3452 4555; baseline -0.007 -7"><span class='ocrx_word' id='word_1_882' title='bbox 1878 4508 1982 4549; x_wconf 91' lang='lat' dir='ltr'><strong>non</strong></span> <span class='ocrx_word' id='word_1_883' title='bbox 2006 4491 2208 4548; x_wconf 89' lang='lat' dir='ltr'><strong>recedit</strong></span> <span class='ocrx_word' id='word_1_884' title='bbox 2230 4506 2259 4545; x_wconf 90' lang='lat' dir='ltr'><strong>a</strong></span> <span class='ocrx_word' id='word_1_885' title='bbox 2280 4490 2561 4547; x_wconf 86' lang='lat' dir='ltr'><strong>eharitate.</strong></span> <span class='ocrx_word' id='word_1_886' title='bbox 2584 4488 2641 4544; x_wconf 91' lang='lat' dir='ltr'><strong>Si</strong></span> <span class='ocrx_word' id='word_1_887' title='bbox 2664 4503 2767 4544; x_wconf 88' lang='lat' dir='ltr'><strong>non</strong></span> <span class='ocrx_word' id='word_1_888' title='bbox 2790 4502 2954 4553; x_wconf 88' lang='lat' dir='ltr'><strong>amas,</strong></span> <span class='ocrx_word' id='word_1_889' title='bbox 2983 4487 3111 4541; x_wconf 90' lang='lat' dir='ltr'><strong>time</strong></span> <span class='ocrx_word' id='word_1_890' title='bbox 3132 4499 3199 4540; x_wconf 92' lang='lat' dir='ltr'><strong>ne</strong></span> <span class='ocrx_word' id='word_1_891' title='bbox 3218 4499 3407 4555; x_wconf 81' lang='lat' dir='ltr'><strong>pereas</strong></span> <span class='ocrx_word' id='word_1_892' title='bbox 3438 4502 3452 4537; x_wconf 88' lang='lat'><strong>:</strong></span> 
     </span>
    </p>
   </div>
   <div class='ocr_carea' id='block_1_107' title="bbox 1878 4578 3459 4654">
    <p class='ocr_par' dir='ltr' id='par_1_107' title="bbox 1878 4578 3459 4654">
     <span class='ocr_line' id='line_1_107' title="bbox 1878 4578 3459 4654; baseline -0.008 -11"><span class='ocrx_word' id='word_1_893' title='bbox 1878 4587 1923 4643; x_wconf 84' lang='lat' dir='ltr'><strong>si</strong></span> <span class='ocrx_word' id='word_1_894' title='bbox 1954 4602 2101 4641; x_wconf 89' lang='lat' dir='ltr'><strong>amas</strong></span> <span class='ocrx_word' id='word_1_895' title='bbox 2122 4628 2138 4654; x_wconf 95' lang='lat'><strong>,</strong></span> <span class='ocrx_word' id='word_1_896' title='bbox 2167 4584 2294 4641; x_wconf 91' lang='lat' dir='ltr'><strong>time</strong></span> <span class='ocrx_word' id='word_1_897' title='bbox 2318 4599 2387 4639; x_wconf 92' lang='lat' dir='ltr'><strong>ne</strong></span> <span class='ocrx_word' id='word_1_898' title='bbox 2416 4583 2718 4654; x_wconf 80' lang='lat' dir='ltr'><strong>diSpliceas.</strong></span> <span class='ocrx_word' id='word_1_899' title='bbox 2756 4580 2908 4639; x_wconf 89' lang='lat' dir='ltr'><strong>Illum</strong></span> <span class='ocrx_word' id='word_1_900' title='bbox 2950 4581 3196 4635; x_wconf 92' lang='lat' dir='ltr'><strong>timorem</strong></span> <span class='ocrx_word' id='word_1_901' title='bbox 3225 4578 3459 4633; x_wconf 80' lang='lat' dir='ltr'><strong>charitas</strong></span> 
     </span>
    </p>
   </div>
   <div class='ocr_carea' id='block_1_108' title="bbox 1882 4668 3454 4740">
    <p class='ocr_par' dir='ltr' id='par_1_108' title="bbox 1882 4668 3454 4740">
     <span class='ocr_line' id='line_1_108' title="bbox 1882 4668 3454 4740; baseline -0.008 -5"><span class='ocrx_word' id='word_1_902' title='bbox 1882 4680 2024 4735; x_wconf 82' lang='lat' dir='ltr'><strong>foras</strong></span> <span class='ocrx_word' id='word_1_903' title='bbox 2062 4680 2223 4734; x_wconf 89' lang='lat' dir='ltr'><strong>mittit</strong></span> <span class='ocrx_word' id='word_1_904' title='bbox 2255 4695 2270 4733; x_wconf 92' lang='lat'><strong>:</strong></span> <span class='ocrx_word' id='word_1_905' title='bbox 2301 4692 2419 4732; x_wconf 91' lang='lat' dir='ltr'><strong>cum</strong></span> <span class='ocrx_word' id='word_1_906' title='bbox 2453 4677 2555 4731; x_wconf 91' lang='lat' dir='ltr'><strong>isto</strong></span> <span class='ocrx_word' id='word_1_907' title='bbox 2594 4676 2733 4729; x_wconf 89' lang='lat' dir='ltr'><strong>intro</strong></span> <span class='ocrx_word' id='word_1_908' title='bbox 2772 4673 2956 4729; x_wconf 90' lang='lat' dir='ltr'><strong>currit.</strong></span> <span class='ocrx_word' id='word_1_909' title='bbox 3008 4671 3142 4726; x_wconf 87' lang='lat' dir='ltr'><strong>Dicit</strong></span> <span class='ocrx_word' id='word_1_910' title='bbox 3182 4668 3454 4740; x_wconf 87' lang='lat' dir='ltr'><strong>apostolus</strong></span> 
     </span>
    </p>
   </div>
   <div class='ocr_carea' id='block_1_109' title="bbox 1882 4761 3459 4837">
    <p class='ocr_par' dir='ltr' id='par_1_109' title="bbox 1882 4761 3459 4837">
     <span class='ocr_line' id='line_1_109' title="bbox 1882 4761 3459 4837; baseline -0.01 -7"><span class='ocrx_word' id='word_1_911' title='bbox 1882 4776 2039 4830; x_wconf 84' lang='lat' dir='ltr'><strong>etiam</strong></span> <span class='ocrx_word' id='word_1_912' title='bbox 2069 4773 2260 4827; x_wconf 83' lang='lat' dir='ltr'><strong>Paulus</strong></span> <span class='ocrx_word' id='word_1_913' title='bbox 2289 4790 2304 4828; x_wconf 88' lang='lat'><strong>:</strong></span> <span class='ocrx_word' id='word_1_914' title='bbox 2336 4770 2456 4825; x_wconf 86' lang='lat' dir='ltr'><strong>Non</strong></span> <span class='ocrx_word' id='word_1_915' title='bbox 2480 4770 2613 4824; x_wconf 88' lang='lat' dir='ltr'><strong>enim</strong></span> <span class='ocrx_word' id='word_1_916' title='bbox 2639 4768 2919 4837; x_wconf 85' lang='lat' dir='ltr'><strong>accepimus</strong></span> <span class='ocrx_word' id='word_1_917' title='bbox 2946 4765 3179 4833; x_wconf 85' lang='lat' dir='ltr'><strong>spiritum</strong></span> <span class='ocrx_word' id='word_1_918' title='bbox 3209 4761 3459 4815; x_wconf 77' lang='lat' dir='ltr'><strong>servitutis</strong></span> 
     </span>
    </p>
   </div>
   <div class='ocr_carea' id='block_1_110' title="bbox 1883 4851 3463 4928">
    <p class='ocr_par' dir='ltr' id='par_1_110' title="bbox 1883 4851 3463 4928">
     <span class='ocr_line' id='line_1_110' title="bbox 1883 4851 3463 4928; baseline -0.01 -10"><span class='ocrx_word' id='word_1_919' title='bbox 1883 4866 2061 4918; x_wconf 88' lang='lat' dir='ltr'><strong>iterum</strong></span> <span class='ocrx_word' id='word_1_920' title='bbox 2090 4865 2142 4917; x_wconf 89' lang='lat' dir='ltr'><strong>in</strong></span> <span class='ocrx_word' id='word_1_921' title='bbox 2172 4864 2400 4917; x_wconf 89' lang='lat' dir='ltr'><strong>timorem</strong></span> <span class='ocrx_word' id='word_1_922' title='bbox 2430 4860 2448 4893; x_wconf 83' lang='grc'>¹</span> <span class='ocrx_word' id='word_1_923' title='bbox 2472 4877 2486 4925; x_wconf 89' lang='grc'><strong>;</strong></span> <span class='ocrx_word' id='word_1_924' title='bbox 2525 4858 2613 4914; x_wconf 82' lang='lat' dir='ltr'><strong>sed</strong></span> <span class='ocrx_word' id='word_1_925' title='bbox 2636 4858 2923 4928; x_wconf 84' lang='lat' dir='ltr'><strong>accepimus</strong></span> <span class='ocrx_word' id='word_1_926' title='bbox 2948 4855 3199 4925; x_wconf 84' lang='lat' dir='ltr'><strong>Spiritum</strong></span> <span class='ocrx_word' id='word_1_927' title='bbox 3228 4851 3463 4920; x_wconf 83' lang='lat' dir='ltr'><strong>adaptio-</strong></span> 
     </span>
    </p>
   </div>
   <div class='ocr_carea' id='block_1_111' title="bbox 1886 4942 3460 5026">
    <p class='ocr_par' dir='ltr' id='par_1_111' title="bbox 1886 4942 3460 5026">
     <span class='ocr_line' id='line_1_111' title="bbox 1886 4942 3460 5026; baseline -0.011 -14"><span class='ocrx_word' id='word_1_928' title='bbox 1886 4958 1964 5011; x_wconf 85' lang='lat' dir='ltr'><strong>nis</strong></span> <span class='ocrx_word' id='word_1_929' title='bbox 1989 4958 2210 5026; x_wconf 81' lang='lat' dir='ltr'><strong>ﬁliorum</strong></span> <span class='ocrx_word' id='word_1_930' title='bbox 2232 4998 2245 5021; x_wconf 87' lang='lat'><strong>,</strong></span> <span class='ocrx_word' id='word_1_931' title='bbox 2292 4955 2345 5009; x_wconf 89' lang='lat' dir='ltr'><strong>in</strong></span> <span class='ocrx_word' id='word_1_932' title='bbox 2382 4970 2481 5025; x_wconf 87' lang='lat' dir='ltr'><strong>quo</strong></span> <span class='ocrx_word' id='word_1_933' title='bbox 2518 4952 2796 5006; x_wconf 89' lang='lat' dir='ltr'><strong>clamamus</strong></span> <span class='ocrx_word' id='word_1_934' title='bbox 2817 4992 2832 5017; x_wconf 93' lang='lat'><strong>,</strong></span> <span class='ocrx_word' id='word_1_935' title='bbox 2864 4948 3035 5013; x_wconf 80' lang='lat' dir='ltr'><strong>Abba,</strong></span> <span class='ocrx_word' id='word_1_936' title='bbox 3081 4945 3236 4998; x_wconf 82' lang='lat' dir='ltr'><strong>Pater</strong></span> <span class='ocrx_word' id='word_1_937' title='bbox 3281 4942 3460 5013; x_wconf 86' lang='lat' dir='ltr'><strong>(Rom.</strong></span> 
     </span>
    </p>
   </div>
   <div class='ocr_carea' id='block_1_112' title="bbox 1887 5033 3465 5120">
    <p class='ocr_par' dir='ltr' id='par_1_112' title="bbox 1887 5033 3465 5120">
     <span class='ocr_line' id='line_1_112' title="bbox 1887 5033 3465 5120; baseline -0.009 -19"><span class='ocrx_word' id='word_1_938' title='bbox 1887 5065 1999 5115; x_wconf 83' lang='lat' dir='ltr'><strong>vm,</strong></span> <span class='ocrx_word' id='word_1_939' title='bbox 2032 5046 2142 5120; x_wconf 79' lang='grc'>15).</span> <span class='ocrx_word' id='word_1_940' title='bbox 2173 5044 2323 5101; x_wconf 91' lang='lat' dir='ltr'><strong>Illum</strong></span> <span class='ocrx_word' id='word_1_941' title='bbox 2346 5060 2467 5099; x_wconf 90' lang='lat' dir='ltr'><strong>eum</strong></span> <span class='ocrx_word' id='word_1_942' title='bbox 2497 5044 2738 5098; x_wconf 80' lang='lat' dir='ltr'><strong>timerent</strong></span> <span class='ocrx_word' id='word_1_943' title='bbox 2768 5039 2931 5095; x_wconf 85' lang='lat' dir='ltr'><strong>credo</strong></span> <span class='ocrx_word' id='word_1_944' title='bbox 2959 5037 3158 5099; x_wconf 89' lang='lat' dir='ltr'><strong>dicere,</strong></span> <span class='ocrx_word' id='word_1_945' title='bbox 3190 5034 3279 5104; x_wconf 89' lang='lat' dir='ltr'><strong>qui</strong></span> <span class='ocrx_word' id='word_1_946' title='bbox 3309 5033 3465 5088; x_wconf 85' lang='lat' dir='ltr'><strong>datus</strong></span> 
     </span>
    </p>
   </div>
   <div class='ocr_carea' id='block_1_113' title="bbox 1889 5130 3469 5199">
    <p class='ocr_par' dir='ltr' id='par_1_113' title="bbox 1889 5130 3469 5199">
     <span class='ocr_line' id='line_1_113' title="bbox 1889 5130 3469 5199; baseline -0.013 -1"><span class='ocrx_word' id='word_1_947' title='bbox 1889 5151 2005 5199; x_wconf 89' lang='lat' dir='ltr'><strong>erat</strong></span> <span class='ocrx_word' id='word_1_948' title='bbox 2034 5138 2087 5195; x_wconf 91' lang='lat' dir='ltr'><strong>in</strong></span> <span class='ocrx_word' id='word_1_949' title='bbox 2116 5139 2311 5195; x_wconf 89' lang='lat' dir='ltr'><strong>Vetere</strong></span> <span class='ocrx_word' id='word_1_950' title='bbox 2339 5136 2699 5196; x_wconf 85' lang='lat' dir='ltr'><strong>Testamento,</strong></span> <span class='ocrx_word' id='word_1_951' title='bbox 2723 5148 2789 5185; x_wconf 91' lang='lat' dir='ltr'><strong>ne</strong></span> <span class='ocrx_word' id='word_1_952' title='bbox 2815 5130 3182 5185; x_wconf 76' lang='lat' dir='ltr'><strong>omitterentur</strong></span> <span class='ocrx_word' id='word_1_953' title='bbox 3204 5136 3469 5195; x_wconf 87' lang='lat' dir='ltr'><strong>tempora-</strong></span> 
     </span>
    </p>
   </div>
   <div class='ocr_carea' id='block_1_114' title="bbox 1893 5219 3468 5300">
    <p class='ocr_par' dir='ltr' id='par_1_114' title="bbox 1893 5219 3468 5300">
     <span class='ocr_line' id='line_1_114' title="bbox 1893 5219 3468 5300; baseline -0.01 -13"><span class='ocrx_word' id='word_1_954' title='bbox 1893 5235 1960 5288; x_wconf 92' lang='lat' dir='ltr'><strong>lia</strong></span> <span class='ocrx_word' id='word_1_955' title='bbox 1987 5234 2143 5297; x_wconf 85' lang='lat' dir='ltr'><strong>boua,</strong></span> <span class='ocrx_word' id='word_1_956' title='bbox 2166 5245 2285 5300; x_wconf 58' lang='lat' dir='ltr'><strong>quae</strong></span> <span class='ocrx_word' id='word_1_957' title='bbox 2313 5230 2451 5284; x_wconf 92' lang='lat' dir='ltr'><strong>Deus</strong></span> <span class='ocrx_word' id='word_1_958' title='bbox 2477 5224 2796 5295; x_wconf 87' lang='lat' dir='ltr'><strong>promiserat</strong></span> <span class='ocrx_word' id='word_1_959' title='bbox 2824 5221 3054 5277; x_wconf 88' lang='lat' dir='ltr'><strong>nondum</strong></span> <span class='ocrx_word' id='word_1_960' title='bbox 3081 5220 3178 5276; x_wconf 90' lang='lat' dir='ltr'><strong>sub</strong></span> <span class='ocrx_word' id='word_1_961' title='bbox 3208 5220 3375 5291; x_wconf 88' lang='lat' dir='ltr'><strong>gratia</strong></span> <span class='ocrx_word' id='word_1_962' title='bbox 3403 5219 3468 5272; x_wconf 90' lang='lat' dir='ltr'><strong>ll-</strong></span> 
     </span>
    </p>
   </div>
   <div class='ocr_carea' id='block_1_115' title="bbox 1894 5311 3469 5389">
    <p class='ocr_par' dir='ltr' id='par_1_115' title="bbox 1894 5311 3469 5389">
     <span class='ocr_line' id='line_1_115' title="bbox 1894 5311 3469 5389; baseline -0.009 -10"><span class='ocrx_word' id='word_1_963' title='bbox 1894 5326 1997 5389; x_wconf 91' lang='lat' dir='ltr'><strong>Iiis,</strong></span> <span class='ocrx_word' id='word_1_964' title='bbox 2023 5322 2117 5378; x_wconf 87' lang='lat' dir='ltr'><strong>sed</strong></span> <span class='ocrx_word' id='word_1_965' title='bbox 2145 5319 2243 5375; x_wconf 91' lang='lat' dir='ltr'><strong>sub</strong></span> <span class='ocrx_word' id='word_1_966' title='bbox 2271 5318 2412 5389; x_wconf 87' lang='lat' dir='ltr'><strong>Lege</strong></span> <span class='ocrx_word' id='word_1_967' title='bbox 2439 5315 2610 5370; x_wconf 88' lang='lat' dir='ltr'><strong>adhuc</strong></span> <span class='ocrx_word' id='word_1_968' title='bbox 2632 5315 2818 5370; x_wconf 87' lang='lat' dir='ltr'><strong>servis.</strong></span> <span class='ocrx_word' id='word_1_969' title='bbox 2843 5313 2939 5368; x_wconf 88' lang='lat' dir='ltr'><strong>Est</strong></span> <span class='ocrx_word' id='word_1_970' title='bbox 2963 5312 3120 5367; x_wconf 87' lang='lat' dir='ltr'><strong>etiam</strong></span> <span class='ocrx_word' id='word_1_971' title='bbox 3150 5312 3309 5367; x_wconf 91' lang='lat' dir='ltr'><strong>timor</strong></span> <span class='ocrx_word' id='word_1_972' title='bbox 3335 5311 3469 5381; x_wconf 82' lang='lat' dir='ltr'><strong>ignis</strong></span> 
     </span>
    </p>
   </div>
   <div class='ocr_carea' id='block_1_116' title="bbox 1895 5404 3468 5483">
    <p class='ocr_par' dir='ltr' id='par_1_116' title="bbox 1895 5404 3468 5483">
     <span class='ocr_line' id='line_1_116' title="bbox 1895 5404 3468 5483; baseline -0.01 -12"><span class='ocrx_word' id='word_1_973' title='bbox 1895 5414 2101 5477; x_wconf 80' lang='lat' dir='ltr'><strong>aeterni,</strong></span> <span class='ocrx_word' id='word_1_974' title='bbox 2132 5421 2351 5483; x_wconf 90' lang='lat' dir='ltr'><strong>propter</strong></span> <span class='ocrx_word' id='word_1_975' title='bbox 2378 5424 2535 5479; x_wconf 88' lang='lat' dir='ltr'><strong>quem</strong></span> <span class='ocrx_word' id='word_1_976' title='bbox 2564 5405 2905 5462; x_wconf 87' lang='lat' dir='ltr'><strong>devitandum</strong></span> <span class='ocrx_word' id='word_1_977' title='bbox 2934 5405 3041 5460; x_wconf 88' lang='lat' dir='ltr'><strong>Deo</strong></span> <span class='ocrx_word' id='word_1_978' title='bbox 3066 5404 3288 5469; x_wconf 88' lang='lat' dir='ltr'><strong>servire,</strong></span> <span class='ocrx_word' id='word_1_979' title='bbox 3333 5418 3468 5455; x_wconf 78' lang='lat' dir='ltr'><strong>non-</strong></span> 
     </span>
    </p>
   </div>
   <div class='ocr_carea' id='block_1_117' title="bbox 1897 5495 3471 5577">
    <p class='ocr_par' dir='ltr' id='par_1_117' title="bbox 1897 5495 3471 5577">
     <span class='ocr_line' id='line_1_117' title="bbox 1897 5495 3471 5577; baseline -0.012 -10"><span class='ocrx_word' id='word_1_980' title='bbox 1897 5512 2023 5567; x_wconf 88' lang='lat' dir='ltr'><strong>dum</strong></span> <span class='ocrx_word' id='word_1_981' title='bbox 2051 5519 2135 5565; x_wconf 91' lang='lat' dir='ltr'><strong>est</strong></span> <span class='ocrx_word' id='word_1_982' title='bbox 2161 5507 2344 5577; x_wconf 88' lang='lat' dir='ltr'><strong>utique</strong></span> <span class='ocrx_word' id='word_1_983' title='bbox 2378 5503 2628 5574; x_wconf 62' lang='lat' dir='ltr'><strong>perfectae</strong></span> <span class='ocrx_word' id='word_1_984' title='bbox 2667 5500 2962 5556; x_wconf 88' lang='lat' dir='ltr'><strong>charitatis.</strong></span> <span class='ocrx_word' id='word_1_985' title='bbox 3004 5497 3161 5553; x_wconf 82' lang='lat' dir='ltr'><strong>Aliud</strong></span> <span class='ocrx_word' id='word_1_986' title='bbox 3204 5506 3285 5552; x_wconf 82' lang='lat' dir='ltr'><strong>est</strong></span> <span class='ocrx_word' id='word_1_987' title='bbox 3330 5495 3471 5550; x_wconf 87' lang='lat' dir='ltr'><strong>enim</strong></span> 
     </span>
    </p>
   </div>
   <div class='ocr_carea' id='block_1_118' title="bbox 1898 5588 3472 5669">
    <p class='ocr_par' dir='ltr' id='par_1_118' title="bbox 1898 5588 3472 5669">
     <span class='ocr_line' id='line_1_118' title="bbox 1898 5588 3472 5669; baseline -0.012 -10"><span class='ocrx_word' id='word_1_988' title='bbox 1898 5601 2221 5659; x_wconf 83' lang='lat' dir='ltr'><strong>desiderium</strong></span> <span class='ocrx_word' id='word_1_989' title='bbox 2249 5597 2477 5669; x_wconf 69' lang='lat' dir='ltr'><strong>praemii,</strong></span> <span class='ocrx_word' id='word_1_990' title='bbox 2508 5594 2647 5650; x_wconf 88' lang='lat' dir='ltr'><strong>aliud</strong></span> <span class='ocrx_word' id='word_1_991' title='bbox 2679 5592 2907 5649; x_wconf 82' lang='lat' dir='ltr'><strong>formido</strong></span> <span class='ocrx_word' id='word_1_992' title='bbox 2935 5591 3197 5662; x_wconf 89' lang='lat' dir='ltr'><strong>supplicii.</strong></span> <span class='ocrx_word' id='word_1_993' title='bbox 3220 5588 3352 5643; x_wconf 67' lang='lat' dir='ltr'><strong>Aliae</strong></span> <span class='ocrx_word' id='word_1_994' title='bbox 3377 5603 3472 5641; x_wconf 89' lang='lat' dir='ltr'><strong>vo-</strong></span> 
     </span>
    </p>
   </div>
   <div class='ocr_carea' id='block_1_119' title="bbox 1964 5703 3479 5776">
    <p class='ocr_par' dir='ltr' id='par_1_119' title="bbox 1964 5703 3479 5776">
     <span class='ocr_line' id='line_1_119' title="bbox 1964 5703 3479 5776; baseline -0.011 -9"><span class='ocrx_word' id='word_1_995' title='bbox 1964 5722 1982 5753; x_wconf 73' lang='grc' dir='ltr'>ί</span> <span class='ocrx_word' id='word_1_996' title='bbox 2008 5717 2145 5776; x_wconf 66' lang='lat' dir='ltr'><strong>mliti,</strong></span> <span class='ocrx_word' id='word_1_997' title='bbox 2160 5713 2211 5765; x_wconf 86' lang='lat' dir='ltr'><strong>in</strong></span> <span class='ocrx_word' id='word_1_998' title='bbox 2233 5714 2418 5776; x_wconf 88' lang='lat' dir='ltr'><strong>timore.</strong></span> <span class='ocrx_word' id='word_1_999' title='bbox 2436 5719 2640 5763; x_wconf 82' lang='lat' dir='ltr'><strong>Veteres</strong></span> <span class='ocrx_word' id='word_1_1000' title='bbox 2662 5715 2825 5776; x_wconf 82' lang='lat' dir='ltr'><strong>autem</strong></span> <span class='ocrx_word' id='word_1_1001' title='bbox 2841 5706 2971 5776; x_wconf 75' lang='lat' dir='ltr'><strong>libri,</strong></span> <span class='ocrx_word' id='word_1_1002' title='bbox 2993 5704 3045 5776; x_wconf 84' lang='lat' dir='ltr'><strong>in</strong></span> <span class='ocrx_word' id='word_1_1003' title='bbox 3068 5704 3286 5776; x_wconf 64' lang='lat' dir='ltr'><strong>timorem</strong></span> <span class='ocrx_word' id='word_1_1004' title='bbox 3307 5703 3479 5776; x_wconf 52' lang='lat' dir='ltr'><strong>:juvta</strong></span> 
     </span>
    </p>
   </div>
   <div class='ocr_carea' id='block_1_120' title="bbox 1960 5761 3485 5840">
    <p class='ocr_par' dir='ltr' id='par_1_120' title="bbox 1960 5761 3485 5840">
     <span class='ocr_line' id='line_1_120' title="bbox 1960 5761 3485 5840; baseline -0.015 -8"><span class='ocrx_word' id='word_1_1005' title='bbox 1960 5761 2220 5839; x_wconf 49' lang='lat' dir='ltr'><strong>eam;</strong></span> <span class='ocrx_word' id='word_1_1006' title='bbox 2234 5761 2457 5840; x_wconf 51' lang='lat' dir='ltr'><strong>sum;</strong></span> <span class='ocrx_word' id='word_1_1007' title='bbox 2489 5761 2565 5824; x_wconf 87' lang='lat' dir='ltr'><strong>cui</strong></span> <span class='ocrx_word' id='word_1_1008' title='bbox 2587 5771 2840 5823; x_wconf 85' lang='lat' dir='ltr'><strong>concordat</strong></span> <span class='ocrx_word' id='word_1_1009' title='bbox 2873 5761 3070 5831; x_wconf 68' lang='lat' dir='ltr'><strong>Vulgata</strong></span> <span class='ocrx_word' id='word_1_1010' title='bbox 3100 5767 3151 5816; x_wconf 85' lang='lat' dir='ltr'><strong>in</strong></span> <span class='ocrx_word' id='word_1_1011' title='bbox 3171 5761 3381 5828; x_wconf 81' lang='lat' dir='ltr'><strong>antiquis</strong></span> <span class='ocrx_word' id='word_1_1012' title='bbox 3403 5761 3485 5809; x_wconf 81' lang='lat' dir='ltr'><strong>tn-</strong></span> 
     </span>
    </p>
   </div>
   <div class='ocr_carea' id='block_1_121' title="bbox 1920 5839 2421 5892">
    <p class='ocr_par' dir='ltr' id='par_1_121' title="bbox 1920 5839 2421 5892">
     <span class='ocr_line' id='line_1_121' title="bbox 1920 5839 2421 5892; baseline -0.01 -3"><span class='ocrx_word' id='word_1_1013' title='bbox 1920 5839 2014 5892; x_wconf 67' lang='lat' dir='ltr'><strong>iliis</strong></span> <span class='ocrx_word' id='word_1_1014' title='bbox 2033 5839 2421 5890; x_wconf 85' lang='lat' dir='ltr'><strong>Corbciensibus.</strong></span> 
     </span>
    </p>
   </div>
   <div class='ocr_carea' id='block_1_122' title="bbox 1968 5899 2472 5965">
    <p class='ocr_par' dir='ltr' id='par_1_122' title="bbox 1968 5899 2472 5965">
     <span class='ocr_line' id='line_1_122' title="bbox 1968 5899 2472 5965; baseline -0.008 -12"><span class='ocrx_word' id='word_1_1015' title='bbox 1968 5906 2040 5965; x_wconf 93' lang='lat' dir='ltr'><strong>(a)</strong></span> <span class='ocrx_word' id='word_1_1016' title='bbox 2072 5909 2229 5962; x_wconf 73' lang='lat' dir='ltr'><strong>Forte,</strong></span> <span class='ocrx_word' id='word_1_1017' title='bbox 2248 5899 2472 5960; x_wconf 85' lang='lat' dir='ltr'><strong>superba.</strong></span> 
     </span>
    </p>
   </div>
  </div>
