  <div class='ocr_page' id='page_1' title='image "/cluster/home/n/w/nwhite01/storage/ocr_20150623/40-41/uc1.31175026811482/217.png"; bbox 0 0 4048 6502; ppageno 0'>
   <div class='ocr_carea' id='block_1_1' title="bbox 570 432 675 491">
    <p class='ocr_par' dir='ltr' id='par_1_1' title="bbox 570 432 675 491">
     <span class='ocr_line' id='line_1_1' title="bbox 570 432 675 491; baseline 0.038 -4"><span class='ocrx_word' id='word_1_1' title='bbox 570 432 675 491; x_wconf 61' lang='grc'><strong><em>119</em></strong></span> 
     </span>
    </p>
   </div>
   <div class='ocr_carea' id='block_1_2' title="bbox 571 529 2144 605">
    <p class='ocr_par' dir='ltr' id='par_1_2' title="bbox 571 529 2144 605">
     <span class='ocr_line' id='line_1_2' title="bbox 571 529 2144 605; baseline -0.016 -5"><span class='ocrx_word' id='word_1_2' title='bbox 571 558 663 600; x_wconf 87' lang='lat' dir='ltr'><strong><em>ees</em></strong></span> <span class='ocrx_word' id='word_1_3' title='bbox 685 550 843 605; x_wconf 88' lang='lat' dir='ltr'><strong><em>sunt,</em></strong></span> <span class='ocrx_word' id='word_1_4' title='bbox 878 539 988 605; x_wconf 87' lang='lat' dir='ltr'><strong><em>Quo</em></strong></span> <span class='ocrx_word' id='word_1_5' title='bbox 1012 536 1156 592; x_wconf 84' lang='lat' dir='ltr'><strong><em>abibo</em></strong></span> <span class='ocrx_word' id='word_1_6' title='bbox 1181 535 1244 588; x_wconf 89' lang='lat' dir='ltr'><strong><em>ab</em></strong></span> <span class='ocrx_word' id='word_1_7' title='bbox 1271 532 1452 604; x_wconf 87' lang='lat' dir='ltr'><strong><em>spiritu</em></strong></span> <span class='ocrx_word' id='word_1_8' title='bbox 1477 540 1563 585; x_wconf 89' lang='lat' dir='ltr'><strong><em>tuo</em></strong></span> <span class='ocrx_word' id='word_1_9' title='bbox 1587 572 1602 597; x_wconf 94' lang='lat'><strong><em>,</em></strong></span> <span class='ocrx_word' id='word_1_10' title='bbox 1644 538 1689 584; x_wconf 90' lang='lat' dir='ltr'><strong><em>et</em></strong></span> <span class='ocrx_word' id='word_1_11' title='bbox 1714 546 1745 582; x_wconf 90' lang='lat' dir='ltr'><strong><em>a</em></strong></span> <span class='ocrx_word' id='word_1_12' title='bbox 1771 529 1899 601; x_wconf 83' lang='lat' dir='ltr'><strong><em>facie</em></strong></span> <span class='ocrx_word' id='word_1_13' title='bbox 1938 535 2023 578; x_wconf 89' lang='lat' dir='ltr'><strong><em>tua</em></strong></span> <span class='ocrx_word' id='word_1_14' title='bbox 2048 541 2144 594; x_wconf 87' lang='lat' dir='ltr'><strong><em>quo</em></strong></span> 
     </span>
    </p>
   </div>
   <div class='ocr_carea' id='block_1_3' title="bbox 571 618 2149 707">
    <p class='ocr_par' dir='ltr' id='par_1_3' title="bbox 571 618 2149 707">
     <span class='ocr_line' id='line_1_3' title="bbox 571 618 2149 707; baseline -0.011 -19"><span class='ocrx_word' id='word_1_15' title='bbox 571 635 767 707; x_wconf 81' lang='lat' dir='ltr'><strong><em>fugiam</em></strong></span> <span class='ocrx_word' id='word_1_16' title='bbox 794 631 963 702; x_wconf 84' lang='lat' dir='ltr'><strong><em>(Psal.</em></strong></span> <span class='ocrx_word' id='word_1_17' title='bbox 987 643 1244 693; x_wconf 83' lang='lat' dir='ltr'><strong><em>cxxxvut,</em></strong></span> <span class='ocrx_word' id='word_1_18' title='bbox 1270 626 1369 698; x_wconf 87' lang='lat'><strong><em>7)?</em></strong></span> <span class='ocrx_word' id='word_1_19' title='bbox 1399 633 1453 680; x_wconf 91' lang='lat' dir='ltr'><strong><em>et</em></strong></span> <span class='ocrx_word' id='word_1_20' title='bbox 1476 624 1593 677; x_wconf 79' lang='lat' dir='ltr'><strong><em>alia:</em></strong></span> <span class='ocrx_word' id='word_1_21' title='bbox 1622 637 1782 677; x_wconf 90' lang='lat' dir='ltr'><strong><em>voces</em></strong></span> <span class='ocrx_word' id='word_1_22' title='bbox 1810 629 1952 686; x_wconf 90' lang='lat' dir='ltr'><strong><em>sunt,</em></strong></span> <span class='ocrx_word' id='word_1_23' title='bbox 1981 618 2149 673; x_wconf 90' lang='lat' dir='ltr'><strong><em>Unam</em></strong></span> 
     </span>
    </p>
   </div>
   <div class='ocr_carea' id='block_1_4' title="bbox 571 708 2147 794">
    <p class='ocr_par' dir='ltr' id='par_1_4' title="bbox 571 708 2147 794">
     <span class='ocr_line' id='line_1_4' title="bbox 571 708 2147 794; baseline -0.012 -15"><span class='ocrx_word' id='word_1_24' title='bbox 571 726 690 794; x_wconf 92' lang='lat' dir='ltr'><strong><em>petii</em></strong></span> <span class='ocrx_word' id='word_1_25' title='bbox 716 741 748 776; x_wconf 93' lang='lat' dir='ltr'><strong><em>a</em></strong></span> <span class='ocrx_word' id='word_1_26' title='bbox 779 722 1017 787; x_wconf 89' lang='lat' dir='ltr'><strong><em>Domino,</em></strong></span> <span class='ocrx_word' id='word_1_27' title='bbox 1058 720 1188 773; x_wconf 84' lang='lat' dir='ltr'><strong><em>hanc</em></strong></span> <span class='ocrx_word' id='word_1_28' title='bbox 1213 716 1498 786; x_wconf 80' lang='lat' dir='ltr'><strong><em>requiram;</em></strong></span> <span class='ocrx_word' id='word_1_29' title='bbox 1525 722 1579 767; x_wconf 90' lang='lat' dir='ltr'><strong><em>ut</em></strong></span> <span class='ocrx_word' id='word_1_30' title='bbox 1608 712 1879 767; x_wconf 90' lang='lat' dir='ltr'><strong><em>inhabitem</em></strong></span> <span class='ocrx_word' id='word_1_31' title='bbox 1906 711 1959 763; x_wconf 90' lang='lat' dir='ltr'><strong><em>in</em></strong></span> <span class='ocrx_word' id='word_1_32' title='bbox 1996 708 2147 762; x_wconf 91' lang='lat' dir='ltr'><strong><em>domo</em></strong></span> 
     </span>
    </p>
   </div>
   <div class='ocr_carea' id='block_1_5' title="bbox 570 799 2150 885">
    <p class='ocr_par' dir='ltr' id='par_1_5' title="bbox 570 799 2150 885">
     <span class='ocr_line' id='line_1_5' title="bbox 570 799 2150 885; baseline -0.012 -16"><span class='ocrx_word' id='word_1_33' title='bbox 570 814 774 869; x_wconf 79' lang='lat' dir='ltr'><strong><em>Domini</em></strong></span> <span class='ocrx_word' id='word_1_34' title='bbox 802 828 890 885; x_wconf 88' lang='lat' dir='ltr'><strong><em>per</em></strong></span> <span class='ocrx_word' id='word_1_35' title='bbox 914 826 1082 865; x_wconf 91' lang='lat' dir='ltr'><strong><em>omnes</em></strong></span> <span class='ocrx_word' id='word_1_36' title='bbox 1109 808 1214 861; x_wconf 89' lang='lat' dir='ltr'><strong><em>dies</em></strong></span> <span class='ocrx_word' id='word_1_37' title='bbox 1242 807 1356 860; x_wconf 72' lang='lat' dir='ltr'><strong><em>vita:</em></strong></span> <span class='ocrx_word' id='word_1_38' title='bbox 1391 820 1515 859; x_wconf 76' lang='lat' dir='ltr'><strong><em>mea:</em></strong></span> <span class='ocrx_word' id='word_1_39' title='bbox 1533 845 1549 871; x_wconf 90' lang='lat'><strong><em>,</em></strong></span> <span class='ocrx_word' id='word_1_40' title='bbox 1591 811 1646 856; x_wconf 90' lang='lat' dir='ltr'><strong><em>ut</em></strong></span> <span class='ocrx_word' id='word_1_41' title='bbox 1683 799 1991 869; x_wconf 88' lang='lat' dir='ltr'><strong><em>contempler</em></strong></span> <span class='ocrx_word' id='word_1_42' title='bbox 2013 799 2150 853; x_wconf 91' lang='lat' dir='ltr'><strong><em>dele-</em></strong></span> 
     </span>
    </p>
   </div>
   <div class='ocr_carea' id='block_1_6' title="bbox 569 886 2149 968">
    <p class='ocr_par' dir='ltr' id='par_1_6' title="bbox 569 886 2149 968">
     <span class='ocr_line' id='line_1_6' title="bbox 569 886 2149 968; baseline -0.012 -9"><span class='ocrx_word' id='word_1_43' title='bbox 569 906 841 959; x_wconf 89' lang='lat' dir='ltr'><strong><em>ctationem</em></strong></span> <span class='ocrx_word' id='word_1_44' title='bbox 863 900 1091 964; x_wconf 86' lang='lat' dir='ltr'><strong><em>Domini,</em></strong></span> <span class='ocrx_word' id='word_1_45' title='bbox 1119 908 1164 951; x_wconf 92' lang='lat' dir='ltr'><strong><em>et</em></strong></span> <span class='ocrx_word' id='word_1_46' title='bbox 1197 906 1433 968; x_wconf 87' lang='lat' dir='ltr'><strong><em>protegar</em></strong></span> <span class='ocrx_word' id='word_1_47' title='bbox 1452 893 1689 963; x_wconf 79' lang='lat' dir='ltr'><strong><em>templum</em></strong></span> <span class='ocrx_word' id='word_1_48' title='bbox 1715 892 1825 962; x_wconf 92' lang='lat' dir='ltr'><strong><em>ejus</em></strong></span> <span class='ocrx_word' id='word_1_49' title='bbox 1853 892 1869 922; x_wconf 84' lang='grc'>¹</span> <span class='ocrx_word' id='word_1_50' title='bbox 1905 907 1918 943; x_wconf 89' lang='lat'><strong>:</strong></span> <span class='ocrx_word' id='word_1_51' title='bbox 1951 897 2035 955; x_wconf 90' lang='lat' dir='ltr'><strong><em>et,</em></strong></span> <span class='ocrx_word' id='word_1_52' title='bbox 2066 886 2149 940; x_wconf 90' lang='lat' dir='ltr'><strong><em>Ne</em></strong></span> 
     </span>
    </p>
   </div>
   <div class='ocr_carea' id='block_1_7' title="bbox 570 977 2148 1066">
    <p class='ocr_par' dir='ltr' id='par_1_7' title="bbox 570 977 2148 1066">
     <span class='ocr_line' id='line_1_7' title="bbox 570 977 2148 1066; baseline -0.013 -16"><span class='ocrx_word' id='word_1_53' title='bbox 570 1004 765 1050; x_wconf 88' lang='lat' dir='ltr'><strong><em>avertas</em></strong></span> <span class='ocrx_word' id='word_1_54' title='bbox 790 992 971 1066; x_wconf 75' lang='lat' dir='ltr'><strong><em>faciem</em></strong></span> <span class='ocrx_word' id='word_1_55' title='bbox 996 1000 1137 1043; x_wconf 90' lang='lat' dir='ltr'><strong><em>tuam</em></strong></span> <span class='ocrx_word' id='word_1_56' title='bbox 1163 1005 1194 1041; x_wconf 94' lang='lat' dir='ltr'><strong><em>a</em></strong></span> <span class='ocrx_word' id='word_1_57' title='bbox 1221 1004 1298 1040; x_wconf 91' lang='lat' dir='ltr'><strong><em>me</em></strong></span> <span class='ocrx_word' id='word_1_58' title='bbox 1329 983 1498 1058; x_wconf 90' lang='lat' dir='ltr'><strong><em>(Psal.</em></strong></span> <span class='ocrx_word' id='word_1_59' title='bbox 1526 998 1674 1050; x_wconf 72' lang='lat' dir='ltr'><strong><em>xxvr,</em></strong></span> <span class='ocrx_word' id='word_1_60' title='bbox 1702 983 1756 1046; x_wconf 69' lang='lat'><strong><em>4,</em></strong></span> <span class='ocrx_word' id='word_1_61' title='bbox 1788 979 1843 1055; x_wconf 88' lang='grc'><strong><em>9)</em></strong></span> <span class='ocrx_word' id='word_1_62' title='bbox 1872 996 1887 1045; x_wconf 91' lang='grc'><strong>;</strong></span> <span class='ocrx_word' id='word_1_63' title='bbox 1916 989 2005 1046; x_wconf 90' lang='lat' dir='ltr'><strong><em>et,</em></strong></span> <span class='ocrx_word' id='word_1_64' title='bbox 2039 977 2148 1031; x_wconf 87' lang='lat' dir='ltr'><strong><em>De-</em></strong></span> 
     </span>
    </p>
   </div>
   <div class='ocr_carea' id='block_1_8' title="bbox 571 1068 2147 1151">
    <p class='ocr_par' dir='ltr' id='par_1_8' title="bbox 571 1068 2147 1151">
     <span class='ocr_line' id='line_1_8' title="bbox 571 1068 2147 1151; baseline -0.01 -10"><span class='ocrx_word' id='word_1_65' title='bbox 571 1087 759 1141; x_wconf 87' lang='lat' dir='ltr'><strong><em>siderat</em></strong></span> <span class='ocrx_word' id='word_1_66' title='bbox 796 1093 843 1139; x_wconf 85' lang='lat' dir='ltr'><strong><em>et</em></strong></span> <span class='ocrx_word' id='word_1_67' title='bbox 885 1082 1055 1151; x_wconf 71' lang='lat' dir='ltr'><strong><em>deficit</em></strong></span> <span class='ocrx_word' id='word_1_68' title='bbox 1096 1080 1266 1133; x_wconf 90' lang='lat' dir='ltr'><strong><em>anima</em></strong></span> <span class='ocrx_word' id='word_1_69' title='bbox 1306 1093 1418 1130; x_wconf 89' lang='lat' dir='ltr'><strong><em>mea</em></strong></span> <span class='ocrx_word' id='word_1_70' title='bbox 1462 1077 1515 1129; x_wconf 89' lang='lat' dir='ltr'><strong><em>in</em></strong></span> <span class='ocrx_word' id='word_1_71' title='bbox 1555 1074 1688 1127; x_wconf 72' lang='lat' dir='ltr'><strong><em>atria</em></strong></span> <span class='ocrx_word' id='word_1_72' title='bbox 1729 1072 1935 1126; x_wconf 85' lang='lat' dir='ltr'><strong><em>Domini</em></strong></span> <span class='ocrx_word' id='word_1_73' title='bbox 1975 1068 2147 1141; x_wconf 87' lang='lat' dir='ltr'><strong><em>(Psal.</em></strong></span> 
     </span>
    </p>
   </div>
   <div class='ocr_carea' id='block_1_9' title="bbox 573 1162 2148 1245">
    <p class='ocr_par' dir='ltr' id='par_1_9' title="bbox 573 1162 2148 1245">
     <span class='ocr_line' id='line_1_9' title="bbox 573 1162 2148 1245; baseline -0.011 -13"><span class='ocrx_word' id='word_1_74' title='bbox 573 1191 812 1239; x_wconf 76' lang='lat' dir='ltr'><strong><em>LXXXIII,</em></strong></span> <span class='ocrx_word' id='word_1_75' title='bbox 846 1172 922 1245; x_wconf 79' lang='grc'><strong><em>5).</em></strong></span> <span class='ocrx_word' id='word_1_76' title='bbox 956 1172 1075 1227; x_wconf 88' lang='lat' dir='ltr'><strong><em>Illas</em></strong></span> <span class='ocrx_word' id='word_1_77' title='bbox 1113 1185 1272 1224; x_wconf 87' lang='lat' dir='ltr'><strong><em>voces</em></strong></span> <span class='ocrx_word' id='word_1_78' title='bbox 1310 1166 1553 1221; x_wconf 78' lang='lat' dir='ltr'><strong><em>habuerit</em></strong></span> <span class='ocrx_word' id='word_1_79' title='bbox 1579 1166 1599 1195; x_wconf 79' lang='lat'>&#39;</span> <span class='ocrx_word' id='word_1_80' title='bbox 1621 1204 1637 1230; x_wconf 93' lang='lat'><strong><em>,</em></strong></span> <span class='ocrx_word' id='word_1_81' title='bbox 1685 1163 1776 1234; x_wconf 84' lang='lat' dir='ltr'><strong><em>qui</em></strong></span> <span class='ocrx_word' id='word_1_82' title='bbox 1818 1162 2001 1217; x_wconf 91' lang='lat' dir='ltr'><strong><em>oculos</em></strong></span> <span class='ocrx_word' id='word_1_83' title='bbox 2041 1174 2148 1215; x_wconf 92' lang='lat' dir='ltr'><strong><em>non</em></strong></span> 
     </span>
    </p>
   </div>
   <div class='ocr_carea' id='block_1_10' title="bbox 570 1254 2150 1327">
    <p class='ocr_par' dir='ltr' id='par_1_10' title="bbox 570 1254 2150 1327">
     <span class='ocr_line' id='line_1_10' title="bbox 570 1254 2150 1327; baseline -0.01 -4"><span class='ocrx_word' id='word_1_84' title='bbox 570 1267 801 1322; x_wconf 79' lang='lat' dir='ltr'><strong><em>audebat</em></strong></span> <span class='ocrx_word' id='word_1_85' title='bbox 841 1266 1024 1320; x_wconf 84' lang='lat' dir='ltr'><strong><em>levare</em></strong></span> <span class='ocrx_word' id='word_1_86' title='bbox 1062 1264 1114 1317; x_wconf 92' lang='lat' dir='ltr'><strong><em>in</em></strong></span> <span class='ocrx_word' id='word_1_87' title='bbox 1156 1261 1381 1325; x_wconf 61' lang='lat' dir='ltr'><strong><em>caelum;</em></strong></span> <span class='ocrx_word' id='word_1_88' title='bbox 1431 1266 1485 1313; x_wconf 93' lang='lat' dir='ltr'><strong><em>et</em></strong></span> <span class='ocrx_word' id='word_1_89' title='bbox 1529 1273 1646 1327; x_wconf 69' lang='lat' dir='ltr'><strong><em>qum</em></strong></span> <span class='ocrx_word' id='word_1_90' title='bbox 1679 1255 1881 1327; x_wconf 87' lang='lat' dir='ltr'><strong><em>rigabat</em></strong></span> <span class='ocrx_word' id='word_1_91' title='bbox 1903 1254 2150 1325; x_wconf 85' lang='lat' dir='ltr'><strong><em>laerymis</em></strong></span> 
     </span>
    </p>
   </div>
   <div class='ocr_carea' id='block_1_11' title="bbox 579 1348 2145 1426">
    <p class='ocr_par' dir='ltr' id='par_1_11' title="bbox 579 1348 2145 1426">
     <span class='ocr_line' id='line_1_11' title="bbox 579 1348 2145 1426; baseline -0.006 -14"><span class='ocrx_word' id='word_1_92' title='bbox 579 1356 742 1426; x_wconf 85' lang='lat' dir='ltr'><strong><em>pedes</em></strong></span> <span class='ocrx_word' id='word_1_93' title='bbox 765 1355 833 1409; x_wconf 90' lang='lat' dir='ltr'><strong><em>ad</em></strong></span> <span class='ocrx_word' id='word_1_94' title='bbox 859 1351 1244 1424; x_wconf 89' lang='lat' dir='ltr'><strong><em>impetrandam</em></strong></span> <span class='ocrx_word' id='word_1_95' title='bbox 1268 1351 1476 1405; x_wconf 82' lang='lat' dir='ltr'><strong><em>veniam</em></strong></span> <span class='ocrx_word' id='word_1_96' title='bbox 1501 1348 1739 1419; x_wconf 91' lang='lat' dir='ltr'><strong><em>gravium</em></strong></span> <span class='ocrx_word' id='word_1_97' title='bbox 1768 1356 2103 1417; x_wconf 82' lang='lat' dir='ltr'><strong><em>peccatorum</em></strong></span> <span class='ocrx_word' id='word_1_98' title='bbox 2129 1359 2145 1402; x_wconf 89' lang='lat'><strong>:</strong></span> 
     </span>
    </p>
   </div>
   <div class='ocr_carea' id='block_1_12' title="bbox 574 1440 2151 1512">
    <p class='ocr_par' dir='ltr' id='par_1_12' title="bbox 574 1440 2151 1512">
     <span class='ocr_line' id='line_1_12' title="bbox 574 1440 2151 1512; baseline -0.007 -13"><span class='ocrx_word' id='word_1_99' title='bbox 574 1448 670 1501; x_wconf 92' lang='lat' dir='ltr'><strong><em>has</em></strong></span> <span class='ocrx_word' id='word_1_100' title='bbox 695 1455 872 1501; x_wconf 88' lang='lat' dir='ltr'><strong><em>autem</em></strong></span> <span class='ocrx_word' id='word_1_101' title='bbox 899 1452 957 1499; x_wconf 92' lang='lat' dir='ltr'><strong><em>tu</em></strong></span> <span class='ocrx_word' id='word_1_102' title='bbox 987 1444 1181 1498; x_wconf 84' lang='lat' dir='ltr'><strong><em>habeto</em></strong></span> <span class='ocrx_word' id='word_1_103' title='bbox 1203 1482 1220 1507; x_wconf 96' lang='lat'><strong><em>,</em></strong></span> <span class='ocrx_word' id='word_1_104' title='bbox 1268 1456 1381 1512; x_wconf 66' lang='lat' dir='ltr'><strong><em>qua:</em></strong></span> <span class='ocrx_word' id='word_1_105' title='bbox 1420 1440 1644 1494; x_wconf 88' lang='lat' dir='ltr'><strong><em>sollicita</em></strong></span> <span class='ocrx_word' id='word_1_106' title='bbox 1681 1453 1740 1492; x_wconf 88' lang='lat' dir='ltr'><strong><em>es</em></strong></span> <span class='ocrx_word' id='word_1_107' title='bbox 1778 1453 1839 1492; x_wconf 88' lang='lat' dir='ltr'><strong><em>ea</em></strong></span> <span class='ocrx_word' id='word_1_108' title='bbox 1870 1451 1989 1507; x_wconf 65' lang='lat' dir='ltr'><strong><em>qua:</em></strong></span> <span class='ocrx_word' id='word_1_109' title='bbox 2027 1444 2151 1489; x_wconf 92' lang='lat' dir='ltr'><strong><em>sunt</em></strong></span> 
     </span>
    </p>
   </div>
   <div class='ocr_carea' id='block_1_13' title="bbox 577 1528 2153 1606">
    <p class='ocr_par' dir='ltr' id='par_1_13' title="bbox 577 1528 2153 1606">
     <span class='ocr_line' id='line_1_13' title="bbox 577 1528 2153 1606; baseline -0.008 -11"><span class='ocrx_word' id='word_1_110' title='bbox 577 1540 805 1606; x_wconf 88' lang='lat' dir='ltr'><strong><em>Domini,</em></strong></span> <span class='ocrx_word' id='word_1_111' title='bbox 836 1548 895 1594; x_wconf 91' lang='lat' dir='ltr'><strong><em>ut</em></strong></span> <span class='ocrx_word' id='word_1_112' title='bbox 920 1539 992 1593; x_wconf 90' lang='lat' dir='ltr'><strong><em>sis</em></strong></span> <span class='ocrx_word' id='word_1_113' title='bbox 1020 1546 1201 1592; x_wconf 89' lang='lat' dir='ltr'><strong><em>sancta</em></strong></span> <span class='ocrx_word' id='word_1_114' title='bbox 1226 1545 1280 1590; x_wconf 91' lang='lat' dir='ltr'><strong><em>et</em></strong></span> <span class='ocrx_word' id='word_1_115' title='bbox 1304 1548 1530 1603; x_wconf 90' lang='lat' dir='ltr'><strong><em>corpore</em></strong></span> <span class='ocrx_word' id='word_1_116' title='bbox 1556 1542 1609 1587; x_wconf 91' lang='lat' dir='ltr'><strong><em>et</em></strong></span> <span class='ocrx_word' id='word_1_117' title='bbox 1634 1532 1843 1602; x_wconf 78' lang='lat' dir='ltr'><strong><em>Spiritu.</em></strong></span> <span class='ocrx_word' id='word_1_118' title='bbox 1875 1531 1983 1585; x_wconf 91' lang='lat' dir='ltr'><strong><em>lllis</em></strong></span> <span class='ocrx_word' id='word_1_119' title='bbox 2004 1528 2153 1584; x_wconf 46' lang='lat' dir='ltr'><strong><em>voci‘</em></strong></span> 
     </span>
    </p>
   </div>
   <div class='ocr_carea' id='block_1_14' title="bbox 574 1621 2152 1696">
    <p class='ocr_par' dir='ltr' id='par_1_14' title="bbox 574 1621 2152 1696">
     <span class='ocr_line' id='line_1_14' title="bbox 574 1621 2152 1696; baseline -0.008 -11"><span class='ocrx_word' id='word_1_120' title='bbox 574 1631 673 1685; x_wconf 91' lang='lat' dir='ltr'><strong><em>bus</em></strong></span> <span class='ocrx_word' id='word_1_121' title='bbox 697 1630 981 1685; x_wconf 82' lang='lat' dir='ltr'><strong><em>comitatur</em></strong></span> <span class='ocrx_word' id='word_1_122' title='bbox 1006 1628 1165 1682; x_wconf 86' lang='lat' dir='ltr'><strong><em>timor</em></strong></span> <span class='ocrx_word' id='word_1_123' title='bbox 1183 1625 1272 1696; x_wconf 86' lang='lat' dir='ltr'><strong><em>qui</em></strong></span> <span class='ocrx_word' id='word_1_124' title='bbox 1299 1632 1622 1679; x_wconf 84' lang='lat' dir='ltr'><strong><em>tormentum</em></strong></span> <span class='ocrx_word' id='word_1_125' title='bbox 1645 1621 1823 1686; x_wconf 80' lang='lat' dir='ltr'><strong><em>habet,</em></strong></span> <span class='ocrx_word' id='word_1_126' title='bbox 1850 1636 2007 1691; x_wconf 91' lang='lat' dir='ltr'><strong><em>quem</em></strong></span> <span class='ocrx_word' id='word_1_127' title='bbox 2031 1635 2152 1691; x_wconf 89' lang='lat' dir='ltr'><strong><em>per-</em></strong></span> 
     </span>
    </p>
   </div>
   <div class='ocr_carea' id='block_1_15' title="bbox 574 1711 2148 1775">
    <p class='ocr_par' dir='ltr' id='par_1_15' title="bbox 574 1711 2148 1775">
     <span class='ocr_line' id='line_1_15' title="bbox 574 1711 2148 1775; baseline -0.004 -3"><span class='ocrx_word' id='word_1_128' title='bbox 574 1720 710 1774; x_wconf 88' lang='lat' dir='ltr'><strong><em>fecta</em></strong></span> <span class='ocrx_word' id='word_1_129' title='bbox 740 1718 973 1775; x_wconf 87' lang='lat' dir='ltr'><strong><em>charitas</em></strong></span> <span class='ocrx_word' id='word_1_130' title='bbox 1000 1716 1143 1772; x_wconf 85' lang='lat' dir='ltr'><strong><em>foras</em></strong></span> <span class='ocrx_word' id='word_1_131' title='bbox 1172 1715 1337 1770; x_wconf 89' lang='lat' dir='ltr'><strong><em>mittit</em></strong></span> <span class='ocrx_word' id='word_1_132' title='bbox 1369 1731 1382 1768; x_wconf 89' lang='lat'><strong>:</strong></span> <span class='ocrx_word' id='word_1_133' title='bbox 1417 1715 1501 1769; x_wconf 89' lang='lat' dir='ltr'><strong><em>his</em></strong></span> <span class='ocrx_word' id='word_1_134' title='bbox 1528 1722 1707 1769; x_wconf 89' lang='lat' dir='ltr'><strong><em>autem</em></strong></span> <span class='ocrx_word' id='word_1_135' title='bbox 1734 1713 1953 1767; x_wconf 80' lang='lat' dir='ltr'><strong><em>vocibus</em></strong></span> <span class='ocrx_word' id='word_1_136' title='bbox 1980 1711 2148 1766; x_wconf 90' lang='lat' dir='ltr'><strong><em>comi-</em></strong></span> 
     </span>
    </p>
   </div>
   <div class='ocr_carea' id='block_1_16' title="bbox 573 1802 2151 1875">
    <p class='ocr_par' dir='ltr' id='par_1_16' title="bbox 573 1802 2151 1875">
     <span class='ocr_line' id='line_1_16' title="bbox 573 1802 2151 1875; baseline -0.007 -9"><span class='ocrx_word' id='word_1_137' title='bbox 573 1819 716 1865; x_wconf 89' lang='lat' dir='ltr'><strong><em>tatur</em></strong></span> <span class='ocrx_word' id='word_1_138' title='bbox 738 1811 896 1865; x_wconf 91' lang='lat' dir='ltr'><strong><em>timor</em></strong></span> <span class='ocrx_word' id='word_1_139' title='bbox 916 1809 1124 1863; x_wconf 90' lang='lat' dir='ltr'><strong><em>Domini</em></strong></span> <span class='ocrx_word' id='word_1_140' title='bbox 1149 1813 1327 1861; x_wconf 90' lang='lat' dir='ltr'><strong><em>castus</em></strong></span> <span class='ocrx_word' id='word_1_141' title='bbox 1355 1818 1672 1875; x_wconf 87' lang='lat' dir='ltr'><strong><em>permanens</em></strong></span> <span class='ocrx_word' id='word_1_142' title='bbox 1694 1804 1747 1858; x_wconf 91' lang='lat' dir='ltr'><strong><em>in</em></strong></span> <span class='ocrx_word' id='word_1_143' title='bbox 1770 1802 2021 1857; x_wconf 64' lang='lat' dir='ltr'><strong><em>saeculum</em></strong></span> <span class='ocrx_word' id='word_1_144' title='bbox 2050 1816 2151 1856; x_wconf 64' lang='lat' dir='ltr'><strong><em>sa:-</em></strong></span> 
     </span>
    </p>
   </div>
   <div class='ocr_carea' id='block_1_17' title="bbox 574 1892 2149 1969">
    <p class='ocr_par' dir='ltr' id='par_1_17' title="bbox 574 1892 2149 1969">
     <span class='ocr_line' id='line_1_17' title="bbox 574 1892 2149 1969; baseline -0.005 -14"><span class='ocrx_word' id='word_1_145' title='bbox 574 1900 704 1957; x_wconf 90' lang='lat' dir='ltr'><strong><em>euli.</em></strong></span> <span class='ocrx_word' id='word_1_146' title='bbox 738 1900 806 1955; x_wconf 90' lang='lat' dir='ltr'><strong><em>Et</em></strong></span> <span class='ocrx_word' id='word_1_147' title='bbox 835 1900 1042 1969; x_wconf 87' lang='lat' dir='ltr'><strong><em>utrique</em></strong></span> <span class='ocrx_word' id='word_1_148' title='bbox 1067 1896 1247 1968; x_wconf 88' lang='lat' dir='ltr'><strong><em>generi</em></strong></span> <span class='ocrx_word' id='word_1_149' title='bbox 1274 1894 1562 1951; x_wconf 89' lang='lat' dir='ltr'><strong><em>dicendum</em></strong></span> <span class='ocrx_word' id='word_1_150' title='bbox 1594 1903 1696 1963; x_wconf 89' lang='lat' dir='ltr'><strong><em>est,</em></strong></span> <span class='ocrx_word' id='word_1_151' title='bbox 1727 1893 1851 1948; x_wconf 89' lang='lat' dir='ltr'><strong><em>Noli</em></strong></span> <span class='ocrx_word' id='word_1_152' title='bbox 1876 1892 2036 1948; x_wconf 87' lang='lat' dir='ltr'><strong><em>altum</em></strong></span> <span class='ocrx_word' id='word_1_153' title='bbox 2062 1910 2149 1947; x_wconf 87' lang='lat' dir='ltr'><strong><em>sa-</em></strong></span> 
     </span>
    </p>
   </div>
   <div class='ocr_carea' id='block_1_18' title="bbox 574 1983 2150 2061">
    <p class='ocr_par' dir='ltr' id='par_1_18' title="bbox 574 1983 2150 2061">
     <span class='ocr_line' id='line_1_18' title="bbox 574 1983 2150 2061; baseline -0.006 -17"><span class='ocrx_word' id='word_1_154' title='bbox 574 2006 726 2061; x_wconf 83' lang='lat' dir='ltr'><strong><em>pere,</em></strong></span> <span class='ocrx_word' id='word_1_155' title='bbox 759 1989 848 2043; x_wconf 87' lang='lat' dir='ltr'><strong><em>sed</em></strong></span> <span class='ocrx_word' id='word_1_156' title='bbox 878 1991 1030 2053; x_wconf 86' lang='lat' dir='ltr'><strong><em>time;</em></strong></span> <span class='ocrx_word' id='word_1_157' title='bbox 1058 1996 1114 2042; x_wconf 94' lang='lat' dir='ltr'><strong><em>ut</em></strong></span> <span class='ocrx_word' id='word_1_158' title='bbox 1142 1986 1307 2041; x_wconf 90' lang='lat' dir='ltr'><strong><em>homo</em></strong></span> <span class='ocrx_word' id='word_1_159' title='bbox 1335 2000 1435 2039; x_wconf 89' lang='lat' dir='ltr'><strong><em>nec</em></strong></span> <span class='ocrx_word' id='word_1_160' title='bbox 1472 1983 1538 2038; x_wconf 91' lang='lat' dir='ltr'><strong><em>de</em></strong></span> <span class='ocrx_word' id='word_1_161' title='bbox 1564 1992 1900 2053; x_wconf 88' lang='lat' dir='ltr'><strong><em>peccatorum</em></strong></span> <span class='ocrx_word' id='word_1_162' title='bbox 1932 1996 2150 2037; x_wconf 86' lang='lat' dir='ltr'><strong><em>suorum</em></strong></span> 
     </span>
    </p>
   </div>
   <div class='ocr_carea' id='block_1_19' title="bbox 572 2074 2147 2150">
    <p class='ocr_par' dir='ltr' id='par_1_19' title="bbox 572 2074 2147 2150">
     <span class='ocr_line' id='line_1_19' title="bbox 572 2074 2147 2150; baseline -0.005 -15"><span class='ocrx_word' id='word_1_163' title='bbox 572 2081 905 2148; x_wconf 89' lang='lat' dir='ltr'><strong><em>defensione,</em></strong></span> <span class='ocrx_word' id='word_1_164' title='bbox 929 2094 1027 2134; x_wconf 91' lang='lat' dir='ltr'><strong><em>nec</em></strong></span> <span class='ocrx_word' id='word_1_165' title='bbox 1053 2079 1122 2135; x_wconf 91' lang='lat' dir='ltr'><strong><em>de</em></strong></span> <span class='ocrx_word' id='word_1_166' title='bbox 1144 2078 1365 2150; x_wconf 69' lang='lat' dir='ltr'><strong><em>iustitia:</em></strong></span> <span class='ocrx_word' id='word_1_167' title='bbox 1388 2076 1799 2147; x_wconf 80' lang='lat' dir='ltr'><strong><em>praesumptione</em></strong></span> <span class='ocrx_word' id='word_1_168' title='bbox 1825 2090 1884 2129; x_wconf 90' lang='lat' dir='ltr'><strong><em>se</em></strong></span> <span class='ocrx_word' id='word_1_169' title='bbox 1909 2074 2147 2129; x_wconf 81' lang='lat' dir='ltr'><strong><em>extollat.</em></strong></span> 
     </span>
    </p>
   </div>
   <div class='ocr_carea' id='block_1_20' title="bbox 572 2165 2152 2241">
    <p class='ocr_par' dir='ltr' id='par_1_20' title="bbox 572 2165 2152 2241">
     <span class='ocr_line' id='line_1_20' title="bbox 572 2165 2152 2241; baseline -0.005 -15"><span class='ocrx_word' id='word_1_170' title='bbox 572 2171 704 2226; x_wconf 85' lang='lat' dir='ltr'><strong><em>Nam</em></strong></span> <span class='ocrx_word' id='word_1_171' title='bbox 731 2181 784 2226; x_wconf 90' lang='lat' dir='ltr'><strong><em>et</em></strong></span> <span class='ocrx_word' id='word_1_172' title='bbox 810 2172 924 2241; x_wconf 92' lang='lat' dir='ltr'><strong><em>ipse</em></strong></span> <span class='ocrx_word' id='word_1_173' title='bbox 961 2170 1184 2236; x_wconf 84' lang='lat' dir='ltr'><strong><em>Paulus,</em></strong></span> <span class='ocrx_word' id='word_1_174' title='bbox 1227 2170 1316 2240; x_wconf 91' lang='lat' dir='ltr'><strong><em>qui</em></strong></span> <span class='ocrx_word' id='word_1_175' title='bbox 1354 2168 1515 2234; x_wconf 89' lang='lat' dir='ltr'><strong><em>dicit,</em></strong></span> <span class='ocrx_word' id='word_1_176' title='bbox 1559 2165 1682 2221; x_wconf 89' lang='lat' dir='ltr'><strong><em>Non</em></strong></span> <span class='ocrx_word' id='word_1_177' title='bbox 1719 2166 1853 2220; x_wconf 90' lang='lat' dir='ltr'><strong><em>enim</em></strong></span> <span class='ocrx_word' id='word_1_178' title='bbox 1890 2165 2152 2235; x_wconf 87' lang='lat' dir='ltr'><strong><em>accepistis</em></strong></span> 
     </span>
    </p>
   </div>
   <div class='ocr_carea' id='block_1_21' title="bbox 570 2258 2152 2335">
    <p class='ocr_par' dir='ltr' id='par_1_21' title="bbox 570 2258 2152 2335">
     <span class='ocr_line' id='line_1_21' title="bbox 570 2258 2152 2335; baseline -0.004 -16"><span class='ocrx_word' id='word_1_179' title='bbox 570 2265 805 2335; x_wconf 85' lang='lat' dir='ltr'><strong><em>spiritum</em></strong></span> <span class='ocrx_word' id='word_1_180' title='bbox 846 2264 1094 2317; x_wconf 82' lang='lat' dir='ltr'><strong><em>servitutis</em></strong></span> <span class='ocrx_word' id='word_1_181' title='bbox 1143 2262 1326 2315; x_wconf 86' lang='lat' dir='ltr'><strong><em>iterum</em></strong></span> <span class='ocrx_word' id='word_1_182' title='bbox 1368 2262 1421 2314; x_wconf 89' lang='lat' dir='ltr'><strong><em>in</em></strong></span> <span class='ocrx_word' id='word_1_183' title='bbox 1451 2260 1678 2317; x_wconf 86' lang='lat' dir='ltr'><strong><em>timorem</em></strong></span> <span class='ocrx_word' id='word_1_184' title='bbox 1705 2274 1724 2313; x_wconf 91' lang='lat'><strong><em>:</em></strong></span> <span class='ocrx_word' id='word_1_185' title='bbox 1751 2267 1925 2313; x_wconf 88' lang='lat' dir='ltr'><strong><em>tamen</em></strong></span> <span class='ocrx_word' id='word_1_186' title='bbox 1964 2258 2152 2312; x_wconf 86' lang='lat' dir='ltr'><strong><em>timore</em></strong></span> 
     </span>
    </p>
   </div>
   <div class='ocr_carea' id='block_1_22' title="bbox 570 2348 2152 2420">
    <p class='ocr_par' dir='ltr' id='par_1_22' title="bbox 570 2348 2152 2420">
     <span class='ocr_line' id='line_1_22' title="bbox 570 2348 2152 2420; baseline -0.006 -9"><span class='ocrx_word' id='word_1_187' title='bbox 570 2358 766 2412; x_wconf 89' lang='lat' dir='ltr'><strong><em>comite</em></strong></span> <span class='ocrx_word' id='word_1_188' title='bbox 793 2355 1069 2411; x_wconf 86' lang='lat' dir='ltr'><strong><em>charitatis</em></strong></span> <span class='ocrx_word' id='word_1_189' title='bbox 1095 2354 1201 2420; x_wconf 84' lang='lat' dir='ltr'><strong><em>ait,</em></strong></span> <span class='ocrx_word' id='word_1_190' title='bbox 1228 2351 1355 2408; x_wconf 85' lang='lat' dir='ltr'><strong><em>Cum</em></strong></span> <span class='ocrx_word' id='word_1_191' title='bbox 1383 2352 1561 2405; x_wconf 88' lang='lat' dir='ltr'><strong><em>timore</em></strong></span> <span class='ocrx_word' id='word_1_192' title='bbox 1582 2359 1627 2404; x_wconf 88' lang='lat' dir='ltr'><strong><em>et</em></strong></span> <span class='ocrx_word' id='word_1_193' title='bbox 1653 2359 1867 2404; x_wconf 83' lang='lat' dir='ltr'><strong><em>tremore</em></strong></span> <span class='ocrx_word' id='word_1_194' title='bbox 1892 2349 2050 2403; x_wconf 90' lang='lat' dir='ltr'><strong><em>multo</em></strong></span> <span class='ocrx_word' id='word_1_195' title='bbox 2074 2348 2152 2418; x_wconf 76' lang='lat' dir='ltr'><strong><em>{ui</em></strong></span> 
     </span>
    </p>
   </div>
   <div class='ocr_carea' id='block_1_23' title="bbox 569 2440 2151 2518">
    <p class='ocr_par' dir='ltr' id='par_1_23' title="bbox 569 2440 2151 2518">
     <span class='ocr_line' id='line_1_23' title="bbox 569 2440 2151 2518; baseline -0.003 -18"><span class='ocrx_word' id='word_1_196' title='bbox 569 2447 640 2500; x_wconf 87' lang='lat' dir='ltr'><strong><em>ad</em></strong></span> <span class='ocrx_word' id='word_1_197' title='bbox 674 2462 761 2500; x_wconf 90' lang='lat' dir='ltr'><strong><em>vos</em></strong></span> <span class='ocrx_word' id='word_1_198' title='bbox 788 2444 831 2518; x_wconf 87' lang='grc' dir='ltr'>(ι</span> <span class='ocrx_word' id='word_1_199' title='bbox 871 2444 989 2500; x_wconf 86' lang='lat' dir='ltr'><strong><em>Cor.</em></strong></span> <span class='ocrx_word' id='word_1_200' title='bbox 1024 2460 1062 2500; x_wconf 86' lang='grc' dir='ltr'><strong><em>ιι</em></strong></span> <span class='ocrx_word' id='word_1_201' title='bbox 1084 2484 1099 2509; x_wconf 83' lang='grc'>,</span> <span class='ocrx_word' id='word_1_202' title='bbox 1129 2442 1223 2514; x_wconf 78' lang='lat'><strong><em>3);</em></strong></span> <span class='ocrx_word' id='word_1_203' title='bbox 1266 2451 1321 2497; x_wconf 91' lang='lat' dir='ltr'><strong><em>et</em></strong></span> <span class='ocrx_word' id='word_1_204' title='bbox 1344 2457 1405 2497; x_wconf 89' lang='lat' dir='ltr'><strong><em>ea</em></strong></span> <span class='ocrx_word' id='word_1_205' title='bbox 1436 2440 1699 2497; x_wconf 86' lang='lat' dir='ltr'><strong><em>sententia</em></strong></span> <span class='ocrx_word' id='word_1_206' title='bbox 1724 2455 1882 2510; x_wconf 85' lang='lat' dir='ltr'><strong><em>quam</em></strong></span> <span class='ocrx_word' id='word_1_207' title='bbox 1912 2454 2151 2495; x_wconf 88' lang='lat' dir='ltr'><strong><em>comme-</em></strong></span> 
     </span>
    </p>
   </div>
   <div class='ocr_carea' id='block_1_24' title="bbox 570 2532 2149 2603">
    <p class='ocr_par' dir='ltr' id='par_1_24' title="bbox 570 2532 2149 2603">
     <span class='ocr_line' id='line_1_24' title="bbox 570 2532 2149 2603; baseline -0.003 -12"><span class='ocrx_word' id='word_1_208' title='bbox 570 2537 796 2603; x_wconf 85' lang='lat' dir='ltr'><strong><em>moravi,</em></strong></span> <span class='ocrx_word' id='word_1_209' title='bbox 826 2552 893 2591; x_wconf 90' lang='lat' dir='ltr'><strong><em>ne</em></strong></span> <span class='ocrx_word' id='word_1_210' title='bbox 917 2535 1173 2590; x_wconf 87' lang='lat' dir='ltr'><strong><em>adversus</em></strong></span> <span class='ocrx_word' id='word_1_211' title='bbox 1203 2533 1399 2588; x_wconf 87' lang='lat' dir='ltr'><strong><em>fractos</em></strong></span> <span class='ocrx_word' id='word_1_212' title='bbox 1427 2533 1560 2588; x_wconf 69' lang='lat' dir='ltr'><strong><em>ciete</em></strong></span> <span class='ocrx_word' id='word_1_213' title='bbox 1587 2546 1765 2588; x_wconf 87' lang='lat' dir='ltr'><strong><em>ramos</em></strong></span> <span class='ocrx_word' id='word_1_214' title='bbox 1803 2532 2034 2588; x_wconf 88' lang='lat' dir='ltr'><strong><em>insertus</em></strong></span> <span class='ocrx_word' id='word_1_215' title='bbox 2059 2545 2149 2586; x_wconf 89' lang='lat' dir='ltr'><strong><em>su-</em></strong></span> 
     </span>
    </p>
   </div>
   <div class='ocr_carea' id='block_1_25' title="bbox 572 2622 2151 2696">
    <p class='ocr_par' dir='ltr' id='par_1_25' title="bbox 572 2622 2151 2696">
     <span class='ocr_line' id='line_1_25' title="bbox 572 2622 2151 2696; baseline -0.003 -15"><span class='ocrx_word' id='word_1_216' title='bbox 572 2627 808 2696; x_wconf 89' lang='lat' dir='ltr'><strong><em>perbiret</em></strong></span> <span class='ocrx_word' id='word_1_217' title='bbox 835 2627 1068 2681; x_wconf 89' lang='lat' dir='ltr'><strong><em>oleaster</em></strong></span> <span class='ocrx_word' id='word_1_218' title='bbox 1087 2666 1102 2691; x_wconf 94' lang='lat'><strong><em>,</em></strong></span> <span class='ocrx_word' id='word_1_219' title='bbox 1149 2625 1261 2695; x_wconf 90' lang='lat' dir='ltr'><strong><em>ipse</em></strong></span> <span class='ocrx_word' id='word_1_220' title='bbox 1292 2639 1418 2679; x_wconf 90' lang='lat' dir='ltr'><strong><em>usus</em></strong></span> <span class='ocrx_word' id='word_1_221' title='bbox 1442 2631 1523 2679; x_wconf 89' lang='lat' dir='ltr'><strong><em>est</em></strong></span> <span class='ocrx_word' id='word_1_222' title='bbox 1540 2663 1558 2691; x_wconf 95' lang='lat'><strong><em>,</em></strong></span> <span class='ocrx_word' id='word_1_223' title='bbox 1584 2622 1769 2679; x_wconf 88' lang='lat' dir='ltr'><strong><em>dicens</em></strong></span> <span class='ocrx_word' id='word_1_224' title='bbox 1791 2664 1808 2691; x_wconf 90' lang='lat'><strong><em>,</em></strong></span> <span class='ocrx_word' id='word_1_225' title='bbox 1837 2622 1967 2678; x_wconf 90' lang='lat' dir='ltr'><strong><em>Noli</em></strong></span> <span class='ocrx_word' id='word_1_226' title='bbox 1988 2623 2151 2678; x_wconf 90' lang='lat' dir='ltr'><strong><em>altum</em></strong></span> 
     </span>
    </p>
   </div>
   <div class='ocr_carea' id='block_1_26' title="bbox 568 2712 2151 2786">
    <p class='ocr_par' dir='ltr' id='par_1_26' title="bbox 568 2712 2151 2786">
     <span class='ocr_line' id='line_1_26' title="bbox 568 2712 2151 2786; baseline 0.001 -18"><span class='ocrx_word' id='word_1_227' title='bbox 568 2731 767 2786; x_wconf 77' lang='lat' dir='ltr'><strong><em>sapere,</em></strong></span> <span class='ocrx_word' id='word_1_228' title='bbox 797 2716 885 2770; x_wconf 88' lang='lat' dir='ltr'><strong><em>sed</em></strong></span> <span class='ocrx_word' id='word_1_229' title='bbox 912 2716 1029 2769; x_wconf 88' lang='lat' dir='ltr'><strong><em>time</em></strong></span> <span class='ocrx_word' id='word_1_230' title='bbox 1055 2731 1074 2770; x_wconf 91' lang='lat'><strong><em>:</em></strong></span> <span class='ocrx_word' id='word_1_231' title='bbox 1100 2714 1214 2785; x_wconf 84' lang='lat' dir='ltr'><strong><em>ipse</em></strong></span> <span class='ocrx_word' id='word_1_232' title='bbox 1235 2715 1411 2768; x_wconf 89' lang='lat' dir='ltr'><strong><em>omnia</em></strong></span> <span class='ocrx_word' id='word_1_233' title='bbox 1440 2713 1679 2769; x_wconf 90' lang='lat' dir='ltr'><strong><em>membra</em></strong></span> <span class='ocrx_word' id='word_1_234' title='bbox 1707 2712 1905 2768; x_wconf 88' lang='lat' dir='ltr'><strong><em>Christi</em></strong></span> <span class='ocrx_word' id='word_1_235' title='bbox 1925 2729 2151 2784; x_wconf 85' lang='lat' dir='ltr'><strong><em>genera—</em></strong></span> 
     </span>
    </p>
   </div>
   <div class='ocr_carea' id='block_1_27' title="bbox 570 2804 2150 2873">
    <p class='ocr_par' dir='ltr' id='par_1_27' title="bbox 570 2804 2150 2873">
     <span class='ocr_line' id='line_1_27' title="bbox 570 2804 2150 2873; baseline -0.001 -12"><span class='ocrx_word' id='word_1_236' title='bbox 570 2806 693 2862; x_wconf 89' lang='lat' dir='ltr'><strong><em>liter</em></strong></span> <span class='ocrx_word' id='word_1_237' title='bbox 717 2807 1044 2872; x_wconf 88' lang='lat' dir='ltr'><strong><em>admonens,</em></strong></span> <span class='ocrx_word' id='word_1_238' title='bbox 1078 2806 1187 2873; x_wconf 88' lang='lat' dir='ltr'><strong><em>ait,</em></strong></span> <span class='ocrx_word' id='word_1_239' title='bbox 1216 2804 1341 2861; x_wconf 88' lang='lat' dir='ltr'><strong><em>Cum</em></strong></span> <span class='ocrx_word' id='word_1_240' title='bbox 1381 2807 1559 2860; x_wconf 87' lang='lat' dir='ltr'><strong><em>timore</em></strong></span> <span class='ocrx_word' id='word_1_241' title='bbox 1599 2815 1644 2859; x_wconf 88' lang='lat' dir='ltr'><strong><em>et</em></strong></span> <span class='ocrx_word' id='word_1_242' title='bbox 1682 2814 1896 2860; x_wconf 89' lang='lat' dir='ltr'><strong><em>tremore</em></strong></span> <span class='ocrx_word' id='word_1_243' title='bbox 1934 2815 2150 2860; x_wconf 90' lang='lat' dir='ltr'><strong><em>vestram</em></strong></span> 
     </span>
    </p>
   </div>
   <div class='ocr_carea' id='block_1_28' title="bbox 568 2895 2153 2969">
    <p class='ocr_par' dir='ltr' id='par_1_28' title="bbox 568 2895 2153 2969">
     <span class='ocr_line' id='line_1_28' title="bbox 568 2895 2153 2969; baseline 0.001 -19"><span class='ocrx_word' id='word_1_244' title='bbox 568 2898 795 2967; x_wconf 88' lang='lat' dir='ltr'><strong><em>ipsorum</em></strong></span> <span class='ocrx_word' id='word_1_245' title='bbox 823 2899 1033 2950; x_wconf 84' lang='lat' dir='ltr'><strong><em>salutem</em></strong></span> <span class='ocrx_word' id='word_1_246' title='bbox 1069 2897 1350 2967; x_wconf 82' lang='lat' dir='ltr'><strong><em>Operamini</em></strong></span> <span class='ocrx_word' id='word_1_247' title='bbox 1371 2912 1391 2960; x_wconf 86' lang='lat'><strong><em>,&#39;</em></strong></span> <span class='ocrx_word' id='word_1_248' title='bbox 1434 2895 1572 2950; x_wconf 84' lang='lat' dir='ltr'><strong><em>Deus</em></strong></span> <span class='ocrx_word' id='word_1_249' title='bbox 1608 2906 1679 2951; x_wconf 84' lang='lat' dir='ltr'><strong><em>est</em></strong></span> <span class='ocrx_word' id='word_1_250' title='bbox 1705 2897 1837 2952; x_wconf 87' lang='lat' dir='ltr'><strong><em>enim</em></strong></span> <span class='ocrx_word' id='word_1_251' title='bbox 1860 2898 1945 2968; x_wconf 88' lang='lat' dir='ltr'><strong><em>qui</em></strong></span> <span class='ocrx_word' id='word_1_252' title='bbox 1969 2914 2153 2969; x_wconf 85' lang='lat' dir='ltr'><strong><em>apera-</em></strong></span> 
     </span>
    </p>
   </div>
   <div class='ocr_carea' id='block_1_29' title="bbox 570 2985 2149 3057">
    <p class='ocr_par' dir='ltr' id='par_1_29' title="bbox 570 2985 2149 3057">
     <span class='ocr_line' id='line_1_29' title="bbox 570 2985 2149 3057; baseline 0.002 -17"><span class='ocrx_word' id='word_1_253' title='bbox 570 2996 655 3040; x_wconf 82' lang='lat' dir='ltr'><strong><em>tur</em></strong></span> <span class='ocrx_word' id='word_1_254' title='bbox 706 2987 760 3040; x_wconf 89' lang='lat' dir='ltr'><strong><em>in</em></strong></span> <span class='ocrx_word' id='word_1_255' title='bbox 799 2988 936 3040; x_wconf 88' lang='lat' dir='ltr'><strong><em>vobis</em></strong></span> <span class='ocrx_word' id='word_1_256' title='bbox 986 2996 1035 3042; x_wconf 90' lang='lat' dir='ltr'><strong><em>et</em></strong></span> <span class='ocrx_word' id='word_1_257' title='bbox 1090 2985 1215 3040; x_wconf 81' lang='lat' dir='ltr'><strong><em>velle</em></strong></span> <span class='ocrx_word' id='word_1_258' title='bbox 1260 2996 1307 3041; x_wconf 90' lang='lat' dir='ltr'><strong><em>et</em></strong></span> <span class='ocrx_word' id='word_1_259' title='bbox 1352 2988 1587 3057; x_wconf 91' lang='lat' dir='ltr'><strong><em>operari,</em></strong></span> <span class='ocrx_word' id='word_1_260' title='bbox 1654 3003 1747 3057; x_wconf 91' lang='lat' dir='ltr'><strong><em>pro</em></strong></span> <span class='ocrx_word' id='word_1_261' title='bbox 1797 2987 1928 3041; x_wconf 83' lang='lat' dir='ltr'><strong><em>bona</em></strong></span> <span class='ocrx_word' id='word_1_262' title='bbox 1968 2988 2149 3043; x_wconf 84' lang='lat' dir='ltr'><strong><em>volun-</em></strong></span> 
     </span>
    </p>
   </div>
   <div class='ocr_carea' id='block_1_30' title="bbox 571 3075 2153 3150">
    <p class='ocr_par' dir='ltr' id='par_1_30' title="bbox 571 3075 2153 3150">
     <span class='ocr_line' id='line_1_30' title="bbox 571 3075 2153 3150; baseline 0.004 -20"><span class='ocrx_word' id='word_1_263' title='bbox 571 3086 673 3131; x_wconf 83' lang='lat' dir='ltr'><strong><em>tate</em></strong></span> <span class='ocrx_word' id='word_1_264' title='bbox 720 3075 990 3147; x_wconf 80' lang='lat' dir='ltr'><strong><em>(Philipp.</em></strong></span> <span class='ocrx_word' id='word_1_265' title='bbox 1023 3093 1097 3143; x_wconf 87' lang='grc' dir='ltr'>ιι,</span> <span class='ocrx_word' id='word_1_266' title='bbox 1130 3078 1195 3131; x_wconf 75' lang='grc'>12</span> <span class='ocrx_word' id='word_1_267' title='bbox 1215 3118 1233 3143; x_wconf 89' lang='lat'><strong><em>,</em></strong></span> <span class='ocrx_word' id='word_1_268' title='bbox 1264 3078 1405 3150; x_wconf 74' lang='lat'><strong><em>15);</em></strong></span> <span class='ocrx_word' id='word_1_269' title='bbox 1438 3091 1505 3133; x_wconf 88' lang='lat' dir='ltr'><strong><em>ne</em></strong></span> <span class='ocrx_word' id='word_1_270' title='bbox 1542 3077 1610 3133; x_wconf 90' lang='lat' dir='ltr'><strong><em>ad</em></strong></span> <span class='ocrx_word' id='word_1_271' title='bbox 1642 3077 1807 3134; x_wconf 83' lang='lat' dir='ltr'><strong><em>Vetus</em></strong></span> <span class='ocrx_word' id='word_1_272' title='bbox 1841 3078 2153 3136; x_wconf 87' lang='lat' dir='ltr'><strong><em>Testamen-</em></strong></span> 
     </span>
    </p>
   </div>
   <div class='ocr_carea' id='block_1_31' title="bbox 572 3166 2154 3240">
    <p class='ocr_par' dir='ltr' id='par_1_31' title="bbox 572 3166 2154 3240">
     <span class='ocr_line' id='line_1_31' title="bbox 572 3166 2154 3240; baseline 0.006 -19"><span class='ocrx_word' id='word_1_273' title='bbox 572 3178 684 3221; x_wconf 90' lang='lat' dir='ltr'><strong><em>tum</em></strong></span> <span class='ocrx_word' id='word_1_274' title='bbox 724 3166 965 3221; x_wconf 88' lang='lat' dir='ltr'><strong><em>videatur</em></strong></span> <span class='ocrx_word' id='word_1_275' title='bbox 1005 3169 1269 3238; x_wconf 88' lang='lat' dir='ltr'><strong><em>pertinere</em></strong></span> <span class='ocrx_word' id='word_1_276' title='bbox 1314 3169 1455 3239; x_wconf 89' lang='lat' dir='ltr'><strong><em>quod</em></strong></span> <span class='ocrx_word' id='word_1_277' title='bbox 1503 3170 1759 3240; x_wconf 88' lang='lat' dir='ltr'><strong><em>scriptum</em></strong></span> <span class='ocrx_word' id='word_1_278' title='bbox 1798 3180 1910 3238; x_wconf 86' lang='lat' dir='ltr'><strong><em>est,</em></strong></span> <span class='ocrx_word' id='word_1_279' title='bbox 1958 3173 2154 3230; x_wconf 79' lang='lat' dir='ltr'><strong><em>Servite</em></strong></span> 
     </span>
    </p>
   </div>
   <div class='ocr_carea' id='block_1_32' title="bbox 569 3256 2148 3337">
    <p class='ocr_par' dir='ltr' id='par_1_32' title="bbox 569 3256 2148 3337">
     <span class='ocr_line' id='line_1_32' title="bbox 569 3256 2148 3337; baseline 0.007 -28"><span class='ocrx_word' id='word_1_280' title='bbox 569 3256 789 3311; x_wconf 91' lang='lat' dir='ltr'><strong><em>Domino</em></strong></span> <span class='ocrx_word' id='word_1_281' title='bbox 829 3259 882 3311; x_wconf 89' lang='lat' dir='ltr'><strong><em>in</em></strong></span> <span class='ocrx_word' id='word_1_282' title='bbox 916 3260 1126 3325; x_wconf 88' lang='lat' dir='ltr'><strong><em>timore,</em></strong></span> <span class='ocrx_word' id='word_1_283' title='bbox 1164 3268 1211 3314; x_wconf 90' lang='lat' dir='ltr'><strong><em>et</em></strong></span> <span class='ocrx_word' id='word_1_284' title='bbox 1246 3260 1491 3315; x_wconf 72' lang='lat' dir='ltr'><strong><em>exsultate</em></strong></span> <span class='ocrx_word' id='word_1_285' title='bbox 1518 3261 1561 3316; x_wconf 90' lang='lat' dir='ltr'><strong><em>ei</em></strong></span> <span class='ocrx_word' id='word_1_286' title='bbox 1588 3278 1703 3315; x_wconf 87' lang='lat' dir='ltr'><strong><em>cum</em></strong></span> <span class='ocrx_word' id='word_1_287' title='bbox 1731 3272 1943 3319; x_wconf 87' lang='lat' dir='ltr'><strong><em>tremore</em></strong></span> <span class='ocrx_word' id='word_1_288' title='bbox 1975 3264 2148 3337; x_wconf 85' lang='lat' dir='ltr'><strong><em>(Psal.</em></strong></span> 
     </span>
    </p>
   </div>
   <div class='ocr_carea' id='block_1_33' title="bbox 569 3351 785 3421">
    <p class='ocr_par' dir='ltr' id='par_1_33' title="bbox 569 3351 785 3421">
     <span class='ocr_line' id='line_1_33' title="bbox 569 3351 785 3421; baseline -0.009 -17"><span class='ocrx_word' id='word_1_289' title='bbox 569 3351 785 3421; x_wconf 85' lang='grc' dir='ltr'>ιι,11).</span> 
     </span>
    </p>
   </div>
   <div class='ocr_carea' id='block_1_34' title="bbox 640 3442 2153 3515">
    <p class='ocr_par' dir='ltr' id='par_1_34' title="bbox 640 3442 2153 3515">
     <span class='ocr_line' id='line_1_34' title="bbox 640 3442 2153 3515; baseline 0.005 -18"><span class='ocrx_word' id='word_1_290' title='bbox 640 3442 864 3499; x_wconf 74' lang='lat' dir='ltr'><strong>CAPUT</strong></span> <span class='ocrx_word' id='word_1_291' title='bbox 902 3443 1145 3499; x_wconf 77' lang='lat' dir='ltr'><strong>XXXIX.</strong></span> <span class='ocrx_word' id='word_1_292' title='bbox 1185 3474 1256 3485; x_wconf 93' lang='lat'><strong><em>—</em></strong></span> <span class='ocrx_word' id='word_1_293' title='bbox 1295 3444 1384 3500; x_wconf 74' lang='grc'><strong><em>40.</em></strong></span> <span class='ocrx_word' id='word_1_294' title='bbox 1419 3444 1644 3515; x_wconf 84' lang='lat' dir='ltr'><strong><em>Spiritus</em></strong></span> <span class='ocrx_word' id='word_1_295' title='bbox 1682 3448 1846 3501; x_wconf 85' lang='lat' dir='ltr'><strong><em>sancti</em></strong></span> <span class='ocrx_word' id='word_1_296' title='bbox 1886 3446 2027 3505; x_wconf 91' lang='lat' dir='ltr'><strong><em>locus</em></strong></span> <span class='ocrx_word' id='word_1_297' title='bbox 2064 3466 2153 3505; x_wconf 91' lang='lat' dir='ltr'><strong><em>cor</em></strong></span> 
     </span>
    </p>
   </div>
   <div class='ocr_carea' id='block_1_35' title="bbox 569 3532 2149 3606">
    <p class='ocr_par' dir='ltr' id='par_1_35' title="bbox 569 3532 2149 3606">
     <span class='ocr_line' id='line_1_35' title="bbox 569 3532 2149 3606; baseline 0.005 -19"><span class='ocrx_word' id='word_1_298' title='bbox 569 3532 908 3587; x_wconf 84' lang='lat' dir='ltr'><strong><em>humiliatum.</em></strong></span> <span class='ocrx_word' id='word_1_299' title='bbox 956 3535 1119 3589; x_wconf 86' lang='lat' dir='ltr'><strong><em>Justis</em></strong></span> <span class='ocrx_word' id='word_1_300' title='bbox 1144 3551 1206 3589; x_wconf 77' lang='lat' dir='ltr'><strong><em>ea;</em></strong></span> <span class='ocrx_word' id='word_1_301' title='bbox 1251 3535 1466 3589; x_wconf 84' lang='lat' dir='ltr'><strong><em>cadendi</em></strong></span> <span class='ocrx_word' id='word_1_302' title='bbox 1490 3535 1713 3606; x_wconf 79' lang='lat' dir='ltr'><strong><em>periculo</em></strong></span> <span class='ocrx_word' id='word_1_303' title='bbox 1751 3540 1883 3593; x_wconf 90' lang='lat' dir='ltr'><strong><em>ratio</em></strong></span> <span class='ocrx_word' id='word_1_304' title='bbox 1911 3555 2017 3594; x_wconf 86' lang='lat' dir='ltr'><strong><em>sese</em></strong></span> <span class='ocrx_word' id='word_1_305' title='bbox 2053 3541 2149 3595; x_wconf 84' lang='lat' dir='ltr'><strong><em>hu-</em></strong></span> 
     </span>
    </p>
   </div>
   <div class='ocr_carea' id='block_1_36' title="bbox 569 3624 2147 3702">
    <p class='ocr_par' dir='ltr' id='par_1_36' title="bbox 569 3624 2147 3702">
     <span class='ocr_line' id='line_1_36' title="bbox 569 3624 2147 3702; baseline 0.008 -26"><span class='ocrx_word' id='word_1_306' title='bbox 569 3624 820 3677; x_wconf 88' lang='lat' dir='ltr'><strong><em>miliandi.</em></strong></span> <span class='ocrx_word' id='word_1_307' title='bbox 844 3624 909 3678; x_wconf 88' lang='lat' dir='ltr'><strong><em>Et</em></strong></span> <span class='ocrx_word' id='word_1_308' title='bbox 926 3640 1044 3695; x_wconf 79' lang='lat' dir='ltr'><strong><em>qua:</em></strong></span> <span class='ocrx_word' id='word_1_309' title='bbox 1067 3633 1235 3695; x_wconf 80' lang='lat' dir='ltr'><strong><em>magis</em></strong></span> <span class='ocrx_word' id='word_1_310' title='bbox 1255 3625 1494 3680; x_wconf 89' lang='lat' dir='ltr'><strong><em>membra</em></strong></span> <span class='ocrx_word' id='word_1_311' title='bbox 1518 3629 1761 3698; x_wconf 89' lang='lat' dir='ltr'><strong><em>corporis</em></strong></span> <span class='ocrx_word' id='word_1_312' title='bbox 1788 3631 1981 3697; x_wconf 91' lang='lat' dir='ltr'><strong><em>sancti,</em></strong></span> <span class='ocrx_word' id='word_1_313' title='bbox 2004 3633 2147 3702; x_wconf 88' lang='lat' dir='ltr'><strong><em>quod</em></strong></span> 
     </span>
    </p>
   </div>
   <div class='ocr_carea' id='block_1_37' title="bbox 569 3716 2152 3793">
    <p class='ocr_par' dir='ltr' id='par_1_37' title="bbox 569 3716 2152 3793">
     <span class='ocr_line' id='line_1_37' title="bbox 569 3716 2152 3793; baseline 0.004 -21"><span class='ocrx_word' id='word_1_314' title='bbox 569 3725 652 3772; x_wconf 89' lang='lat' dir='ltr'><strong><em>est</em></strong></span> <span class='ocrx_word' id='word_1_315' title='bbox 678 3716 945 3784; x_wconf 86' lang='lat' dir='ltr'><strong><em>Ecclesia,</em></strong></span> <span class='ocrx_word' id='word_1_316' title='bbox 991 3731 1182 3773; x_wconf 89' lang='lat' dir='ltr'><strong><em>curare</em></strong></span> <span class='ocrx_word' id='word_1_317' title='bbox 1224 3717 1452 3781; x_wconf 89' lang='lat' dir='ltr'><strong><em>debent,</em></strong></span> <span class='ocrx_word' id='word_1_318' title='bbox 1483 3726 1541 3772; x_wconf 93' lang='lat' dir='ltr'><strong><em>ut</em></strong></span> <span class='ocrx_word' id='word_1_319' title='bbox 1568 3734 1730 3789; x_wconf 88' lang='lat' dir='ltr'><strong><em>super</em></strong></span> <span class='ocrx_word' id='word_1_320' title='bbox 1763 3735 1824 3776; x_wconf 92' lang='lat' dir='ltr'><strong><em>ea</em></strong></span> <span class='ocrx_word' id='word_1_321' title='bbox 1852 3721 2152 3793; x_wconf 83' lang='lat' dir='ltr'><strong><em>requiescat</em></strong></span> 
     </span>
    </p>
   </div>
   <div class='ocr_carea' id='block_1_38' title="bbox 566 3805 2151 3883">
    <p class='ocr_par' dir='ltr' id='par_1_38' title="bbox 566 3805 2151 3883">
     <span class='ocr_line' id='line_1_38' title="bbox 566 3805 2151 3883; baseline 0.004 -19"><span class='ocrx_word' id='word_1_322' title='bbox 566 3805 798 3877; x_wconf 86' lang='lat' dir='ltr'><strong><em>Spiritus</em></strong></span> <span class='ocrx_word' id='word_1_323' title='bbox 822 3817 1059 3883; x_wconf 79' lang='lat' dir='ltr'><strong><em>sanctus,</em></strong></span> <span class='ocrx_word' id='word_1_324' title='bbox 1091 3823 1248 3878; x_wconf 90' lang='lat' dir='ltr'><strong><em>quam</em></strong></span> <span class='ocrx_word' id='word_1_325' title='bbox 1283 3808 1593 3879; x_wconf 75' lang='lat' dir='ltr'><strong><em>virginalem</em></strong></span> <span class='ocrx_word' id='word_1_326' title='bbox 1624 3812 1921 3880; x_wconf 85' lang='lat' dir='ltr'><strong><em>prolitentia</em></strong></span> <span class='ocrx_word' id='word_1_327' title='bbox 1949 3815 2151 3870; x_wconf 90' lang='lat' dir='ltr'><strong><em>sancti-</em></strong></span> 
     </span>
    </p>
   </div>
   <div class='ocr_carea' id='block_1_39' title="bbox 568 3899 2150 3972">
    <p class='ocr_par' dir='ltr' id='par_1_39' title="bbox 568 3899 2150 3972">
     <span class='ocr_line' id='line_1_39' title="bbox 568 3899 2150 3972; baseline 0.006 -18"><span class='ocrx_word' id='word_1_328' title='bbox 568 3899 770 3955; x_wconf 83' lang='lat' dir='ltr'><strong><em>tatem?</em></strong></span> <span class='ocrx_word' id='word_1_329' title='bbox 818 3900 1096 3966; x_wconf 80' lang='lat' dir='ltr'><strong><em>Quomodo</em></strong></span> <span class='ocrx_word' id='word_1_330' title='bbox 1136 3908 1313 3955; x_wconf 90' lang='lat' dir='ltr'><strong><em>autem</em></strong></span> <span class='ocrx_word' id='word_1_331' title='bbox 1355 3903 1641 3972; x_wconf 89' lang='lat' dir='ltr'><strong><em>requiescit</em></strong></span> <span class='ocrx_word' id='word_1_332' title='bbox 1683 3903 1773 3959; x_wconf 87' lang='lat' dir='ltr'><strong><em>ubi</em></strong></span> <span class='ocrx_word' id='word_1_333' title='bbox 1799 3921 1906 3961; x_wconf 91' lang='lat' dir='ltr'><strong><em>non</em></strong></span> <span class='ocrx_word' id='word_1_334' title='bbox 1950 3907 2150 3963; x_wconf 87' lang='lat' dir='ltr'><strong><em>invenit</em></strong></span> 
     </span>
    </p>
   </div>
   <div class='ocr_carea' id='block_1_40' title="bbox 568 3990 2148 4068">
    <p class='ocr_par' dir='ltr' id='par_1_40' title="bbox 568 3990 2148 4068">
     <span class='ocr_line' id='line_1_40' title="bbox 568 3990 2148 4068; baseline 0.005 -23"><span class='ocrx_word' id='word_1_335' title='bbox 568 3991 743 4046; x_wconf 91' lang='lat' dir='ltr'><strong><em>locum</em></strong></span> <span class='ocrx_word' id='word_1_336' title='bbox 781 3990 978 4046; x_wconf 86' lang='lat' dir='ltr'><strong><em>suum?</em></strong></span> <span class='ocrx_word' id='word_1_337' title='bbox 1007 3990 1133 4062; x_wconf 90' lang='lat' dir='ltr'><strong><em>quid</em></strong></span> <span class='ocrx_word' id='word_1_338' title='bbox 1160 3991 1302 4046; x_wconf 90' lang='lat' dir='ltr'><strong><em>aliud</em></strong></span> <span class='ocrx_word' id='word_1_339' title='bbox 1320 4007 1494 4062; x_wconf 83' lang='lat' dir='ltr'><strong><em>-quam</em></strong></span> <span class='ocrx_word' id='word_1_340' title='bbox 1520 4008 1615 4048; x_wconf 91' lang='lat' dir='ltr'><strong><em>cor</em></strong></span> <span class='ocrx_word' id='word_1_341' title='bbox 1645 3994 1978 4052; x_wconf 88' lang='lat' dir='ltr'><strong><em>humiliatum</em></strong></span> <span class='ocrx_word' id='word_1_342' title='bbox 2007 3999 2148 4068; x_wconf 89' lang='lat' dir='ltr'><strong><em>quod</em></strong></span> 
     </span>
    </p>
   </div>
   <div class='ocr_carea' id='block_1_41' title="bbox 570 4080 2149 4160">
    <p class='ocr_par' dir='ltr' id='par_1_41' title="bbox 570 4080 2149 4160">
     <span class='ocr_line' id='line_1_41' title="bbox 570 4080 2149 4160; baseline 0.006 -24"><span class='ocrx_word' id='word_1_343' title='bbox 570 4080 824 4151; x_wconf 88' lang='lat' dir='ltr'><strong><em>impleat,</em></strong></span> <span class='ocrx_word' id='word_1_344' title='bbox 866 4097 971 4136; x_wconf 92' lang='lat' dir='ltr'><strong><em>non</em></strong></span> <span class='ocrx_word' id='word_1_345' title='bbox 1003 4081 1141 4137; x_wconf 90' lang='lat' dir='ltr'><strong><em>unde</em></strong></span> <span class='ocrx_word' id='word_1_346' title='bbox 1168 4084 1408 4151; x_wconf 86' lang='lat' dir='ltr'><strong><em>resiliat;</em></strong></span> <span class='ocrx_word' id='word_1_347' title='bbox 1451 4084 1594 4155; x_wconf 91' lang='lat' dir='ltr'><strong><em>quod</em></strong></span> <span class='ocrx_word' id='word_1_348' title='bbox 1619 4086 1826 4157; x_wconf 88' lang='lat' dir='ltr'><strong><em>erigat,</em></strong></span> <span class='ocrx_word' id='word_1_349' title='bbox 1876 4104 1983 4144; x_wconf 90' lang='lat' dir='ltr'><strong><em>non</em></strong></span> <span class='ocrx_word' id='word_1_350' title='bbox 2011 4091 2149 4160; x_wconf 92' lang='lat' dir='ltr'><strong><em>quod</em></strong></span> 
     </span>
    </p>
   </div>
   <div class='ocr_carea' id='block_1_42' title="bbox 567 4172 2151 4252">
    <p class='ocr_par' dir='ltr' id='par_1_42' title="bbox 567 4172 2151 4252">
     <span class='ocr_line' id='line_1_42' title="bbox 567 4172 2151 4252; baseline 0.007 -26"><span class='ocrx_word' id='word_1_351' title='bbox 567 4172 866 4241; x_wconf 81' lang='lat' dir='ltr'><strong><em>deprimat?</em></strong></span> <span class='ocrx_word' id='word_1_352' title='bbox 905 4188 1025 4228; x_wconf 89' lang='lat' dir='ltr'><strong><em>cum</em></strong></span> <span class='ocrx_word' id='word_1_353' title='bbox 1064 4174 1397 4244; x_wconf 89' lang='lat' dir='ltr'><strong><em>apertissime</em></strong></span> <span class='ocrx_word' id='word_1_354' title='bbox 1422 4175 1620 4230; x_wconf 88' lang='lat' dir='ltr'><strong><em>dictum</em></strong></span> <span class='ocrx_word' id='word_1_355' title='bbox 1652 4179 1754 4244; x_wconf 92' lang='lat' dir='ltr'><strong><em>sit,</em></strong></span> <span class='ocrx_word' id='word_1_356' title='bbox 1800 4179 1976 4249; x_wconf 84' lang='lat' dir='ltr'><strong><em>Super</em></strong></span> <span class='ocrx_word' id='word_1_357' title='bbox 2003 4199 2151 4252; x_wconf 86' lang='lat' dir='ltr'><strong><em>quem</em></strong></span> 
     </span>
    </p>
   </div>
   <div class='ocr_carea' id='block_1_43' title="bbox 566 4265 2152 4341">
    <p class='ocr_par' dir='ltr' id='par_1_43' title="bbox 566 4265 2152 4341">
     <span class='ocr_line' id='line_1_43' title="bbox 566 4265 2152 4341; baseline 0.007 -24"><span class='ocrx_word' id='word_1_358' title='bbox 566 4265 839 4335; x_wconf 86' lang='lat' dir='ltr'><strong><em>requiescet</em></strong></span> <span class='ocrx_word' id='word_1_359' title='bbox 860 4265 1082 4336; x_wconf 87' lang='lat' dir='ltr'><strong><em>Spiritus</em></strong></span> <span class='ocrx_word' id='word_1_360' title='bbox 1109 4266 1291 4320; x_wconf 90' lang='lat' dir='ltr'><strong><em>meus?</em></strong></span> <span class='ocrx_word' id='word_1_361' title='bbox 1320 4265 1488 4337; x_wconf 89' lang='lat' dir='ltr'><strong><em>Super</em></strong></span> <span class='ocrx_word' id='word_1_362' title='bbox 1515 4268 1753 4322; x_wconf 81' lang='lat' dir='ltr'><strong><em>humilem</em></strong></span> <span class='ocrx_word' id='word_1_363' title='bbox 1778 4280 1824 4325; x_wconf 89' lang='lat' dir='ltr'><strong><em>et</em></strong></span> <span class='ocrx_word' id='word_1_364' title='bbox 1853 4273 2075 4341; x_wconf 88' lang='lat' dir='ltr'><strong><em>quietum</em></strong></span> <span class='ocrx_word' id='word_1_365' title='bbox 2103 4283 2152 4328; x_wconf 91' lang='lat' dir='ltr'><strong><em>et</em></strong></span> 
     </span>
    </p>
   </div>
   <div class='ocr_carea' id='block_1_44' title="bbox 568 4354 2146 4431">
    <p class='ocr_par' dir='ltr' id='par_1_44' title="bbox 568 4354 2146 4431">
     <span class='ocr_line' id='line_1_44' title="bbox 568 4354 2146 4431; baseline 0.007 -25"><span class='ocrx_word' id='word_1_366' title='bbox 568 4362 857 4408; x_wconf 87' lang='lat' dir='ltr'><strong><em>trementem</em></strong></span> <span class='ocrx_word' id='word_1_367' title='bbox 886 4354 1031 4409; x_wconf 90' lang='lat' dir='ltr'><strong><em>verba</em></strong></span> <span class='ocrx_word' id='word_1_368' title='bbox 1060 4372 1169 4409; x_wconf 88' lang='lat' dir='ltr'><strong><em>mea</em></strong></span> <span class='ocrx_word' id='word_1_369' title='bbox 1199 4354 1249 4427; x_wconf 94' lang='lat' dir='ltr'><strong><em>(I</em></strong></span> <span class='ocrx_word' id='word_1_370' title='bbox 1255 4356 1350 4409; x_wconf 89' lang='lat' dir='ltr'><strong><em>sai.</em></strong></span> <span class='ocrx_word' id='word_1_371' title='bbox 1375 4372 1514 4424; x_wconf 78' lang='lat' dir='ltr'><strong><em>vat,</em></strong></span> <span class='ocrx_word' id='word_1_372' title='bbox 1547 4358 1628 4429; x_wconf 74' lang='lat'><strong><em>2).</em></strong></span> <span class='ocrx_word' id='word_1_373' title='bbox 1656 4359 1774 4415; x_wconf 84' lang='lat' dir='ltr'><strong><em>Jam</em></strong></span> <span class='ocrx_word' id='word_1_374' title='bbox 1799 4365 1945 4431; x_wconf 86' lang='lat' dir='ltr'><strong><em>juste</em></strong></span> <span class='ocrx_word' id='word_1_375' title='bbox 1974 4364 2110 4419; x_wconf 80' lang='lat' dir='ltr'><strong><em>vivis</em></strong></span> <span class='ocrx_word' id='word_1_376' title='bbox 2130 4406 2146 4431; x_wconf 93' lang='lat'><strong><em>,</em></strong></span> 
     </span>
    </p>
   </div>
   <div class='ocr_carea' id='block_1_45' title="bbox 565 4444 2149 4520">
    <p class='ocr_par' dir='ltr' id='par_1_45' title="bbox 565 4444 2149 4520">
     <span class='ocr_line' id='line_1_45' title="bbox 565 4444 2149 4520; baseline 0.007 -21"><span class='ocrx_word' id='word_1_377' title='bbox 565 4444 676 4516; x_wconf 90' lang='lat' dir='ltr'><strong><em>jam</em></strong></span> <span class='ocrx_word' id='word_1_378' title='bbox 706 4445 792 4515; x_wconf 91' lang='lat' dir='ltr'><strong><em>pie</em></strong></span> <span class='ocrx_word' id='word_1_379' title='bbox 817 4445 949 4500; x_wconf 83' lang='lat' dir='ltr'><strong><em>vivis</em></strong></span> <span class='ocrx_word' id='word_1_380' title='bbox 970 4487 985 4511; x_wconf 90' lang='lat'><strong><em>,</em></strong></span> <span class='ocrx_word' id='word_1_381' title='bbox 1019 4446 1207 4516; x_wconf 86' lang='lat' dir='ltr'><strong><em>pudice</em></strong></span> <span class='ocrx_word' id='word_1_382' title='bbox 1227 4486 1243 4513; x_wconf 89' lang='lat'><strong><em>,</em></strong></span> <span class='ocrx_word' id='word_1_383' title='bbox 1275 4459 1459 4504; x_wconf 90' lang='lat' dir='ltr'><strong><em>sancte</em></strong></span> <span class='ocrx_word' id='word_1_384' title='bbox 1481 4490 1496 4516; x_wconf 92' lang='lat'><strong><em>,</em></strong></span> <span class='ocrx_word' id='word_1_385' title='bbox 1528 4450 1772 4520; x_wconf 90' lang='lat' dir='ltr'><strong><em>virginali</em></strong></span> <span class='ocrx_word' id='word_1_386' title='bbox 1800 4453 2041 4510; x_wconf 84' lang='lat' dir='ltr'><strong><em>castitate</em></strong></span> <span class='ocrx_word' id='word_1_387' title='bbox 2068 4457 2149 4509; x_wconf 89' lang='lat' dir='ltr'><strong><em>vi-</em></strong></span> 
     </span>
    </p>
   </div>
   <div class='ocr_carea' id='block_1_46' title="bbox 568 4536 2149 4606">
    <p class='ocr_par' dir='ltr' id='par_1_46' title="bbox 568 4536 2149 4606">
     <span class='ocr_line' id='line_1_46' title="bbox 568 4536 2149 4606; baseline 0.008 -16"><span class='ocrx_word' id='word_1_388' title='bbox 568 4536 649 4590; x_wconf 88' lang='lat' dir='ltr'><strong><em>vis</em></strong></span> <span class='ocrx_word' id='word_1_389' title='bbox 678 4554 692 4591; x_wconf 88' lang='lat'><strong>:</strong></span> <span class='ocrx_word' id='word_1_390' title='bbox 718 4536 890 4591; x_wconf 89' lang='lat' dir='ltr'><strong><em>adhuc</em></strong></span> <span class='ocrx_word' id='word_1_391' title='bbox 922 4548 1097 4592; x_wconf 90' lang='lat' dir='ltr'><strong><em>tamen</em></strong></span> <span class='ocrx_word' id='word_1_392' title='bbox 1137 4538 1224 4594; x_wconf 89' lang='lat' dir='ltr'><strong><em>hic</em></strong></span> <span class='ocrx_word' id='word_1_393' title='bbox 1255 4540 1387 4594; x_wconf 82' lang='lat' dir='ltr'><strong><em>vivis</em></strong></span> <span class='ocrx_word' id='word_1_394' title='bbox 1412 4580 1428 4606; x_wconf 91' lang='lat'><strong><em>,</em></strong></span> <span class='ocrx_word' id='word_1_395' title='bbox 1470 4552 1525 4596; x_wconf 92' lang='lat' dir='ltr'><strong><em>et</em></strong></span> <span class='ocrx_word' id='word_1_396' title='bbox 1567 4557 1671 4597; x_wconf 89' lang='lat' dir='ltr'><strong><em>non</em></strong></span> <span class='ocrx_word' id='word_1_397' title='bbox 1719 4543 2014 4603; x_wconf 89' lang='lat' dir='ltr'><strong><em>humiliaris</em></strong></span> <span class='ocrx_word' id='word_1_398' title='bbox 2053 4563 2149 4602; x_wconf 81' lang='lat' dir='ltr'><strong><em>au-</em></strong></span> 
     </span>
    </p>
   </div>
   <div class='ocr_carea' id='block_1_47' title="bbox 567 4625 2149 4710">
    <p class='ocr_par' dir='ltr' id='par_1_47' title="bbox 567 4625 2149 4710">
     <span class='ocr_line' id='line_1_47' title="bbox 567 4625 2149 4710; baseline 0.008 -29"><span class='ocrx_word' id='word_1_399' title='bbox 567 4625 764 4682; x_wconf 84' lang='lat' dir='ltr'><strong><em>diendo</em></strong></span> <span class='ocrx_word' id='word_1_400' title='bbox 783 4668 796 4691; x_wconf 94' lang='lat'><strong><em>,</em></strong></span> <span class='ocrx_word' id='word_1_401' title='bbox 841 4626 1103 4698; x_wconf 87' lang='lat' dir='ltr'><strong><em>Numquid</em></strong></span> <span class='ocrx_word' id='word_1_402' title='bbox 1130 4646 1231 4683; x_wconf 91' lang='lat' dir='ltr'><strong><em>non</em></strong></span> <span class='ocrx_word' id='word_1_403' title='bbox 1263 4633 1471 4684; x_wconf 88' lang='lat' dir='ltr'><strong><em>tentatio</em></strong></span> <span class='ocrx_word' id='word_1_404' title='bbox 1500 4642 1571 4685; x_wconf 91' lang='lat' dir='ltr'><strong><em>est</em></strong></span> <span class='ocrx_word' id='word_1_405' title='bbox 1602 4634 1702 4686; x_wconf 86' lang='lat' dir='ltr'><strong><em>vita</em></strong></span> <span class='ocrx_word' id='word_1_406' title='bbox 1730 4634 1954 4690; x_wconf 84' lang='lat' dir='ltr'><strong><em>humana</em></strong></span> <span class='ocrx_word' id='word_1_407' title='bbox 1993 4655 2149 4710; x_wconf 85' lang='lat' dir='ltr'><strong><em>super</em></strong></span> 
     </span>
    </p>
   </div>
   <div class='ocr_carea' id='block_1_48' title="bbox 566 4716 2145 4791">
    <p class='ocr_par' dir='ltr' id='par_1_48' title="bbox 566 4716 2145 4791">
     <span class='ocr_line' id='line_1_48' title="bbox 566 4716 2145 4791; baseline 0.009 -21"><span class='ocrx_word' id='word_1_408' title='bbox 566 4728 751 4773; x_wconf 88' lang='lat' dir='ltr'><strong><em>terram</em></strong></span> <span class='ocrx_word' id='word_1_409' title='bbox 782 4716 901 4790; x_wconf 81' lang='lat' dir='ltr'><strong><em>(Job</em></strong></span> <span class='ocrx_word' id='word_1_410' title='bbox 931 4734 1024 4786; x_wconf 87' lang='lat' dir='ltr'><strong><em>vu,</em></strong></span> <span class='ocrx_word' id='word_1_411' title='bbox 1058 4721 1110 4791; x_wconf 98' lang='grc'><strong><em>1)</em></strong></span> <span class='ocrx_word' id='word_1_412' title='bbox 1137 4720 1161 4775; x_wconf 92' lang='lat'><strong><em>?</em></strong></span> <span class='ocrx_word' id='word_1_413' title='bbox 1184 4720 1301 4775; x_wconf 85' lang='lat' dir='ltr'><strong><em>Non</em></strong></span> <span class='ocrx_word' id='word_1_414' title='bbox 1331 4731 1381 4776; x_wconf 89' lang='lat' dir='ltr'><strong><em>te</em></strong></span> <span class='ocrx_word' id='word_1_415' title='bbox 1410 4738 1438 4775; x_wconf 89' lang='lat' dir='ltr'><strong><em>a</em></strong></span> <span class='ocrx_word' id='word_1_416' title='bbox 1472 4723 1766 4791; x_wconf 74' lang='lat' dir='ltr'><strong><em>prmﬁdenti</em></strong></span> <span class='ocrx_word' id='word_1_417' title='bbox 1797 4726 2032 4784; x_wconf 90' lang='lat' dir='ltr'><strong><em>elatione</em></strong></span> <span class='ocrx_word' id='word_1_418' title='bbox 2057 4746 2145 4785; x_wconf 84' lang='lat' dir='ltr'><strong><em>re-</em></strong></span> 
     </span>
    </p>
   </div>
   <div class='ocr_carea' id='block_1_49' title="bbox 564 4807 2147 4893">
    <p class='ocr_par' dir='ltr' id='par_1_49' title="bbox 564 4807 2147 4893">
     <span class='ocr_line' id='line_1_49' title="bbox 564 4807 2147 4893; baseline 0.009 -31"><span class='ocrx_word' id='word_1_419' title='bbox 564 4809 849 4876; x_wconf 86' lang='lat' dir='ltr'><strong><em>verberat,</em></strong></span> <span class='ocrx_word' id='word_1_420' title='bbox 888 4807 978 4864; x_wconf 70' lang='lat' dir='ltr'><strong><em>Va:</em></strong></span> <span class='ocrx_word' id='word_1_421' title='bbox 1002 4810 1190 4865; x_wconf 88' lang='lat' dir='ltr'><strong><em>mundo</em></strong></span> <span class='ocrx_word' id='word_1_422' title='bbox 1219 4810 1281 4865; x_wconf 88' lang='lat' dir='ltr'><strong><em>ab</em></strong></span> <span class='ocrx_word' id='word_1_423' title='bbox 1306 4812 1564 4867; x_wconf 86' lang='lat' dir='ltr'><strong><em>scandulis</em></strong></span> <span class='ocrx_word' id='word_1_424' title='bbox 1596 4812 1809 4888; x_wconf 82' lang='lat' dir='ltr'><strong><em>(Matth.</em></strong></span> <span class='ocrx_word' id='word_1_425' title='bbox 1854 4835 1977 4874; x_wconf 79' lang='lat' dir='ltr'><strong><em>xvnt</em></strong></span> <span class='ocrx_word' id='word_1_426' title='bbox 2000 4860 2017 4887; x_wconf 95' lang='lat'><strong><em>,</em></strong></span> <span class='ocrx_word' id='word_1_427' title='bbox 2049 4820 2147 4893; x_wconf 88' lang='lat'><strong><em>7)?</em></strong></span> 
     </span>
    </p>
   </div>
   <div class='ocr_carea' id='block_1_50' title="bbox 565 4899 2143 4979">
    <p class='ocr_par' dir='ltr' id='par_1_50' title="bbox 565 4899 2143 4979">
     <span class='ocr_line' id='line_1_50' title="bbox 565 4899 2143 4979; baseline 0.008 -26"><span class='ocrx_word' id='word_1_428' title='bbox 565 4899 679 4955; x_wconf 79' lang='lat' dir='ltr'><strong><em>Non</em></strong></span> <span class='ocrx_word' id='word_1_429' title='bbox 709 4902 1100 4968; x_wconf 89' lang='lat' dir='ltr'><strong><em>contremiscis,</em></strong></span> <span class='ocrx_word' id='word_1_430' title='bbox 1129 4917 1197 4957; x_wconf 92' lang='lat' dir='ltr'><strong><em>ne</em></strong></span> <span class='ocrx_word' id='word_1_431' title='bbox 1221 4903 1493 4973; x_wconf 85' lang='lat' dir='ltr'><strong><em>deputeris</em></strong></span> <span class='ocrx_word' id='word_1_432' title='bbox 1518 4905 1571 4958; x_wconf 89' lang='lat' dir='ltr'><strong><em>in</em></strong></span> <span class='ocrx_word' id='word_1_433' title='bbox 1603 4908 1783 4962; x_wconf 89' lang='lat' dir='ltr'><strong><em>multis</em></strong></span> <span class='ocrx_word' id='word_1_434' title='bbox 1808 4925 2031 4979; x_wconf 89' lang='lat' dir='ltr'><strong><em>quorum</em></strong></span> <span class='ocrx_word' id='word_1_435' title='bbox 2059 4929 2143 4966; x_wconf 91' lang='lat' dir='ltr'><strong><em>re-</em></strong></span> 
     </span>
    </p>
   </div>
   <div class='ocr_carea' id='block_1_51' title="bbox 565 4990 2141 5071">
    <p class='ocr_par' dir='ltr' id='par_1_51' title="bbox 565 4990 2141 5071">
     <span class='ocr_line' id='line_1_51' title="bbox 565 4990 2141 5071; baseline 0.009 -29"><span class='ocrx_word' id='word_1_436' title='bbox 565 4990 785 5060; x_wconf 74' lang='lat' dir='ltr'><strong><em>frigescit</em></strong></span> <span class='ocrx_word' id='word_1_437' title='bbox 809 4992 1049 5057; x_wconf 89' lang='lat' dir='ltr'><strong><em>cltaritas,</em></strong></span> <span class='ocrx_word' id='word_1_438' title='bbox 1082 4992 1320 5062; x_wconf 87' lang='lat' dir='ltr'><strong><em>quoniam</em></strong></span> <span class='ocrx_word' id='word_1_439' title='bbox 1345 4994 1567 5048; x_wconf 83' lang='lat' dir='ltr'><strong><em>abundat</em></strong></span> <span class='ocrx_word' id='word_1_440' title='bbox 1597 4996 1834 5067; x_wconf 85' lang='lat' dir='ltr'><strong><em>iniquitas</em></strong></span> <span class='ocrx_word' id='word_1_441' title='bbox 1858 4998 1967 5071; x_wconf 89' lang='lat' dir='ltr'><strong><em>(Id.</em></strong></span> <span class='ocrx_word' id='word_1_442' title='bbox 1993 5017 2141 5067; x_wconf 74' lang='lat' dir='ltr'><strong><em>xxnv,</em></strong></span> 
     </span>
    </p>
   </div>
   <div class='ocr_carea' id='block_1_52' title="bbox 568 5081 2146 5166">
    <p class='ocr_par' dir='ltr' id='par_1_52' title="bbox 568 5081 2146 5166">
     <span class='ocr_line' id='line_1_52' title="bbox 568 5081 2146 5166; baseline 0.008 -31"><span class='ocrx_word' id='word_1_443' title='bbox 568 5081 698 5153; x_wconf 71' lang='lat'><strong><em>12)?</em></strong></span> <span class='ocrx_word' id='word_1_444' title='bbox 724 5082 836 5137; x_wconf 81' lang='lat' dir='ltr'><strong><em>Non</em></strong></span> <span class='ocrx_word' id='word_1_445' title='bbox 862 5084 1093 5155; x_wconf 89' lang='lat' dir='ltr'><strong><em>percutis</em></strong></span> <span class='ocrx_word' id='word_1_446' title='bbox 1120 5093 1304 5154; x_wconf 90' lang='lat' dir='ltr'><strong><em>pectus</em></strong></span> <span class='ocrx_word' id='word_1_447' title='bbox 1332 5101 1451 5140; x_wconf 90' lang='lat' dir='ltr'><strong><em>cum</em></strong></span> <span class='ocrx_word' id='word_1_448' title='bbox 1478 5087 1649 5153; x_wconf 86' lang='lat' dir='ltr'><strong><em>audis,</em></strong></span> <span class='ocrx_word' id='word_1_449' title='bbox 1682 5088 2019 5162; x_wconf 85' lang='lat' dir='ltr'><strong><em>Quapropter,</em></strong></span> <span class='ocrx_word' id='word_1_450' title='bbox 2059 5096 2146 5166; x_wconf 88' lang='lat' dir='ltr'><strong><em>qui</em></strong></span> 
     </span>
    </p>
   </div>
   <div class='ocr_carea' id='block_1_53' title="bbox 563 5175 2144 5255">
    <p class='ocr_par' dir='ltr' id='par_1_53' title="bbox 563 5175 2144 5255">
     <span class='ocr_line' id='line_1_53' title="bbox 563 5175 2144 5255; baseline 0.012 -31"><span class='ocrx_word' id='word_1_451' title='bbox 563 5186 615 5225; x_wconf 91' lang='lat' dir='ltr'><strong><em>se</em></strong></span> <span class='ocrx_word' id='word_1_452' title='bbox 643 5182 784 5242; x_wconf 87' lang='lat' dir='ltr'><strong><em>putat</em></strong></span> <span class='ocrx_word' id='word_1_453' title='bbox 808 5184 962 5241; x_wconf 90' lang='lat' dir='ltr'><strong><em>stare,</em></strong></span> <span class='ocrx_word' id='word_1_454' title='bbox 994 5175 1158 5229; x_wconf 86' lang='lat' dir='ltr'><strong><em>videat</em></strong></span> <span class='ocrx_word' id='word_1_455' title='bbox 1188 5175 1209 5206; x_wconf 89' lang='grc'><em>³</em></span> <span class='ocrx_word' id='word_1_456' title='bbox 1237 5194 1301 5231; x_wconf 89' lang='lat' dir='ltr'><strong><em>ne</em></strong></span> <span class='ocrx_word' id='word_1_457' title='bbox 1322 5180 1469 5231; x_wconf 86' lang='lat' dir='ltr'><strong><em>cadat</em></strong></span> <span class='ocrx_word' id='word_1_458' title='bbox 1500 5178 1539 5251; x_wconf 90' lang='grc' dir='ltr'>(Ι</span> <span class='ocrx_word' id='word_1_459' title='bbox 1575 5178 1693 5236; x_wconf 88' lang='lat' dir='ltr'><strong><em>Cor.</em></strong></span> <span class='ocrx_word' id='word_1_460' title='bbox 1727 5198 1760 5236; x_wconf 87' lang='lat' dir='ltr'><strong><em>x</em></strong></span> <span class='ocrx_word' id='word_1_461' title='bbox 1786 5224 1799 5248; x_wconf 92' lang='lat'><strong><em>,</em></strong></span> <span class='ocrx_word' id='word_1_462' title='bbox 1843 5185 1976 5255; x_wconf 71' lang='lat'><strong><em>12)?</em></strong></span> <span class='ocrx_word' id='word_1_463' title='bbox 2002 5185 2144 5243; x_wconf 82' lang='lat' dir='ltr'><strong><em>Inter</em></strong></span> 
     </span>
    </p>
   </div>
   <div class='ocr_carea' id='block_1_54' title="bbox 565 5262 2139 5343">
    <p class='ocr_par' dir='ltr' id='par_1_54' title="bbox 565 5262 2139 5343">
     <span class='ocr_line' id='line_1_54' title="bbox 565 5262 2139 5343; baseline 0.014 -27"><span class='ocrx_word' id='word_1_464' title='bbox 565 5262 681 5319; x_wconf 62' lang='lat' dir='ltr'><strong><em>ba&#39;c</em></strong></span> <span class='ocrx_word' id='word_1_465' title='bbox 703 5264 877 5321; x_wconf 89' lang='lat' dir='ltr'><strong><em>divina</em></strong></span> <span class='ocrx_word' id='word_1_466' title='bbox 907 5269 1104 5322; x_wconf 91' lang='lat' dir='ltr'><strong><em>monita</em></strong></span> <span class='ocrx_word' id='word_1_467' title='bbox 1135 5277 1187 5323; x_wconf 90' lang='lat' dir='ltr'><strong><em>et</em></strong></span> <span class='ocrx_word' id='word_1_468' title='bbox 1216 5271 1442 5326; x_wconf 89' lang='lat' dir='ltr'><strong><em>humana</em></strong></span> <span class='ocrx_word' id='word_1_469' title='bbox 1486 5274 1720 5343; x_wconf 78' lang='lat' dir='ltr'><strong><em>pericula</em></strong></span> <span class='ocrx_word' id='word_1_470' title='bbox 1743 5317 1757 5340; x_wconf 89' lang='lat'><strong><em>,</em></strong></span> <span class='ocrx_word' id='word_1_471' title='bbox 1788 5277 1928 5333; x_wconf 86' lang='lat' dir='ltr'><strong><em>itane</em></strong></span> <span class='ocrx_word' id='word_1_472' title='bbox 1966 5280 2139 5339; x_wconf 88' lang='lat' dir='ltr'><strong><em>adhuc</em></strong></span> 
     </span>
    </p>
   </div>
   <div class='ocr_carea' id='block_1_55' title="bbox 481 5355 2137 5436">
    <p class='ocr_par' dir='ltr' id='par_1_55' title="bbox 481 5355 2137 5436">
     <span class='ocr_line' id='line_1_55' title="bbox 481 5355 2137 5436; baseline 0.014 -30"><span class='ocrx_word' id='word_1_473' title='bbox 481 5389 489 5396; x_wconf 82' lang='lat'><strong><em>-</em></strong></span> <span class='ocrx_word' id='word_1_474' title='bbox 563 5355 858 5424; x_wconf 85' lang='lat' dir='ltr'><strong><em>virginibus</em></strong></span> <span class='ocrx_word' id='word_1_475' title='bbox 906 5359 1105 5415; x_wconf 87' lang='lat' dir='ltr'><strong><em>sanctis</em></strong></span> <span class='ocrx_word' id='word_1_476' title='bbox 1158 5360 1510 5419; x_wconf 87' lang='lat' dir='ltr'><strong><em>humilitatem</em></strong></span> <span class='ocrx_word' id='word_1_477' title='bbox 1558 5369 1878 5436; x_wconf 85' lang='lat' dir='ltr'><strong><em>persuadere</em></strong></span> <span class='ocrx_word' id='word_1_478' title='bbox 1926 5373 2137 5430; x_wconf 87' lang='lat' dir='ltr'><strong><em>labora-</em></strong></span> 
     </span>
    </p>
   </div>
   <div class='ocr_carea' id='block_1_56' title="bbox 564 5447 720 5500">
    <p class='ocr_par' dir='ltr' id='par_1_56' title="bbox 564 5447 720 5500">
     <span class='ocr_line' id='line_1_56' title="bbox 564 5447 720 5500; baseline -0.006 0"><span class='ocrx_word' id='word_1_479' title='bbox 564 5459 682 5500; x_wconf 88' lang='lat' dir='ltr'><strong><em>mus</em></strong></span> <span class='ocrx_word' id='word_1_480' title='bbox 695 5447 720 5499; x_wconf 67' lang='grc' dir='ltr'><em>ἲ</em></span> 
     </span>
    </p>
   </div>
   <div class='ocr_carea' id='block_1_57' title="bbox 625 5577 2143 5655">
    <p class='ocr_par' dir='ltr' id='par_1_57' title="bbox 625 5577 2143 5655">
     <span class='ocr_line' id='line_1_57' title="bbox 625 5577 2143 5655; baseline 0.022 -31"><span class='ocrx_word' id='word_1_481' title='bbox 625 5579 643 5611; x_wconf 83' lang='grc' dir='ltr'><strong><em>ι</em></strong></span> <span class='ocrx_word' id='word_1_482' title='bbox 662 5577 1049 5655; x_wconf 35' lang='lat' dir='ltr'><strong><em>adiungam</em></strong></span> <span class='ocrx_word' id='word_1_483' title='bbox 1082 5593 1114 5629; x_wconf 91' lang='lat' dir='ltr'><strong><em>a</em></strong></span> <span class='ocrx_word' id='word_1_484' title='bbox 1135 5586 1308 5655; x_wconf 70' lang='lat' dir='ltr'><strong><em>templo</em></strong></span> <span class='ocrx_word' id='word_1_485' title='bbox 1327 5591 1450 5651; x_wconf 83' lang='lat' dir='ltr'><strong><em>ejus.</em></strong></span> <span class='ocrx_word' id='word_1_486' title='bbox 1472 5600 1529 5643; x_wconf 80' lang='lat' dir='ltr'><strong><em>At</em></strong></span> <span class='ocrx_word' id='word_1_487' title='bbox 1550 5602 1654 5646; x_wconf 81' lang='lat' dir='ltr'><strong><em>Mss.</em></strong></span> <span class='ocrx_word' id='word_1_488' title='bbox 1687 5597 1765 5648; x_wconf 87' lang='lat' dir='ltr'><strong><em>hic</em></strong></span> <span class='ocrx_word' id='word_1_489' title='bbox 1784 5608 1836 5652; x_wconf 91' lang='lat' dir='ltr'><strong><em>et</em></strong></span> <span class='ocrx_word' id='word_1_490' title='bbox 1863 5600 1913 5650; x_wconf 89' lang='lat' dir='ltr'><strong><em>in</em></strong></span> <span class='ocrx_word' id='word_1_491' title='bbox 1946 5608 2143 5655; x_wconf 78' lang='lat' dir='ltr'><strong><em>Enarra-</em></strong></span> 
     </span>
    </p>
   </div>
   <div class='ocr_carea' id='block_1_58' title="bbox 561 5639 985 5698">
    <p class='ocr_par' dir='ltr' id='par_1_58' title="bbox 561 5639 985 5698">
     <span class='ocr_line' id='line_1_58' title="bbox 561 5639 985 5698; baseline 0 -7"><span class='ocrx_word' id='word_1_492' title='bbox 561 5641 697 5691; x_wconf 75' lang='lat' dir='ltr'><strong><em>tlone</em></strong></span> <span class='ocrx_word' id='word_1_493' title='bbox 719 5639 884 5691; x_wconf 77' lang='lat' dir='ltr'><strong><em>Psalini</em></strong></span> <span class='ocrx_word' id='word_1_494' title='bbox 910 5639 985 5698; x_wconf 68' lang='lat'><strong><em>26’.</em></strong></span> 
     </span>
    </p>
   </div>
   <div class='ocr_carea' id='block_1_59' title="bbox 566 5642 2140 5767">
    <p class='ocr_par' dir='ltr' id='par_1_59' title="bbox 566 5642 2140 5767">
     <span class='ocr_line' id='line_1_59' title="bbox 566 5642 2140 5731; baseline 0.018 -41"><span class='ocrx_word' id='word_1_495' title='bbox 566 5642 697 5691; x_wconf 73' lang='lat' dir='ltr'><strong><em>tione</em></strong></span> <span class='ocrx_word' id='word_1_496' title='bbox 719 5642 884 5691; x_wconf 82' lang='lat' dir='ltr'><strong><em>Psalmi</em></strong></span> <span class='ocrx_word' id='word_1_497' title='bbox 910 5642 985 5715; x_wconf 64' lang='grc' dir='ltr'>εει,</span> <span class='ocrx_word' id='word_1_498' title='bbox 1005 5642 1239 5703; x_wconf 78' lang='lat' dir='ltr'><strong><em>templum</em></strong></span> <span class='ocrx_word' id='word_1_499' title='bbox 1255 5642 1365 5712; x_wconf 64' lang='grc' dir='ltr'><strong><em>(εἰυέ</em></strong></span> <span class='ocrx_word' id='word_1_500' title='bbox 1384 5663 1401 5700; x_wconf 90' lang='lat'><strong><em>:</em></strong></span> <span class='ocrx_word' id='word_1_501' title='bbox 1422 5662 1473 5703; x_wconf 92' lang='lat' dir='ltr'><strong><em>et</em></strong></span> <span class='ocrx_word' id='word_1_502' title='bbox 1495 5642 2140 5731; x_wconf 54' lang='grc' dir='ltr'><strong><em>ιὸθοῖρἶόιῖιᾷἇνῖιιῖἓῖἶάιῖὀ</em></strong></span> 
     </span>
     <span class='ocr_line' id='line_1_60' title="bbox 566 5701 989 5767; baseline 0.012 -19"><span class='ocrx_word' id='word_1_503' title='bbox 566 5701 762 5767; x_wconf 81' lang='lat' dir='ltr'><strong><em>habent,</em></strong></span> <span class='ocrx_word' id='word_1_504' title='bbox 790 5710 989 5767; x_wconf 67' lang='lat' dir='ltr'><strong><em>protegi.</em></strong></span> 
     </span>
    </p>
   </div>
   <div class='ocr_carea' id='block_1_60' title="bbox 627 5758 1684 5837">
    <p class='ocr_par' dir='ltr' id='par_1_60' title="bbox 627 5758 1684 5837">
     <span class='ocr_line' id='line_1_61' title="bbox 627 5758 1684 5837; baseline 0.02 -25"><span class='ocrx_word' id='word_1_505' title='bbox 627 5766 647 5837; x_wconf 64' lang='grc' dir='ltr'><strong>ξ</strong></span> <span class='ocrx_word' id='word_1_506' title='bbox 668 5758 805 5837; x_wconf 65' lang='lat' dir='ltr'><strong><em>t-‘diti&#39;,</em></strong></span> <span class='ocrx_word' id='word_1_507' title='bbox 829 5758 1194 5837; x_wconf 73' lang='lat' dir='ltr'><strong><em>non&quot;habuerat.</em></strong></span> <span class='ocrx_word' id='word_1_508' title='bbox 1213 5776 1509 5837; x_wconf 84' lang='lat' dir='ltr'><strong><em>Castigantur</em></strong></span> <span class='ocrx_word' id='word_1_509' title='bbox 1526 5791 1554 5829; x_wconf 89' lang='lat' dir='ltr'><strong><em>a</em></strong></span> <span class='ocrx_word' id='word_1_510' title='bbox 1580 5788 1684 5833; x_wconf 73' lang='lat' dir='ltr'><strong><em>Mss.</em></strong></span> 
     </span>
    </p>
   </div>
   <div class='ocr_carea' id='block_1_61' title="bbox 623 5826 1069 5889">
    <p class='ocr_par' dir='ltr' id='par_1_61' title="bbox 623 5826 1069 5889">
     <span class='ocr_line' id='line_1_62' title="bbox 623 5826 1069 5889; baseline 0.002 -15"><span class='ocrx_word' id='word_1_511' title='bbox 623 5826 643 5856; x_wconf 86' lang='grc'>⁸</span> <span class='ocrx_word' id='word_1_512' title='bbox 666 5834 715 5875; x_wconf 85' lang='lat' dir='ltr'><strong><em>tn</em></strong></span> <span class='ocrx_word' id='word_1_513' title='bbox 741 5835 865 5889; x_wconf 53' lang='lat' dir='ltr'><strong><em>Mss,</em></strong></span> <span class='ocrx_word' id='word_1_514' title='bbox 891 5836 1069 5880; x_wconf 78' lang='lat' dir='ltr'><strong><em>caueat.</em></strong></span> 
     </span>
    </p>
   </div>
   <div class='ocr_carea' id='block_1_62' title="bbox 1501 411 2891 480">
    <p class='ocr_par' dir='ltr' id='par_1_62' title="bbox 1501 411 2891 480">
     <span class='ocr_line' id='line_1_63' title="bbox 1501 411 2891 480; baseline -0.004 -7"><span class='ocrx_word' id='word_1_515' title='bbox 1501 418 1587 473; x_wconf 82' lang='lat' dir='ltr'><strong><em>DE</em></strong></span> <span class='ocrx_word' id='word_1_516' title='bbox 1624 414 1885 474; x_wconf 81' lang='lat' dir='ltr'><strong><em>SANCTA</em></strong></span> <span class='ocrx_word' id='word_1_517' title='bbox 1928 411 2484 480; x_wconf 62' lang='lat' dir='ltr'><strong><em>VIRGINITATE,‘S.</em></strong></span> <span class='ocrx_word' id='word_1_518' title='bbox 2526 413 2891 471; x_wconf 81' lang='lat' dir='ltr'><strong><em>AUGUSTINI</em></strong></span> 
     </span>
    </p>
   </div>
   <div class='ocr_carea' id='block_1_63' title="bbox 3722 419 3825 473">
    <p class='ocr_par' dir='ltr' id='par_1_63' title="bbox 3722 419 3825 473">
     <span class='ocr_line' id='line_1_64' title="bbox 3722 419 3825 473; baseline 0 0"><span class='ocrx_word' id='word_1_519' title='bbox 3722 419 3825 473; x_wconf 73' lang='grc'><strong><em>420</em></strong></span> 
     </span>
    </p>
   </div>
   <div class='ocr_carea' id='block_1_64' title="bbox 2327 523 3829 598">
    <p class='ocr_par' dir='ltr' id='par_1_64' title="bbox 2327 523 3829 598">
     <span class='ocr_line' id='line_1_65' title="bbox 2327 523 3829 598; baseline 0.005 -19"><span class='ocrx_word' id='word_1_520' title='bbox 2327 523 2552 580; x_wconf 81' lang='lat' dir='ltr'><strong><em>CAPUT</em></strong></span> <span class='ocrx_word' id='word_1_521' title='bbox 2592 524 2701 579; x_wconf 81' lang='lat' dir='ltr'><strong><em>XL.</em></strong></span> <span class='ocrx_word' id='word_1_522' title='bbox 2738 555 2811 565; x_wconf 95' lang='lat'>—</span> <span class='ocrx_word' id='word_1_523' title='bbox 2837 526 2926 580; x_wconf 70' lang='grc'><strong><em>41.</em></strong></span> <span class='ocrx_word' id='word_1_524' title='bbox 2962 523 3125 581; x_wconf 76' lang='lat' dir='ltr'><strong><em>Iustis</em></strong></span> <span class='ocrx_word' id='word_1_525' title='bbox 3158 526 3427 583; x_wconf 88' lang='lat' dir='ltr'><strong><em>miscentur</em></strong></span> <span class='ocrx_word' id='word_1_526' title='bbox 3452 530 3621 584; x_wconf 86' lang='lat' dir='ltr'><strong><em>casuri</em></strong></span> <span class='ocrx_word' id='word_1_527' title='bbox 3643 572 3659 598; x_wconf 92' lang='lat'><strong><em>,</em></strong></span> <span class='ocrx_word' id='word_1_528' title='bbox 3689 542 3746 585; x_wconf 86' lang='lat' dir='ltr'><strong><em>ut</em></strong></span> <span class='ocrx_word' id='word_1_529' title='bbox 3770 549 3829 587; x_wconf 71' lang='lat' dir='ltr'><strong><em>ex</em></strong></span> 
     </span>
    </p>
   </div>
   <div class='ocr_carea' id='block_1_65' title="bbox 2255 614 3829 689">
    <p class='ocr_par' dir='ltr' id='par_1_65' title="bbox 2255 614 3829 689">
     <span class='ocr_line' id='line_1_66' title="bbox 2255 614 3829 689; baseline 0.006 -23"><span class='ocrx_word' id='word_1_530' title='bbox 2255 614 2435 668; x_wconf 88' lang='lat' dir='ltr'><strong><em>horum</em></strong></span> <span class='ocrx_word' id='word_1_531' title='bbox 2469 631 2588 669; x_wconf 88' lang='lat' dir='ltr'><strong><em>casu</em></strong></span> <span class='ocrx_word' id='word_1_532' title='bbox 2612 616 2761 669; x_wconf 90' lang='lat' dir='ltr'><strong><em>timor</em></strong></span> <span class='ocrx_word' id='word_1_533' title='bbox 2787 626 3050 685; x_wconf 88' lang='lat' dir='ltr'><strong><em>augeatur.</em></strong></span> <span class='ocrx_word' id='word_1_534' title='bbox 3077 616 3258 671; x_wconf 85' lang='lat' dir='ltr'><strong><em>Justus</em></strong></span> <span class='ocrx_word' id='word_1_535' title='bbox 3286 635 3387 672; x_wconf 92' lang='lat' dir='ltr'><strong><em>non</em></strong></span> <span class='ocrx_word' id='word_1_536' title='bbox 3416 629 3550 689; x_wconf 90' lang='lat' dir='ltr'><strong><em>putet</em></strong></span> <span class='ocrx_word' id='word_1_537' title='bbox 3577 623 3829 677; x_wconf 83' lang='lat' dir='ltr'><strong><em>modicum</em></strong></span> 
     </span>
    </p>
   </div>
   <div class='ocr_carea' id='block_1_66' title="bbox 2253 705 3829 783">
    <p class='ocr_par' dir='ltr' id='par_1_66' title="bbox 2253 705 3829 783">
     <span class='ocr_line' id='line_1_67' title="bbox 2253 705 3829 783; baseline 0.007 -25"><span class='ocrx_word' id='word_1_538' title='bbox 2253 705 2351 758; x_wconf 86' lang='lat' dir='ltr'><strong><em>sibi</em></strong></span> <span class='ocrx_word' id='word_1_539' title='bbox 2382 706 2677 772; x_wconf 90' lang='lat' dir='ltr'><strong><em>dimissum,</em></strong></span> <span class='ocrx_word' id='word_1_540' title='bbox 2719 717 2773 760; x_wconf 89' lang='lat' dir='ltr'><strong><em>ut</em></strong></span> <span class='ocrx_word' id='word_1_541' title='bbox 2799 708 3049 761; x_wconf 89' lang='lat' dir='ltr'><strong><em>modicum</em></strong></span> <span class='ocrx_word' id='word_1_542' title='bbox 3080 708 3275 779; x_wconf 76' lang='lat' dir='ltr'><strong><em>diligat.</em></strong></span> <span class='ocrx_word' id='word_1_543' title='bbox 3318 709 3595 767; x_wconf 87' lang='lat' dir='ltr'><strong><em>Dimissum</em></strong></span> <span class='ocrx_word' id='word_1_544' title='bbox 3625 714 3829 783; x_wconf 88' lang='lat' dir='ltr'><strong><em>deputet</em></strong></span> 
     </span>
    </p>
   </div>
   <div class='ocr_carea' id='block_1_67' title="bbox 2253 798 3830 876">
    <p class='ocr_par' dir='ltr' id='par_1_67' title="bbox 2253 798 3830 876">
     <span class='ocr_line' id='line_1_68' title="bbox 2253 798 3830 876; baseline 0.008 -28"><span class='ocrx_word' id='word_1_545' title='bbox 2253 798 2499 865; x_wconf 87' lang='lat' dir='ltr'><strong><em>quidquid</em></strong></span> <span class='ocrx_word' id='word_1_546' title='bbox 2519 798 2641 851; x_wconf 89' lang='lat' dir='ltr'><strong><em>mali</em></strong></span> <span class='ocrx_word' id='word_1_547' title='bbox 2669 816 2698 852; x_wconf 88' lang='lat' dir='ltr'><strong><em>a</em></strong></span> <span class='ocrx_word' id='word_1_548' title='bbox 2721 816 2774 854; x_wconf 88' lang='lat' dir='ltr'><strong><em>se</em></strong></span> <span class='ocrx_word' id='word_1_549' title='bbox 2798 816 2897 853; x_wconf 89' lang='lat' dir='ltr'><strong><em>non</em></strong></span> <span class='ocrx_word' id='word_1_550' title='bbox 2918 809 2989 853; x_wconf 91' lang='lat' dir='ltr'><strong><em>est</em></strong></span> <span class='ocrx_word' id='word_1_551' title='bbox 3008 802 3342 856; x_wconf 88' lang='lat' dir='ltr'><strong><em>commissum.</em></strong></span> <span class='ocrx_word' id='word_1_552' title='bbox 3363 803 3442 856; x_wconf 83' lang='lat' dir='ltr'><strong><em>An</em></strong></span> <span class='ocrx_word' id='word_1_553' title='bbox 3463 820 3589 859; x_wconf 90' lang='lat' dir='ltr'><strong><em>vero</em></strong></span> <span class='ocrx_word' id='word_1_554' title='bbox 3610 817 3830 876; x_wconf 84' lang='lat' dir='ltr'><strong><em>propter</em></strong></span> 
     </span>
    </p>
   </div>
   <div class='ocr_carea' id='block_1_68' title="bbox 2254 889 3831 962">
    <p class='ocr_par' dir='ltr' id='par_1_68' title="bbox 2254 889 3831 962">
     <span class='ocr_line' id='line_1_69' title="bbox 2254 889 3831 962; baseline 0.008 -20"><span class='ocrx_word' id='word_1_555' title='bbox 2254 889 2395 943; x_wconf 91' lang='lat' dir='ltr'><strong><em>aliud</em></strong></span> <span class='ocrx_word' id='word_1_556' title='bbox 2424 890 2746 945; x_wconf 90' lang='lat' dir='ltr'><strong><em>credendum</em></strong></span> <span class='ocrx_word' id='word_1_557' title='bbox 2773 900 2872 955; x_wconf 90' lang='lat' dir='ltr'><strong><em>est,</em></strong></span> <span class='ocrx_word' id='word_1_558' title='bbox 2897 893 3209 962; x_wconf 87' lang='lat' dir='ltr'><strong><em>permittere</em></strong></span> <span class='ocrx_word' id='word_1_559' title='bbox 3232 894 3394 949; x_wconf 90' lang='lat' dir='ltr'><strong><em>Deum</em></strong></span> <span class='ocrx_word' id='word_1_560' title='bbox 3421 904 3481 950; x_wconf 90' lang='lat' dir='ltr'><strong><em>ut</em></strong></span> <span class='ocrx_word' id='word_1_561' title='bbox 3506 897 3831 955; x_wconf 87' lang='lat' dir='ltr'><strong><em>misceantur</em></strong></span> 
     </span>
    </p>
   </div>
   <div class='ocr_carea' id='block_1_69' title="bbox 2254 981 3830 1051">
    <p class='ocr_par' dir='ltr' id='par_1_69' title="bbox 2254 981 3830 1051">
     <span class='ocr_line' id='line_1_70' title="bbox 2254 981 3830 1051; baseline 0.008 -17"><span class='ocrx_word' id='word_1_562' title='bbox 2254 996 2476 1035; x_wconf 89' lang='lat' dir='ltr'><strong><em>numero</em></strong></span> <span class='ocrx_word' id='word_1_563' title='bbox 2503 981 2844 1051; x_wconf 88' lang='lat' dir='ltr'><strong><em>professionis</em></strong></span> <span class='ocrx_word' id='word_1_564' title='bbox 2882 992 3072 1038; x_wconf 77' lang='lat' dir='ltr'><strong><em>vestra:</em></strong></span> <span class='ocrx_word' id='word_1_565' title='bbox 3102 986 3249 1039; x_wconf 92' lang='lat' dir='ltr'><strong><em>multi</em></strong></span> <span class='ocrx_word' id='word_1_566' title='bbox 3281 997 3332 1040; x_wconf 91' lang='lat' dir='ltr'><strong><em>et</em></strong></span> <span class='ocrx_word' id='word_1_567' title='bbox 3356 989 3537 1043; x_wconf 69' lang='lat' dir='ltr'><strong><em>multa:</em></strong></span> <span class='ocrx_word' id='word_1_568' title='bbox 3561 992 3737 1045; x_wconf 88' lang='lat' dir='ltr'><strong><em>casuri</em></strong></span> <span class='ocrx_word' id='word_1_569' title='bbox 3778 1002 3830 1047; x_wconf 90' lang='lat' dir='ltr'><strong><em>et</em></strong></span> 
     </span>
    </p>
   </div>
   <div class='ocr_carea' id='block_1_70' title="bbox 2253 1071 3827 1149">
    <p class='ocr_par' dir='ltr' id='par_1_70' title="bbox 2253 1071 3827 1149">
     <span class='ocr_line' id='line_1_71' title="bbox 2253 1071 3827 1149; baseline 0.007 -26"><span class='ocrx_word' id='word_1_570' title='bbox 2253 1083 2476 1137; x_wconf 67' lang='lat' dir='ltr'><strong><em>casura),</em></strong></span> <span class='ocrx_word' id='word_1_571' title='bbox 2508 1071 2609 1125; x_wconf 85' lang='lat' dir='ltr'><strong><em>nisi</em></strong></span> <span class='ocrx_word' id='word_1_572' title='bbox 2639 1081 2696 1125; x_wconf 91' lang='lat' dir='ltr'><strong><em>ut</em></strong></span> <span class='ocrx_word' id='word_1_573' title='bbox 2724 1072 2805 1125; x_wconf 89' lang='lat' dir='ltr'><strong><em>his</em></strong></span> <span class='ocrx_word' id='word_1_574' title='bbox 2827 1073 3139 1129; x_wconf 84' lang='lat' dir='ltr'><strong><em>cadentibus</em></strong></span> <span class='ocrx_word' id='word_1_575' title='bbox 3162 1076 3318 1130; x_wconf 89' lang='lat' dir='ltr'><strong><em>timor</em></strong></span> <span class='ocrx_word' id='word_1_576' title='bbox 3344 1087 3521 1133; x_wconf 88' lang='lat' dir='ltr'><strong><em>vester</em></strong></span> <span class='ocrx_word' id='word_1_577' title='bbox 3548 1090 3827 1149; x_wconf 85' lang='lat' dir='ltr'><strong><em>augeatur,</em></strong></span> 
     </span>
    </p>
   </div>
   <div class='ocr_carea' id='block_1_71' title="bbox 2253 1161 3831 1235">
    <p class='ocr_par' dir='ltr' id='par_1_71' title="bbox 2253 1161 3831 1235">
     <span class='ocr_line' id='line_1_72' title="bbox 2253 1161 3831 1235; baseline 0.008 -22"><span class='ocrx_word' id='word_1_578' title='bbox 2253 1175 2359 1229; x_wconf 91' lang='lat' dir='ltr'><strong><em>quo</em></strong></span> <span class='ocrx_word' id='word_1_579' title='bbox 2397 1161 2641 1229; x_wconf 89' lang='lat' dir='ltr'><strong><em>superbia</em></strong></span> <span class='ocrx_word' id='word_1_580' title='bbox 2670 1163 3088 1232; x_wconf 87' lang='lat' dir='ltr'><strong><em>comprimatur;</em></strong></span> <span class='ocrx_word' id='word_1_581' title='bbox 3117 1180 3275 1234; x_wconf 90' lang='lat' dir='ltr'><strong><em>quam</em></strong></span> <span class='ocrx_word' id='word_1_582' title='bbox 3315 1168 3392 1221; x_wconf 92' lang='lat' dir='ltr'><strong><em>sic</em></strong></span> <span class='ocrx_word' id='word_1_583' title='bbox 3420 1168 3531 1222; x_wconf 85' lang='lat' dir='ltr'><strong><em>odit</em></strong></span> <span class='ocrx_word' id='word_1_584' title='bbox 3569 1171 3709 1225; x_wconf 89' lang='lat' dir='ltr'><strong><em>Deus</em></strong></span> <span class='ocrx_word' id='word_1_585' title='bbox 3729 1212 3743 1235; x_wconf 91' lang='lat'><strong><em>,</em></strong></span> <span class='ocrx_word' id='word_1_586' title='bbox 3775 1182 3831 1226; x_wconf 91' lang='lat' dir='ltr'><strong><em>ut</em></strong></span> 
     </span>
    </p>
   </div>
   <div class='ocr_carea' id='block_1_72' title="bbox 2253 1253 3830 1317">
    <p class='ocr_par' dir='ltr' id='par_1_72' title="bbox 2253 1253 3830 1317">
     <span class='ocr_line' id='line_1_73' title="bbox 2253 1253 3830 1317; baseline 0.01 -15"><span class='ocrx_word' id='word_1_587' title='bbox 2253 1259 2438 1304; x_wconf 89' lang='lat' dir='ltr'><strong><em>contra</em></strong></span> <span class='ocrx_word' id='word_1_588' title='bbox 2482 1253 2617 1305; x_wconf 90' lang='lat' dir='ltr'><strong><em>hanc</em></strong></span> <span class='ocrx_word' id='word_1_589' title='bbox 2655 1268 2810 1306; x_wconf 89' lang='lat' dir='ltr'><strong><em>unam</em></strong></span> <span class='ocrx_word' id='word_1_590' title='bbox 2839 1268 2897 1308; x_wconf 90' lang='lat' dir='ltr'><strong><em>se</em></strong></span> <span class='ocrx_word' id='word_1_591' title='bbox 2928 1262 3128 1308; x_wconf 91' lang='lat' dir='ltr'><strong><em>tantum</em></strong></span> <span class='ocrx_word' id='word_1_592' title='bbox 3160 1254 3459 1312; x_wconf 89' lang='lat' dir='ltr'><strong><em>humiliaret</em></strong></span> <span class='ocrx_word' id='word_1_593' title='bbox 3486 1260 3830 1317; x_wconf 84' lang='lat' dir='ltr'><strong><em>Altissimus?</em></strong></span> 
     </span>
    </p>
   </div>
   <div class='ocr_carea' id='block_1_73' title="bbox 2252 1340 3831 1422">
    <p class='ocr_par' dir='ltr' id='par_1_73' title="bbox 2252 1340 3831 1422">
     <span class='ocr_line' id='line_1_74' title="bbox 2252 1340 3831 1422; baseline 0.008 -27"><span class='ocrx_word' id='word_1_594' title='bbox 2252 1340 2363 1396; x_wconf 87' lang='lat' dir='ltr'><strong><em>Nisi</em></strong></span> <span class='ocrx_word' id='word_1_595' title='bbox 2390 1342 2525 1397; x_wconf 77' lang='lat' dir='ltr'><strong><em>forte</em></strong></span> <span class='ocrx_word' id='word_1_596' title='bbox 2556 1359 2740 1398; x_wconf 87' lang='lat' dir='ltr'><strong><em>revera</em></strong></span> <span class='ocrx_word' id='word_1_597' title='bbox 2771 1344 2892 1399; x_wconf 90' lang='lat' dir='ltr'><strong><em>ideo</em></strong></span> <span class='ocrx_word' id='word_1_598' title='bbox 2917 1346 3091 1400; x_wconf 90' lang='lat' dir='ltr'><strong><em>minus</em></strong></span> <span class='ocrx_word' id='word_1_599' title='bbox 3121 1347 3353 1416; x_wconf 88' lang='lat' dir='ltr'><strong><em>timebis,</em></strong></span> <span class='ocrx_word' id='word_1_600' title='bbox 3381 1351 3653 1422; x_wconf 82' lang='lat' dir='ltr'><strong><em>magisque</em></strong></span> <span class='ocrx_word' id='word_1_601' title='bbox 3679 1354 3831 1408; x_wconf 87' lang='lat' dir='ltr'><strong><em>iulia-</em></strong></span> 
     </span>
    </p>
   </div>
   <div class='ocr_carea' id='block_1_74' title="bbox 2252 1431 3825 1513">
    <p class='ocr_par' dir='ltr' id='par_1_74' title="bbox 2252 1431 3825 1513">
     <span class='ocr_line' id='line_1_75' title="bbox 2252 1431 3825 1513; baseline 0.009 -27"><span class='ocrx_word' id='word_1_602' title='bbox 2252 1431 2416 1498; x_wconf 90' lang='lat' dir='ltr'><strong><em>beris,</em></strong></span> <span class='ocrx_word' id='word_1_603' title='bbox 2450 1442 2507 1487; x_wconf 94' lang='lat' dir='ltr'><strong><em>ut</em></strong></span> <span class='ocrx_word' id='word_1_604' title='bbox 2533 1434 2799 1490; x_wconf 90' lang='lat' dir='ltr'><strong><em>modicum</em></strong></span> <span class='ocrx_word' id='word_1_605' title='bbox 2825 1435 3014 1506; x_wconf 84' lang='lat' dir='ltr'><strong><em>diligas</em></strong></span> <span class='ocrx_word' id='word_1_606' title='bbox 3039 1453 3160 1493; x_wconf 90' lang='lat' dir='ltr'><strong><em>eum</em></strong></span> <span class='ocrx_word' id='word_1_607' title='bbox 3188 1441 3276 1509; x_wconf 90' lang='lat' dir='ltr'><strong><em>qui</em></strong></span> <span class='ocrx_word' id='word_1_608' title='bbox 3303 1450 3353 1496; x_wconf 90' lang='lat' dir='ltr'><strong><em>te</em></strong></span> <span class='ocrx_word' id='word_1_609' title='bbox 3384 1452 3587 1497; x_wconf 85' lang='lat' dir='ltr'><strong><em>tantum</em></strong></span> <span class='ocrx_word' id='word_1_610' title='bbox 3617 1444 3825 1513; x_wconf 80' lang='lat' dir='ltr'><strong><em>dilexit,</em></strong></span> 
     </span>
    </p>
   </div>
   <div class='ocr_carea' id='block_1_75' title="bbox 2253 1527 3827 1608">
    <p class='ocr_par' dir='ltr' id='par_1_75' title="bbox 2253 1527 3827 1608">
     <span class='ocr_line' id='line_1_76' title="bbox 2253 1527 3827 1608; baseline 0.009 -29"><span class='ocrx_word' id='word_1_611' title='bbox 2253 1534 2312 1580; x_wconf 92' lang='lat' dir='ltr'><strong><em>ut</em></strong></span> <span class='ocrx_word' id='word_1_612' title='bbox 2340 1527 2567 1583; x_wconf 88' lang='lat' dir='ltr'><strong><em>traderet</em></strong></span> <span class='ocrx_word' id='word_1_613' title='bbox 2592 1531 2935 1600; x_wconf 90' lang='lat' dir='ltr'><strong><em>semetipsum</em></strong></span> <span class='ocrx_word' id='word_1_614' title='bbox 2980 1546 3077 1602; x_wconf 89' lang='lat' dir='ltr'><strong><em>pro</em></strong></span> <span class='ocrx_word' id='word_1_615' title='bbox 3104 1542 3155 1586; x_wconf 91' lang='lat' dir='ltr'><strong><em>te</em></strong></span> <span class='ocrx_word' id='word_1_616' title='bbox 3195 1532 3390 1601; x_wconf 83' lang='lat' dir='ltr'><strong><em>(Galat.</em></strong></span> <span class='ocrx_word' id='word_1_617' title='bbox 3433 1551 3467 1589; x_wconf 91' lang='grc' dir='ltr'><strong><em>ιι</em></strong></span> <span class='ocrx_word' id='word_1_618' title='bbox 3494 1578 3509 1599; x_wconf 86' lang='lat'><strong><em>,</em></strong></span> <span class='ocrx_word' id='word_1_619' title='bbox 3543 1537 3635 1607; x_wconf 73' lang='lat'><strong><em>20)</em></strong></span> <span class='ocrx_word' id='word_1_620' title='bbox 3662 1579 3676 1599; x_wconf 87' lang='lat'><strong><em>,</em></strong></span> <span class='ocrx_word' id='word_1_621' title='bbox 3706 1540 3827 1608; x_wconf 88' lang='lat' dir='ltr'><strong><em>quia</em></strong></span> 
     </span>
    </p>
   </div>
   <div class='ocr_carea' id='block_1_76' title="bbox 2252 1616 3830 1695">
    <p class='ocr_par' dir='ltr' id='par_1_76' title="bbox 2252 1616 3830 1695">
     <span class='ocr_line' id='line_1_77' title="bbox 2252 1616 3830 1695; baseline 0.009 -26"><span class='ocrx_word' id='word_1_622' title='bbox 2252 1616 2517 1672; x_wconf 89' lang='lat' dir='ltr'><strong><em>modicum</em></strong></span> <span class='ocrx_word' id='word_1_623' title='bbox 2544 1619 2637 1673; x_wconf 87' lang='lat' dir='ltr'><strong><em>tibi</em></strong></span> <span class='ocrx_word' id='word_1_624' title='bbox 2664 1620 2879 1686; x_wconf 86' lang='lat' dir='ltr'><strong><em>dimisit,</em></strong></span> <span class='ocrx_word' id='word_1_625' title='bbox 2910 1622 3106 1676; x_wconf 87' lang='lat' dir='ltr'><strong><em>viventi</em></strong></span> <span class='ocrx_word' id='word_1_626' title='bbox 3127 1622 3374 1679; x_wconf 84' lang='lat' dir='ltr'><strong><em>videlicet</em></strong></span> <span class='ocrx_word' id='word_1_627' title='bbox 3398 1641 3426 1677; x_wconf 88' lang='lat' dir='ltr'><strong><em>a</em></strong></span> <span class='ocrx_word' id='word_1_628' title='bbox 3450 1628 3678 1695; x_wconf 88' lang='lat' dir='ltr'><strong><em>pueritia</em></strong></span> <span class='ocrx_word' id='word_1_629' title='bbox 3706 1630 3830 1683; x_wconf 87' lang='lat' dir='ltr'><strong><em>reli-</em></strong></span> 
     </span>
    </p>
   </div>
   <div class='ocr_carea' id='block_1_77' title="bbox 2251 1706 3825 1787">
    <p class='ocr_par' dir='ltr' id='par_1_77' title="bbox 2251 1706 3825 1787">
     <span class='ocr_line' id='line_1_78' title="bbox 2251 1706 3825 1787; baseline 0.011 -29"><span class='ocrx_word' id='word_1_630' title='bbox 2251 1706 2440 1774; x_wconf 88' lang='lat' dir='ltr'><strong><em>giose,</em></strong></span> <span class='ocrx_word' id='word_1_631' title='bbox 2490 1708 2698 1777; x_wconf 90' lang='lat' dir='ltr'><strong><em>pudice,</em></strong></span> <span class='ocrx_word' id='word_1_632' title='bbox 2747 1710 2829 1780; x_wconf 92' lang='lat' dir='ltr'><strong><em>pia</em></strong></span> <span class='ocrx_word' id='word_1_633' title='bbox 2877 1712 3122 1767; x_wconf 87' lang='lat' dir='ltr'><strong><em>castitate</em></strong></span> <span class='ocrx_word' id='word_1_634' title='bbox 3153 1714 3206 1779; x_wconf 77' lang='grc'><strong><em>⁸,</em></strong></span> <span class='ocrx_word' id='word_1_635' title='bbox 3251 1713 3453 1768; x_wconf 87' lang='lat' dir='ltr'><strong><em>illibata</em></strong></span> <span class='ocrx_word' id='word_1_636' title='bbox 3501 1716 3825 1787; x_wconf 85' lang='lat' dir='ltr'><strong><em>virginitate.</em></strong></span> 
     </span>
    </p>
   </div>
   <div class='ocr_carea' id='block_1_78' title="bbox 2252 1795 3909 1881">
    <p class='ocr_par' dir='ltr' id='par_1_78' title="bbox 2252 1795 3909 1881">
     <span class='ocr_line' id='line_1_79' title="bbox 2252 1795 3909 1881; baseline 0.01 -31"><span class='ocrx_word' id='word_1_637' title='bbox 2252 1795 2410 1862; x_wconf 87' lang='lat' dir='ltr'><strong><em>Quasi</em></strong></span> <span class='ocrx_word' id='word_1_638' title='bbox 2454 1813 2581 1853; x_wconf 91' lang='lat' dir='ltr'><strong><em>vero</em></strong></span> <span class='ocrx_word' id='word_1_639' title='bbox 2619 1815 2724 1854; x_wconf 92' lang='lat' dir='ltr'><strong><em>non</em></strong></span> <span class='ocrx_word' id='word_1_640' title='bbox 2767 1810 2822 1856; x_wconf 90' lang='lat' dir='ltr'><strong><em>tu</em></strong></span> <span class='ocrx_word' id='word_1_641' title='bbox 2862 1803 3028 1857; x_wconf 90' lang='lat' dir='ltr'><strong><em>multo</em></strong></span> <span class='ocrx_word' id='word_1_642' title='bbox 3064 1803 3337 1859; x_wconf 90' lang='lat' dir='ltr'><strong><em>ardentius</em></strong></span> <span class='ocrx_word' id='word_1_643' title='bbox 3378 1805 3600 1878; x_wconf 81' lang='lat' dir='ltr'><strong><em>diligere</em></strong></span> <span class='ocrx_word' id='word_1_644' title='bbox 3628 1810 3829 1866; x_wconf 87' lang='lat' dir='ltr'><strong><em>debeas</em></strong></span> <span class='ocrx_word' id='word_1_645' title='bbox 3905 1877 3909 1881; x_wconf 90' lang='lat'><strong>_</strong></span> 
     </span>
    </p>
   </div>
   <div class='ocr_carea' id='block_1_79' title="bbox 2251 1889 3829 1969">
    <p class='ocr_par' dir='ltr' id='par_1_79' title="bbox 2251 1889 3829 1969">
     <span class='ocr_line' id='line_1_80' title="bbox 2251 1889 3829 1969; baseline 0.009 -28"><span class='ocrx_word' id='word_1_646' title='bbox 2251 1901 2404 1955; x_wconf 90' lang='lat' dir='ltr'><strong><em>eum,</em></strong></span> <span class='ocrx_word' id='word_1_647' title='bbox 2436 1890 2524 1958; x_wconf 92' lang='lat' dir='ltr'><strong><em>qui</em></strong></span> <span class='ocrx_word' id='word_1_648' title='bbox 2551 1889 2823 1960; x_wconf 86' lang='lat' dir='ltr'><strong><em>ﬂagitiosis</em></strong></span> <span class='ocrx_word' id='word_1_649' title='bbox 2851 1892 2918 1947; x_wconf 90' lang='lat' dir='ltr'><strong><em>ad</em></strong></span> <span class='ocrx_word' id='word_1_650' title='bbox 2962 1908 3021 1948; x_wconf 89' lang='lat' dir='ltr'><strong><em>se</em></strong></span> <span class='ocrx_word' id='word_1_651' title='bbox 3049 1895 3323 1950; x_wconf 87' lang='lat' dir='ltr'><strong><em>conversis</em></strong></span> <span class='ocrx_word' id='word_1_652' title='bbox 3359 1912 3707 1969; x_wconf 72' lang='lat' dir='ltr'><strong><em>qua-cumque</em></strong></span> <span class='ocrx_word' id='word_1_653' title='bbox 3743 1900 3829 1955; x_wconf 81' lang='lat' dir='ltr'><strong><em>di-</em></strong></span> 
     </span>
    </p>
   </div>
   <div class='ocr_carea' id='block_1_80' title="bbox 2252 1978 3829 2055">
    <p class='ocr_par' dir='ltr' id='par_1_80' title="bbox 2252 1978 3829 2055">
     <span class='ocr_line' id='line_1_81' title="bbox 2252 1978 3829 2055; baseline 0.01 -24"><span class='ocrx_word' id='word_1_654' title='bbox 2252 1978 2433 2045; x_wconf 91' lang='lat' dir='ltr'><strong><em>misit,</em></strong></span> <span class='ocrx_word' id='word_1_655' title='bbox 2474 1980 2526 2034; x_wconf 93' lang='lat' dir='ltr'><strong><em>in</em></strong></span> <span class='ocrx_word' id='word_1_656' title='bbox 2569 1996 2629 2035; x_wconf 92' lang='lat' dir='ltr'><strong><em>ea</em></strong></span> <span class='ocrx_word' id='word_1_657' title='bbox 2662 1990 2711 2036; x_wconf 87' lang='lat' dir='ltr'><strong><em>le</em></strong></span> <span class='ocrx_word' id='word_1_658' title='bbox 2736 1982 2927 2038; x_wconf 85' lang='lat' dir='ltr'><strong><em>cadere</em></strong></span> <span class='ocrx_word' id='word_1_659' title='bbox 2956 1999 3061 2038; x_wconf 91' lang='lat' dir='ltr'><strong><em>non</em></strong></span> <span class='ocrx_word' id='word_1_660' title='bbox 3101 1986 3379 2055; x_wconf 88' lang='lat' dir='ltr'><strong><em>permisit?</em></strong></span> <span class='ocrx_word' id='word_1_661' title='bbox 3419 1988 3524 2042; x_wconf 82' lang='lat' dir='ltr'><strong><em>Aut</em></strong></span> <span class='ocrx_word' id='word_1_662' title='bbox 3563 2004 3692 2045; x_wconf 88' lang='lat' dir='ltr'><strong><em>vero</em></strong></span> <span class='ocrx_word' id='word_1_663' title='bbox 3737 1991 3829 2048; x_wconf 92' lang='lat' dir='ltr'><strong><em>ille</em></strong></span> 
     </span>
    </p>
   </div>
   <div class='ocr_carea' id='block_1_81' title="bbox 2252 2070 3830 2152">
    <p class='ocr_par' dir='ltr' id='par_1_81' title="bbox 2252 2070 3830 2152">
     <span class='ocr_line' id='line_1_82' title="bbox 2252 2070 3830 2152; baseline 0.009 -29"><span class='ocrx_word' id='word_1_664' title='bbox 2252 2070 2581 2141; x_wconf 84' lang='lat' dir='ltr'><strong><em>pharisaeus,</em></strong></span> <span class='ocrx_word' id='word_1_665' title='bbox 2612 2074 2700 2144; x_wconf 89' lang='lat' dir='ltr'><strong><em>qui</em></strong></span> <span class='ocrx_word' id='word_1_666' title='bbox 2743 2084 3020 2145; x_wconf 89' lang='lat' dir='ltr'><strong><em>propterea</em></strong></span> <span class='ocrx_word' id='word_1_667' title='bbox 3066 2078 3331 2132; x_wconf 90' lang='lat' dir='ltr'><strong><em>modicum</em></strong></span> <span class='ocrx_word' id='word_1_668' title='bbox 3373 2079 3663 2151; x_wconf 88' lang='lat' dir='ltr'><strong><em>diligebat,</em></strong></span> <span class='ocrx_word' id='word_1_669' title='bbox 3706 2083 3830 2152; x_wconf 88' lang='lat' dir='ltr'><strong><em>quia</em></strong></span> 
     </span>
    </p>
   </div>
   <div class='ocr_carea' id='block_1_82' title="bbox 2252 2160 3823 2243">
    <p class='ocr_par' dir='ltr' id='par_1_82' title="bbox 2252 2160 3823 2243">
     <span class='ocr_line' id='line_1_83' title="bbox 2252 2160 3823 2243; baseline 0.008 -30"><span class='ocrx_word' id='word_1_670' title='bbox 2252 2160 2519 2215; x_wconf 87' lang='lat' dir='ltr'><strong><em>modicum</em></strong></span> <span class='ocrx_word' id='word_1_671' title='bbox 2557 2163 2657 2217; x_wconf 92' lang='lat' dir='ltr'><strong><em>sibi</em></strong></span> <span class='ocrx_word' id='word_1_672' title='bbox 2684 2163 2876 2219; x_wconf 91' lang='lat' dir='ltr'><strong><em>dimitti</em></strong></span> <span class='ocrx_word' id='word_1_673' title='bbox 2906 2166 3241 2222; x_wconf 84' lang='lat' dir='ltr'><strong><em>existimabat</em></strong></span> <span class='ocrx_word' id='word_1_674' title='bbox 3283 2167 3429 2240; x_wconf 89' lang='lat' dir='ltr'><strong><em>(Luc.</em></strong></span> <span class='ocrx_word' id='word_1_675' title='bbox 3458 2186 3529 2223; x_wconf 88' lang='lat' dir='ltr'><strong><em>vn</em></strong></span> <span class='ocrx_word' id='word_1_676' title='bbox 3552 2212 3567 2236; x_wconf 89' lang='lat'><strong><em>,</em></strong></span> <span class='ocrx_word' id='word_1_677' title='bbox 3595 2170 3785 2243; x_wconf 72' lang='lat'><strong><em>56-47)</em></strong></span> <span class='ocrx_word' id='word_1_678' title='bbox 3808 2215 3823 2237; x_wconf 93' lang='lat'><strong><em>,</em></strong></span> 
     </span>
    </p>
   </div>
   <div class='ocr_carea' id='block_1_83' title="bbox 2252 2251 3829 2332">
    <p class='ocr_par' dir='ltr' id='par_1_83' title="bbox 2252 2251 3829 2332">
     <span class='ocr_line' id='line_1_84' title="bbox 2252 2251 3829 2332; baseline 0.008 -25"><span class='ocrx_word' id='word_1_679' title='bbox 2252 2251 2322 2307; x_wconf 90' lang='lat' dir='ltr'><strong><em>ob</em></strong></span> <span class='ocrx_word' id='word_1_680' title='bbox 2346 2252 2487 2307; x_wconf 90' lang='lat' dir='ltr'><strong><em>aliud</em></strong></span> <span class='ocrx_word' id='word_1_681' title='bbox 2516 2253 2615 2308; x_wconf 90' lang='lat' dir='ltr'><strong><em>hoc</em></strong></span> <span class='ocrx_word' id='word_1_682' title='bbox 2642 2271 2822 2310; x_wconf 89' lang='lat' dir='ltr'><strong><em>errore</em></strong></span> <span class='ocrx_word' id='word_1_683' title='bbox 2846 2258 3165 2325; x_wconf 83' lang='lat' dir='ltr'><strong><em>caecabatur,</em></strong></span> <span class='ocrx_word' id='word_1_684' title='bbox 3195 2259 3295 2314; x_wconf 91' lang='lat' dir='ltr'><strong><em>nisi</em></strong></span> <span class='ocrx_word' id='word_1_685' title='bbox 3316 2262 3437 2331; x_wconf 90' lang='lat' dir='ltr'><strong><em>quia</em></strong></span> <span class='ocrx_word' id='word_1_686' title='bbox 3464 2262 3714 2332; x_wconf 89' lang='lat' dir='ltr'><strong><em>ignorans</em></strong></span> <span class='ocrx_word' id='word_1_687' title='bbox 3735 2266 3829 2321; x_wconf 91' lang='lat' dir='ltr'><strong><em>Dei</em></strong></span> 
     </span>
    </p>
   </div>
   <div class='ocr_carea' id='block_1_84' title="bbox 2246 2340 3830 2423">
    <p class='ocr_par' dir='ltr' id='par_1_84' title="bbox 2246 2340 3830 2423">
     <span class='ocr_line' id='line_1_85' title="bbox 2246 2340 3830 2423; baseline 0.011 -29"><span class='ocrx_word' id='word_1_688' title='bbox 2246 2340 2529 2412; x_wconf 89' lang='lat' dir='ltr'><strong><em>justitiam,</em></strong></span> <span class='ocrx_word' id='word_1_689' title='bbox 2556 2354 2611 2399; x_wconf 86' lang='lat' dir='ltr'><strong><em>et</em></strong></span> <span class='ocrx_word' id='word_1_690' title='bbox 2638 2361 2787 2401; x_wconf 90' lang='lat' dir='ltr'><strong><em>suam</em></strong></span> <span class='ocrx_word' id='word_1_691' title='bbox 2816 2365 3062 2419; x_wconf 83' lang='lat' dir='ltr'><strong><em>quaerens</em></strong></span> <span class='ocrx_word' id='word_1_692' title='bbox 3096 2352 3418 2408; x_wconf 89' lang='lat' dir='ltr'><strong><em>constituere</em></strong></span> <span class='ocrx_word' id='word_1_693' title='bbox 3437 2395 3451 2420; x_wconf 94' lang='lat'><strong><em>,</em></strong></span> <span class='ocrx_word' id='word_1_694' title='bbox 3475 2354 3697 2423; x_wconf 68' lang='lat' dir='ltr'><strong><em>justitize</em></strong></span> <span class='ocrx_word' id='word_1_695' title='bbox 3729 2357 3830 2414; x_wconf 86' lang='lat' dir='ltr'><strong><em>Dei</em></strong></span> 
     </span>
    </p>
   </div>
   <div class='ocr_carea' id='block_1_85' title="bbox 2250 2432 3832 2518">
    <p class='ocr_par' dir='ltr' id='par_1_85' title="bbox 2250 2432 3832 2518">
     <span class='ocr_line' id='line_1_86' title="bbox 2250 2432 3832 2518; baseline 0.012 -32"><span class='ocrx_word' id='word_1_696' title='bbox 2250 2432 2521 2503; x_wconf 90' lang='lat' dir='ltr'><strong><em>subjectus</em></strong></span> <span class='ocrx_word' id='word_1_697' title='bbox 2551 2452 2655 2491; x_wconf 90' lang='lat' dir='ltr'><strong><em>non</em></strong></span> <span class='ocrx_word' id='word_1_698' title='bbox 2685 2448 2798 2493; x_wconf 91' lang='lat' dir='ltr'><strong><em>erat</em></strong></span> <span class='ocrx_word' id='word_1_699' title='bbox 2826 2439 3000 2513; x_wconf 85' lang='lat' dir='ltr'><strong><em>(Rom.</em></strong></span> <span class='ocrx_word' id='word_1_700' title='bbox 3043 2456 3079 2495; x_wconf 90' lang='lat' dir='ltr'><strong><em>x</em></strong></span> <span class='ocrx_word' id='word_1_701' title='bbox 3105 2482 3120 2509; x_wconf 95' lang='lat'><strong><em>,</em></strong></span> <span class='ocrx_word' id='word_1_702' title='bbox 3163 2442 3264 2512; x_wconf 77' lang='lat'><strong><em>3)?</em></strong></span> <span class='ocrx_word' id='word_1_703' title='bbox 3305 2443 3414 2499; x_wconf 83' lang='lat' dir='ltr'><strong><em>Vos</em></strong></span> <span class='ocrx_word' id='word_1_704' title='bbox 3442 2454 3619 2501; x_wconf 88' lang='lat' dir='ltr'><strong><em>autem</em></strong></span> <span class='ocrx_word' id='word_1_705' title='bbox 3661 2464 3832 2518; x_wconf 86' lang='lat' dir='ltr'><strong><em>genus</em></strong></span> 
     </span>
    </p>
   </div>
   <div class='ocr_carea' id='block_1_86' title="bbox 2251 2524 3833 2611">
    <p class='ocr_par' dir='ltr' id='par_1_86' title="bbox 2251 2524 3833 2611">
     <span class='ocr_line' id='line_1_87' title="bbox 2251 2524 3833 2611; baseline 0.012 -32"><span class='ocrx_word' id='word_1_706' title='bbox 2251 2524 2502 2591; x_wconf 88' lang='lat' dir='ltr'><strong><em>electum,</em></strong></span> <span class='ocrx_word' id='word_1_707' title='bbox 2531 2538 2583 2583; x_wconf 92' lang='lat' dir='ltr'><strong><em>et</em></strong></span> <span class='ocrx_word' id='word_1_708' title='bbox 2612 2530 2667 2584; x_wconf 92' lang='lat' dir='ltr'><strong><em>in</em></strong></span> <span class='ocrx_word' id='word_1_709' title='bbox 2688 2531 2875 2588; x_wconf 89' lang='lat' dir='ltr'><strong><em>electis</em></strong></span> <span class='ocrx_word' id='word_1_710' title='bbox 2899 2534 3137 2599; x_wconf 90' lang='lat' dir='ltr'><strong><em>electius,</em></strong></span> <span class='ocrx_word' id='word_1_711' title='bbox 3168 2536 3386 2605; x_wconf 88' lang='lat' dir='ltr'><strong><em>virginei</em></strong></span> <span class='ocrx_word' id='word_1_712' title='bbox 3413 2537 3563 2592; x_wconf 89' lang='lat' dir='ltr'><strong><em>chori</em></strong></span> <span class='ocrx_word' id='word_1_713' title='bbox 3600 2555 3833 2611; x_wconf 78' lang='lat' dir='ltr'><strong><em>sequen-</em></strong></span> 
     </span>
    </p>
   </div>
   <div class='ocr_carea' id='block_1_87' title="bbox 2253 2618 3833 2702">
    <p class='ocr_par' dir='ltr' id='par_1_87' title="bbox 2253 2618 3833 2702">
     <span class='ocr_line' id='line_1_88' title="bbox 2253 2618 3833 2702; baseline 0.012 -31"><span class='ocrx_word' id='word_1_714' title='bbox 2253 2624 2333 2671; x_wconf 88' lang='lat' dir='ltr'><strong><em>tes</em></strong></span> <span class='ocrx_word' id='word_1_715' title='bbox 2359 2618 2589 2689; x_wconf 87' lang='lat' dir='ltr'><strong><em>Agnum,</em></strong></span> <span class='ocrx_word' id='word_1_716' title='bbox 2616 2623 2774 2678; x_wconf 90' lang='lat' dir='ltr'><strong><em>etiam</em></strong></span> <span class='ocrx_word' id='word_1_717' title='bbox 2802 2638 2895 2679; x_wconf 90' lang='lat' dir='ltr'><strong><em>vos</em></strong></span> <span class='ocrx_word' id='word_1_718' title='bbox 2914 2626 3078 2696; x_wconf 88' lang='lat' dir='ltr'><strong><em>gratia</em></strong></span> <span class='ocrx_word' id='word_1_719' title='bbox 3099 2628 3226 2681; x_wconf 84' lang='lat' dir='ltr'><strong><em>salvi</em></strong></span> <span class='ocrx_word' id='word_1_720' title='bbox 3243 2629 3366 2697; x_wconf 85' lang='lat' dir='ltr'><strong><em>[acti</em></strong></span> <span class='ocrx_word' id='word_1_721' title='bbox 3384 2632 3503 2685; x_wconf 89' lang='lat' dir='ltr'><strong><em>estis</em></strong></span> <span class='ocrx_word' id='word_1_722' title='bbox 3522 2648 3611 2702; x_wconf 92' lang='lat' dir='ltr'><strong><em>per</em></strong></span> <span class='ocrx_word' id='word_1_723' title='bbox 3630 2633 3785 2702; x_wconf 82' lang='lat' dir='ltr'><strong><em>[idem</em></strong></span> <span class='ocrx_word' id='word_1_724' title='bbox 3811 2652 3833 2691; x_wconf 89' lang='lat'><strong><em>:</em></strong></span> 
     </span>
    </p>
   </div>
   <div class='ocr_carea' id='block_1_88' title="bbox 2252 2711 3831 2798">
    <p class='ocr_par' dir='ltr' id='par_1_88' title="bbox 2252 2711 3831 2798">
     <span class='ocr_line' id='line_1_89' title="bbox 2252 2711 3831 2798; baseline 0.01 -32"><span class='ocrx_word' id='word_1_725' title='bbox 2252 2721 2299 2766; x_wconf 85' lang='lat' dir='ltr'><strong><em>et</em></strong></span> <span class='ocrx_word' id='word_1_726' title='bbox 2328 2711 2423 2766; x_wconf 86' lang='lat' dir='ltr'><strong><em>hoc</em></strong></span> <span class='ocrx_word' id='word_1_727' title='bbox 2451 2729 2552 2767; x_wconf 90' lang='lat' dir='ltr'><strong><em>non</em></strong></span> <span class='ocrx_word' id='word_1_728' title='bbox 2577 2730 2641 2769; x_wconf 74' lang='lat' dir='ltr'><strong><em>ea:</em></strong></span> <span class='ocrx_word' id='word_1_729' title='bbox 2662 2715 2817 2783; x_wconf 69' lang='lat' dir='ltr'><strong><em>vobis,</em></strong></span> <span class='ocrx_word' id='word_1_730' title='bbox 2856 2718 2946 2770; x_wconf 88' lang='lat' dir='ltr'><strong><em>sed</em></strong></span> <span class='ocrx_word' id='word_1_731' title='bbox 2973 2718 3066 2772; x_wconf 91' lang='lat' dir='ltr'><strong><em>Dei</em></strong></span> <span class='ocrx_word' id='word_1_732' title='bbox 3093 2719 3279 2774; x_wconf 89' lang='lat' dir='ltr'><strong><em>donum</em></strong></span> <span class='ocrx_word' id='word_1_733' title='bbox 3304 2730 3411 2787; x_wconf 86' lang='lat' dir='ltr'><strong><em>est;</em></strong></span> <span class='ocrx_word' id='word_1_734' title='bbox 3440 2740 3540 2777; x_wconf 90' lang='lat' dir='ltr'><strong><em>non</em></strong></span> <span class='ocrx_word' id='word_1_735' title='bbox 3569 2742 3631 2779; x_wconf 75' lang='lat' dir='ltr'><strong><em>ea:</em></strong></span> <span class='ocrx_word' id='word_1_736' title='bbox 3659 2729 3831 2798; x_wconf 84' lang='lat' dir='ltr'><strong><em>operi-</em></strong></span> 
     </span>
    </p>
   </div>
   <div class='ocr_carea' id='block_1_89' title="bbox 2251 2799 3833 2886">
    <p class='ocr_par' dir='ltr' id='par_1_89' title="bbox 2251 2799 3833 2886">
     <span class='ocr_line' id='line_1_90' title="bbox 2251 2799 3833 2886; baseline 0.012 -32"><span class='ocrx_word' id='word_1_737' title='bbox 2251 2799 2364 2868; x_wconf 85' lang='lat' dir='ltr'><strong><em>bus,</em></strong></span> <span class='ocrx_word' id='word_1_738' title='bbox 2394 2819 2456 2856; x_wconf 91' lang='lat' dir='ltr'><strong><em>ne</em></strong></span> <span class='ocrx_word' id='word_1_739' title='bbox 2475 2805 2603 2874; x_wconf 77' lang='lat' dir='ltr'><strong><em>forte</em></strong></span> <span class='ocrx_word' id='word_1_740' title='bbox 2621 2805 2731 2873; x_wconf 90' lang='lat' dir='ltr'><strong><em>quis</em></strong></span> <span class='ocrx_word' id='word_1_741' title='bbox 2750 2807 3037 2861; x_wconf 75' lang='lat' dir='ltr'><strong><em>extollatur.</em></strong></span> <span class='ocrx_word' id='word_1_742' title='bbox 3071 2808 3238 2880; x_wconf 86' lang='lat' dir='ltr'><strong><em>Ipsius</em></strong></span> <span class='ocrx_word' id='word_1_743' title='bbox 3265 2812 3396 2865; x_wconf 90' lang='lat' dir='ltr'><strong><em>enim</em></strong></span> <span class='ocrx_word' id='word_1_744' title='bbox 3422 2828 3598 2868; x_wconf 89' lang='lat' dir='ltr'><strong><em>sumus</em></strong></span> <span class='ocrx_word' id='word_1_745' title='bbox 3617 2815 3833 2886; x_wconf 77' lang='lat' dir='ltr'><strong><em>ﬁgmen-</em></strong></span> 
     </span>
    </p>
   </div>
   <div class='ocr_carea' id='block_1_90' title="bbox 2252 2894 3833 2977">
    <p class='ocr_par' dir='ltr' id='par_1_90' title="bbox 2252 2894 3833 2977">
     <span class='ocr_line' id='line_1_91' title="bbox 2252 2894 3833 2977; baseline 0.011 -32"><span class='ocrx_word' id='word_1_746' title='bbox 2252 2901 2378 2960; x_wconf 87' lang='lat' dir='ltr'><strong><em>tum,</em></strong></span> <span class='ocrx_word' id='word_1_747' title='bbox 2407 2895 2561 2947; x_wconf 90' lang='lat' dir='ltr'><strong><em>creati</em></strong></span> <span class='ocrx_word' id='word_1_748' title='bbox 2585 2895 2636 2949; x_wconf 90' lang='lat' dir='ltr'><strong><em>in</em></strong></span> <span class='ocrx_word' id='word_1_749' title='bbox 2660 2894 2860 2951; x_wconf 83' lang='lat' dir='ltr'><strong><em>Christo</em></strong></span> <span class='ocrx_word' id='word_1_750' title='bbox 2886 2896 3011 2952; x_wconf 82' lang='lat' dir='ltr'><strong><em>Jesu</em></strong></span> <span class='ocrx_word' id='word_1_751' title='bbox 3038 2899 3090 2953; x_wconf 89' lang='lat' dir='ltr'><strong><em>in</em></strong></span> <span class='ocrx_word' id='word_1_752' title='bbox 3114 2901 3345 2971; x_wconf 85' lang='lat' dir='ltr'><strong><em>operibus</em></strong></span> <span class='ocrx_word' id='word_1_753' title='bbox 3369 2902 3529 2971; x_wconf 88' lang='lat' dir='ltr'><strong><em>bonis,</em></strong></span> <span class='ocrx_word' id='word_1_754' title='bbox 3558 2922 3674 2974; x_wconf 64' lang='lat' dir='ltr'><strong><em>quae</em></strong></span> <span class='ocrx_word' id='word_1_755' title='bbox 3699 2924 3833 2977; x_wconf 77' lang='lat' dir='ltr'><strong><em>pra:-</em></strong></span> 
     </span>
    </p>
   </div>
   <div class='ocr_carea' id='block_1_91' title="bbox 2254 2984 3829 3073">
    <p class='ocr_par' dir='ltr' id='par_1_91' title="bbox 2254 2984 3829 3073">
     <span class='ocr_line' id='line_1_92' title="bbox 2254 2984 3829 3073; baseline 0.013 -38"><span class='ocrx_word' id='word_1_756' title='bbox 2254 2984 2448 3054; x_wconf 77' lang='lat' dir='ltr'><strong><em>paraeit</em></strong></span> <span class='ocrx_word' id='word_1_757' title='bbox 2485 2984 2622 3039; x_wconf 89' lang='lat' dir='ltr'><strong><em>Deus</em></strong></span> <span class='ocrx_word' id='word_1_758' title='bbox 2659 2996 2715 3041; x_wconf 90' lang='lat' dir='ltr'><strong><em>ut</em></strong></span> <span class='ocrx_word' id='word_1_759' title='bbox 2751 2989 2803 3041; x_wconf 88' lang='lat' dir='ltr'><strong><em>in</em></strong></span> <span class='ocrx_word' id='word_1_760' title='bbox 2834 2989 2937 3044; x_wconf 88' lang='lat' dir='ltr'><strong><em>illis</em></strong></span> <span class='ocrx_word' id='word_1_761' title='bbox 2963 2991 3273 3047; x_wconf 85' lang='lat' dir='ltr'><strong><em>ambulemus</em></strong></span> <span class='ocrx_word' id='word_1_762' title='bbox 3301 2992 3519 3064; x_wconf 78' lang='lat' dir='ltr'><strong><em>(Ep/tes.</em></strong></span> <span class='ocrx_word' id='word_1_763' title='bbox 3544 3012 3614 3062; x_wconf 89' lang='lat' dir='ltr'><strong><em>tt,</em></strong></span> <span class='ocrx_word' id='word_1_764' title='bbox 3652 2997 3829 3073; x_wconf 88' lang='grc'><strong><em>8-10).</em></strong></span> 
     </span>
    </p>
   </div>
   <div class='ocr_carea' id='block_1_92' title="bbox 2254 3073 3833 3157">
    <p class='ocr_par' dir='ltr' id='par_1_92' title="bbox 2254 3073 3833 3157">
     <span class='ocr_line' id='line_1_93' title="bbox 2254 3073 3833 3157; baseline 0.012 -30"><span class='ocrx_word' id='word_1_765' title='bbox 2254 3073 2466 3145; x_wconf 84' lang='lat' dir='ltr'><strong><em>Ergone</em></strong></span> <span class='ocrx_word' id='word_1_766' title='bbox 2491 3075 2633 3132; x_wconf 90' lang='lat' dir='ltr'><strong><em>hunc</em></strong></span> <span class='ocrx_word' id='word_1_767' title='bbox 2656 3090 2854 3148; x_wconf 90' lang='lat' dir='ltr'><strong><em>quanto</em></strong></span> <span class='ocrx_word' id='word_1_768' title='bbox 2874 3080 2987 3151; x_wconf 85' lang='lat' dir='ltr'><strong><em>ejus</em></strong></span> <span class='ocrx_word' id='word_1_769' title='bbox 3010 3082 3163 3137; x_wconf 91' lang='lat' dir='ltr'><strong><em>donis</em></strong></span> <span class='ocrx_word' id='word_1_770' title='bbox 3184 3086 3481 3142; x_wconf 86' lang='lat' dir='ltr'><strong><em>ornatiores</em></strong></span> <span class='ocrx_word' id='word_1_771' title='bbox 3506 3089 3657 3157; x_wconf 90' lang='lat' dir='ltr'><strong><em>estis,</em></strong></span> <span class='ocrx_word' id='word_1_772' title='bbox 3684 3099 3833 3147; x_wconf 90' lang='lat' dir='ltr'><strong><em>tanto</em></strong></span> 
     </span>
    </p>
   </div>
   <div class='ocr_carea' id='block_1_93' title="bbox 2254 3167 3832 3251">
    <p class='ocr_par' dir='ltr' id='par_1_93' title="bbox 2254 3167 3832 3251">
     <span class='ocr_line' id='line_1_94' title="bbox 2254 3167 3832 3251; baseline 0.012 -31"><span class='ocrx_word' id='word_1_773' title='bbox 2254 3167 2429 3223; x_wconf 91' lang='lat' dir='ltr'><strong><em>minus</em></strong></span> <span class='ocrx_word' id='word_1_774' title='bbox 2455 3170 2741 3226; x_wconf 88' lang='lat' dir='ltr'><strong><em>amabitis?</em></strong></span> <span class='ocrx_word' id='word_1_775' title='bbox 2771 3174 3036 3229; x_wconf 86' lang='lat' dir='ltr'><strong><em>Averterit</em></strong></span> <span class='ocrx_word' id='word_1_776' title='bbox 3080 3186 3185 3230; x_wconf 89' lang='lat' dir='ltr'><strong><em>tam</em></strong></span> <span class='ocrx_word' id='word_1_777' title='bbox 3226 3175 3543 3233; x_wconf 89' lang='lat' dir='ltr'><strong><em>horrendam</em></strong></span> <span class='ocrx_word' id='word_1_778' title='bbox 3576 3181 3690 3251; x_wconf 84' lang='lat' dir='ltr'><strong><em>ipse</em></strong></span> <span class='ocrx_word' id='word_1_779' title='bbox 3732 3182 3832 3239; x_wconf 84' lang='lat' dir='ltr'><strong><em>de-</em></strong></span> 
     </span>
    </p>
   </div>
   <div class='ocr_carea' id='block_1_94' title="bbox 2253 3260 3829 3343">
    <p class='ocr_par' dir='ltr' id='par_1_94' title="bbox 2253 3260 3829 3343">
     <span class='ocr_line' id='line_1_95' title="bbox 2253 3260 3829 3343; baseline 0.01 -30"><span class='ocrx_word' id='word_1_780' title='bbox 2253 3260 2539 3316; x_wconf 74' lang='lat' dir='ltr'><strong><em>mentium!</em></strong></span> <span class='ocrx_word' id='word_1_781' title='bbox 2592 3260 2822 3318; x_wconf 87' lang='lat' dir='ltr'><strong><em>Proinde</em></strong></span> <span class='ocrx_word' id='word_1_782' title='bbox 2870 3266 3119 3335; x_wconf 91' lang='lat' dir='ltr'><strong><em>quoniam</em></strong></span> <span class='ocrx_word' id='word_1_783' title='bbox 3167 3283 3352 3323; x_wconf 90' lang='lat' dir='ltr'><strong><em>verum</em></strong></span> <span class='ocrx_word' id='word_1_784' title='bbox 3399 3270 3608 3326; x_wconf 80' lang='lat' dir='ltr'><strong><em>Veritas</em></strong></span> <span class='ocrx_word' id='word_1_785' title='bbox 3654 3273 3829 3343; x_wconf 86' lang='lat' dir='ltr'><strong><em>dixit,</em></strong></span> 
     </span>
    </p>
   </div>
   <div class='ocr_carea' id='block_1_95' title="bbox 2253 3352 3829 3437">
    <p class='ocr_par' dir='ltr' id='par_1_95' title="bbox 2253 3352 3829 3437">
     <span class='ocr_line' id='line_1_96' title="bbox 2253 3352 3829 3437; baseline 0.01 -31"><span class='ocrx_word' id='word_1_786' title='bbox 2253 3352 2393 3423; x_wconf 90' lang='lat' dir='ltr'><strong><em>quod</em></strong></span> <span class='ocrx_word' id='word_1_787' title='bbox 2424 3354 2511 3409; x_wconf 89' lang='lat' dir='ltr'><strong><em>ille</em></strong></span> <span class='ocrx_word' id='word_1_788' title='bbox 2554 3354 2639 3410; x_wconf 90' lang='lat' dir='ltr'><strong><em>cui</em></strong></span> <span class='ocrx_word' id='word_1_789' title='bbox 2675 3357 2941 3414; x_wconf 90' lang='lat' dir='ltr'><strong><em>modicum</em></strong></span> <span class='ocrx_word' id='word_1_790' title='bbox 2972 3359 3252 3414; x_wconf 90' lang='lat' dir='ltr'><strong><em>dimittitur</em></strong></span> <span class='ocrx_word' id='word_1_791' title='bbox 3276 3402 3290 3426; x_wconf 95' lang='lat'><strong><em>,</em></strong></span> <span class='ocrx_word' id='word_1_792' title='bbox 3322 3362 3587 3417; x_wconf 89' lang='lat' dir='ltr'><strong><em>modicum</em></strong></span> <span class='ocrx_word' id='word_1_793' title='bbox 3614 3364 3829 3437; x_wconf 89' lang='lat' dir='ltr'><strong><em>diligit;</em></strong></span> 
     </span>
    </p>
   </div>
   <div class='ocr_carea' id='block_1_96' title="bbox 2252 3446 3833 3528">
    <p class='ocr_par' dir='ltr' id='par_1_96' title="bbox 2252 3446 3833 3528">
     <span class='ocr_line' id='line_1_97' title="bbox 2252 3446 3833 3528; baseline 0.011 -31"><span class='ocrx_word' id='word_1_794' title='bbox 2252 3458 2349 3499; x_wconf 91' lang='lat' dir='ltr'><strong><em>vos</em></strong></span> <span class='ocrx_word' id='word_1_795' title='bbox 2387 3454 2444 3498; x_wconf 90' lang='lat' dir='ltr'><strong><em>ut</em></strong></span> <span class='ocrx_word' id='word_1_796' title='bbox 2468 3446 2838 3503; x_wconf 82' lang='lat' dir='ltr'><strong><em>ardentissime</em></strong></span> <span class='ocrx_word' id='word_1_797' title='bbox 2868 3448 3100 3519; x_wconf 83' lang='lat' dir='ltr'><strong><em>diligatis</em></strong></span> <span class='ocrx_word' id='word_1_798' title='bbox 3122 3493 3136 3516; x_wconf 93' lang='lat'><strong><em>,</em></strong></span> <span class='ocrx_word' id='word_1_799' title='bbox 3168 3452 3251 3506; x_wconf 93' lang='lat' dir='ltr'><strong><em>cui</em></strong></span> <span class='ocrx_word' id='word_1_800' title='bbox 3286 3452 3554 3523; x_wconf 89' lang='lat' dir='ltr'><strong><em>diligendo</em></strong></span> <span class='ocrx_word' id='word_1_801' title='bbox 3583 3472 3613 3511; x_wconf 90' lang='lat' dir='ltr'><strong><em>a</em></strong></span> <span class='ocrx_word' id='word_1_802' title='bbox 3644 3458 3833 3528; x_wconf 84' lang='lat' dir='ltr'><strong><em>conju-</em></strong></span> 
     </span>
    </p>
   </div>
   <div class='ocr_carea' id='block_1_97' title="bbox 2252 3535 3832 3618">
    <p class='ocr_par' dir='ltr' id='par_1_97' title="bbox 2252 3535 3832 3618">
     <span class='ocr_line' id='line_1_98' title="bbox 2252 3535 3832 3618; baseline 0.01 -30"><span class='ocrx_word' id='word_1_803' title='bbox 2252 3535 2457 3605; x_wconf 89' lang='lat' dir='ltr'><strong><em>giorum</em></strong></span> <span class='ocrx_word' id='word_1_804' title='bbox 2480 3537 2703 3592; x_wconf 89' lang='lat' dir='ltr'><strong><em>nexibus</em></strong></span> <span class='ocrx_word' id='word_1_805' title='bbox 2720 3539 2873 3595; x_wconf 88' lang='lat' dir='ltr'><strong><em>liberi</em></strong></span> <span class='ocrx_word' id='word_1_806' title='bbox 2893 3542 3110 3605; x_wconf 89' lang='lat' dir='ltr'><strong><em>vacatis,</em></strong></span> <span class='ocrx_word' id='word_1_807' title='bbox 3134 3540 3384 3611; x_wconf 75' lang='lat' dir='ltr'><strong><em>deputata</em></strong></span> <span class='ocrx_word' id='word_1_808' title='bbox 3410 3545 3558 3599; x_wconf 88' lang='lat' dir='ltr'><strong><em>vobis</em></strong></span> <span class='ocrx_word' id='word_1_809' title='bbox 3583 3558 3832 3618; x_wconf 85' lang='lat' dir='ltr'><strong><em>tanquam</em></strong></span> 
     </span>
    </p>
   </div>
   <div class='ocr_carea' id='block_1_98' title="bbox 2254 3628 3834 3702">
    <p class='ocr_par' dir='ltr' id='par_1_98' title="bbox 2254 3628 3834 3702">
     <span class='ocr_line' id='line_1_99' title="bbox 2254 3628 3834 3702; baseline 0.009 -21"><span class='ocrx_word' id='word_1_810' title='bbox 2254 3628 2472 3682; x_wconf 85' lang='lat' dir='ltr'><strong><em>omnino</em></strong></span> <span class='ocrx_word' id='word_1_811' title='bbox 2498 3629 2796 3696; x_wconf 88' lang='lat' dir='ltr'><strong><em>dimissum,</em></strong></span> <span class='ocrx_word' id='word_1_812' title='bbox 2826 3632 3081 3702; x_wconf 86' lang='lat' dir='ltr'><strong><em>quidquid</em></strong></span> <span class='ocrx_word' id='word_1_813' title='bbox 3110 3634 3232 3688; x_wconf 89' lang='lat' dir='ltr'><strong><em>mali</em></strong></span> <span class='ocrx_word' id='word_1_814' title='bbox 3267 3650 3296 3689; x_wconf 93' lang='lat' dir='ltr'><strong><em>a</em></strong></span> <span class='ocrx_word' id='word_1_815' title='bbox 3323 3636 3471 3691; x_wconf 88' lang='lat' dir='ltr'><strong><em>vobis</em></strong></span> <span class='ocrx_word' id='word_1_816' title='bbox 3499 3653 3606 3693; x_wconf 90' lang='lat' dir='ltr'><strong><em>non</em></strong></span> <span class='ocrx_word' id='word_1_817' title='bbox 3630 3651 3714 3694; x_wconf 89' lang='lat' dir='ltr'><strong><em>est</em></strong></span> <span class='ocrx_word' id='word_1_818' title='bbox 3742 3641 3834 3696; x_wconf 92' lang='lat' dir='ltr'><strong><em>illo</em></strong></span> 
     </span>
    </p>
   </div>
   <div class='ocr_carea' id='block_1_99' title="bbox 2254 3722 3833 3799">
    <p class='ocr_par' dir='ltr' id='par_1_99' title="bbox 2254 3722 3833 3799">
     <span class='ocr_line' id='line_1_100' title="bbox 2254 3722 3833 3799; baseline 0.008 -25"><span class='ocrx_word' id='word_1_819' title='bbox 2254 3730 2470 3790; x_wconf 88' lang='lat' dir='ltr'><strong><em>regente</em></strong></span> <span class='ocrx_word' id='word_1_820' title='bbox 2495 3722 2856 3777; x_wconf 88' lang='lat' dir='ltr'><strong><em>commissum.</em></strong></span> <span class='ocrx_word' id='word_1_821' title='bbox 2893 3723 3041 3778; x_wconf 85' lang='lat' dir='ltr'><strong><em>Oculi</em></strong></span> <span class='ocrx_word' id='word_1_822' title='bbox 3064 3726 3204 3779; x_wconf 92' lang='lat' dir='ltr'><strong><em>enim</em></strong></span> <span class='ocrx_word' id='word_1_823' title='bbox 3232 3729 3379 3781; x_wconf 86' lang='lat' dir='ltr'><strong><em>vestri</em></strong></span> <span class='ocrx_word' id='word_1_824' title='bbox 3404 3746 3599 3799; x_wconf 87' lang='lat' dir='ltr'><strong><em>semper</em></strong></span> <span class='ocrx_word' id='word_1_825' title='bbox 3622 3734 3691 3785; x_wconf 88' lang='lat' dir='ltr'><strong><em>ad</em></strong></span> <span class='ocrx_word' id='word_1_826' title='bbox 3720 3730 3833 3786; x_wconf 84' lang='lat' dir='ltr'><strong><em>Do-</em></strong></span> 
     </span>
    </p>
   </div>
   <div class='ocr_carea' id='block_1_100' title="bbox 2254 3812 3834 3891">
    <p class='ocr_par' dir='ltr' id='par_1_100' title="bbox 2254 3812 3834 3891">
     <span class='ocr_line' id='line_1_101' title="bbox 2254 3812 3834 3891; baseline 0.008 -25"><span class='ocrx_word' id='word_1_827' title='bbox 2254 3812 2467 3880; x_wconf 88' lang='lat' dir='ltr'><strong><em>minum,</em></strong></span> <span class='ocrx_word' id='word_1_828' title='bbox 2511 3815 2747 3883; x_wconf 90' lang='lat' dir='ltr'><strong><em>quoniam</em></strong></span> <span class='ocrx_word' id='word_1_829' title='bbox 2790 3816 2898 3887; x_wconf 90' lang='lat' dir='ltr'><strong><em>ipse</em></strong></span> <span class='ocrx_word' id='word_1_830' title='bbox 2934 3817 3106 3871; x_wconf 87' lang='lat' dir='ltr'><strong><em>evellet</em></strong></span> <span class='ocrx_word' id='word_1_831' title='bbox 3144 3818 3207 3872; x_wconf 89' lang='lat' dir='ltr'><strong><em>de</em></strong></span> <span class='ocrx_word' id='word_1_832' title='bbox 3250 3820 3427 3889; x_wconf 89' lang='lat' dir='ltr'><strong><em>laqueo</em></strong></span> <span class='ocrx_word' id='word_1_833' title='bbox 3469 3822 3617 3891; x_wconf 86' lang='lat' dir='ltr'><strong><em>pedes</em></strong></span> <span class='ocrx_word' id='word_1_834' title='bbox 3644 3833 3834 3879; x_wconf 84' lang='lat' dir='ltr'><strong><em>vestros</em></strong></span> 
     </span>
    </p>
   </div>
   <div class='ocr_carea' id='block_1_101' title="bbox 2260 3903 3835 3978">
    <p class='ocr_par' dir='ltr' id='par_1_101' title="bbox 2260 3903 3835 3978">
     <span class='ocr_line' id='line_1_102' title="bbox 2260 3903 3835 3978; baseline 0.008 -21"><span class='ocrx_word' id='word_1_835' title='bbox 2260 3903 2427 3977; x_wconf 88' lang='lat' dir='ltr'><strong><em>(Psal.</em></strong></span> <span class='ocrx_word' id='word_1_836' title='bbox 2451 3921 2605 3973; x_wconf 77' lang='lat' dir='ltr'><strong><em>xxiv,</em></strong></span> <span class='ocrx_word' id='word_1_837' title='bbox 2635 3907 2722 3978; x_wconf 83' lang='grc'>15)</span> <span class='ocrx_word' id='word_1_838' title='bbox 2756 3924 2771 3961; x_wconf 92' lang='lat'><strong>:</strong></span> <span class='ocrx_word' id='word_1_839' title='bbox 2801 3918 2852 3962; x_wconf 90' lang='lat' dir='ltr'><strong><em>et</em></strong></span> <span class='ocrx_word' id='word_1_840' title='bbox 2872 3950 2887 3973; x_wconf 91' lang='lat'><strong><em>,</em></strong></span> <span class='ocrx_word' id='word_1_841' title='bbox 2919 3908 3034 3962; x_wconf 86' lang='lat' dir='ltr'><strong><em>Nisi</em></strong></span> <span class='ocrx_word' id='word_1_842' title='bbox 3061 3909 3306 3965; x_wconf 87' lang='lat' dir='ltr'><strong><em>Dominus</em></strong></span> <span class='ocrx_word' id='word_1_843' title='bbox 3332 3914 3624 3968; x_wconf 87' lang='lat' dir='ltr'><strong><em>custodierit</em></strong></span> <span class='ocrx_word' id='word_1_844' title='bbox 3655 3917 3835 3970; x_wconf 85' lang='lat' dir='ltr'><strong><em>civita-</em></strong></span> 
     </span>
    </p>
   </div>
   <div class='ocr_carea' id='block_1_102' title="bbox 2255 3996 3832 4074">
    <p class='ocr_par' dir='ltr' id='par_1_102' title="bbox 2255 3996 3832 4074">
     <span class='ocr_line' id='line_1_103' title="bbox 2255 3996 3832 4074; baseline 0.008 -26"><span class='ocrx_word' id='word_1_845' title='bbox 2255 4004 2374 4062; x_wconf 90' lang='lat' dir='ltr'><strong><em>tem,</em></strong></span> <span class='ocrx_word' id='word_1_846' title='bbox 2398 3996 2452 4049; x_wconf 90' lang='lat' dir='ltr'><strong><em>in</em></strong></span> <span class='ocrx_word' id='word_1_847' title='bbox 2471 4011 2654 4050; x_wconf 83' lang='lat' dir='ltr'><strong><em>vanum</em></strong></span> <span class='ocrx_word' id='word_1_848' title='bbox 2681 3998 2902 4069; x_wconf 80' lang='lat' dir='ltr'><strong><em>vigilavit</em></strong></span> <span class='ocrx_word' id='word_1_849' title='bbox 2924 4000 3012 4070; x_wconf 90' lang='lat' dir='ltr'><strong><em>qui</em></strong></span> <span class='ocrx_word' id='word_1_850' title='bbox 3030 4002 3249 4055; x_wconf 90' lang='lat' dir='ltr'><strong><em>custodit</em></strong></span> <span class='ocrx_word' id='word_1_851' title='bbox 3274 4018 3383 4056; x_wconf 90' lang='lat' dir='ltr'><strong><em>eam</em></strong></span> <span class='ocrx_word' id='word_1_852' title='bbox 3412 4002 3584 4073; x_wconf 88' lang='lat' dir='ltr'><strong><em>(Psal.</em></strong></span> <span class='ocrx_word' id='word_1_853' title='bbox 3620 4021 3794 4061; x_wconf 73' lang='lat' dir='ltr'><strong><em>cxxvn</em></strong></span> <span class='ocrx_word' id='word_1_854' title='bbox 3814 4048 3832 4074; x_wconf 90' lang='lat'><strong><em>,</em></strong></span> 
     </span>
    </p>
   </div>
   <div class='ocr_carea' id='block_1_103' title="bbox 2255 4084 3829 4165">
    <p class='ocr_par' dir='ltr' id='par_1_103' title="bbox 2255 4084 3829 4165">
     <span class='ocr_line' id='line_1_104' title="bbox 2255 4084 3829 4165; baseline 0.006 -24"><span class='ocrx_word' id='word_1_855' title='bbox 2255 4084 2335 4158; x_wconf 90' lang='grc'>1).</span> <span class='ocrx_word' id='word_1_856' title='bbox 2367 4086 2434 4141; x_wconf 86' lang='grc' dir='ltr'>Ει</span> <span class='ocrx_word' id='word_1_857' title='bbox 2473 4087 2542 4142; x_wconf 92' lang='lat' dir='ltr'><strong><em>de</em></strong></span> <span class='ocrx_word' id='word_1_858' title='bbox 2581 4088 2693 4157; x_wconf 90' lang='lat' dir='ltr'><strong><em>ipsa</em></strong></span> <span class='ocrx_word' id='word_1_859' title='bbox 2739 4090 3065 4145; x_wconf 90' lang='lat' dir='ltr'><strong><em>continentia</em></strong></span> <span class='ocrx_word' id='word_1_860' title='bbox 3112 4091 3338 4162; x_wconf 90' lang='lat' dir='ltr'><strong><em>loquens</em></strong></span> <span class='ocrx_word' id='word_1_861' title='bbox 3381 4094 3669 4165; x_wconf 87' lang='lat' dir='ltr'><strong><em>Apostolus</em></strong></span> <span class='ocrx_word' id='word_1_862' title='bbox 3710 4098 3829 4151; x_wconf 91' lang='lat' dir='ltr'><strong><em>ait:</em></strong></span> 
     </span>
    </p>
   </div>
   <div class='ocr_carea' id='block_1_104' title="bbox 2264 4174 3834 4255">
    <p class='ocr_par' dir='ltr' id='par_1_104' title="bbox 2264 4174 3834 4255">
     <span class='ocr_line' id='line_1_105' title="bbox 2264 4174 3834 4255; baseline 0.009 -26"><span class='ocrx_word' id='word_1_863' title='bbox 2264 4174 2389 4230; x_wconf 83' lang='lat' dir='ltr'><strong><em>Volo</em></strong></span> <span class='ocrx_word' id='word_1_864' title='bbox 2414 4187 2581 4231; x_wconf 86' lang='lat' dir='ltr'><strong><em>autem</em></strong></span> <span class='ocrx_word' id='word_1_865' title='bbox 2623 4195 2794 4233; x_wconf 89' lang='lat' dir='ltr'><strong><em>omnes</em></strong></span> <span class='ocrx_word' id='word_1_866' title='bbox 2829 4181 3055 4235; x_wconf 86' lang='lat' dir='ltr'><strong><em>homines</em></strong></span> <span class='ocrx_word' id='word_1_867' title='bbox 3092 4198 3197 4236; x_wconf 89' lang='lat' dir='ltr'><strong><em>esse</em></strong></span> <span class='ocrx_word' id='word_1_868' title='bbox 3222 4184 3353 4236; x_wconf 88' lang='lat' dir='ltr'><strong><em>sicut</em></strong></span> <span class='ocrx_word' id='word_1_869' title='bbox 3380 4200 3459 4239; x_wconf 87' lang='lat' dir='ltr'><strong><em>me</em></strong></span> <span class='ocrx_word' id='word_1_870' title='bbox 3499 4186 3666 4255; x_wconf 88' lang='lat' dir='ltr'><strong><em>ipsum</em></strong></span> <span class='ocrx_word' id='word_1_871' title='bbox 3696 4203 3715 4242; x_wconf 88' lang='lat'><strong><em>:</em></strong></span> <span class='ocrx_word' id='word_1_872' title='bbox 3743 4191 3834 4243; x_wconf 86' lang='lat' dir='ltr'><strong><em>sed</em></strong></span> 
     </span>
    </p>
   </div>
   <div class='ocr_carea' id='block_1_105' title="bbox 2254 4270 3830 4348">
    <p class='ocr_par' dir='ltr' id='par_1_105' title="bbox 2254 4270 3830 4348">
     <span class='ocr_line' id='line_1_106' title="bbox 2254 4270 3830 4348; baseline 0.008 -27"><span class='ocrx_word' id='word_1_873' title='bbox 2254 4270 2593 4342; x_wconf 82' lang='lat' dir='ltr'><strong><em>unusquisque</em></strong></span> <span class='ocrx_word' id='word_1_874' title='bbox 2617 4272 2877 4342; x_wconf 88' lang='lat' dir='ltr'><strong><em>praprium</em></strong></span> <span class='ocrx_word' id='word_1_875' title='bbox 2917 4273 3105 4327; x_wconf 90' lang='lat' dir='ltr'><strong><em>donum</em></strong></span> <span class='ocrx_word' id='word_1_876' title='bbox 3140 4274 3287 4330; x_wconf 84' lang='lat' dir='ltr'><strong><em>habet</em></strong></span> <span class='ocrx_word' id='word_1_877' title='bbox 3324 4292 3355 4329; x_wconf 93' lang='lat' dir='ltr'><strong><em>a</em></strong></span> <span class='ocrx_word' id='word_1_878' title='bbox 3385 4275 3531 4343; x_wconf 86' lang='lat' dir='ltr'><strong><em>Deo;</em></strong></span> <span class='ocrx_word' id='word_1_879' title='bbox 3560 4280 3693 4333; x_wconf 90' lang='lat' dir='ltr'><strong><em>alius</em></strong></span> <span class='ocrx_word' id='word_1_880' title='bbox 3716 4297 3791 4333; x_wconf 76' lang='lat' dir='ltr'><strong><em>sic</em></strong></span> <span class='ocrx_word' id='word_1_881' title='bbox 3812 4322 3830 4348; x_wconf 86' lang='lat'><strong><em>,</em></strong></span> 
     </span>
    </p>
   </div>
   <div class='ocr_carea' id='block_1_106' title="bbox 2252 4360 3833 4439">
    <p class='ocr_par' dir='ltr' id='par_1_106' title="bbox 2252 4360 3833 4439">
     <span class='ocr_line' id='line_1_107' title="bbox 2252 4360 3833 4439; baseline 0.008 -24"><span class='ocrx_word' id='word_1_882' title='bbox 2252 4360 2389 4415; x_wconf 90' lang='lat' dir='ltr'><strong><em>alius</em></strong></span> <span class='ocrx_word' id='word_1_883' title='bbox 2413 4372 2576 4416; x_wconf 83' lang='lat' dir='ltr'><strong><em>autem</em></strong></span> <span class='ocrx_word' id='word_1_884' title='bbox 2599 4364 2672 4417; x_wconf 88' lang='lat' dir='ltr'><strong><em>sic</em></strong></span> <span class='ocrx_word' id='word_1_885' title='bbox 2697 4363 2739 4435; x_wconf 87' lang='grc' dir='ltr'><strong>(Ι</strong></span> <span class='ocrx_word' id='word_1_886' title='bbox 2766 4363 2884 4420; x_wconf 92' lang='lat' dir='ltr'><strong><em>Cor.</em></strong></span> <span class='ocrx_word' id='word_1_887' title='bbox 2919 4380 2992 4419; x_wconf 89' lang='lat' dir='ltr'><strong><em>vu</em></strong></span> <span class='ocrx_word' id='word_1_888' title='bbox 3014 4407 3028 4431; x_wconf 92' lang='lat'><strong><em>,</em></strong></span> <span class='ocrx_word' id='word_1_889' title='bbox 3057 4366 3132 4439; x_wconf 90' lang='lat'><strong><em>7).</em></strong></span> <span class='ocrx_word' id='word_1_890' title='bbox 3172 4366 3302 4435; x_wconf 87' lang='lat' dir='ltr'><strong><em>Quis</em></strong></span> <span class='ocrx_word' id='word_1_891' title='bbox 3342 4384 3469 4439; x_wconf 91' lang='lat' dir='ltr'><strong><em>ergo</em></strong></span> <span class='ocrx_word' id='word_1_892' title='bbox 3495 4369 3658 4425; x_wconf 89' lang='lat' dir='ltr'><strong><em>donat</em></strong></span> <span class='ocrx_word' id='word_1_893' title='bbox 3689 4372 3833 4428; x_wconf 84' lang='lat' dir='ltr'><strong><em>ista?</em></strong></span> 
     </span>
    </p>
   </div>
   <div class='ocr_carea' id='block_1_107' title="bbox 2252 4451 3831 4533">
    <p class='ocr_par' dir='ltr' id='par_1_107' title="bbox 2252 4451 3831 4533">
     <span class='ocr_line' id='line_1_108' title="bbox 2252 4451 3831 4533; baseline 0.009 -30"><span class='ocrx_word' id='word_1_894' title='bbox 2252 4452 2370 4521; x_wconf 88' lang='lat' dir='ltr'><strong><em>quis</em></strong></span> <span class='ocrx_word' id='word_1_895' title='bbox 2400 4451 2667 4507; x_wconf 91' lang='lat' dir='ltr'><strong><em>distribuit</em></strong></span> <span class='ocrx_word' id='word_1_896' title='bbox 2705 4455 2917 4524; x_wconf 88' lang='lat' dir='ltr'><strong><em>propria</em></strong></span> <span class='ocrx_word' id='word_1_897' title='bbox 2957 4456 3240 4527; x_wconf 90' lang='lat' dir='ltr'><strong><em>unicuique</em></strong></span> <span class='ocrx_word' id='word_1_898' title='bbox 3272 4457 3407 4514; x_wconf 89' lang='lat' dir='ltr'><strong><em>sicut</em></strong></span> <span class='ocrx_word' id='word_1_899' title='bbox 3434 4460 3542 4514; x_wconf 87' lang='lat' dir='ltr'><strong><em>vult</em></strong></span> <span class='ocrx_word' id='word_1_900' title='bbox 3573 4460 3683 4533; x_wconf 88' lang='lat' dir='ltr'><strong><em>(Id.</em></strong></span> <span class='ocrx_word' id='word_1_901' title='bbox 3713 4479 3788 4518; x_wconf 87' lang='lat' dir='ltr'><strong><em>xu</em></strong></span> <span class='ocrx_word' id='word_1_902' title='bbox 3814 4504 3831 4532; x_wconf 91' lang='lat'><strong><em>,</em></strong></span> 
     </span>
    </p>
   </div>
   <div class='ocr_carea' id='block_1_108' title="bbox 2254 4540 3829 4625">
    <p class='ocr_par' dir='ltr' id='par_1_108' title="bbox 2254 4540 3829 4625">
     <span class='ocr_line' id='line_1_109' title="bbox 2254 4540 3829 4625; baseline 0.007 -29"><span class='ocrx_word' id='word_1_903' title='bbox 2254 4540 2342 4615; x_wconf 92' lang='grc'><strong><em>11)</em></strong></span> <span class='ocrx_word' id='word_1_904' title='bbox 2363 4542 2387 4596; x_wconf 93' lang='lat'><strong><em>?</em></strong></span> <span class='ocrx_word' id='word_1_905' title='bbox 2405 4542 2606 4612; x_wconf 87' lang='lat' dir='ltr'><strong><em>Nempe</em></strong></span> <span class='ocrx_word' id='word_1_906' title='bbox 2630 4544 2785 4606; x_wconf 89' lang='lat' dir='ltr'><strong><em>Deus.</em></strong></span> <span class='ocrx_word' id='word_1_907' title='bbox 2810 4545 2947 4614; x_wconf 90' lang='lat' dir='ltr'><strong><em>apud</em></strong></span> <span class='ocrx_word' id='word_1_908' title='bbox 2970 4562 3127 4616; x_wconf 91' lang='lat' dir='ltr'><strong><em>quem</em></strong></span> <span class='ocrx_word' id='word_1_909' title='bbox 3153 4562 3255 4602; x_wconf 91' lang='lat' dir='ltr'><strong><em>non</em></strong></span> <span class='ocrx_word' id='word_1_910' title='bbox 3279 4558 3359 4603; x_wconf 90' lang='lat' dir='ltr'><strong><em>est</em></strong></span> <span class='ocrx_word' id='word_1_911' title='bbox 3381 4550 3626 4621; x_wconf 85' lang='lat' dir='ltr'><strong><em>iniquitas</em></strong></span> <span class='ocrx_word' id='word_1_912' title='bbox 3651 4552 3829 4625; x_wconf 81' lang='lat' dir='ltr'><strong><em>(llam.</em></strong></span> 
     </span>
    </p>
   </div>
   <div class='ocr_carea' id='block_1_109' title="bbox 2252 4634 3829 4709">
    <p class='ocr_par' dir='ltr' id='par_1_109' title="bbox 2252 4634 3829 4709">
     <span class='ocr_line' id='line_1_110' title="bbox 2252 4634 3829 4709; baseline 0.006 -21"><span class='ocrx_word' id='word_1_913' title='bbox 2252 4649 2332 4702; x_wconf 79' lang='lat' dir='ltr'><strong><em>ix,</em></strong></span> <span class='ocrx_word' id='word_1_914' title='bbox 2365 4634 2474 4705; x_wconf 69' lang='grc'>14).</span> <span class='ocrx_word' id='word_1_915' title='bbox 2508 4636 2585 4689; x_wconf 81' lang='lat' dir='ltr'><strong><em>Ac</em></strong></span> <span class='ocrx_word' id='word_1_916' title='bbox 2613 4650 2706 4704; x_wconf 91' lang='lat' dir='ltr'><strong><em>per</em></strong></span> <span class='ocrx_word' id='word_1_917' title='bbox 2737 4635 2838 4691; x_wconf 92' lang='lat' dir='ltr'><strong><em>hoc</em></strong></span> <span class='ocrx_word' id='word_1_918' title='bbox 2863 4652 2964 4706; x_wconf 86' lang='lat' dir='ltr'><strong><em>qua</em></strong></span> <span class='ocrx_word' id='word_1_919' title='bbox 2985 4640 3233 4709; x_wconf 64' lang='lat' dir='ltr'><strong><em>aequitate</em></strong></span> <span class='ocrx_word' id='word_1_920' title='bbox 3262 4639 3353 4693; x_wconf 90' lang='lat' dir='ltr'><strong><em>ille</em></strong></span> <span class='ocrx_word' id='word_1_921' title='bbox 3378 4640 3537 4695; x_wconf 84' lang='lat' dir='ltr'><strong><em>faciat</em></strong></span> <span class='ocrx_word' id='word_1_922' title='bbox 3565 4642 3699 4697; x_wconf 81' lang='lat' dir='ltr'><strong><em>alios</em></strong></span> <span class='ocrx_word' id='word_1_923' title='bbox 3728 4645 3829 4709; x_wconf 91' lang='lat' dir='ltr'><strong><em>sic,</em></strong></span> 
     </span>
    </p>
   </div>
   <div class='ocr_carea' id='block_1_110' title="bbox 2249 4725 3832 4801">
    <p class='ocr_par' dir='ltr' id='par_1_110' title="bbox 2249 4725 3832 4801">
     <span class='ocr_line' id='line_1_111' title="bbox 2249 4725 3832 4801; baseline 0.008 -23"><span class='ocrx_word' id='word_1_924' title='bbox 2249 4725 2383 4779; x_wconf 88' lang='lat' dir='ltr'><strong><em>alios</em></strong></span> <span class='ocrx_word' id='word_1_925' title='bbox 2408 4734 2583 4779; x_wconf 89' lang='lat' dir='ltr'><strong><em>autem</em></strong></span> <span class='ocrx_word' id='word_1_926' title='bbox 2613 4726 2723 4792; x_wconf 91' lang='lat' dir='ltr'><strong><em>sic,</em></strong></span> <span class='ocrx_word' id='word_1_927' title='bbox 2766 4725 2969 4781; x_wconf 91' lang='lat' dir='ltr'><strong><em>homini</em></strong></span> <span class='ocrx_word' id='word_1_928' title='bbox 3014 4743 3171 4784; x_wconf 91' lang='lat' dir='ltr'><strong><em>nosse</em></strong></span> <span class='ocrx_word' id='word_1_929' title='bbox 3214 4739 3305 4785; x_wconf 90' lang='lat' dir='ltr'><strong><em>aut</em></strong></span> <span class='ocrx_word' id='word_1_930' title='bbox 3344 4731 3672 4801; x_wconf 89' lang='lat' dir='ltr'><strong><em>impossibile</em></strong></span> <span class='ocrx_word' id='word_1_931' title='bbox 3697 4776 3711 4800; x_wconf 93' lang='lat'><strong><em>,</em></strong></span> <span class='ocrx_word' id='word_1_932' title='bbox 3741 4742 3832 4791; x_wconf 91' lang='lat' dir='ltr'><strong><em>aut</em></strong></span> 
     </span>
    </p>
   </div>
   <div class='ocr_carea' id='block_1_111' title="bbox 2249 4819 3835 4895">
    <p class='ocr_par' dir='ltr' id='par_1_111' title="bbox 2249 4819 3835 4895">
     <span class='ocr_line' id='line_1_112' title="bbox 2249 4819 3835 4895; baseline 0.007 -22"><span class='ocrx_word' id='word_1_933' title='bbox 2249 4819 2469 4875; x_wconf 90' lang='lat' dir='ltr'><strong><em>omnino</em></strong></span> <span class='ocrx_word' id='word_1_934' title='bbox 2498 4821 2714 4877; x_wconf 82' lang='lat' dir='ltr'><strong><em>difficile</em></strong></span> <span class='ocrx_word' id='word_1_935' title='bbox 2744 4832 2825 4877; x_wconf 92' lang='lat' dir='ltr'><strong><em>est</em></strong></span> <span class='ocrx_word' id='word_1_936' title='bbox 2854 4839 2868 4876; x_wconf 93' lang='lat'>:</span> <span class='ocrx_word' id='word_1_937' title='bbox 2901 4823 3025 4893; x_wconf 91' lang='lat' dir='ltr'><strong><em>quin</em></strong></span> <span class='ocrx_word' id='word_1_938' title='bbox 3052 4832 3227 4879; x_wconf 85' lang='lat' dir='ltr'><strong><em>tamen</em></strong></span> <span class='ocrx_word' id='word_1_939' title='bbox 3256 4825 3504 4895; x_wconf 64' lang='lat' dir='ltr'><strong><em>aequitate</em></strong></span> <span class='ocrx_word' id='word_1_940' title='bbox 3531 4825 3709 4895; x_wconf 84' lang='lat' dir='ltr'><strong><em>faciat,</em></strong></span> <span class='ocrx_word' id='word_1_941' title='bbox 3736 4829 3835 4884; x_wconf 84' lang='lat' dir='ltr'><strong><em>du-</em></strong></span> 
     </span>
    </p>
   </div>
   <div class='ocr_carea' id='block_1_112' title="bbox 2248 4911 3837 4987">
    <p class='ocr_par' dir='ltr' id='par_1_112' title="bbox 2248 4911 3837 4987">
     <span class='ocr_line' id='line_1_113' title="bbox 2248 4911 3837 4987; baseline 0.005 -20"><span class='ocrx_word' id='word_1_942' title='bbox 2248 4911 2418 4967; x_wconf 83' lang='lat' dir='ltr'><strong><em>bitare</em></strong></span> <span class='ocrx_word' id='word_1_943' title='bbox 2444 4911 2522 4967; x_wconf 84' lang='lat' dir='ltr'><strong><em>fas</em></strong></span> <span class='ocrx_word' id='word_1_944' title='bbox 2552 4928 2656 4967; x_wconf 88' lang='lat' dir='ltr'><strong><em>non</em></strong></span> <span class='ocrx_word' id='word_1_945' title='bbox 2684 4925 2785 4969; x_wconf 90' lang='lat' dir='ltr'><strong><em>est.</em></strong></span> <span class='ocrx_word' id='word_1_946' title='bbox 2832 4914 2970 4980; x_wconf 82' lang='lat' dir='ltr'><strong><em>Quid</em></strong></span> <span class='ocrx_word' id='word_1_947' title='bbox 3001 4915 3177 4986; x_wconf 84' lang='lat' dir='ltr'><strong><em>itaque</em></strong></span> <span class='ocrx_word' id='word_1_948' title='bbox 3202 4917 3354 4971; x_wconf 89' lang='lat' dir='ltr'><strong><em>habes</em></strong></span> <span class='ocrx_word' id='word_1_949' title='bbox 3378 4918 3513 4987; x_wconf 90' lang='lat' dir='ltr'><strong><em>quod</em></strong></span> <span class='ocrx_word' id='word_1_950' title='bbox 3551 4937 3654 4974; x_wconf 84' lang='lat' dir='ltr'><strong><em>non</em></strong></span> <span class='ocrx_word' id='word_1_951' title='bbox 3697 4939 3837 4976; x_wconf 80' lang='lat' dir='ltr'><strong><em>acce-</em></strong></span> 
     </span>
    </p>
   </div>
   <div class='ocr_carea' id='block_1_113' title="bbox 2250 5002 3828 5083">
    <p class='ocr_par' dir='ltr' id='par_1_113' title="bbox 2250 5002 3828 5083">
     <span class='ocr_line' id='line_1_114' title="bbox 2250 5002 3828 5083; baseline 0.006 -27"><span class='ocrx_word' id='word_1_952' title='bbox 2250 5004 2372 5074; x_wconf 87' lang='lat' dir='ltr'><strong><em>pisti</em></strong></span> <span class='ocrx_word' id='word_1_953' title='bbox 2397 5002 2439 5073; x_wconf 85' lang='lat' dir='ltr'><strong><em>(l</em></strong></span> <span class='ocrx_word' id='word_1_954' title='bbox 2470 5002 2589 5059; x_wconf 86' lang='lat' dir='ltr'><strong><em>Cor.</em></strong></span> <span class='ocrx_word' id='word_1_955' title='bbox 2616 5019 2688 5069; x_wconf 83' lang='lat' dir='ltr'><strong><em>tv,</em></strong></span> <span class='ocrx_word' id='word_1_956' title='bbox 2720 5003 2813 5076; x_wconf 86' lang='lat'><strong><em>7)?</em></strong></span> <span class='ocrx_word' id='word_1_957' title='bbox 2833 5013 2924 5059; x_wconf 87' lang='lat' dir='ltr'><strong><em>aut</em></strong></span> <span class='ocrx_word' id='word_1_958' title='bbox 2943 5022 3044 5075; x_wconf 90' lang='lat' dir='ltr'><strong><em>qua</em></strong></span> <span class='ocrx_word' id='word_1_959' title='bbox 3066 5007 3411 5078; x_wconf 88' lang='lat' dir='ltr'><strong><em>perversitate</em></strong></span> <span class='ocrx_word' id='word_1_960' title='bbox 3434 5010 3610 5065; x_wconf 91' lang='lat' dir='ltr'><strong><em>minus</em></strong></span> <span class='ocrx_word' id='word_1_961' title='bbox 3631 5011 3828 5083; x_wconf 88' lang='lat' dir='ltr'><strong><em>diligis,</em></strong></span> 
     </span>
    </p>
   </div>
   <div class='ocr_carea' id='block_1_114' title="bbox 2248 5096 2984 5167">
    <p class='ocr_par' dir='ltr' id='par_1_114' title="bbox 2248 5096 2984 5167">
     <span class='ocr_line' id='line_1_115' title="bbox 2248 5096 2984 5167; baseline 0.003 -18"><span class='ocrx_word' id='word_1_962' title='bbox 2248 5110 2279 5149; x_wconf 87' lang='lat' dir='ltr'><strong><em>a</em></strong></span> <span class='ocrx_word' id='word_1_963' title='bbox 2305 5110 2410 5167; x_wconf 91' lang='lat' dir='ltr'><strong><em>quo</em></strong></span> <span class='ocrx_word' id='word_1_964' title='bbox 2438 5096 2663 5164; x_wconf 86' lang='lat' dir='ltr'><strong><em>amplius</em></strong></span> <span class='ocrx_word' id='word_1_965' title='bbox 2688 5096 2984 5166; x_wconf 86' lang='lat' dir='ltr'><strong><em>accepisti?</em></strong></span> 
     </span>
    </p>
   </div>
   <div class='ocr_carea' id='block_1_115' title="bbox 2318 5184 3834 5264">
    <p class='ocr_par' dir='ltr' id='par_1_115' title="bbox 2318 5184 3834 5264">
     <span class='ocr_line' id='line_1_116' title="bbox 2318 5184 3834 5264; baseline 0.005 -23"><span class='ocrx_word' id='word_1_966' title='bbox 2318 5184 2543 5242; x_wconf 76' lang='lat' dir='ltr'><strong>CAPUT</strong></span> <span class='ocrx_word' id='word_1_967' title='bbox 2581 5185 2715 5241; x_wconf 83' lang='lat' dir='ltr'><strong><em>XLI.</em></strong></span> <span class='ocrx_word' id='word_1_968' title='bbox 2759 5217 2833 5228; x_wconf 90' lang='lat'><strong><em>—-</em></strong></span> <span class='ocrx_word' id='word_1_969' title='bbox 2868 5187 2957 5242; x_wconf 65' lang='grc' dir='ltr'><strong><em>ιε.</em></strong></span> <span class='ocrx_word' id='word_1_970' title='bbox 2990 5186 3168 5244; x_wconf 84' lang='lat' dir='ltr'><strong><em>Prima</em></strong></span> <span class='ocrx_word' id='word_1_971' title='bbox 3212 5190 3511 5247; x_wconf 89' lang='lat' dir='ltr'><strong><em>humilitatis</em></strong></span> <span class='ocrx_word' id='word_1_972' title='bbox 3548 5194 3791 5264; x_wconf 88' lang='lat' dir='ltr'><strong><em>cogitatio</em></strong></span> <span class='ocrx_word' id='word_1_973' title='bbox 3816 5238 3834 5260; x_wconf 92' lang='lat'><strong><em>,</em></strong></span> 
     </span>
    </p>
   </div>
   <div class='ocr_carea' id='block_1_116' title="bbox 2246 5278 3835 5355">
    <p class='ocr_par' dir='ltr' id='par_1_116' title="bbox 2246 5278 3835 5355">
     <span class='ocr_line' id='line_1_117' title="bbox 2246 5278 3835 5355; baseline 0.006 -24"><span class='ocrx_word' id='word_1_974' title='bbox 2246 5278 2579 5348; x_wconf 85' lang='lat' dir='ltr'><strong><em>virginitatem</em></strong></span> <span class='ocrx_word' id='word_1_975' title='bbox 2618 5279 2791 5333; x_wconf 84' lang='lat' dir='ltr'><strong><em>haberi</em></strong></span> <span class='ocrx_word' id='word_1_976' title='bbox 2826 5296 2891 5334; x_wconf 78' lang='lat' dir='ltr'><strong><em>ea:</em></strong></span> <span class='ocrx_word' id='word_1_977' title='bbox 2926 5279 3023 5334; x_wconf 93' lang='lat' dir='ltr'><strong><em>Dei</em></strong></span> <span class='ocrx_word' id='word_1_978' title='bbox 3059 5280 3212 5337; x_wconf 87' lang='lat' dir='ltr'><strong><em>dono.</em></strong></span> <span class='ocrx_word' id='word_1_979' title='bbox 3264 5280 3529 5352; x_wconf 64' lang='lat' dir='ltr'><strong><em>Praecpta</em></strong></span> <span class='ocrx_word' id='word_1_980' title='bbox 3572 5301 3675 5338; x_wconf 87' lang='lat' dir='ltr'><strong><em>non</em></strong></span> <span class='ocrx_word' id='word_1_981' title='bbox 3725 5288 3835 5355; x_wconf 75' lang='lat' dir='ltr'><strong><em>ﬁcii</em></strong></span> 
     </span>
    </p>
   </div>
   <div class='ocr_carea' id='block_1_117' title="bbox 2247 5372 3835 5452">
    <p class='ocr_par' dir='ltr' id='par_1_117' title="bbox 2247 5372 3835 5452">
     <span class='ocr_line' id='line_1_118' title="bbox 2247 5372 3835 5452; baseline 0.005 -27"><span class='ocrx_word' id='word_1_982' title='bbox 2247 5372 2345 5426; x_wconf 87' lang='lat' dir='ltr'><strong><em>nisi</em></strong></span> <span class='ocrx_word' id='word_1_983' title='bbox 2370 5389 2427 5426; x_wconf 88' lang='lat' dir='ltr'><strong><em>eo</em></strong></span> <span class='ocrx_word' id='word_1_984' title='bbox 2455 5372 2605 5427; x_wconf 90' lang='lat' dir='ltr'><strong><em>dante</em></strong></span> <span class='ocrx_word' id='word_1_985' title='bbox 2632 5375 2719 5445; x_wconf 89' lang='lat' dir='ltr'><strong><em>qui</em></strong></span> <span class='ocrx_word' id='word_1_986' title='bbox 2744 5375 2991 5447; x_wconf 63' lang='lat' dir='ltr'><strong><em>praecipit.</em></strong></span> <span class='ocrx_word' id='word_1_987' title='bbox 3013 5374 3308 5431; x_wconf 87' lang='lat' dir='ltr'><strong><em>Obedientia</em></strong></span> <span class='ocrx_word' id='word_1_988' title='bbox 3344 5387 3390 5432; x_wconf 89' lang='lat' dir='ltr'><strong><em>et</em></strong></span> <span class='ocrx_word' id='word_1_989' title='bbox 3417 5380 3712 5448; x_wconf 65' lang='lat' dir='ltr'><strong><em>paenitentia</em></strong></span> <span class='ocrx_word' id='word_1_990' title='bbox 3744 5400 3835 5452; x_wconf 57' lang='lat' dir='ltr'><strong><em>pa.</em></strong></span> 
     </span>
    </p>
   </div>
   <div class='ocr_carea' id='block_1_118' title="bbox 2246 5464 3829 5539">
    <p class='ocr_par' dir='ltr' id='par_1_118' title="bbox 2246 5464 3829 5539">
     <span class='ocr_line' id='line_1_119' title="bbox 2246 5464 3829 5539; baseline 0.007 -21"><span class='ocrx_word' id='word_1_991' title='bbox 2246 5464 2370 5519; x_wconf 88' lang='lat' dir='ltr'><strong><em>riter</em></strong></span> <span class='ocrx_word' id='word_1_992' title='bbox 2407 5466 2541 5519; x_wconf 89' lang='lat' dir='ltr'><strong><em>dona</em></strong></span> <span class='ocrx_word' id='word_1_993' title='bbox 2583 5465 2700 5520; x_wconf 87' lang='lat' dir='ltr'><strong><em>Dei.</em></strong></span> <span class='ocrx_word' id='word_1_994' title='bbox 2728 5465 3064 5537; x_wconf 83' lang='lat' dir='ltr'><strong><em>Quapropter</em></strong></span> <span class='ocrx_word' id='word_1_995' title='bbox 3090 5468 3204 5523; x_wconf 77' lang='lat' dir='ltr'><strong><em>lucc</em></strong></span> <span class='ocrx_word' id='word_1_996' title='bbox 3240 5470 3409 5539; x_wconf 91' lang='lat' dir='ltr'><strong><em>prima</em></strong></span> <span class='ocrx_word' id='word_1_997' title='bbox 3448 5472 3516 5525; x_wconf 91' lang='lat' dir='ltr'><strong><em>sit</em></strong></span> <span class='ocrx_word' id='word_1_998' title='bbox 3544 5472 3829 5530; x_wconf 65' lang='lat' dir='ltr'><strong><em>induendm</em></strong></span> 
     </span>
    </p>
   </div>
   <div class='ocr_carea' id='block_1_119' title="bbox 2246 5555 3837 5639">
    <p class='ocr_par' dir='ltr' id='par_1_119' title="bbox 2246 5555 3837 5639">
     <span class='ocr_line' id='line_1_120' title="bbox 2246 5555 3837 5639; baseline 0.007 -26"><span class='ocrx_word' id='word_1_999' title='bbox 2246 5555 2559 5613; x_wconf 73' lang='lat' dir='ltr'><strong><em>humilitatis</em></strong></span> <span class='ocrx_word' id='word_1_1000' title='bbox 2579 5560 2849 5630; x_wconf 80' lang='lat' dir='ltr'><strong><em>cogitatio,</em></strong></span> <span class='ocrx_word' id='word_1_1001' title='bbox 2878 5574 2944 5617; x_wconf 87' lang='lat' dir='ltr'><strong><em>ne</em></strong></span> <span class='ocrx_word' id='word_1_1002' title='bbox 2972 5577 3001 5614; x_wconf 92' lang='lat' dir='ltr'><strong><em>a</em></strong></span> <span class='ocrx_word' id='word_1_1003' title='bbox 3026 5576 3085 5617; x_wconf 90' lang='lat' dir='ltr'><strong><em>se</em></strong></span> <span class='ocrx_word' id='word_1_1004' title='bbox 3112 5561 3210 5617; x_wconf 90' lang='lat' dir='ltr'><strong><em>sibi</em></strong></span> <span class='ocrx_word' id='word_1_1005' title='bbox 3236 5574 3385 5635; x_wconf 89' lang='lat' dir='ltr'><strong><em>putet</em></strong></span> <span class='ocrx_word' id='word_1_1006' title='bbox 3413 5581 3535 5622; x_wconf 84' lang='lat' dir='ltr'><strong><em>esse</em></strong></span> <span class='ocrx_word' id='word_1_1007' title='bbox 3562 5566 3658 5623; x_wconf 92' lang='lat' dir='ltr'><strong><em>Dei</em></strong></span> <span class='ocrx_word' id='word_1_1008' title='bbox 3687 5569 3837 5639; x_wconf 88' lang='lat' dir='ltr'><strong><em>virgo</em></strong></span> 
     </span>
    </p>
   </div>
   <div class='ocr_carea' id='block_1_120' title="bbox 2246 5649 3833 5727">
    <p class='ocr_par' dir='ltr' id='par_1_120' title="bbox 2246 5649 3833 5727">
     <span class='ocr_line' id='line_1_121' title="bbox 2246 5649 3833 5727; baseline 0.009 -26"><span class='ocrx_word' id='word_1_1009' title='bbox 2246 5650 2387 5720; x_wconf 90' lang='lat' dir='ltr'><strong><em>quod</em></strong></span> <span class='ocrx_word' id='word_1_1010' title='bbox 2414 5649 2531 5704; x_wconf 89' lang='lat' dir='ltr'><strong><em>talis</em></strong></span> <span class='ocrx_word' id='word_1_1011' title='bbox 2558 5662 2659 5715; x_wconf 88' lang='lat' dir='ltr'><strong><em>est,</em></strong></span> <span class='ocrx_word' id='word_1_1012' title='bbox 2692 5668 2754 5707; x_wconf 89' lang='lat' dir='ltr'><strong><em>ac</em></strong></span> <span class='ocrx_word' id='word_1_1013' title='bbox 2780 5668 2883 5707; x_wconf 90' lang='lat' dir='ltr'><strong><em>non</em></strong></span> <span class='ocrx_word' id='word_1_1014' title='bbox 2908 5653 3083 5722; x_wconf 88' lang='lat' dir='ltr'><strong><em>potius</em></strong></span> <span class='ocrx_word' id='word_1_1015' title='bbox 3103 5654 3205 5710; x_wconf 90' lang='lat' dir='ltr'><strong><em>hoc</em></strong></span> <span class='ocrx_word' id='word_1_1016' title='bbox 3229 5655 3430 5711; x_wconf 89' lang='lat' dir='ltr'><strong><em>donum</em></strong></span> <span class='ocrx_word' id='word_1_1017' title='bbox 3452 5658 3716 5727; x_wconf 89' lang='lat' dir='ltr'><strong><em>optimum</em></strong></span> <span class='ocrx_word' id='word_1_1018' title='bbox 3740 5660 3833 5715; x_wconf 78' lang='lat' dir='ltr'><strong><em>de-</em></strong></span> 
     </span>
    </p>
   </div>
   <div class='ocr_carea' id='block_1_121' title="bbox 2247 5740 3829 5821">
    <p class='ocr_par' dir='ltr' id='par_1_121' title="bbox 2247 5740 3829 5821">
     <span class='ocr_line' id='line_1_122' title="bbox 2247 5740 3829 5821; baseline 0.009 -26"><span class='ocrx_word' id='word_1_1019' title='bbox 2247 5754 2407 5812; x_wconf 87' lang='lat' dir='ltr'><strong><em>super</em></strong></span> <span class='ocrx_word' id='word_1_1020' title='bbox 2431 5740 2759 5799; x_wconf 84' lang='lat' dir='ltr'><strong><em>descendere</em></strong></span> <span class='ocrx_word' id='word_1_1021' title='bbox 2782 5759 2811 5798; x_wconf 91' lang='lat' dir='ltr'><strong><em>a</em></strong></span> <span class='ocrx_word' id='word_1_1022' title='bbox 2840 5744 2995 5802; x_wconf 88' lang='lat' dir='ltr'><strong><em>Patre</em></strong></span> <span class='ocrx_word' id='word_1_1023' title='bbox 3033 5746 3312 5817; x_wconf 87' lang='lat' dir='ltr'><strong><em>luminum,</em></strong></span> <span class='ocrx_word' id='word_1_1024' title='bbox 3344 5748 3483 5821; x_wconf 88' lang='lat' dir='ltr'><strong><em>apud</em></strong></span> <span class='ocrx_word' id='word_1_1025' title='bbox 3523 5765 3687 5821; x_wconf 88' lang='lat' dir='ltr'><strong><em>quem</em></strong></span> <span class='ocrx_word' id='word_1_1026' title='bbox 3725 5768 3829 5809; x_wconf 86' lang='lat' dir='ltr'><strong><em>non</em></strong></span> 
     </span>
    </p>
   </div>
   <div class='ocr_carea' id='block_1_122' title="bbox 2315 5854 3061 5922">
    <p class='ocr_par' dir='ltr' id='par_1_122' title="bbox 2315 5854 3061 5922">
     <span class='ocr_line' id='line_1_123' title="bbox 2315 5854 3061 5922; baseline 0.012 -18"><span class='ocrx_word' id='word_1_1027' title='bbox 2315 5856 2335 5890; x_wconf 75' lang='grc' dir='ltr'>ι</span> <span class='ocrx_word' id='word_1_1028' title='bbox 2352 5854 2458 5905; x_wconf 83' lang='lat' dir='ltr'><strong><em>Sola</em></strong></span> <span class='ocrx_word' id='word_1_1029' title='bbox 2476 5855 2622 5907; x_wconf 87' lang='lat' dir='ltr'><strong><em>editio</em></strong></span> <span class='ocrx_word' id='word_1_1030' title='bbox 2639 5863 2770 5919; x_wconf 67' lang='grc' dir='ltr'><strong><em>ων..</em></strong></span> <span class='ocrx_word' id='word_1_1031' title='bbox 2795 5854 2891 5922; x_wconf 72' lang='lat' dir='ltr'><strong><em>pie,</em></strong></span> <span class='ocrx_word' id='word_1_1032' title='bbox 2916 5869 3061 5913; x_wconf 87' lang='lat' dir='ltr'><strong><em>caste.</em></strong></span> 
     </span>
    </p>
   </div>
  </div>
