4048 6512
192 466 287 524 42!

192 591 274 637 est
304 576 709 644 transmutatio,
739 589 838 630 nec
868 572 1124 629 momenti
1149 569 1487 626 obumbratio
1513 566 1716 639 (Jacobi
1748 583 1785 631 ι,

196 672 310 743 1⁸1).
338 670 418 726 Ita
445 670 591 725 enim
628 684 735 723 non
778 664 980 736 putabit
1016 662 1285 720 modicum
1315 662 1416 719 sibi
1457 675 1577 716 esse
1601 658 1791 714 dimis-

195 779 339 823 sum,
377 772 437 817 ut
463 761 737 817 modicum
765 759 981 830 diligat,
1007 764 1062 812 et
1089 758 1340 828 ignorans
1368 753 1458 809 Dei
1485 752 1746 823 justitiam
1772 791 1787 815 ,

194 869 257 909 ac
282 868 433 908 suam
460 853 647 909 volens
673 851 1020 914 constituere,
1043 847 1267 919 iustitiae
1295 845 1387 901 Dei
1409 860 1516 899 non
1545 843 1792 912 subjicia-

198 954 302 999 tur.
336 943 391 998 In
420 958 529 1014 quo
554 943 687 998 vitio
713 950 827 997 erat
845 940 1030 997 Simon
1061 939 1170 1005 ille,
1198 951 1355 1007 quem
1375 934 1645 1006 superavit
1675 950 1791 986 mu-

199 1036 301 1092 lier
325 1035 412 1090 cui
438 1035 659 1090 dimissa
690 1043 814 1087 sunt
851 1038 1071 1102 peccata
1111 1029 1295 1093 multa,
1325 1026 1574 1097 quoniam
1602 1024 1788 1080 dilexit

196 1130 448 1187 multum.
475 1127 582 1185 Sed
608 1127 818 1183 cautius
851 1133 905 1181 et
928 1124 1106 1179 verius
1131 1121 1385 1193 cogitabit
1410 1161 1426 1187 ,
1454 1118 1630 1173 omnia
1661 1132 1788 1187 pec-

198 1232 314 1277 cata
343 1221 425 1277 sic
449 1218 694 1275 habenda
722 1228 972 1287 tanquam
994 1215 1348 1279 dimittantur,
1381 1228 1409 1265 a
1435 1211 1625 1283 quibus
1649 1211 1790 1265 Deus

197 1314 431 1370 custodit
462 1328 527 1368 ne
556 1313 977 1368 committantur.
1001 1308 1193 1365 Testes
1219 1316 1341 1362 sunt
1382 1320 1541 1360 voces
1583 1304 1785 1373 piarum

196 1405 634 1476 deprecationum
662 1404 715 1457 in
740 1402 1030 1472 Scripturis
1067 1400 1297 1465 sanctis,
1327 1397 1523 1468 quibus
1548 1392 1787 1449 ostendi-

196 1506 303 1559 tur,
330 1512 395 1551 ea
419 1497 532 1566 ipsa
557 1511 677 1565 qua:
705 1493 1086 1565 prmcipiuntur
1126 1506 1156 1545 a
1188 1491 1320 1554 Deo,
1368 1503 1475 1542 non
1527 1486 1644 1542 ﬁeri
1685 1484 1787 1538 nisi

195 1586 359 1643 dante
385 1595 544 1658 atque
568 1585 851 1663 adjuvante
882 1584 969 1655 qui
1000 1582 1257 1653 pra-cipit.
1296 1578 1619 1634 Mendaciter
1644 1577 1788 1632 enim

195 1688 472 1749 petuntur,
496 1678 541 1734 si
562 1693 625 1733 ea
646 1694 751 1733 non
773 1677 1058 1745 adjuvante
1078 1676 1195 1744 ejus
1215 1674 1383 1744 gratia
1406 1672 1580 1727 facere
1606 1686 1788 1741 posse-

196 1787 338 1827 mus.
379 1770 518 1839 Quid
560 1780 667 1825 tam
709 1769 1030 1840 generaliter
1066 1767 1401 1836 maximeque
1445 1762 1783 1834 praecipitur,

193 1875 355 1930 quam
383 1860 684 1917 obedientia
713 1874 813 1930 qua
842 1857 1216 1913 custodiuntur
1251 1854 1501 1909 mandata
1544 1852 1677 1907 Dei?
1718 1852 1788 1907 Et

196 1960 375 2005 tamen
402 1949 543 2005 haue
572 1950 875 2013 invenimus
905 1949 1078 2019 optari
1108 1964 1122 2002 :
1151 1946 1251 2013 Tu,
1283 1945 1475 2015 inquit,
1505 1944 1787 2014 praecepisti

193 2040 439 2093 mandata
462 2051 547 2093 tua
577 2040 818 2095 custodiri
843 2039 1012 2093 nimis.
1039 2037 1245 2092 Deinde
1266 2035 1506 2104 sequitur
1535 2052 1548 2086 :
1577 2031 1787 2088 Utinam

193 2131 485 2203 dirigantur
530 2132 625 2186 vite
672 2146 834 2195 mete,
885 2131 952 2183 ad
998 2127 1353 2183 custodiendas
1392 2126 1787 2197 justiﬁcationes

196 2233 312 2276 tuas
341 2237 361 2272 :
389 2231 507 2275 tunc
531 2238 633 2276 non
660 2222 967 2292 confundor,
1000 2220 1121 2272 dum
1142 2218 1354 2288 inspicio
1376 2217 1427 2270 in
1457 2217 1627 2270 omnia
1650 2232 1788 2269 man-

194 2312 316 2365 data
346 2323 434 2365 tua
475 2310 643 2383 (Psal.
676 2326 854 2375 cxvut,
897 2309 1044 2381 4-6).
1076 2308 1227 2378 Quod
1261 2308 1427 2362 Deum
1468 2306 1786 2376 praecepisse

193 2417 356 2473 supra
387 2403 596 2473 posuit,
630 2402 733 2457 hoc
772 2412 826 2456 ut
855 2417 883 2455 a
914 2416 972 2457 se
1013 2401 1321 2470 impleretur
1365 2399 1383 2430 ί
1416 2396 1635 2469 optavit.
1675 2397 1785 2450 Iloc

194 2493 253 2547 iit
277 2495 461 2563 utique
490 2508 558 2548 ne
589 2502 836 2563 peccetur
869 2510 883 2547 :
915 2491 1057 2563 quod
1078 2492 1119 2545 si
1147 2498 1421 2561 peceatum
1450 2489 1626 2554 fuerit,
1653 2502 1786 2556 pne-

193 2584 392 2653 cipitur
443 2593 499 2637 ut
544 2583 833 2653 poeniteat;
875 2596 945 2636 ne
986 2579 1296 2636 defensione
1341 2589 1391 2633 et
1442 2578 1784 2633 excusatione

196 2674 403 2744 peccati
448 2683 635 2743 pereat
670 2671 1025 2743 superbiendo
1051 2672 1138 2742 qui
1166 2668 1324 2733 fecit,
1352 2669 1476 2724 dum
1525 2683 1629 2723 non
1668 2666 1786 2721 vult

195 2765 506 2836 pmnitendo
534 2765 709 2836 perire
739 2764 879 2835 quod
912 2764 1056 2819 fecit.
1100 2762 1276 2817 Etiam
1306 2761 1406 2816 hoc
1444 2776 1475 2815 a
1506 2760 1617 2814 Deo
1643 2760 1783 2829 peti-

196 2868 303 2925 tur,
336 2868 395 2913 ut
423 2858 753 2929 intelligatur
783 2872 886 2911 nou
919 2855 1057 2922 ﬁeri,
1084 2855 1186 2911 nisi
1208 2870 1275 2910 eo
1296 2861 1587 2925 praestante
1616 2866 1647 2906 a
1675 2866 1783 2922 quo

195 2952 411 3022 petitur.
438 2948 603 3018 Pone,
627 2950 824 3021 inquit,
859 2949 1075 3003 Domine
1092 2990 1107 3015 ,
1142 2947 1425 3003 custodiam
1452 2946 1530 3001 ori
1552 2959 1661 3000 meo
1681 2984 1697 3011 ,
1734 2953 1785 3000 et

194 3044 377 3097 ostium
416 3044 738 3098 continentia:
775 3043 964 3096 circum
991 3042 1125 3097 labia
1152 3057 1305 3096 mea:
1338 3057 1399 3094 ne
1440 3038 1658 3095 declines
1698 3054 1787 3093 cor

194 3150 361 3187 meum
398 3134 453 3186 in
486 3132 634 3187 verba
664 3134 889 3204 maligna
911 3173 929 3199 ,
972 3132 1041 3185 ad
1067 3130 1411 3185 excusandum
1436 3131 1785 3185 excusationes

194 3225 247 3279 in
295 3225 555 3294 peccatis,
604 3240 721 3278 cum
765 3223 1047 3278 hominibus
1099 3221 1422 3293 operantibus
1470 3220 1783 3292 iniquitatem

193 3315 365 3386 (Psal.
390 3332 513 3381 exs,
537 3316 591 3383 '5,
619 3316 699 3387 4).
729 3315 783 3371 Si
809 3330 936 3386 ergo
960 3323 1015 3370 et
1041 3312 1341 3369 obedientia
1365 3327 1463 3383 qua
1495 3311 1612 3381 ejus
1634 3326 1785 3364 man-

193 3409 314 3464 data
339 3423 638 3475 servamus,
671 3418 724 3464 et
747 3407 1063 3478 pcenitentia
1092 3422 1194 3477 qua
1222 3414 1440 3476 peccata
1464 3412 1645 3459 nostra
1674 3418 1781 3458 non

191 3517 537 3569 excusamus,
574 3500 668 3557 sed
698 3515 1037 3565 accusamus,
1076 3508 1292 3570 Optatur
1321 3509 1374 3554 et
1400 3499 1630 3569 petitur;
1672 3512 1787 3551 ma-

192 3592 447 3646 nifestum
476 3600 560 3647 cst
583 3591 705 3662 quia
731 3607 855 3647 cum
884 3590 963 3658 lit,
996 3591 1087 3645 illo
1108 3589 1269 3645 dante
1295 3588 1543 3653 habetur,
1570 3588 1662 3644 illo
1690 3587 1785 3642 ad-

188 3683 412 3755 juvante
457 3684 777 3754 completur.
826 3682 1079 3753 Apertius
1123 3681 1283 3737 etiam
1325 3681 1520 3736 dicitur
1566 3689 1786 3750 propter

191 3775 578 3841 obedientiam,
612 3776 654 3828 Α
688 3774 902 3829 Domino
926 3791 1124 3846 gressus
1147 3774 1367 3828 hominis
1392 3773 1702 3844 diriguntur,
1738 3781 1786 3826 et

190 3868 325 3921 viam
351 3869 463 3939 ejus
495 3867 624 3921 volet
670 3865 844 3939 (Psal.
888 3882 1091 3931 xxxv1,
1129 3865 1223 3937 25)
1257 3883 1272 3919 :
1301 3864 1449 3920 etde
1475 3862 1785 3934 poenitentia

189 3956 321 4013 dicit
361 3957 682 4027 Apostolus,
726 3956 812 4012 Ne
839 3959 971 4030 forte
1008 3958 1091 4013 det
1118 3955 1225 4011 illis
1259 3955 1400 4011 Deus
1438 3954 1785 4027 penitentiam

192 4045 658 4121 ωπηηβῆ

258 4142 355 4197 45.
388 4141 465 4196 De
485 4141 597 4212 ipsa
620 4140 779 4196 etiam
808 4139 1132 4196 continentia
1153 4154 1330 4196 nonne
1350 4139 1684 4223 apertissime
1704 4138 1785 4193 di-

186 4244 337 4291 ctum
358 4243 443 4290 est
460 4250 475 4288 :
502 4233 702 4288 Etcum
722 4234 899 4288 scirem
917 4234 1035 4304 quia
1056 4249 1200 4288 nemo
1221 4242 1379 4305 potest
1400 4250 1507 4288 esse
1526 4234 1784 4288 continens

189 4328 291 4383 nisi
315 4326 459 4382 Deus
485 4327 601 4391 det,
633 4336 679 4381 et
703 4326 797 4380 hoc
824 4328 993 4397 ipsum
1034 4336 1142 4382 erat
1165 4328 1460 4398 sapientice,
1486 4328 1617 4384 scire
1640 4329 1787 4401 cujus

190 4426 318 4473 esset
348 4418 444 4470 hoc
472 4417 662 4471 donum
688 4416 842 4486 (Sap.
870 4432 960 4472 vm
980 4458 995 4482 ,
1023 4416 1158 4489 ειη

264 4507 497 4564 CAPUT
530 4507 687 4562 XLII.
717 4536 788 4548 --
813 4506 1135 4563 Continentia
1158 4508 1276 4562 item
1304 4517 1352 4562 et
1377 4509 1626 4579 sapientia
1654 4525 1786 4564 non-

193 4600 294 4654 nisi
308 4616 341 4653 a
358 4597 467 4654 Deo
491 4608 810 4669 praestantur.
839 4599 947 4656 Sed
966 4600 1105 4655 forte
1128 4600 1453 4656 continentia
1474 4601 1672 4657 donum
1691 4601 1788 4658 Dei

194 4700 278 4747 est
296 4733 312 4757 ,
340 4691 657 4763 sapientiam
688 4705 817 4748 vero
842 4691 942 4748 sibi
982 4692 1096 4763 ipse
1126 4692 1287 4748 homo
1315 4702 1570 4764 praestat,
1600 4710 1701 4765 qua
1728 4694 1790 4750 il-

194 4785 283 4840 lud
310 4785 515 4840 donum
540 4800 646 4840 non
677 4800 833 4841 suum
853 4829 868 4853 ,
898 4786 994 4843 sed
1020 4787 1115 4844 Dei
1154 4803 1274 4845 esse
1302 4800 1607 4861 cognoscat.
1636 4790 1748 4847 Imo
1770 4833 1787 4860 ,

194 4874 452 4932 Dominus
474 4877 725 4948 sapientes
752 4879 874 4948 facit
901 4895 1058 4934 cacas
1082 4878 1251 4953 (Psal.
1282 4894 1442 4946 CXLV,
1476 4881 1530 4955 8)
1555 4898 1569 4949 ;
1596 4892 1670 4948 et,
1693 4882 1792 4938 Te-

197 4969 493 5025 stimonium
516 4966 726 5024 Domini
770 4968 952 5040 ﬁdele,
985 4971 1287 5042 sapientiam
1330 4982 1538 5044 prwstat
1566 4974 1791 5046 parvulis

198 5062 371 5136 (Psal.
406 5077 530 5117 xvtu
552 5104 568 5129 ,
612 5062 707 5133 8);
739 5071 828 5130 et,
857 5062 918 5117 Si
940 5063 1052 5132 quis
1079 5063 1269 5135 indiget
1298 5064 1546 5135 sapientia
1566 5107 1581 5132 ,
1611 5076 1789 5137 postu-

197 5156 263 5209 let
292 5171 325 5208 a
355 5152 467 5209 Deo
487 5195 504 5221 ,
534 5154 621 5224 qui
645 5154 733 5208 dat
762 5154 992 5209 omnibus
1017 5156 1275 5225 afﬂuenter
1294 5195 1311 5222 ,
1343 5166 1511 5211 etnon
1533 5157 1790 5230 imprope-

196 5256 312 5312 rat;
342 5255 389 5301 et
419 5244 623 5298 dabitur
650 5245 697 5298 ei
725 5241 924 5316 (Jacobi
953 5260 1002 5310 ι,
1034 5245 1113 5317 5).
1158 5245 1438 5316 Sapientes
1468 5256 1646 5304 autem
1673 5264 1794 5304 esse

196 5335 438 5408 virgines
485 5334 671 5399 decet,
720 5349 789 5389 ne
836 5335 1111 5406 lampades
1158 5352 1341 5392 earnm
1388 5338 1795 5409 exstinguantur

198 5426 417 5500 (Matth.
449 5444 584 5495 xxv,
608 5426 685 5497 Δ).
708 5425 987 5495 Quomodo
1013 5428 1302 5498 sapientes,
1334 5428 1438 5484 nisi
1464 5445 1565 5484 non
1585 5431 1690 5485 alta
1710 5449 1795 5485 sas

197 5524 413 5595 pientes,
434 5521 525 5578 sed
549 5521 824 5575 humilibus
848 5523 1208 5577 consentientes
1231 5522 1406 5592 (Rom.
1435 5537 1531 5590 xu,
1556 5521 1682 5595 £6)?
1705 5524 1796 5578 Di-

196 5617 272 5671 xit
299 5614 444 5671 enim
479 5613 674 5667 homini
696 5613 809 5683 ipsa
836 5612 1126 5684 Sapientia,
1157 5613 1288 5670 Ecce
1310 5616 1471 5687 pietas
1500 5624 1572 5670 est
1593 5617 1796 5687 sapien-

200 5712 271 5765 tia
296 5709 419 5781 (Job
443 5725 628 5773 xxvut,
662 5707 778 5779 28).
810 5708 866 5764 Si
892 5722 1018 5778 ergo
1047 5708 1178 5763 nihil
1210 5708 1375 5765 habes
1399 5708 1540 5779 quod
1568 5722 1672 5763 non
1700 5724 1793 5763 ac-

199 5801 420 5872 cepisti,
454 5799 562 5854 noli
589 5800 750 5853 altum
769 5816 979 5869 sapere,
1009 5799 1095 5854 sed
1119 5801 1236 5854 time
1262 5799 1437 5871 (Rom.
1468 5816 1517 5857 xt
1539 5841 1554 5869 ,
1586 5799 1702 5871 20).
1728 5798 1798 5855 Et.

262 5914 283 5948 ⁸
300 5915 375 5967 lic
398 5922 505 5967 tus.
526 5920 586 5964 At
605 5911 742 5971 editi.
759 5917 809 5962 ut
830 5910 880 5963 in
903 5926 954 5964 se
977 5912 1274 5975 impleretur.

1622 406 1824 508 LIBER
1867 452 2062 512 UNUS.

3382 467 3488 524 422

1905 567 2010 621 noli
2036 568 2303 626 modicum
2333 572 2552 645 diligere
2572 618 2585 641 ,
2613 578 2763 647 quasi
2791 592 2821 631 a
2846 594 2952 650 quo
2988 580 3081 636 tibi
3110 581 3377 640 modicum
3403 586 3488 639 di-

1901 660 2121 717 missum
2147 674 2228 719 est
2247 684 2262 722 :
2284 666 2376 721 sed
2408 668 2581 737 potius
2609 670 2831 726 multant
2859 673 3041 743 dilige,
3062 690 3091 729 a
3108 690 3215 746 quo
3244 676 3335 732 tibi
3352 679 3488 732 mul-

1900 760 2013 805 tum
2043 753 2295 810 tributum
2324 767 2424 839 est.
2456 758 2511 815 Si
2542 760 2685 815 enim
2716 762 2903 834 diligit,
2923 766 3009 820 cui
3034 765 3286 823 donatum
3317 778 3400 824 est
3419 786 3488 826 ne

1898 842 2180 910 redderet;
2211 856 2410 916 quanto
2441 851 2609 921 magis
2635 850 2794 907 debet
2820 853 3042 925 diligere
3064 899 3076 922 ,
3118 858 3200 912 cui
3230 858 3483 915 donatum

1897 942 1979 988 est
2006 942 2062 989 ut
2091 935 2495 993 haberet?Nam‘
2520 948 2577 994 et
2603 942 2843 1013 quisquis
2866 944 2934 998 ab
2950 946 3099 1001 initio
3125 949 3347 1018 pudicus
3364 966 3486 1020 pcr-

1897 1036 2093 1095 manet,
2123 1030 2191 1084 ab
2219 1030 2308 1084 illo
2334 1032 2569 1103 regitur;
2600 1041 2654 1088 et
2675 1035 2919 1106 quisquis
2943 1052 3010 1091 ex
3036 1037 3303 1108 impudico
3328 1043 3483 1111 pudi-

1895 1131 1989 1172 cus
2020 1117 2097 1185 lit,
2127 1120 2195 1175 ab
2222 1121 2311 1176 illo
2340 1123 2658 1196 corrigitur;
2691 1136 2745 1182 et
2770 1128 3010 1199 quisquis
3043 1146 3210 1201 usque
3239 1133 3291 1187 in
3322 1133 3481 1189 linem

1896 1207 2193 1278 impudicus
2216 1222 2334 1280 est,
2362 1214 2429 1269 ab
2468 1216 2562 1272 illo
2591 1217 2876 1273 deseritur.
2908 1218 3023 1275 Hoc
3054 1231 3233 1277 autem
3262 1223 3352 1279 ille
3389 1240 3483 1279 oc-

1894 1300 2038 1355 culto
2057 1300 2259 1371 judicio
2286 1303 2460 1360 facere
2490 1315 2687 1377 potest,
2707 1310 2889 1380 iniquo
2915 1327 3020 1365 non
3052 1319 3229 1382 potest
3259 1330 3274 1366 :
3307 1323 3359 1369 et
3378 1316 3485 1368 l'or-

1895 1400 2037 1446 tasse
2066 1391 2186 1448 ideo
2226 1394 2350 1450 latet
2373 1440 2385 1462 ,
2421 1407 2472 1451 ut
2506 1398 2624 1468 plus
2670 1400 2951 1468 timeatur,
2983 1410 3038 1457 et
3079 1403 3259 1460 minus
3288 1419 3482 1475 supcr-

1893 1480 2089 1539 biatur.

1961 1572 2188 1631 CAPUT
2217 1576 2399 1632 XLIII.
2431 1609 2505 1619 -—
2531 1580 2621 1635 44.
2654 1579 2734 1635 De
2772 1580 2885 1652 ipso
2923 1580 3019 1636 Dei
3050 1582 3183 1638 dono
3221 1600 3284 1638 ne
3306 1601 3362 1639 se
3391 1601 3480 1639 ea;-

1892 1664 2071 1719 tollant
2112 1667 2347 1739 virgines.
2382 1669 2583 1726 Deinde
2605 1672 2716 1741 jam
2758 1673 2936 1728 sciens
2964 1672 3160 1741 homo,
3189 1677 3356 1746 gratia
3389 1678 3481 1733 Dei

1891 1771 1950 1811 se
1987 1771 2106 1812 esse
2133 1759 2271 1828 quod
2303 1770 2384 1815 est
2405 1803 2420 1827 ,
2464 1777 2572 1816 non
2602 1763 2799 1818 incidat
2825 1764 2877 1819 in
2918 1766 3082 1821 alium
3110 1769 3374 1837 superbia:
3407 1769 3485 1824 la-

1890 1861 2118 1917 queum,
2162 1860 2221 1903 ut
2249 1849 2315 1904 de
2341 1849 2453 1921 ipsa
2486 1852 2577 1907 Dei
2621 1855 2789 1924 gratia
2825 1871 2885 1911 se
2913 1858 3221 1914 extollendo
3262 1872 3482 1931 spernat

1890 1948 2132 1996 caeteros.
2164 1941 2283 2011 Quo
2308 1944 2436 1999 vitio
2462 1946 2599 2001 alius
2621 1947 2639 1979 ί
2671 1948 2759 2003 ille
2785 1948 3082 2019 phariszeus
3102 1992 3118 2019 ,
3145 1962 3201 2007 et
3228 1952 3296 2008 de
3321 1953 3481 2009 bonis

1889 2044 2008 2100 qua:
2033 2030 2262 2088 habebat
2302 2034 2409 2089 Deo
2435 2037 2634 2107 gratias
2672 2038 2895 2110 agebat,
2922 2050 2976 2096 et
3002 2048 3180 2097 tamen
3224 2056 3282 2098 se
3319 2060 3482 2113 super

1889 2124 2226 2193 publicanum
2246 2137 2458 2196 peccata
2482 2129 2825 2186 conﬁtentem
2846 2133 3140 2190 extollebat
3159 2133 3308 2207 (Luc.
3329 2152 3477 2201 xvtn,

1890 2214 2101 2286 10-14).
2141 2216 2278 2285 Quid
2308 2218 2466 2289 igitur
2503 2219 2663 2277 iaciat
2688 2223 2873 2294 virgo,
2904 2224 3029 2294 quid
3058 2226 3291 2296 cogitet,
3323 2242 3393 2283 ne
3420 2243 3481 2283 se

1888 2306 2110 2360 extollat
2133 2320 2294 2377 super
2318 2323 2413 2364 eos
2438 2310 2523 2365 vel
2568 2327 2660 2367 eas
2683 2329 2803 2383 qua:
2834 2313 2938 2369 hoc
2965 2324 3071 2369 tam
3101 2332 3293 2386 magno
3335 2317 3479 2371 dono

1888 2397 2107 2450 carent?
2130 2396 2317 2468 Neque
2343 2400 2487 2454 enim
2518 2401 2770 2458 simulare
2795 2403 2956 2459 debet
2980 2404 3352 2473 humilitatem,
3382 2409 3477 2462 sed

1888 2487 2139 2544 exhibere
2172 2507 2185 2543 :
2217 2506 2339 2545 nam
2370 2493 2637 2548 simulatio
2667 2493 2983 2551 humilitatis
3027 2497 3199 2568 major
3227 2500 3477 2569 superbia

1887 2588 1989 2633 est.
2022 2579 2223 2635 Idcirco
2260 2582 2531 2653 Scriptura
2557 2585 2741 2641 volens
2767 2588 3051 2643 ostendere
3082 2604 3325 2645 veracem
3374 2590 3477 2644 hu-

1889 2671 2164 2726 militatem
2194 2686 2312 2727 esse
2341 2684 2624 2742 Oportere,
2670 2690 2792 2731 cum
2821 2676 3081 2745 dixisset,
3115 2678 3318 2746 Quanto
3363 2697 3478 2733 ma-

1885 2777 2015 2833 gnus
2057 2778 2147 2829 es,
2202 2771 2341 2818 tanto
2388 2764 2602 2819 humilia
2649 2776 2697 2821 te
2746 2768 2800 2821 in
2848 2769 3121 2834 omnibus;
3170 2786 3294 2827 mox
3339 2786 3477 2841 quo-

1886 2868 1991 2925 que
2018 2854 2283 2921 subdidit,
2334 2865 2381 2910 et
2408 2873 2580 2911 coram
2623 2857 2731 2912 Deo
2760 2860 2979 2914 invenies
3007 2862 3224 2932 gratiam
3267 2860 3474 2935 (Eccli.

1888 2962 1993 3013 ιιι,
2041 2946 2161 3020 20)
2209 2964 2223 3002 :
2274 2950 2455 3020 utique
2497 2950 2585 3005 ubi
2634 2965 2695 3006 se
2740 2950 3003 3008 fallaciter
3045 2951 3322 3009 humiliare
3369 2969 3476 3009 non

1887 3051 2088 3112 posset.

1957 3130 2185 3188 CAPUT
2214 3132 2398 3187 XLIV.
2431 3164 2500 3173 —
2527 3135 2615 3190 45.
2654 3135 2791 3203 Quid
2819 3135 3143 3206 cogitandum
3170 3136 3355 3208 virgini
3375 3178 3388 3200 ,
3422 3146 3479 3192 ut

1886 3224 2125 3277 veraciter
2152 3240 2206 3278 se
2231 3240 2330 3278 non
2356 3224 2541 3278 audeat
2570 3227 2770 3280 mulieri
2794 3227 2871 3281 vel
2895 3229 3183 3300 conjugatae
3209 3232 3473 3301 praferre.

1888 3313 2118 3370 Proinde
2144 3316 2271 3386 quid
2300 3316 2579 3373 dicemus?
2605 3318 2774 3375 Estne
2802 3320 2999 3391 aliquid
3030 3321 3170 3392 quod
3199 3323 3346 3393 virgo
3384 3323 3477 3378 Dci

1885 3408 2148 3463 veraciter
2173 3409 2403 3479 cogitet,
2433 3409 2574 3465 unde
2599 3425 2658 3466 se
2690 3410 2831 3466 lideli
2860 3412 3108 3480 mulieri,
3138 3429 3244 3469 non
3271 3424 3478 3470 tantum

1887 3499 2080 3565 viduae,
2107 3515 2293 3555 verum
2321 3502 2479 3555 etiam
2506 3501 2802 3574 conjugatze
2833 3502 3087 3574 prmferre
3116 3519 3222 3559 non
3248 3505 3480 3561 audeat?

1887 3588 2003 3645 Non
2030 3604 2130 3660 ego
2165 3590 2447 3661 reprobam
2474 3590 2596 3646 dico
2630 3610 2642 3646 :
2678 3608 2799 3647 nam
2831 3594 2950 3664 quis
2987 3595 3193 3650 nesciat
3219 3594 3480 3651 obedien-

1890 3691 1998 3739 tem
2026 3682 2305 3739 mulierem
2332 3684 2656 3739 inobedicnti
2681 3685 2873 3755 virgini
2902 3686 3351 3757 prmponendam?
3372 3687 3478 3743 Sed

1887 3788 2008 3829 cum
2036 3773 2208 3829 amba:
2236 3782 2360 3828 sunt
2384 3773 2699 3829 obedientes
2721 3776 3003 3847 princeptis
3032 3776 3158 3844 Dei,
3202 3778 3344 3833 itane
3374 3789 3481 3833 tre-

1888 3863 2093 3937 pidabit
2132 3874 2370 3919 sanctam
2400 3864 2756 3934 virginitatem
2788 3866 2948 3920 etiam
2993 3867 3155 3921 castis
3182 3868 3380 3936 nuptiis
3424 3879 3481 3924 et

1889 3958 2269 4015 continentiam
2300 3957 2552 4028 przet‘crre
2588 3958 2855 4014 connubio
2875 4000 2890 4025 ,
2932 3958 3161 4014 fructum
3189 3969 3476 4016 centenum

1890 4050 2080 4120 praeire
2126 4048 2365 4105 triceno?
2394 4049 2506 4105 lmo
2532 4064 2663 4105 vero
2707 4065 2814 4104 non
2843 4048 3050 4106 dubitet
3088 4048 3227 4106 hanc
3258 4067 3369 4108 rem
3403 4052 3479 4107 illi

1889 4142 1969 4198 rei
1993 4157 2320 4213 praeponere.
2352 4142 2474 4197 Ilaec
2506 4152 2682 4199 tamen
2713 4142 2797 4199 vel
2829 4143 2942 4199 luec
2969 4143 3116 4214 virgo
3141 4144 3396 4200 obediens
3426 4155 3481 4201 et

1890 4232 2059 4287 Deum
2091 4233 2316 4297 timens,
2347 4232 2423 4287 illi
2451 4234 2532 4288 vel
2571 4234 2645 4288 illi
2678 4233 2887 4288 mulieri
2914 4234 3182 4289 obedienti
3223 4245 3279 4291 et
3308 4235 3478 4291 Deum

1892 4324 2098 4380 timenti
2118 4339 2175 4380 se
2197 4324 2463 4381 anteferre
2483 4340 2590 4380 non
2617 4325 2809 4380 audeat
2832 4342 2845 4378 :
2870 4325 3100 4395 alioquin
3131 4342 3239 4380 non
3260 4326 3361 4381 erit
3381 4325 3481 4382 hu-

1891 4418 2054 4484 milis,
2072 4426 2126 4473 et
2149 4417 2288 4473 Deus
2311 4418 2540 4488 superbis
2565 4418 2753 4473 resistit
2771 4416 2977 4488 (Jacobi
3004 4435 3077 4485 tv,
3097 4418 3171 4487 6).
3200 4418 3336 4488 Quid
3353 4435 3484 4490 ergo

1892 4509 2180 4582 cogitabit?
2203 4508 2417 4565 Occulta
2448 4508 2655 4566 scilicet
2682 4509 2821 4565 dona
2851 4510 2977 4577 Dei,
3009 4526 3128 4581 quze
3158 4511 3370 4566 nonnisi
3402 4510 3485 4565 in-

1893 4607 2183 4679 terrogatio
2210 4606 2518 4663 teutationis
2537 4648 2551 4673 ,
2583 4607 2743 4663 etiam
2774 4606 2827 4661 in
2849 4607 3169 4677 semetipso,
3198 4606 3487 4676 unicuique

1893 4699 2131 4756 declarat
2149 4698 2193 4752 ⁸.
2223 4696 2296 4755 Ut
2322 4699 2464 4753 enim
2491 4706 2683 4753 cmtera
2715 4707 2955 4764 taceam;
2988 4697 3128 4752 unde
3153 4697 3255 4753 scit
3293 4697 3443 4768 virgo
3470 4742 3484 4761 ,

1893 4792 2135 4861 quamvis
2160 4790 2385 4846 sollicita
2417 4805 2537 4861 quae
2563 4799 2688 4844 sunt
2712 4788 2955 4856 Domini,
2984 4787 3253 4859 quomodo
3278 4788 3487 4859 placeat

1895 4882 2122 4938 Domino
2149 4882 2190 4953 (I
2215 4881 2334 4938 Cor.
2361 4896 2454 4949 vn,
2486 4879 2599 4954 39.),
2629 4895 2699 4935 ne
2727 4880 2863 4936 torte
2886 4888 3104 4953 prepter
3126 4879 3354 4948 aliquam
3379 4879 3483 4934 sibi

1897 4973 2216 5045 incognitam
2242 4973 2436 5028 mentis
2465 4971 2863 5039 inﬁrmitatem,
2906 4970 3139 5026 nondum
3180 4970 3249 5024 sit
3275 4979 3480 5023 matura

1896 5066 2151 5140 martyrio
2168 5108 2184 5134 ,
2217 5067 2306 5122 illa
2331 5081 2459 5122 vero
2488 5066 2679 5121 mulier
2701 5065 2787 5120 cui
2812 5079 2872 5119 se
2900 5062 3153 5134 praeferre
3180 5061 3443 5132 gestiebat
3466 5104 3481 5127 ,

1892 5158 2003 5229 jam
2027 5159 2193 5229 possit
2214 5158 2398 5212 bibere
2423 5157 2644 5212 calicem
2661 5156 2942 5212 dominica:
2972 5154 3303 5217 humilitatis,
3322 5169 3480 5224 quem

1898 5252 2046 5322 prius
2095 5249 2382 5306 bibendum
2437 5249 2712 5319 discipulis
2762 5247 3089 5303 amatoribus
3142 5245 3488 5302 sublimitatis

1898 5343 2146 5415 opposuit
2187 5341 2414 5415 (Matth.
2448 5356 2515 5395 xx
2538 5380 2554 5407 ,
2576 5340 2649 5394 ‘22
2673 5340 2735 5410 )‘l
2778 5339 2949 5406 Unde,
2985 5339 3217 5410 inquam,
3252 5339 3391 5401 scit,
3418 5354 3486 5395 ne

1899 5436 2038 5493 forte
2084 5434 2199 5505 ipsa
2252 5431 2485 5489 nonduin
2537 5432 2608 5487 sit
2651 5431 2868 5500 Thecla,
2918 5430 3031 5501 jam
3078 5431 3149 5486 sit
3201 5430 3288 5486 illa
3334 5428 3486 5486 Cris-

1901 5524 2183 5605 unum

1967 5666 1983 5732 ξ
2008 5660 2229 5732 Νρμιιιιιιί
2252 5669 2383 5722 Mss.
2400 5657 2546 5732 σιειςες

1965 5729 1987 5759 ι
2010 5727 2148 5785 Editi,
2179 5736 2293 5788 qius
2529 5719 2903 5788 interrogatione
2936 5721 3202 5773 tentationis
3241 5721 3386 5773 etiam
3418 5734 3493 5773 se-

1901 5788 2158 5850 metipsum
2178 5785 2436 5850 unicuique
2459 5785 2729 5850 declarant.
2752 5786 3055 5850 Castigantur
3080 5797 3144 5833 ex
3163 5790 3266 5835 Mss.

1968 5846 2040 5911 (a)
2074 5848 2249 5900 Thecla
2272 5846 2410 5911 virgo
2431 5846 2758 5911 percelebris,
2783 5846 2901 5910 quae
2913 5846 3006 5895 sub
3028 5854 3222 5911 Nerone,
3240 5857 3382 5907 ignes
3404 5858 3493 5905 rm

1906 5906 2089 5965 unum
2120 5926 2176 5964 ac
2208 5906 2385 5963 bestiis
2417 5906 2543 5962 vicit.
2574 5910 2783 5974 Cispina
2803 5906 2939 5959 sero
2977 5906 3151 5958 mula
3176 5906 3499 5970 't'bagarensts
