4048 6512
518 441 624 497 425

586 549 812 611 CAPUT
844 545 1002 604 XLV.
1034 573 1104 584 —
1136 540 1353 595 Fructus
1377 548 1632 598 centenus,
1654 547 1928 601 sexagenus
1950 537 1993 582 et
2018 526 2109 579 tri-

517 664 669 704 cenas
693 644 828 699 varie
857 638 1154 694 intellectus.
1186 634 1345 689 Certe
1376 630 1475 685 nisi
1502 628 1641 683 adsit
1677 623 1898 680 tentatio
1917 662 1933 687 ,
1966 618 2110 673 nulla

519 740 645 797 doni
666 736 825 806 hujus
849 733 907 786 fit
927 727 1334 785 demonstratio.

592 831 683 885 ιδ.
717 827 830 882 Hoc
853 832 1032 879 autem
1074 830 1179 875 tam
1210 830 1458 886 magnum
1488 822 1571 868 est
1591 854 1604 876 ,
1638 820 1695 865 ut
1731 823 1855 864 eum
1885 806 2113 860 fructum

524 932 807 980 centenum
835 919 1049 992 quidam
1077 916 1373 985 intelligant
1395 911 1491 985 (τι).
1525 908 1779 964 Perhibet
1803 904 1946 960 enim
1981 916 2117 971 pra:—

526 991 883 1071 clarissimum
914 1009 1275 1066 testimonium
1308 1000 1665 1059 ecclesiastica
1706 995 1996 1051 auctoritas
2016 1035 2029 1057 ,
2065 991 2117 1044 in

526 1121 631 1177 qua
660 1103 905 1159 fidelibus
950 1109 1136 1156 notum
1164 1106 1277 1163 est,
1308 1109 1416 1166 quo
1444 1093 1562 1147 loco
1589 1097 1849 1174 martyres
1870 1128 1885 1153 ,
1917 1094 1971 1139 et
2014 1097 2120 1177 quo

529 1173 796 1251 defuncta:
838 1189 1271 1248 sanctimoniales
1304 1184 1372 1241 ad
1398 1182 1582 1237 altaris
1622 1185 1955 1234 sacramenta
1985 1173 2122 1228 reci-

534 1298 712 1343 teutur
735 1287 831 1357 (b).
861 1285 965 1341 Sed
993 1282 1118 1353 quid
1161 1278 1420 1350 significet
1450 1270 1789 1329 fecunditatis
1832 1268 1919 1321 illa
1947 1265 2124 1320 diver-

538 1382 669 1436 sitas
691 1423 706 1446 ,
735 1379 963 1435 viderint
990 1376 1077 1447 qui
1107 1375 1221 1429 haec
1248 1371 1437 1426 melius
1463 1380 1619 1437 quam
1658 1378 1755 1418 nos
1785 1359 2120 1428 intelligunt;

536 1474 650 1528 sive
678 1470 950 1541 virginalis
976 1470 1081 1522 vita
1112 1465 1164 1519 in
1191 1470 1416 1518 centeno
1444 1460 1615 1513 fructu
1644 1455 1748 1520 sit,
1782 1453 1834 1506 in
1859 1461 2124 1517 sexageno

539 1563 799 1628 vidualis,
830 1562 883 1615 in
927 1559 1132 1614 triceno
1171 1564 1346 1609 autem
1384 1547 1677 1619 conjugalis
1710 1563 1724 1599 :
1757 1544 1874 1598 sive
1900 1548 2126 1596 centena

538 1654 781 1711 fertilitas
812 1651 1067 1722 martyrio
1096 1648 1269 1719 potius
1300 1646 1620 1715 imputetur,
1651 1650 1912 1707 sexagena
1956 1631 2128 1689 conti-

537 1745 767 1811 nentim,
803 1744 1000 1797 tricena
1043 1738 1345 1803 connubio;
1390 1736 1501 1791 sive
1529 1731 1802 1802 virginitas
1839 1723 2127 1782 accedente

536 1837 795 1907 martyrio
812 1844 1099 1889 centenum
1123 1830 1351 1885 fructum
1382 1827 1452 1880 im
1462 1825 1618 1894 pleal,
1639 1822 1747 1875 sola
1774 1833 1899 1873 vero
1916 1818 1969 1870 in
1984 1827 2128 1870 sexa-

537 1906 772 1998 genoisit
793 1968 808 1993 ,
836 1923 1103 1994 conjugati
1128 1930 1304 1976 autem
1334 1917 1596 1972 tricenum
1628 1913 1856 1966 ferentes
1883 1906 1948 1961 ad
1977 1918 2131 1960 sexa-

537 1996 733 2088 genum
762 2015 1070 2087 perveniant
1096 2012 1142 2068 si
1168 2020 1428 2081 martyres
1452 2004 1650 2060 fuerint
1675 2020 1688 2055 :
1713 2003 1824 2056 sive
1845 1996 1984 2069 quod
2009 2008 2130 2065 pro-

542 2085 774 2162 habilius
797 2106 926 2161 mihi
965 2104 1208 2166 videtur,
1241 2098 1491 2171 quoniam
1520 2094 1713 2150 divina:
1752 2090 1935 2162 gratim
1965 2085 2129 2141 multa

543 2208 671 2254 sunt
694 2212 937 2259 munera,
965 2203 1019 2250 et
1046 2201 1131 2250 est
1156 2190 1301 2247 aliud
1333 2189 1435 2243 alio
1463 2185 1633 2256 majus
1657 2197 1721 2238 ac
1750 2180 1957 2241 melius,
1990 2175 2131 2230 unde

542 2290 673 2343 dicit
712 2287 1000 2357 Apostolus
1020 2326 1034 2349 ,
1064 2280 1406 2338 {Emittamini
1430 2279 1446 2310 ί
1477 2286 1643 2331 autem
1670 2274 1805 2328 dona
1842 2268 2049 2323 meliora
2087 2264 2131 2335 (I

543 2379 663 2435 Cor.
695 2394 803 2445 xu,
830 2377 954 2448 5f);
983 2371 1383 2444 intelligendum
1410 2377 1491 2423 est
1520 2368 1668 2437 plura
1696 2378 1847 2427 esse,
1878 2374 2036 2431 quam
2076 2364 2132 2411 ut

543 2473 596 2525 in
629 2478 738 2525 tres
762 2466 1087 2523 differentias
1109 2461 1353 2520 distribui
1388 2459 1609 2530 possint.
1642 2455 1899 2515 Primum,
1920 2465 1985 2504 ne
2004 2463 2135 2503 con-

542 2561 822 2617 tinentiam
848 2558 1115 2613 vidualem
1138 2564 1229 2609 aut
1254 2555 1307 2608 in
1334 2552 1476 2607 nullo
1508 2550 1678 2604 fructu
1704 2545 2089 2601 constituamus
2113 2580 2129 2608 ,

542 2660 635 2706 aut
659 2651 726 2706 ad
753 2649 1046 2719 conjugalis
1074 2644 1340 2717 pudicitiae
1370 2642 1617 2697 meritum
1647 2638 1975 2706 deponamus
1996 2674 2010 2698 ,
2043 2638 2136 2685 aut

544 2742 787 2812 virginali
806 2741 991 2811 gloria:
1011 2750 1351 2807 coaequemus
1368 2750 1383 2799 ;
1402 2742 1492 2786 aut
1514 2744 1767 2786 coronam
1791 2724 2029 2797 martyrii
2051 2723 2134 2778 vel

544 2835 598 2889 in
628 2833 810 2889 habitu
836 2831 1022 2897 animi,
1047 2827 1254 2885 etiamsi
1282 2825 1419 2880 desit
1450 2820 1754 2878 tentationis
1779 2830 2026 2879 examen,
2048 2813 2135 2869 vel

546 2925 599 2979 in
641 2925 755 2996 ipsa
783 2921 1047 2994 passionis
1075 2915 1406 2988 experientia
1433 2912 1774 2967 constitutam
1793 2948 1808 2974 ,
1835 2904 2052 2961 cuilibet
2071 2902 2137 2959 il-

546 3017 719 3074 larum
748 3016 906 3069 trium
945 3011 1175 3067 castitati
1201 3010 1317 3064 sine
1346 3007 1456 3061 ullo
1495 3005 1824 3060 incremento
1850 2996 2137 3055 fertilitatis

545 3107 799 3166 accedere
811 3105 1199 3162 existimemus.
1218 3097 1443 3165 Deinde,
1460 3096 1549 3150 ubi
1564 3094 1810 3165 ponimus
1824 3090 1967 3163 quod
1983 3087 2139 3145 multi

548 3214 611 3255 ac
652 3198 833 3252 multa:
862 3196 933 3251 ita
959 3192 1263 3250 custodiunt
1289 3188 1671 3247 continentiam
1700 3183 2011 3255 virginalem
2031 3222 2048 3251 ,
2080 3189 2141 3238 ut

548 3298 726 3345 tamen
772 3304 876 3343 non
905 3286 1100 3341 faciant
1123 3299 1241 3354 qua:
1269 3279 1524 3336 Dominus
1548 3278 1656 3343 ait,
1689 3275 1750 3332 Si
1789 3275 1861 3328 vis
1889 3289 1994 3328 esse
2018 3288 2137 3344 per-

548 3385 728 3454 fectus,
756 3378 901 3445 vade,
927 3375 1085 3432 vende
1108 3374 1278 3429 omnia
1301 3388 1415 3443 qua:
1441 3369 1611 3435 habes,
1645 3378 1692 3423 et
1718 3368 1785 3421 da
1813 3365 2136 3439 pauperibus,

548 3458 595 3527 et
621 3471 822 3526 habebis
847 3471 1138 3524 thesaurum
1159 3469 1211 3521 in
1226 3467 1375 3531 creto;
1391 3475 1436 3519 et
1461 3464 1591 3528 veni,
1610 3478 1810 3533 sequere
1824 3476 1901 3513 me
1927 3459 2137 3531 (Matth.

550 3579 637 3617 ιιι
659 3602 674 3627 ,
704 3561 836 3632 2|);
882 3575 979 3616 uec
1008 3558 1239 3614 audeant
1264 3571 1447 3612 eorum
1484 3551 1861 3609 cohabitationi
1905 3551 2096 3605 sociari
2121 3591 2137 3615 ,

552 3657 604 3711 in
636 3656 828 3727 quibus
868 3668 1027 3709 nemo
1055 3653 1182 3708 dicit
1209 3650 1409 3721 aliquid
1437 3648 1707 3718 proprium
1730 3687 1745 3711 ,
1777 3644 1872 3701 sed
1898 3653 2021 3697 sunt
2062 3644 2142 3698 eis

551 3747 731 3801 omnia
757 3745 1059 3800 communia
1087 3742 1224 3813 (Act.
1255 3757 1310 3806 ιι,
1341 3740 1431 3806 44,
1463 3748 1509 3792 et
1542 3754 1615 3803 iv,
1644 3736 1733 3807 52)
1768 3753 1781 3789 :
1815 3733 2015 3787 nihilne
2042 3748 2140 3802 pu-

552 3849 725 3893 tamus
744 3836 1162 3893 fructificatiouis
1179 3832 1433 3889 accedere
1452 3830 1739 3901 virginibus
1766 3829 1882 3894 Dei,
1901 3842 2022 3882 cum
2044 3829 2143 3882 hoc

551 3932 784 4009 faciunt?
801 3940 892 3986 aut
917 3930 1034 3985 sine
1061 3929 1168 3983 ullo
1196 3928 1370 3982 fructu
1399 3940 1518 3980 esse
1540 3923 1773 3993 virgines
1797 3921 1912 3988 Dei,
1934 3917 2143 3974 etiamsi

552 4023 653 4078 hoc
680 4040 783 4078 non
809 4022 1044 4078 faciunt?

621 4114 848 4171 CAPUT
877 4111 1063 4167 XLVI.
1094 4141 1165 4151 -—
1199 4109 1319 4163 Vita
1364 4106 1642 4162 communis
1684 4103 2144 4160 sanctimonialium

553 4206 894 4260 excellentior.
927 4203 1084 4257 Multa
1116 4216 1243 4270 ergo
1285 4208 1408 4253 sunt
1437 4198 1576 4253 dona
1600 4236 1615 4264 ,
1647 4206 1701 4251 et
1729 4196 1846 4250 aliis
1887 4195 1988 4249 alia
2032 4195 2147 4249 cla-

555 4299 696 4352 riora
725 4311 789 4351 ac
814 4294 1087 4365 superiora
1110 4336 1124 4358 ,
1154 4292 1375 4363 singulis
1403 4291 1629 4360 singula.
1664 4288 1729 4343 Et
1755 4286 2040 4357 aliquando
2068 4286 2147 4340 al—

557 4401 639 4446 ter
667 4391 967 4445 fructuosus
992 4397 1074 4442 est
1097 4386 1252 4441 donis
1295 4383 1631 4454 paucioribus
1649 4423 1666 4449 ,
1694 4380 1787 4435 sed
1814 4380 2102 4450 potioribus
2127 4394 2142 4444 ;

556 4481 691 4536 alter
718 4477 1073 4541 inferioribus,
1095 4475 1187 4531 sed
1217 4474 1473 4545 pluribus.
1497 4472 1561 4526 Et
1590 4469 2034 4540 quemadmodum
2065 4469 2147 4523 in-

556 4584 639 4629 ter
661 4588 718 4627 se
743 4570 825 4627 vel
847 4577 1192 4639 comqueutur
1215 4567 1300 4621 vel
1327 4565 1719 4633 distinguantur
1745 4561 1797 4616 in
1823 4559 2146 4630 accipiendis

556 4666 774 4722 mternis
804 4662 1094 4718 honoribus
1114 4701 1129 4726 ,
1171 4659 1290 4729 quis
1322 4658 1597 4711 hominum
1636 4655 1828 4709 audeat
1864 4652 2147 4725 judicare?

555 4760 681 4813 dum
707 4766 881 4812 tamen
908 4760 1119 4808 constet
1145 4760 1199 4807 et
1223 4749 1389 4806 multa
1416 4762 1535 4803 esse
1567 4747 1665 4800 ista
1690 4746 1895 4800 diversa
1916 4786 1930 4809 ,
1959 4752 2013 4799 et
2037 4759 2143 4797 non

554 4850 621 4905 ad
667 4863 904 4920 prmsens
933 4855 1179 4915 tempus,
1211 4842 1308 4899 sed
1350 4842 1401 4895 in
1432 4850 1690 4896 mternum
1737 4837 1989 4909 prodesse
2027 4852 2144 4892 me-

619 4966 636 4997 ¹
663 4971 841 5014 Omnes
860 4968 991 5020 Mss,
1021 4955 1294 5023 lutitantini.
1388 5020 1398 5023 _
1538 5016 1555 5023 _
1839 5013 1851 5023 .
1989 5020 1998 5023 _
2091 5012 2102 5023 .

557 5026 648 5087 (sic
670 5013 779 5087 ejus
798 5013 914 5074 ’Acta
1022 5020 1401 5087 Theodericensi
1431 5025 1516 5087 Ms.
1532 5016 1661 5087 f_o_rte
1683 5029 1772 5087 pro
1800 5013 2144 5087 ῖὴαρρειεηδὶξ,

557 5077 636 5136 vel
666 5077 1002 5150 jrltagurensis)
1025 5082 1185 5150 gladio
1200 5093 1430 5150 percussa
1449 5077 1793 5150 estThebestae
1811 5078 1860 5150 in
1884 5077 2034 5150 africa
2054 5079 2147 5126 sub

557 5138 849 5198 Diocletiano
867 5154 918 5195 et
943 5138 1243 5203 Maximiano,
1270 5141 1467 5193 Anulino
1488 5138 1798 5204 proconsule.
1825 5139 1939 5189 inde
1954 5151 2149 5204 rursum

558 5211 608 5257 in
629 5222 857 5259 sermone
874 5207 984 5267 554,
1009 5207 1069 5257 ad
1085 5208 1420 5267 Contineutes,
1440 5202 1544 5252 m5
1565 5216 1577 5251 :
1610 5220 1633 5249 ι
1650 5206 1867 5267 Cogitate
1881 5236 1896 5261 ,
1921 5202 2005 5259 ait,
2033 5213 2146 5260 per-

566 5263 1113 5331 ssecutionistempore
1134 5280 1232 5331 non
1269 5264 1643 5331 solum__Agnen
1678 5263 1830 5331 fuisse
1872 5270 2148 5331 coronatam

565 5347 589 5374 ι
612 5332 867 5391 virginem,
884 5330 973 5391 sed
990 5324 1042 5380 et
1060 5330 1323 5390 CriSpinam
1347 5324 1640 5391 mulier—em;
1670 5333 1721 5375 et
1736 5326 1880 5391 forte,
1901 5324 2031 5387 quod
2051 5337 2149 5372 non

567 5408 588 5436 ι
608 5387 882 5454 dubitatur,
922 5390 1068 5454 aliqui
1110 5387 1225 5441 tunc
1246 5391 1310 5438 de
1354 5389 1718 5454 continentibus
1738 5387 2056 5446 defecerunt,
2096 5392 2150 5435 et

566 5469 590 5498 ι
612 5450 749 5514 multi
772 5451 837 5500 de
861 5450 1126 5514 coniugatis
1147 5459 1484 5514 pugnaverunt
1505 5458 1653 5512 atque
1676 5451 1962 5514 vicerunth

621 5512 693 5622 (a)
727 5519 857 5563 Hanc
885 5508 1178 5561 sententiam
1199 5508 1355 5562 r'ef'ert
1386 5508 1729 5570 Hieron'mus,
1763 5510 1851 5559 sed
1876 5510 2017 5558 aliam
2043 5508 2149 5570 ipse

644 5576 709 5621 ib.
738 5574 758 5621 1
786 5579 952 5622 contra
974 5574 1288 5622 Jovinianum.
1314 5580 1367 5622 et
1388 5574 1437 5621 in
1453 5526 1612 5621 Matth.
1638 5585 1744 5622 can.
1776 5573 1832 5620 15
1855 5571 2011 5622 eligit.
2036 5583 2146 5622 quae

563 5571 709 5623 inIib.
738 5574 758 5621 1
786 5579 952 5622 contra
974 5574 1288 5631 Jovinianum,
1314 5580 1367 5623 et
1388 5574 1437 5621 in
1453 5571 1612 5621 Matth.
1638 5585 1744 5634 cap.
1776 5573 1832 5620 15
1855 5571 2011 5633 eligit,
2036 5583 2146 5634 quae

562 5635 791 5703 videlicet
821 5634 1141 5703 centesimum
1160 5634 1372 5703 fructum
1391 5635 1674 5703 virginibus,
1693 5633 2056 5697 Sexagesimum
2077 5633 2147 5682 vi-

562 5697 686 5758 duis,
713 5702 765 5745 et
787 5695 1097 5758 trigesimum
1108 5696 1255 5758 castis
1270 5698 1537 5758 eonjugatis
1556 5695 1773 5757 deputat.

622 5756 707 5819 (ὑ),
732 5764 831 5805 Huc
852 5755 1065 5819 pertinet
1088 5755 1204 5819 illud
1225 5756 1291 5819 _in
1307 5755 1535 5819 sermone
1566 5755 1684 5813 159,
1703 5769 1753 5805 n.
1787 5757 1805 5805 1
1836 5769 1848 5804 :
1880 5770 1902 5801 ι
1920 5762 2149 5819 Martyres

569 5837 594 5867 ι
619 5816 686 5869 eo
701 5818 806 5868 loco
826 5818 1089 5866 recitantur
1111 5817 1172 5865 ad
1194 5816 1347 5865 altare
1370 5818 1469 5873 Dei,
1487 5818 1571 5865 ubi
1588 5830 1689 5879 non
1713 5831 1798 5878 pro
1812 5819 1929 5879 ipsis
1951 5816 2141 5871 oretur:

574 5891 590 5923 ι
614 5895 698 5941 pro
720 5880 913 5931 exteris
930 5886 1092 5927 autem
1119 5879 1500 5928 commemoratis
1514 5877 1756 5928 defunctis
1777 5877 1956 5930 oratur.
1978 5898 1998 5926 ι

1446 423 1535 479 DE
1570 419 1836 478 SA'NCTA
1880 410 2346 477 VIRGINITATE,
2391 410 2448 465 S.
2492 406 2857 467 AUGUSTINI

3698 403 3807 458 6‘14

2220 524 2373 578 liora.
2403 522 2504 577 Sed
2535 522 2815 576 Dominum
2847 529 2956 574 tres
2999 516 3227 573 arbitror
3255 516 3490 571 voluisse
3516 513 3807 569 fructifica-

2221 616 2379 669 tionis
2404 628 2825 669 commemorare
2848 610 3174 667 differentias
3200 608 3417 679 (Matth.
3449 624 3565 671 xui,
3594 606 3675 676 8),
3705 621 3810 661 ca:-

2220 715 2361 760 teras
2392 702 2802 774 intelligentibus
2834 701 3129 771 reliquisse.
3162 700 3291 754 Nam
3333 709 3387 754 ct
3414 699 3549 752 alius
3577 711 3809 767 evange-

2223 799 2340 852 lista
2368 794 2539 851 solum
2565 794 3000 851 commemoravit
3027 792 3335 861 centuplum
3364 790 3514 857 (Luc.
3549 805 3640 843 vni
3663 830 3677 851 ,
3708 789 3765 859 8)
3792 806 3807 845 :

2224 891 2478 961 numquid
2531 890 2651 945 ideo
2703 884 2968 959 putandus
3015 895 3096 940 est
3149 885 3250 938 alia
3304 883 3410 937 duo
3464 882 3549 937 vel
3602 882 3812 950 impro-

2224 984 2379 1039 basse
2408 984 2491 1037 vel
2522 984 2791 1054 ignorasse
2816 1021 2831 1048 ,
2870 995 2932 1035 ac
2964 994 3069 1032 non
3102 976 3279 1048 potius
3309 973 3650 1045 intelligenda
3686 972 3810 1026 reli-

2224 1075 2446 1147 quisse?

2296 1168 2387 1223 47.
2416 1165 2520 1223 Sed
2551 1174 2608 1219 ut
2630 1163 2810 1219 dicere
2852 1176 3119 1232 coeperam
3140 1201 3155 1227 ,
3181 1158 3293 1215 sive
3321 1165 3580 1215 centenus
3607 1156 3813 1212 fructus

2226 1259 2296 1314 sit
2323 1259 2432 1314 Deo
2472 1257 2660 1312 devota
2688 1254 2959 1325 virginitas
2980 1295 2996 1320 ,
3024 1252 3139 1308 sive
3165 1252 3269 1305 alio
3294 1250 3472 1320 aliquo
3501 1246 3663 1303 modo
3682 1290 3698 1315 ,
3731 1250 3812 1305 vel

2228 1364 2385 1420 quem
2427 1345 2959 1403 commemoravimus
2981 1386 2995 1409 ,
3027 1343 3113 1398 vel
3154 1357 3309 1412 quem
3349 1357 3452 1395 nou
3483 1353 3817 1394 commemo-

2229 1439 2498 1503 ravimus,
2548 1437 2618 1491 sit
2665 1436 2751 1490 illa
2797 1433 3085 1489 fertilitatis
3134 1430 3474 1502 intelligenda
3520 1429 3816 1494 distantia;

2230 1546 2388 1586 nemo
2441 1540 2657 1596 tamen,
2709 1534 2962 1599 quantum
3014 1534 3179 1596 puto,
3233 1539 3393 1579 ausus
3442 1523 3605 1578 fuerit
3651 1522 3811 1592 virgi-

2229 1625 2449 1677 nitatem
2503 1622 2753 1691 prmferre
2805 1618 3060 1688 martyrio
3092 1658 3107 1683 ,
3166 1629 3229 1671 ae
3280 1630 3442 1670 nemo
3494 1614 3821 1670 dubitaverit

2233 1716 2332 1770 hoc
2358 1715 2554 1770 donum
2599 1714 2859 1769 occultum
2888 1726 3008 1766 esse
3026 1751 3042 1777 ,
3069 1710 3111 1765 si
3140 1709 3492 1764 examinatrix
3519 1707 3664 1764 desit
3704 1717 3821 1763 ten-

2232 1808 2380 1862 latio.

2304 1897 2528 1954 CAPUT
2556 1896 2763 1952 XLVII.
2796 1927 2866 1937 —-
2899 1895 2964 1951 Ut
2991 1912 3089 1950 non
3116 1896 3322 1967 inﬂetur
3350 1894 3489 1965 virgo
3509 1934 3522 1956 ,
3555 1890 3739 1963 cogitet
3768 1906 3820 1945 se

2234 2001 2360 2068 forte
2384 2014 2483 2050 non
2512 2012 2655 2066 posse
2684 2012 2775 2066 pro
2800 1995 2998 2050 Christo
3025 1996 3149 2066 pati,
3174 1995 3310 2066 quod
3336 1995 3490 2065 possit
3517 1994 3817 2064 conjugata.

2235 2090 2405 2146 Habet
2432 2091 2605 2160 itaque
2626 2089 2774 2160 virgo
2794 2088 2934 2160 quod
2958 2089 3152 2158 cogitet
3176 2086 3318 2157 quod
3345 2088 3394 2142 ei
3425 2086 3589 2157 prosit
3615 2084 3685 2140 ad
3708 2100 3822 2140 ser-

2233 2180 2459 2235 vandam
2490 2180 2838 2235 humilitatem
2860 2221 2874 2246 ,
2903 2195 2970 2234 ne
2996 2178 3157 2233 violet
3201 2179 3345 2232 illam
3371 2193 3490 2247 qua:
3517 2175 3818 2247 superemio

2234 2281 2326 2326 net
2350 2270 2505 2325 donis
2534 2270 2781 2325 omnibus
2805 2271 3118 2325 charitatem
3140 2311 3154 2335 ,
3184 2268 3299 2323 sine
3324 2283 3427 2338 qua
3466 2269 3651 2338 utique
3676 2283 3823 2338 quae.

2234 2377 2463 2433 cumque
2488 2361 2589 2416 alia
2617 2362 2700 2416 vel
2727 2376 2889 2431 pauca
2919 2361 3004 2416 vel
3042 2361 3192 2431 plura
3216 2360 3297 2414 vel
3328 2375 3514 2429 magna
3543 2359 3629 2413 vel
3660 2374 3821 2428 parva

2236 2451 2514 2517 habuerit,
2544 2452 2673 2507 nihil
2703 2460 2804 2508 est.
2852 2452 3053 2516 Habet,
3081 2452 3295 2522 inquam
3316 2490 3332 2517 ,
3358 2450 3499 2520 quod
3528 2449 3727 2520 cogitet
3769 2459 3828 2504 ut

2240 2561 2346 2601 non
2368 2544 2600 2609 infletur,
2620 2558 2726 2599 non
2757 2544 3062 2608 aemuletur;
3088 2543 3159 2597 ita
3188 2557 3246 2596 se
3272 2541 3471 2596 scilicet
3503 2539 3701 2593 bonum
3721 2540 3828 2593 vir-

2235 2638 2409 2711 ginale
2431 2636 2693 2708 conjugali
2732 2636 2872 2691 bono
2896 2635 3064 2689 multo
3091 2634 3321 2705 amplius
3349 2642 3403 2687 et
3443 2632 3635 2687 melius
3662 2630 3833 2701 proli-

2238 2731 2358 2797 teri,
2379 2740 2435 2786 ut
2458 2740 2635 2787 tamen
2662 2730 2863 2785 nesciat
2890 2738 3063 2783 utrum
3084 2728 3172 2783 illa
3200 2727 3283 2781 vel
3309 2726 3397 2781 illa
3414 2724 3827 2795 conjugatajam

2238 2823 2348 2895 pati
2376 2837 2472 2893 pro
2500 2822 2711 2877 Christo
2741 2822 2940 2891 possit,
2980 2820 3155 2875 adhuc
3185 2833 3314 2872 vero
3340 2816 3451 2888 ipsa
3481 2832 3587 2871 non
3616 2816 3825 2885 possit,

2238 2923 2294 2973 et
2314 2914 2369 2971 in
2412 2915 2514 2970 hoc
2536 2914 2585 2969 ei
2616 2923 2860 2985 parcatur
2877 2953 2894 2979 ,
2926 2913 3049 2983 quia
3076 2910 3357 2966 infirmitas
3382 2908 3499 2978 ejus
3525 2910 3828 2963 tentatione

2238 3022 2348 3063 non
2393 3006 2766 3076 interrogatur.
2796 3003 2991 3058 Fidelis
3020 3004 3160 3059 enim
3186 3001 3329 3055 Deus
3348 3040 3362 3068 ,
3395 3000 3469 3055 ait
3493 2999 3786 3071 Apostolus
3810 3040 3827 3064 ,

2239 3099 2325 3170 qui
2350 3114 2451 3152 non
2473 3113 2559 3151 vos
2587 3097 2833 3166 permittet
2855 3096 3038 3151 tentari
3065 3112 3216 3165 super
3243 3094 3297 3148 id
3320 3092 3457 3164 quod
3483 3093 3723 3162 potestis;
3744 3094 3831 3147 sed

2241 3192 2391 3263 faciet
2416 3207 2529 3244 cum
2555 3190 2825 3245 tentatione
2845 3190 2995 3243 etiam
3020 3190 3243 3254 exitum,
3274 3196 3331 3241 ut
3360 3187 3563 3257 possitis
3586 3186 3835 3240 sustinere

2240 3283 2288 3355 (I
2314 3283 2430 3338 Cor.
2475 3299 2505 3337 x
2526 3323 2542 3350 ,
2576 3279 2683 3355 I3).
2717 3280 2984 3336 Fortassis
3009 3295 3136 3351 ergo
3173 3279 3248 3334 illi
3276 3278 3359 3334 vel
3404 3278 3508 3333 illae
3533 3278 3834 3349 coujngalis

2241 3376 2364 3430 vita:
2390 3375 2678 3429 retinentes
2700 3373 2753 3427 in
2777 3387 2874 3427 suo
2894 3386 3091 3443 genere
3114 3370 3433 3425 laudabilem
3459 3368 3700 3436 modum,
3719 3369 3830 3439 jam

2242 3467 2447 3537 possint
2459 3474 2640 3520 contra
2658 3465 2930 3520 inimicum
2944 3463 3010 3519 ad
3028 3463 3357 3534 iniquitatem
3371 3470 3653 3532 cogentem
3668 3461 3830 3515 etiam

2244 3557 2443 3611 laniatu
2471 3557 2735 3611 viscerum
2766 3566 2819 3611 et
2844 3554 3101 3610 effusione
3131 3552 3402 3623 sanguinis
3429 3551 3725 3617 dimicare;
3760 3551 3835 3605 illi

2244 3659 2419 3703 autem
2446 3648 2527 3702 vel
2565 3647 2667 3702 illa:
2694 3662 2722 3699 a
2755 3646 2979 3716 pueritia
3005 3645 3341 3701 continentes
3359 3685 3373 3710 ,
3404 3658 3569 3714 seque
3594 3649 3836 3698 castran~

2247 3749 2326 3795 tes
2354 3748 2571 3810 propter
2600 3754 2819 3809 regnum
2843 3738 3123 3799 cmlorum.
3152 3736 3387 3791 nondum
3416 3744 3593 3789 tamen
3622 3734 3839 3789 valeant

2249 3835 2370 3889 talia
2396 3834 2477 3888 vel
2523 3848 2621 3903 pro
2641 3832 2845 3902 justitia
2883 3832 2968 3887 vel
3006 3846 3101 3901 pro
3131 3829 3243 3900 ipsa
3271 3829 3520 3899 pudicitia
3547 3828 3836 3883 sustinere.

2246 3926 2405 3982 Aliud
2431 3934 2513 3981 est
2541 3926 2682 3980 enim
2713 3941 2809 3995 pro
2837 3924 3059 3979 veritate
3098 3936 3161 3977 ac
3206 3921 3479 3991 proposito
3506 3928 3695 3974 sancto
3727 3934 3837 3973 non

2246 4017 2550 4072 consentire
2579 4015 2821 4071 suadenti
2868 4024 3026 4085 atque
3054 4013 3379 4077 blandienti,
3412 4011 3557 4067 aliud
3601 4026 3707 4065 non
3750 4025 3841 4065 ce-

2248 4111 2374 4168 dere
2397 4113 2558 4167 etiam
2590 4110 2855 4181 torquenti
2884 4108 3303 4183 atqueferienti.
3332 4107 3525 4162 Latent
3551 4106 3650 4159 ista
3678 4104 3732 4158 in
3765 4104 3841 4157 fa-

2248 4204 2533 4259 cultatibus
2560 4212 2614 4258 et
2647 4203 2850 4258 viribus
2889 4203 3187 4256 animorum
3209 4239 3224 4265 ,
3257 4199 3548 4255 tentatione
3592 4196 3843 4268 pandun-

2251 4306 2370 4363 tur,
2398 4296 2724 4366 experientia
2757 4295 3097 4365 pr0palantur
3119 4294 3160 4347 ¹.
3205 4291 3271 4348 Ut
3298 4306 3426 4363 ergo
3458 4290 3685 4361 quisque
3727 4304 3839 4343 non

2251 4388 2463 4443 infletur
2482 4429 2496 4453 ,
2526 4403 2590 4443 ex
2617 4402 2682 4441 eo
2706 4385 2846 4457 quod
2872 4400 2930 4439 se
2956 4383 3193 4453 pervidet
3223 4396 3380 4451 posse
3399 4422 3414 4449 ,
3446 4380 3720 4435 humiliter
3746 4394 3841 4434 co—

2249 4481 2380 4549 gitet
2403 4478 2543 4550 quod
2570 4478 2777 4549 ignorat
2799 4476 2993 4546 aliquid
3021 4474 3356 4545 praestantius
3378 4488 3439 4528 se
3477 4472 3704 4527 fortasse
3731 4485 3842 4525 non

2253 4571 2661 4641 posse;aliquos
2686 4577 2863 4623 autem
2890 4567 2981 4638 qui
3004 4565 3133 4621 illud
3161 4581 3266 4636 quo
3295 4565 3394 4620 sibi
3421 4564 3652 4634 gloriose
3678 4571 3844 4618 notus

2249 4672 2351 4729 est,
2369 4677 2467 4717 nec
2492 4661 2688 4716 habent
2707 4675 2808 4715 nec
2830 4660 3166 4729 profitentur,
3186 4657 3287 4712 hoc
3310 4656 3449 4729 quod
3475 4657 3588 4725 ipse
3615 4670 3723 4709 non
3746 4670 3845 4724 po-

2253 4762 2354 4808 test
2376 4767 2552 4823 posse.
2586 4750 2659 4806 Ita
2677 4751 2974 4806 servabitur
3001 4766 3106 4805 non
3135 4748 3329 4813 fallaci,
3349 4748 3443 4802 sed
3473 4747 3650 4802 veraci
3666 4746 3844 4801 humi-

2252 4844 2398 4898 litate
2417 4886 2431 4909 ,
2465 4842 2673 4897 Honore
2693 4852 2864 4895 mutuo
2886 4842 3244 4911 prrevcnientes
3264 4840 3437 4911 (Rom.
3462 4853 3570 4905 xu,
3597 4837 3689 4907 I0)
3710 4854 3725 4902 ;
3753 4848 3805 4893 et
3822 4881 3842 4907 ,

2252 4937 2394 4991 Alter
2435 4936 2647 4990 alterum
2684 4934 3025 4989 existimantes
3068 4932 3376 5002 superiorem
3410 4930 3505 4985 sibi
3557 4927 3841 5002 (Philipp.

2252 5047 2287 5086 tt
2313 5072 2328 5096 ,
2361 5030 2437 5101 5).

2323 5123 2548 5180 CAPUT
2586 5120 2815 5177 XLVIII.
2857 5151 2931 5161 —
2968 5120 3057 5176 48.
3106 5119 3222 5173 Alia
3266 5116 3561 5170 humilitatis
3608 5116 3846 5179 occasio,

2252 5217 2387 5285 quod
2425 5216 2595 5269 nullus
2632 5216 2714 5269 hic
2741 5216 2806 5269 sit
2848 5215 2957 5267 sine
2992 5221 3211 5283 peccato.
3243 5209 3380 5277 Quid
3418 5209 3527 5278 jam
3571 5208 3747 5264 dicam
3779 5207 3844 5262 de

2253 5312 2365 5381 ipsa
2392 5309 2599 5365 cautela
2626 5316 2681 5362 et
2708 5306 2975 5377 vigilantia
3009 5320 3112 5359 non
3136 5302 3427 5373 peccandi?
3452 5300 3578 5368 Quis
3601 5299 3841 5371 gloriabio

2253 5413 2335 5457 tur
2366 5410 2559 5456 castum
2583 5417 2635 5455 se
2654 5399 2833 5454 habere
2858 5414 2946 5452 cor
2965 5398 2990 5452 7
3008 5406 3095 5450 aut
3133 5396 3244 5463 quis
3270 5394 3567 5465 gloriabitur
3597 5394 3843 5447 mundum

2252 5511 2306 5549 se
2344 5511 2446 5549 esse
2482 5510 2513 5547 a
2540 5502 2741 5564 peccato
2769 5490 2951 5561 (Prov.
2984 5506 3051 5543 xx
3073 5530 3088 5554 ,
3130 5487 3221 5559 9)?
3263 5488 3469 5557 Integra
3503 5494 3588 5541 est
3623 5486 3844 5557 quidem

2253 5588 2321 5642 ab
2352 5596 2505 5641 utero
2527 5585 2713 5639 matris
2739 5590 2919 5637 sancta
2945 5580 3215 5654 virginitas
3244 5598 3257 5634 :
3290 5579 3385 5635 sed
3420 5594 3597 5644 nemo,
3632 5578 3840 5649 inquit,

2250 5676 2469 5728 mundus
2509 5674 2561 5726 in
2593 5682 2859 5742 conspectu
2900 5682 3003 5742 tuo,
3050 5688 3143 5726 nec
3179 5675 3348 5744 infans
3384 5678 3531 5745 cujus
3575 5687 3650 5727 est
3698 5686 3849 5728 unius

2255 5796 2455 5908 ιωέωξς·
2486 5803 2536 5847 ει
2562 5795 2741 5859 aliquot
2762 5809 2896 5859 "155-,
2916 5801 3094 5850 ιεηιαια
3116 5799 3415 5863 panduntur,
3436 5810 3643 5854 experta
3668 5815 3840 5862 vropn—
