4048 6520
258 392 363 447 425

240 520 340 573 diei
386 518 491 571 vita
534 532 691 585 super
715 524 900 568 terram
950 511 1091 584 (Job.
1126 527 1257 577 xxv,
1295 510 1372 579 ἆ).
1407 508 1661 564 Servatur
1689 517 1743 562 et
1784 508 1836 562 in

242 611 345 666 tide
376 608 633 663 inviolata
665 606 910 677 quedam
940 606 1159 658 castitas
1185 603 1457 673 virginalis
1477 644 1490 665 ,
1523 617 1626 672 qua
1647 602 1835 654 Eccle-

238 706 318 761 sia
346 704 436 757 uni
471 704 587 757 viro
616 705 768 771 virgo
796 708 942 754 casta
969 707 1250 768 COuptalttr
1280 713 1293 751 :
1320 696 1414 750 sed
1453 696 1542 750 ille
1571 709 1708 749 unus
1735 694 1834 761 vir,

239 812 346 852 non
379 805 588 850 tantum
631 793 815 848 fideles
844 798 1026 846 mente
1071 801 1124 843 et
1163 805 1389 859 corpore
1427 788 1662 857 virgines
1686 830 1700 851 ,
1743 785 1838 840 sed

239 902 427 943 omnes
452 886 677 939 omnino
715 883 1047 939 Chrisuanos
1071 882 1139 936 ab
1181 880 1548 950 spiritualibus
1586 892 1751 948 usque
1771 877 1839 932 ad

238 980 515 1045 carnales,
544 979 612 1032 ab
639 976 913 1047 Apostolis
942 989 1107 1044 usque
1129 973 1193 1027 ad
1228 973 1443 1027 ultimos
1474 971 1797 1042 poenitentes
1820 1010 1835 1035 ,

240 1082 493 1142 tanquam
536 1085 567 1125 a
612 1069 838 1125 summis
880 1067 1137 1123 cmlorum
1169 1079 1335 1135 usque
1362 1064 1427 1118 ad
1460 1063 1717 1117 terminos
1746 1075 1840 1115 co-

239 1181 356 1221 rum
390 1162 608 1234 (Matth.
643 1178 794 1227 xxiv,
824 1159 915 1230 51)
945 1201 959 1227 ,
987 1159 1168 1214 docuit
1196 1173 1352 1212 orare
1376 1200 1390 1221 ,
1422 1165 1474 1212 et
1500 1157 1552 1211 in
1581 1158 1694 1226 ipsa
1720 1171 1841 1209 ora-

241 1258 383 1311 tione
412 1256 599 1311 dicere
625 1253 920 1317 admonuit,
950 1250 1017 1304 Et
1045 1252 1239 1303 dimitte
1263 1249 1405 1303 nobis
1432 1248 1599 1302 debita
1626 1255 1798 1301 nostra
1818 1287 1834 1314 ,

239 1348 368 1402 sicut
402 1355 447 1400 et
476 1362 569 1400 nos
591 1344 893 1398 dimittimus
922 1341 1227 1395 debitoribus
1247 1338 1430 1394 nostris
1458 1337 1567 1411 (Id.
1592 1354 1678 1403 v1,
1704 1337 1795 1407 12)
1821 1355 1835 1392 :

240 1438 329 1492 ubi
372 1453 468 1507 per
499 1436 603 1491 hoc
628 1434 770 1506 quod
803 1434 1048 1504 petimus,
1080 1431 1205 1502 quid
1235 1430 1398 1486 etiam
1437 1444 1536 1484 nos
1563 1444 1683 1485 esse
1721 1444 1838 1484 me-

240 1529 565 1584 minerimus
592 1526 843 1582 ostendit.
878 1524 1059 1593 Neque
1088 1523 1231 1578 enim
1255 1536 1354 1591 pro
1378 1520 1456 1575 eis
1480 1519 1693 1586 debitis,
1721 1535 1839 1590 quae

241 1620 408 1675 totius
435 1618 719 1689 praeterita:
749 1618 868 1670 vitae
896 1615 946 1669 in
972 1614 1243 1684 Baptismo
1266 1628 1361 1683 per
1384 1612 1499 1682 ejus
1529 1626 1713 1680 pacem
1738 1624 1838 1665 no-

240 1711 323 1767 bis
350 1710 574 1765 dimissa
597 1723 718 1765 esse
738 1707 1054 1762 contulimus
1077 1748 1091 1772 ,
1126 1718 1223 1758 nos
1246 1703 1504 1774 praecepit
1533 1717 1688 1757 orare
1706 1742 1721 1767 ,
1754 1701 1839 1756 di-

240 1811 449 1863 centes,
486 1800 695 1853 Dimitte
720 1798 862 1853 nobis
888 1794 1057 1851 debita
1086 1804 1258 1849 nostra
1282 1836 1297 1859 ,
1329 1794 1456 1849 sicut
1477 1803 1524 1847 et
1552 1810 1643 1848 nos
1669 1793 1841 1847 dimit-

242 1896 394 1949 timus
420 1893 728 1947 debitoribus
749 1890 934 1945 nostris
957 1905 976 1944 :
1005 1887 1240 1957 alioquin
1270 1886 1406 1940 hanc
1427 1885 1724 1940 orationem
1751 1899 1842 1941 ca-

242 1985 549 2041 techumeni
592 1984 770 2055 potius
808 1996 977 2051 usque
1017 1980 1083 2035 ad
1116 1980 1444 2049 Baptismum
1472 1992 1629 2032 orare
1670 1976 1838 2033 debe-

242 2087 383 2134 rent.
417 2078 549 2132 Cum
576 2090 704 2129 vero
736 2089 853 2128 eam
900 2070 1153 2143 baptizati
1194 2078 1349 2123 orant
1395 2068 1413 2099 ¹
1439 2110 1453 2133 ,
1487 2068 1754 2137 praepositi
1787 2077 1841 2123 et

243 2168 451 2238 plebes,
470 2174 715 2237 pastores
736 2172 790 2219 et
808 2178 1017 2233 greges;
1043 2161 1174 2215 satis
1191 2157 1490 2216 ostenditur
1512 2158 1563 2211 in
1593 2158 1691 2213 hac
1709 2157 1837 2225 vita,

240 2277 359 2330 qua:
391 2268 499 2313 tota
530 2257 752 2312 tentatio
779 2265 862 2310 est
900 2255 1041 2328 (Job.
1070 2269 1141 2308 vn
1167 2296 1181 2320 ,
1212 2252 1290 2324 1),
1324 2252 1593 2307 neminem
1633 2266 1691 2307 se
1720 2260 1839 2307 tan-

242 2368 401 2422 quam
422 2352 492 2405 ab
517 2350 769 2404 omnibus
793 2348 1020 2418 peccatis
1051 2347 1343 2401 innnunem
1375 2344 1573 2399 debere
1599 2345 1836 2414 gloriari.

310 2442 541 2498 CAPUT
590 2439 777 2495 XLIX.
828 2469 901 2480 —
954 2440 1043 2494 49.
1104 2437 1332 2508 Virgines
1381 2436 1842 2507 irreprehensibiles

242 2534 545 2606 purgatione
576 2544 893 2601 peccatorum
925 2542 970 2584 et
1002 2531 1182 2584 humili
1208 2528 1541 2599 confessione.
1573 2525 1842 2600 Mortifera

239 2628 483 2682 securitas
534 2626 778 2697 peccandi
821 2641 912 2695 spe
955 2625 1113 2678 venite
1157 2622 1510 2689 confitentibus
1559 2623 1837 2693 promissae.

242 2720 477 2776 Proinde
519 2721 681 2774 etiam
714 2718 950 2788 virgines
978 2718 1069 2771 Dei
1098 2716 1596 2787 irreprehensibilcs
1624 2715 1840 2785 quidem

241 2821 542 2881 sequuntur
588 2812 795 2881 Agnnm
837 2822 1174 2879 quocumque
1213 2808 1370 2873 ierit,
1423 2817 1476 2862 et
1500 2816 1840 2878 peccatorum

245 2904 561 2973 purgatione
588 2902 824 2971 perfecta
847 2943 860 2967 ,
895 2908 949 2954 et
982 2899 1281 2968 virginitate
1306 2908 1515 2973 servata
1544 2939 1560 2963 ,
1589 2913 1705 2967 quae
1734 2912 1841 2953 non

241 2968 441 3051 rediret
471 2968 667 3049 amissa
698 3013 711 3048 :
735 2993 829 3049 sed
855 2996 975 3064 quia
1003 2992 1189 3047 eadem
1223 2992 1335 3061 ipsa
1358 2968 1724 3062 Apocalypsis,
1752 2990 1840 3046 ubi

242 3090 378 3144 tales
409 3089 498 3142 tali
526 3084 745 3141 revelati
776 3095 901 3140 sunt
927 3127 940 3151 ,
983 3085 1142 3139 etiam
1176 3082 1299 3137 hinc
1327 3097 1421 3137 eos
1452 3080 1669 3143 laudat,
1698 3080 1841 3151 quod

242 3182 293 3236 in
333 3196 429 3236 ore
467 3196 654 3236 eorum
702 3195 807 3233 non
851 3179 922 3233 sit
957 3179 1231 3233 inventum
1277 3174 1611 3229 mendacium
1652 3172 1839 3245 (Apoc.

240 3289 369 3340 xxv,
400 3274 435 3328 4
455 3315 469 3337 ,
499 3274 595 3343 5);
623 3271 968 3327 meminerint
1010 3271 1170 3324 etiam
1212 3269 1265 3323 in
1309 3269 1409 3323 hoc
1436 3283 1556 3323 esse
1586 3283 1839 3334 veraces,

241 3380 310 3422 ne
349 3380 410 3421 se
448 3365 680 3419 audeant
710 3362 890 3418 dicere
939 3376 1044 3416 non
1088 3360 1288 3415 habere
1340 3369 1641 3430 peccatum.
1698 3358 1842 3415 Idem

239 3458 441 3528 quippe
466 3455 700 3511 Joannes
730 3454 819 3525 qui
861 3452 991 3508 illud
1021 3452 1188 3516 vidit,
1218 3451 1320 3506 hoc
1345 3451 1479 3505 dixit
1511 3467 1525 3505 :
1560 3449 1619 3506 Si
1648 3450 1843 3505 dixeri-

240 3565 354 3602 mus
371 3547 494 3620 quia
524 3554 779 3617 peccatum
804 3561 905 3599 non
934 3543 1173 3598 habemus
1196 3584 1210 3608 ,
1236 3558 1329 3596 nos
1361 3542 1499 3610 ipsos
1529 3541 1807 3613 decipimus
1826 3583 1840 3607 ,

239 3648 287 3693 et
306 3639 492 3693 veritas
510 3638 565 3692 in
594 3638 738 3691 nobis
766 3652 866 3690 non
886 3644 978 3690 est.
1015 3633 1164 3702 Quod
1183 3634 1227 3688 si
1247 3632 1466 3704 confessi
1490 3632 1733 3702 fuerimus
1753 3632 1845 3685 de-

245 3729 364 3784 licta
389 3738 593 3794 nostra,
622 3728 789 3798 ﬁdelis
815 3736 889 3782 est
917 3735 962 3782 et
996 3727 1199 3797 justus,
1230 3733 1287 3779 ut
1312 3725 1531 3778 dimittat
1558 3725 1702 3778 nobis
1731 3740 1847 3794 pec-

242 3833 358 3877 cata
400 3832 572 3877 nostra
592 3864 607 3889 ,
647 3830 695 3875 et
734 3829 911 3893 purget
940 3836 1031 3874 nos
1060 3819 1121 3873 ab
1149 3819 1283 3873 omni
1311 3818 1589 3887 iniquitate.
1624 3816 1776 3881 Quod
1803 3816 1847 3870 si

245 3915 527 3969 dixerimus
571 3916 809 3984 quoniam
837 3928 938 3965 non
984 3910 1328 3982 peccavimus,
1361 3908 1651 3962 mendacem
1692 3907 1849 3979 facie-

245 4025 361 4063 mus
394 4024 543 4073 eum,
570 4014 616 4059 et
648 4005 846 4059 verbum
874 4005 984 4075 ejus
1023 4020 1123 4057 non
1161 4002 1254 4056 erit
1280 4002 1333 4055 in
1368 4001 1530 4055 nobis.
1564 4001 1673 4054 lloc
1701 4008 1848 4054 certe

248 4116 357 4155 non
388 4099 495 4153 illis
520 4106 612 4152 aut
635 4097 757 4161 illis,
781 4095 873 4150 scd
903 4093 1221 4149 Christianis
1242 4093 1491 4147 onmihus
1510 4090 1728 4157 dicitur,
1758 4090 1848 4146 ubi

247 4202 302 4245 et
332 4191 568 4259 virgines
604 4204 662 4244 se
692 4188 888 4242 debent
914 4193 1226 4257 agnoscere.
1266 4184 1355 4239 Sic
1380 4183 1524 4238 enim
1549 4190 1708 4237 erunt
1733 4182 1850 4237 sine

248 4281 530 4337 mendacio
554 4321 568 4344 ,
591 4279 777 4349 quales
804 4279 855 4331 in
888 4275 1204 4347 Apocalypsi
1233 4283 1614 4345 apparuerunt.
1648 4275 1725 4328 Ac
1752 4288 1852 4343 per

250 4372 353 4428 hoc
375 4372 631 4443 quamdiu
664 4369 900 4425 nondum
928 4376 1011 4425 cst
1051 4368 1103 4421 in
1130 4365 1339 4422 caelesti
1368 4364 1693 4420 sublimitate
1725 4380 1849 4434 per-

251 4465 447 4531 lectio,
494 4462 932 4531 invituperabiles
968 4459 1092 4514 facit
1136 4458 1188 4512 in
1230 4456 1529 4511 humilitate
1557 4452 1847 4509 confessio.

322 4556 411 4613 50.
443 4554 551 4611 Sed
582 4568 788 4619 rursus,
814 4569 881 4607 ne
914 4566 1009 4620 per
1034 4549 1371 4623 occasionem
1396 4546 1551 4616 hujus
1572 4546 1853 4601 sententia:

253 4650 535 4721 quisquam
560 4662 682 4703 cum
713 4643 985 4701 mortifera
1025 4643 1313 4699 securitate
1358 4648 1641 4711 peccaret,
1687 4652 1853 4708 seque

255 4740 575 4796 trahendum
614 4738 974 4809 permitteret,
1004 4743 1255 4804 tanquam
1288 4747 1411 4787 mox
1440 4731 1681 4787 delendis
1712 4730 1854 4786 facili

255 4832 594 4888 confessione
623 4830 886 4900 peccatis,
916 4827 1170 4882 continuo
1205 4824 1465 4894 subjecit,
1500 4822 1677 4876 Filioli
1715 4821 1813 4875 mei
1835 4862 1849 4887 ,

256 4928 359 4982 lucc
378 4926 563 4995 scripsi
594 4924 731 4979 vobis
750 4966 763 4987 ,
787 4933 963 4977 utnon
986 4920 1198 4993 peccetis
1225 4934 1245 4974 :
1265 4930 1310 4973 et
1331 4919 1374 4971 si
1393 4919 1505 4990 quis
1536 4917 1812 4988 peccaverit
1835 4958 1849 4982 ,

251 5020 557 5075 advocatum
598 5018 837 5072 habemus
882 5016 949 5068 ad
999 5014 1207 5068 Patrem
1252 5011 1432 5067 Jesum
1470 5011 1725 5065 Christum
1764 5011 1857 5082 ju-

249 5121 430 5175 stum;
475 5118 526 5164 et
572 5109 681 5180 ipse
735 5107 1036 5179 propitiator
1082 5116 1156 5159 est
1205 5112 1524 5175 peccatorum
1567 5112 1854 5156 nostrorum

252 5203 309 5274 (1
333 5202 497 5257 Joan.
534 5216 583 5267 ι,
616 5200 715 5257 8-u
734 5242 749 5266 ,
792 5198 871 5269 ‘2).
900 5197 1069 5253 Nemo
1094 5196 1270 5267 itaque
1296 5210 1326 5249 a
1355 5205 1577 5265 peccato
1603 5203 1852 5263 tanquam

252 5296 524 5351 rediturus
550 5290 837 5357 abscedat,
861 5304 962 5345 nec
990 5304 1049 5344 se
1081 5286 1385 5357 hujusmodi
1414 5285 1565 5355 quasi
1586 5284 1857 5340 societatis

255 5397 414 5457 pacto
457 5401 581 5441 cum
633 5382 912 5453 iniquitate
948 5381 1311 5449 constringat,
1360 5385 1418 5431 ut
1456 5390 1573 5430 eam
1614 5374 1857 5429 confiteri

256 5496 413 5551 quam
442 5492 636 5534 cavere
664 5475 916 5531 delectet.

325 5569 559 5628 CAPUT
600 5568 661 5624 L.
690 5596 761 5607 —-
784 5566 1000 5622 Peccata
1017 5579 1173 5635 parva
1194 5578 1306 5633 qua:
1329 5561 1601 5629 subrepunt
1647 5559 1863 5631 vigilan-

259 5664 411 5729 tibus,
438 5659 679 5732 superbia
700 5668 951 5723 crescunt,
974 5656 1257 5710 humilitate
1286 5652 1615 5723 perimuntur.
1651 5648 1713 5705 Si
1748 5650 1861 5719 quis

262 5761 392 5828 forte
416 5756 498 5809 hic
523 5752 633 5808 sine
660 5759 862 5823 peccato
888 5790 902 5815 ,
931 5756 1120 5819 quanto
1151 5762 1362 5817 magnus
1387 5753 1461 5798 est
1483 5784 1498 5809 ,
1535 5752 1674 5797 tanta
1701 5742 1862 5811 magis

324 5870 342 5901 ⁸
366 5866 476 5918 Sola
490 5865 644 5915 editio
666 5869 774 5912 ιον.
798 5875 810 5909 :
833 5870 953 5911 cum
974 5873 1086 5911 vero
1095 5858 1205 5923 jam
1225 5855 1452 5922 baptisati
1474 5858 1633 5905 orant.

550 5954 825 6013 Ριτιιοι.
870 5951 997 6013 XL.

1673 392 1875 449 LIBER
1917 394 2116 449 UNUS.

3424 395 3528 451 £26

1952 505 2184 560 Ituniiliat
2204 522 2273 560 se.
2300 506 2404 561 Sed
2429 508 2676 577 quoniam
2706 508 2866 564 etiam
2893 508 3255 580 satagentibus
3274 510 3542 583 vigilanti-

1948 597 2154 667 busque
2182 613 2247 653 ne
2272 609 2524 667 peccent,
2563 600 2856 671 subrepunt
2882 603 3115 672 quodam
3145 604 3306 659 modo
3334 620 3400 661 ex
3441 605 3542 661 hu-

1948 704 2105 743 mana
2152 689 2433 761 fragilitate
2471 699 2684 760 peccata
2711 734 2725 756 ,
2763 694 3007 763 quamvis
3051 710 3210 764 parva
3234 736 3251 765 ,
3296 699 3541 767 quamvis

1948 794 2114 849 pauca
2141 821 2155 845 ,
2188 796 2293 835 non
2326 790 2500 836 tamen
2533 783 2710 848 nulla;
2742 784 2930 839 eadem
2974 785 3087 856 ipsa
3114 786 3243 841 ﬁunt
3270 804 3461 860 magna
3486 800 3540 845 et

1945 872 2123 941 gravia
2146 914 2160 938 ,
2203 873 2248 927 si
2273 873 2353 927 eis
2381 873 2628 944 superbia
2657 874 3042 930 incrementum
3073 887 3125 932 et
3156 879 3361 947 pondus
3385 880 3539 951 adje-

1946 964 2080 1019 cerit
2111 981 2125 1018 :
2156 982 2184 1018 a
2216 967 2495 1022 sacerdote
2519 976 2695 1021 autem
2727 984 2884 1038 quem
2912 968 3172 1025 habemus
3199 972 3250 1025 in
3275 973 3428 1029 etelis
3448 1015 3463 1038 ,
3493 976 3537 1029 si

1946 1056 2031 1126 pia
2070 1056 2368 1114 humilitate
2391 1060 2723 1129 perimantur
2744 1103 2759 1127 ,
2811 1071 2918 1116 tota
2948 1062 3199 1119 facilitate
3225 1078 3535 1136 purgantur.

1972 1225 1974 1228 ν
2016 1148 2105 1203 5|.
2134 1148 2239 1204 Sed
2280 1165 2384 1204 non
2414 1152 2679 1206 contendo
2700 1168 2821 1206 cum
2860 1154 2940 1209 eis
2964 1154 3054 1224 qui
3093 1166 3337 1209 asserunt
3368 1156 3541 1211 horni-

1946 1253 2069 1293 nem
2092 1256 2253 1311 posse
2283 1242 2335 1295 in
2367 1242 2465 1295 hac
2494 1243 2600 1297 vita
2639 1243 2754 1298 sine
2784 1244 2890 1299 ullo
2922 1254 3141 1313 peccato
3170 1246 3349 1302 vivere
3377 1265 3390 1301 :
3430 1266 3536 1303 non

1945 1334 2212 1388 contendo
2233 1375 2247 1400 ,
2288 1350 2392 1388 non
2417 1336 2744 1391 contradico.
2780 1336 3044 1392 Fortassis
3087 1338 3231 1393 enim
3258 1355 3325 1394 ex
3356 1351 3536 1396 nostra

1945 1426 2156 1481 miseria
2181 1442 2405 1497 magnos
2426 1429 2691 1493 metimur,
2716 1438 2769 1483 et
2791 1438 3165 1499 comparantes
3186 1433 3542 1502 nosmetipsos

1946 1516 2343 1587 nobismetipsis
2370 1518 2435 1590 (ll
2458 1518 2574 1572 Cor.
2605 1535 2637 1573 ιι
2658 1559 2673 1584 ,
2706 1518 2813 1592 12),
2847 1536 2951 1575 non
2976 1521 3338 1592 intelligimus.
3362 1522 3537 1580 Unum

1946 1607 2087 1671 scio,
2136 1608 2276 1678 quod
2324 1610 2410 1663 isti
2459 1610 2671 1680 magni,
2721 1612 2904 1681 quales
2948 1627 3053 1667 non
3099 1627 3324 1680 sumus,
3356 1600 3541 1685 quales

1946 1696 2181 1753 nondum
2209 1699 2414 1769 experti
2439 1714 2644 1767 sumus,
2673 1710 2873 1772 quanto
2896 1702 3073 1773 magni
3093 1714 3238 1771 sunt,
3265 1714 3414 1760 tanto
3440 1707 3541 1759 hu-

1946 1789 2153 1844 miliant
2190 1806 2249 1845 sc
2280 1792 2331 1845 in
2358 1792 2606 1847 omnibus
2629 1834 2646 1860 ,
2676 1803 2732 1847 ut
2760 1807 2941 1848 coram
2971 1795 3083 1849 Deo
3112 1795 3388 1850 inveniant
3414 1812 3542 1866 gra-

1948 1882 2094 1935 tiam.
2126 1882 2435 1950 Quamlibet
2458 1884 2601 1939 cnim
2630 1885 2804 1956 magni
2836 1884 2979 1954 sint,
3011 1903 3111 1940 non
3138 1896 3211 1941 est
3249 1904 3419 1943 servus
3443 1906 3544 1943 ma-

1935 1973 2027 2043 jor
2053 1974 2257 2028 domino
2278 1992 2391 2040 suo,
2422 1976 2499 2031 vel
2522 1976 2802 2046 discipulus
2828 1979 3069 2049 magistro
3094 1995 3187 2033 suo
3209 1979 3389 2050 (Joan.
3422 1997 3538 2046 xm,

1947 2064 2062 2135 16).
2094 2066 2162 2120 Ει
2185 2068 2367 2138 utique
2398 2068 2488 2123 ille
2517 2078 2601 2124 est
2632 2069 2886 2124 Dominus
2906 2070 2995 2140 qui
3023 2069 3182 2136 dicit,
3216 2071 3398 2125 Omnia
3418 2073 3543 2126 mihi

1947 2157 2134 2212 tradita
2152 2167 2270 2213 sunt
2287 2176 2319 2212 a
2345 2158 2502 2213 Patre
2526 2177 2634 2215 meo
2662 2177 2680 2215 ε
2707 2170 2763 2218 et
2787 2162 2873 2218 ille
2894 2172 2975 2217 est
2998 2163 3247 2234 Magister
3273 2166 3361 2235 qui
3387 2164 3539 2231 dicit,

1954 2246 2131 2302 Venite
2157 2249 2226 2301 ad
2250 2266 2328 2303 me
2348 2291 2362 2315 ,
2387 2267 2560 2305 omnes
2585 2252 2671 2322 qui
2698 2252 2938 2307 laboratis
2962 2294 2977 2317 ,
3008 2262 3055 2308 et
3083 2254 3260 2309 discite
3279 2272 3310 2308 a
3340 2271 3437 2310 me.
3474 2256 3544 2311 Et

1948 2348 2123 2395 tamen
2163 2341 2291 2411 quid
2318 2342 2619 2398 discimus?
2652 2345 2904 2411 Quoniam
2931 2346 3064 2402 mitis
3087 2364 3233 2415 sum,
3262 2347 3465 2419 inquit,
3493 2358 3544 2404 et

1946 2430 2160 2485 humilis
2194 2433 2346 2487 corde
2367 2432 2581 2506 (Matth.
2615 2452 2696 2501 xl,
2727 2435 2937 2509 27-29).

2016 2521 2244 2578 CAPUT
2281 2522 2369 2578 LI.
2407 2554 2481 2564 —
2502 2524 2592 2580 52.
2628 2524 2940 2598 Virginitatis
2965 2538 3132 2585 custos
3153 2529 3291 2585 Deus
3317 2533 3406 2604 qui
3431 2549 3545 2590 eam

1946 2613 2105 2681 dedit,
2131 2615 2271 2684 apud
2294 2616 2511 2672 humiles
2531 2618 2757 2690 quiescit.
2784 2619 2881 2675 Hic
2900 2620 3042 2677 dicet
3062 2622 3253 2691 aliquis
3277 2640 3290 2676 :
3316 2624 3434 2678 Non
3457 2634 3546 2682 ost

1948 2704 2051 2760 hoc
2071 2705 2182 2776 jam
2223 2706 2292 2762 de
2322 2708 2661 2778 virginitate,
2708 2710 2802 2765 sed
2830 2710 2897 2767 de
2939 2710 3239 2769 humilitate
3282 2716 3541 2772 scribere.

1946 2793 2110 2862 Quasi
2136 2812 2263 2853 vero
2288 2813 2640 2871 quzccumque
2665 2802 2960 2872 virginitas,
2985 2817 3048 2858 ac
3068 2819 3174 2859 non
3201 2805 3288 2860 illa
3309 2821 3427 2877 qua:
3454 2821 3544 2862 se-

1946 2886 2181 2943 cundum
2214 2889 2381 2944 Deum
2409 2899 2524 2958 est,
2556 2906 2585 2944 a
2612 2892 2768 2946 nobis
2798 2892 3136 2962 prmdicanda
3162 2905 3408 2967 suscepta
3437 2908 3541 2953 est.

1943 2978 2098 3049 Quod
2127 2982 2324 3038 bonum
2351 2993 2550 3052 quanto
2576 3000 2825 3055 magnum
2857 2985 3028 3049 video,
3052 2996 3198 3044 tanto
3219 2990 3267 3044 ei
3287 3032 3302 3056 ,
3328 3007 3395 3045 ne
3417 3007 3543 3062 per-

1946 3083 2053 3140 eat,
2082 3074 2251 3129 furem
2277 3077 2293 3108 ¹
2316 3077 2619 3146 superbiam
2651 3080 2991 3148 pertimesco.
3020 3079 3135 3136 Non
3159 3097 3287 3154 ergo
3313 3084 3547 3140 custodit

1947 3165 2144 3222 bonum
2185 3168 2473 3240 virginale,
2517 3171 2616 3226 nisi
2648 3172 2789 3227 Deus
2819 3175 2932 3242 ipse
2958 3174 3049 3245 qui
3076 3174 3221 3230 dedit
3261 3193 3275 3228 :
3313 3186 3369 3233 et
3404 3177 3546 3233 Deus

1946 3258 2183 3314 charitas
2210 3269 2293 3315 cst
2322 3261 2366 3331 (l
2394 3260 2551 3317 Joan.
2584 3278 2664 3329 IV,
2709 3262 2791 3335 8).
2819 3264 3013 3320 Custos
3055 3282 3184 3338 ergo
3226 3268 3547 3339 virginitatis
3638 3268 3647 3281 ’

1947 3350 2181 3407 charitas
2215 3369 2228 3407 :
2257 3352 2407 3408 locus
2433 3364 2610 3410 autem
2656 3355 2815 3426 hujus
2852 3358 3090 3413 custodis
3133 3359 3426 3415 humilitas.
3472 3362 3547 3417 lbi

1947 3441 2145 3512 quippe
2172 3442 2410 3511 habitat,
2448 3447 2538 3514 qui
2569 3446 2702 3501 dixit
2739 3461 2903 3518 super
2928 3448 3187 3505 humilem
3214 3462 3270 3507 et
3305 3451 3547 3523 quietum

1949 3540 2004 3587 ct
2033 3541 2348 3591 trementem
2391 3537 2552 3592 verba
2583 3551 2677 3591 sua
2717 3540 3055 3609 requiescere
3098 3539 3358 3612 Spiritum
3388 3559 3546 3600 suum

1950 3625 2103 3699 (Isai.
2128 3643 2255 3684 LxVI
2278 3670 2292 3692 ,
2321 3628 2401 3701 2).
2436 3630 2575 3698 Quid
2606 3632 2785 3702 itaque
2811 3633 3043 3689 alienum
3088 3634 3229 3701 feci,
3261 3638 3305 3691 si
3348 3637 3547 3694 bonutu

1950 3720 2091 3788 quod
2138 3719 2387 3787 laudavi,
2423 3722 2605 3776 volens
2636 3724 2800 3777 tutius
2825 3724 3121 3793 custodiri,
3162 3728 3343 3783 curavi
3382 3730 3548 3785 etiam

1952 3808 2127 3865 locum
2160 3826 2465 3881 praeparare
2490 3812 2739 3867 custodi?
2779 3814 3036 3870 Fidenter
3072 3816 3216 3871 enim
3258 3817 3412 3884 dico,
3446 3835 3550 3876 nec

1951 3902 2081 3956 mihi
2110 3916 2176 3957 ne
2203 3902 2500 3957 irascantur
2522 3904 2705 3970 timeo,
2734 3919 2867 3974 quos
2889 3913 2946 3960 ut
2967 3920 3176 3961 mecum
3200 3907 3302 3963 sibi
3327 3909 3551 3966 timeant

1951 3997 2214 4053 sollicitus
2260 4012 2455 4052 moneo
2502 4014 2515 4051 :
2569 3998 2775 4052 facilius
2822 4008 3117 4068 sequuntur
3144 4002 3395 4071 Agnum,
3444 4003 3549 4059 ctsl

1954 4103 2058 4144 non
2085 4103 2422 4159 quocumque
2446 4089 2585 4155 ierit,
2615 4100 2760 4145 certe
2786 4103 3061 4160 quousque
3090 4093 3390 4160 potuerint,
3416 4108 3549 4149 con-

1946 4179 2114 4250 jugati
2143 4179 2394 4247 humiles,
2413 4195 2570 4251 quam
2592 4182 2964 4250 superbientes
2988 4182 3241 4254 virgines.
3268 4185 3551 4252 Quomodo

1955 4272 2097 4326 enim
2119 4271 2381 4342 sequitur,
2412 4271 2477 4327 ad
2505 4288 2662 4343 quem
2691 4288 2797 4326 non
2830 4272 2944 4327 vult
2962 4274 3262 4330 accedere?
3284 4278 3390 4332 Aut
3417 4293 3553 4349 quo-

1956 4364 2117 4419 modo
2141 4364 2367 4428 accedit,
2395 4365 2460 4420 ad
2492 4380 2651 4435 quem
2680 4381 2785 4420 non
2814 4367 2960 4421 venit
2990 4376 3047 4422 ut
3074 4367 3264 4435 discat,
3298 4370 3553 4436 Quoniam

1955 4456 2091 4509 mitis
2118 4473 2230 4511 sum
2269 4465 2315 4510 et
2342 4456 2546 4512 humilis
2581 4457 2772 4512 corde?
2802 4458 2926 4514 Illos
2967 4460 3190 4529 proinde
3228 4472 3550 4531 sequentes,

1956 4547 2139 4618 Agnus
2164 4562 2501 4619 quocumque
2528 4549 2647 4604 ierit
2669 4549 2834 4617 ducit,
2858 4550 2911 4605 in
2943 4552 3134 4622 quibus
3158 4553 3303 4622 prius
3325 4554 3436 4625 ipse
3463 4555 3552 4609 ubi

1955 4646 2119 4708 caput
2140 4638 2361 4694 inclinet
2402 4639 2683 4693 invenerit.
2715 4639 2846 4694 Nam
2878 4649 2933 4695 et
2958 4640 3174 4709 quidam
3206 4643 3471 4712 superbus
3498 4652 3557 4699 et

1957 4729 2174 4785 dolosus
2197 4729 2297 4783 hoc
2330 4729 2380 4784 ei
2403 4729 2611 4783 dixerat
2634 4771 2648 4797 ,
2677 4728 2894 4785 Domine
2918 4773 2932 4798 ,
2964 4748 3146 4802 sequar
3172 4742 3219 4786 te
3245 4749 3557 4804 quocumque

1957 4822 2077 4877 ieris
2100 4821 2220 4877 :cui
2245 4820 2522 4890 respondit
2545 4863 2559 4889 ,
2594 4820 2781 4890 Vulpes
2806 4825 2975 4893 foveas
3004 4823 3217 4889 habent,
3260 4834 3305 4879 et
3330 4827 3556 4879 volatilia

1959 4914 2070 4968 caeli
2097 4914 2287 4979 nidos;
2314 4911 2482 4966 Filius
2520 4922 2687 4967 autem
2714 4914 2932 4968 hominis
2969 4931 3071 4969 non
3110 4914 3256 4969 habet
3282 4915 3366 4969 ubi
3400 4926 3555 4986 caput

1960 5022 2108 5061 suum
2133 5006 2338 5059 inclinet
2364 5003 2576 5076 (Matth.
2610 5020 2723 5070 vni,
2752 5004 2817 5060 l9
2836 5015 2881 5058 et
2896 5004 3012 5076 20).
3044 5006 3312 5075 Arguebat
3337 5007 3556 5064 nomine

1961 5096 2197 5166 vulpium
2236 5104 2462 5149 astutam
2506 5094 2876 5161 dolositatem,
2922 5104 2976 5149 et
3021 5094 3237 5151 nomine
3280 5096 3554 5153 volucrum

1962 5196 2238 5243 ventosam
2270 5187 2554 5241 elationem
2580 5227 2595 5252 ,
2638 5186 2688 5240 in
2729 5200 2834 5257 quo
2878 5186 2964 5240 ubi
3007 5187 3370 5253 requiesceret
3415 5190 3556 5259 piam

1964 5294 2070 5333 non
2096 5279 2397 5333 inveniebat
2423 5278 2793 5334 humilitatem.
2815 5281 2893 5335 Ac
2916 5295 3009 5349 per
3032 5279 3130 5335 hoc
3147 5297 3408 5352 nusquam
3437 5300 3558 5337 om-
3594 5341 3601 5349 ,

1966 5372 2094 5425 nino
2137 5380 2352 5424 secutus
2381 5379 2463 5424 est
2489 5371 2771 5425 Dominum
2799 5411 2813 5437 ,
2851 5371 2939 5441 qui
2971 5387 3029 5427 se
3063 5377 3409 5443 promiserat,
3450 5392 3560 5432 non
3600 5364 3601 5367 V

1965 5478 2135 5533 usque
2170 5461 2236 5517 ad
2261 5461 2547 5531 quemdam
2579 5463 2873 5533 profectum
2894 5504 2908 5531 ,
2937 5464 3031 5523 sed
3055 5480 3273 5520 omnino
3297 5482 3560 5537 quocum-
3600 5476 3615 5537 ξ

1967 5572 2071 5627 que
2098 5556 2217 5610 ierit
2240 5564 2567 5611 secuturum.

2038 5645 2266 5703 CAPUT
2289 5646 2395 5701 LII.
2426 5676 2499 5687 —
2524 5647 2615 5702 53.
2651 5645 2932 5703 Ilumilitas
2959 5650 3231 5721 virginibus
3247 5666 3345 5719 qua
3370 5650 3564 5707 ratione

1972 5739 2268 5795 exercenda.
2313 5738 2650 5809 Quapropter
2694 5738 2795 5793 hoc
2838 5740 3009 5809 agite,
3036 5741 3269 5813 virgines
3298 5738 3391 5797 Dei
3413 5782 3428 5809 ,
3462 5741 3566 5798 hoc

2038 5852 2057 5886 ⁸
2082 5851 2219 5911 Editi,
2237 5849 2471 5914 futuram.
2498 5849 2819 5900 mentiantur
2845 5863 2909 5899 ex
2925 5857 3032 5900 Mss.

2590 5934 3005 6018 (Quatorzaj

3602 5525 3635 5571 ἐι
