4048 6508
485 390 590 444 427

484 502 624 572 agite
657 518 671 555 :
702 496 984 568 sequimini
1013 495 1217 564 Agnum
1261 505 1597 562 quocumque
1629 490 1765 543 ierit.
1792 486 1899 542 Sed
1933 485 2077 555 prius

482 593 549 647 ad
592 606 713 648 eum
742 603 900 660 quem
931 585 1259 656 sequamini,
1293 583 1469 638 venite
1493 623 1507 645 ,
1534 590 1589 636 et
1613 580 1799 634 discite
1826 578 2077 647 quoniam

484 682 630 737 mitis
654 689 737 736 est
759 687 815 735 et
837 677 1055 731 humilis
1083 674 1264 732 corde.
1296 673 1576 728 ﬂumiliter
1604 669 1673 726 ad
1699 669 1952 725 humilem
1983 682 2075 722 ve-

484 776 594 828 nite
612 812 630 838 ,
657 772 703 827 si
722 770 945 834 amatis;
974 778 1031 824 et
1060 783 1128 823 ne
1162 765 1450 822 discedatis
1474 764 1542 819 ab
1579 765 1669 819 illo
1692 804 1707 829 ,
1745 777 1813 817 ne
1854 760 2076 816 cadatis.

481 863 582 929 Qui
605 862 749 917 enim
778 860 930 915 timet
953 859 1021 914 ab
1045 859 1137 913 illo
1158 856 1434 912 discedere
1457 897 1472 921 ,
1495 862 1648 925 rogat
1673 863 1729 909 et
1747 853 1881 908 dicit
1912 870 1926 905 :
1959 851 2081 906 Non

482 954 609 1006 mihi
639 952 804 1007 veniat
847 967 933 1020 pes
975 949 1224 1020 superbia:
1270 946 1443 1021 (Psal.
1484 963 1673 1013 xxxv,
1716 946 1828 1017 12).
1868 945 2082 1015 Pergite

483 1044 624 1099 viam
651 1041 1028 1107 sublimitatis,
1066 1039 1204 1111 pede
1233 1038 1567 1093 humilitatis.
1600 1037 1717 1107 Ipse
1749 1036 1946 1091 exaltat
1984 1035 2082 1089 hu-

484 1138 687 1192 militer
711 1143 1020 1205 sequentes,
1051 1148 1210 1203 quem
1240 1129 1569 1187 descendere
1595 1143 1700 1183 non
1732 1127 1896 1198 piguit
1916 1127 1982 1181 ad
2000 1127 2083 1197 ja—

485 1237 687 1283 centes.
719 1228 867 1281 Dona
897 1226 1013 1296 ejus
1052 1225 1129 1279 illi
1154 1223 1411 1279 servanda
1432 1220 1748 1277 committite
1771 1261 1786 1286 ,
1816 1219 2082 1275 fortitudi-

485 1335 610 1375 nem
657 1324 889 1373 t'estram
941 1315 1007 1369 ad
1051 1314 1196 1369 illum
1246 1313 1511 1367 custodite
1554 1310 1726 1383 (Psul.
1759 1326 1922 1377 LVIII,
1966 1307 2076 1381 10).

489 1409 755 1479 Quidquid
779 1407 903 1462 mali
939 1408 1053 1478 ipso
1072 1406 1407 1461 custodiente
1432 1420 1538 1459 non
1563 1403 1893 1459 committitis
1914 1442 1931 1471 ,
1961 1412 2078 1457 tan-

484 1516 646 1570 quam
670 1500 955 1555 remissum
985 1498 1052 1553 ab
1082 1498 1176 1552 illo
1201 1497 1451 1566 deputate
1494 1513 1506 1547 :
1538 1511 1605 1550 ne
1635 1494 1903 1549 modicum
1929 1494 2080 1549 vobis

481 1585 849 1649 existimantes
877 1592 1180 1657 dimissum,
1210 1590 1477 1644 modicum
1504 1587 1753 1659 diligatis,
1778 1596 1834 1643 et
1856 1587 2080 1641 tunden-

485 1696 567 1741 tes
591 1694 805 1755 pectora
837 1683 1145 1753 publicanos
1172 1682 1387 1736 ruinosa
1424 1679 1677 1750 iactantia
1700 1678 2076 1733 contemnatis.

483 1778 561 1833 De
598 1777 803 1833 viribus
840 1776 1033 1830 vestris
1053 1775 1287 1843 expertis
1313 1783 1497 1828 cavete
1517 1813 1534 1839 ,
1570 1786 1636 1826 ne
1664 1772 1787 1842 quia
1816 1771 1958 1827 fet-re
1984 1772 2079 1825 ali-

482 1866 608 1937 quid
644 1866 890 1937 potuistis
919 1864 1177 1919 inﬂemini
1207 1882 1220 1918 :
1250 1863 1317 1918 de
1356 1863 1652 1934 inexpertis
1680 1871 1858 1917 autem
1885 1869 2036 1916 orate
2059 1902 2075 1928 ,

388 1972 391 1979 '
482 1974 549 2014 ne
588 1973 747 2029 supra
787 1972 945 2027 quam
987 1956 1209 2027 potestis
1251 1954 1391 2010 ferre
1433 1954 1730 2009 tentemini.
1765 1952 2079 2008 Existimate

480 2051 687 2120 aliquos
712 2050 765 2104 in
795 2049 1005 2105 occulto
1039 2048 1346 2117 superiores
1370 2089 1384 2111 ,
1426 2047 1620 2117 quibus
1648 2048 1778 2102 estis
1818 2046 1872 2100 in
1910 2046 2080 2099 mani-

481 2144 619 2199 festo
644 2142 913 2197 meliores.
938 2141 1070 2196 Cum
1096 2141 1322 2195 aliorum
1345 2139 1505 2206 bona,
1531 2137 1668 2192 forte
1694 2138 1873 2208 ignota
1902 2135 2073 2201 vobis,

480 2234 709 2306 benigne
752 2234 1042 2289 creduntur
1088 2247 1118 2285 a
1162 2231 1347 2296 vobis,
1396 2238 1573 2285 vestra
1607 2230 1757 2285 vobis
1795 2238 1922 2283 nota
1970 2243 2076 2283 non

478 2324 877 2396 comparatione
908 2324 1220 2378 minuuntur
1243 2363 1256 2387 ,
1285 2320 1379 2377 sed
1420 2321 1706 2377 dilectione
1746 2319 2028 2373 ﬁrmantur
2058 2335 2073 2373 :

478 2426 533 2472 et
575 2432 696 2487 qua;
744 2416 882 2471 forte
912 2414 1085 2470 adhuc
1112 2413 1341 2480 desunt,
1391 2421 1539 2467 tanto
1587 2410 1783 2466 dantur
1826 2408 2032 2465 facilius
2058 2451 2074 2478 ,

476 2517 680 2579 quanto
721 2506 1098 2579 desiderantur
1122 2504 1396 2559 humilius.
1430 2503 1844 2557 Perseverantes
1882 2501 1936 2556 in
1975 2516 2076 2555 nu-

478 2616 625 2657 mero
654 2610 833 2656 vestro
861 2598 1131 2669 praebeant
1158 2597 1309 2652 vobis
1329 2595 1673 2665 exemplum;
1707 2592 1964 2648 cadentes
1984 2607 2079 2645 au-

478 2703 585 2749 tem
610 2701 836 2763 augeant
869 2692 1112 2746 timorem
1138 2697 1392 2744 vestrum.
1416 2685 1550 2740 Illud
1578 2693 1785 2750 amate,
1816 2694 1873 2737 ut
1902 2683 2079 2737 imite-

477 2785 607 2840 mini
629 2801 644 2850 ;
667 2783 772 2839 hoc
798 2785 996 2854 lugete,
1021 2796 1088 2837 ne
1117 2780 1394 2835 inﬂemini.
1417 2777 1687 2833 Justitiam
1722 2783 1953 2829 vestram
1977 2789 2077 2829 no-

476 2876 569 2932 lite
610 2882 845 2930 statuere
869 2914 883 2938 ,
937 2872 1050 2926 Deo
1091 2885 1188 2925 vos
1233 2867 1548 2939 justiﬁcanti
1588 2864 1820 2919 subdite.
1852 2862 2075 2918 Veniant

476 2966 709 3036 peccatis
735 2965 930 3021 donate
954 2961 1167 3024 alienis,
1190 2969 1339 3013 orate
1363 2972 1458 3028 pro
1483 2955 1675 3011 vestris
1708 2971 1722 3007 :
1750 2953 1925 3008 futura
1947 2952 2079 3024 vigi-

477 3058 637 3113 lando
665 3057 859 3122 vitate,
888 3053 1153 3123 praeterita
1188 3047 1497 3106 conﬁtendo
1520 3046 1717 3101 delete.

549 3144 777 3203 CAPUT
816 3142 949 3199 LIII.
990 3173 1060 3182 —
1103 3142 1193 3197 54.
1250 3139 1477 3211 Virgines
1528 3145 1715 3209 quanto
1766 3134 2075 3203 sanctiores,

479 3247 622 3294 tanto
643 3236 744 3293 sint
770 3234 1084 3289 humiliores.
1110 3234 1247 3287 Ecce
1272 3231 1383 3303 jam
1405 3231 1540 3285 tales
1565 3229 1721 3295 estis,
1749 3236 1807 3283 ut
1825 3228 2077 3298 professa:

476 3344 637 3403 atque
670 3339 898 3387 servata:
926 3327 1215 3399 virginitati
1242 3326 1454 3381 creteris
1481 3323 1644 3379 etiam
1674 3321 1913 3378 moribus
1941 3336 2074 3376 con-

474 3423 702 3496 gruatis.
727 3423 867 3478 Ecce
888 3420 997 3491 jam
1043 3433 1147 3473 non
1194 3417 1368 3472 solum
1416 3413 1756 3477 homicidiis,
1801 3410 2076 3467 sacriﬁciis

475 3512 753 3569 diabolicis
781 3520 835 3567 et
856 3508 1357 3571 abominationibus,
1389 3505 1545 3560 furtis
1564 3547 1579 3571 ,
1612 3504 1812 3574 rapinis
1832 3545 1847 3568 ,
1876 3501 2074 3557 fraudi-

475 3607 598 3668 bus,
620 3604 890 3675 periuriis,
924 3600 1339 3663 ebriositatibus,
1369 3595 1622 3666 omnique
1652 3594 1859 3650 luxuria
1878 3602 1932 3648 et
1956 3607 2076 3647 ava-

475 3699 635 3762 ritia,
682 3694 1141 3758 simulationibus,
1172 3690 1636 3757 aemulationibus,
1677 3686 2071 3757 impietatibus,

472 3788 877 3846 crudelitatibus
917 3786 1196 3841 abstinetis
1237 3797 1467 3838 :verum
1506 3782 1668 3837 etiam
1710 3780 1797 3835 illa
1836 3794 1959 3850 qua:
1997 3777 2078 3833 le-

474 3884 622 3937 viora
668 3880 751 3935 vel
796 3887 922 3935 sunt
964 3877 1051 3931 vel
1096 3882 1385 3947 putantur,
1433 3888 1537 3928 non
1586 3871 1934 3926 inveniuntur
1974 3884 2073 3924 nec

475 3976 721 4031 oriuntur
757 3974 812 4028 in
854 3972 1039 4036 vobis;
1091 3984 1197 4024 non
1243 3966 1518 4037 improbus
1545 3965 1759 4029 vultus,
1806 3978 1911 4016 non
1956 3961 2074 4031 vagi

474 4068 649 4133 oculi,
689 4082 797 4121 non
831 4064 1055 4119 infrenis
1092 4062 1304 4132 lingua,
1334 4075 1438 4114 non
1472 4057 1717 4128 petulans
1756 4058 1897 4110 risus
1920 4095 1936 4121 ,
1966 4069 2071 4107 non

475 4157 719 4215 scurrilis
762 4156 915 4225 iocus
934 4194 948 4217 ,
993 4168 1100 4206 non
1146 4150 1401 4205 indecens
1425 4147 1639 4202 habitus
1660 4186 1676 4212 ,
1706 4160 1812 4199 non
1841 4143 2074 4199 tumidus

475 4258 569 4303 aut
616 4246 792 4301 ﬂuxus
841 4244 1083 4298 incessus
1127 4258 1139 4293 :
1174 4240 1287 4309 jam
1315 4254 1419 4293 non
1464 4235 1690 4291 redditis
1732 4234 1929 4288 malum
1979 4248 2073 4302 pro

475 4341 637 4406 malo,
664 4354 765 4393 nec
790 4335 1131 4391 maledictum
1160 4349 1258 4402 pro
1289 4328 1572 4386 maledicto
1592 4326 1648 4399 (Ι
1680 4325 1824 4382 Petr.
1856 4343 1945 4392 ιιι,
1974 4325 2029 4396 9)
2056 4343 2069 4391 ;

472 4433 582 4503 jam
625 4439 897 4500 postremo
928 4427 1071 4489 illam
1113 4438 1419 4480 mensuram
1459 4419 1759 4476 dilectionis
1804 4418 2070 4489 impletis,

474 4532 534 4578 ut
568 4520 780 4591 ponatis
819 4519 1025 4572 animas
1068 4530 1164 4586 pro
1200 4514 1454 4568 fratribus
1493 4510 1686 4566 vestris
1716 4508 1761 4580 (Ι
1784 4508 1941 4563 Joan.
1972 4524 2070 4576 ιιι,

476 4610 589 4682 16).
629 4611 769 4665 Ecce
792 4609 901 4678 jam
934 4607 1065 4661 tales
1104 4606 1271 4672 estis,
1301 4604 1424 4674 quia
1458 4610 1513 4657 et
1536 4601 1671 4657 tales
1696 4615 1815 4656 esse
1841 4599 2069 4657 debetis.

474 4702 601 4758 Hinc
625 4699 805 4756 addita
833 4696 1152 4767 virginitati,
1184 4694 1476 4765 angelicam
1526 4692 1687 4746 vitam
1729 4690 2032 4746 hominibus
2054 4732 2069 4757 ,

472 4804 528 4851 et
552 4792 677 4851 cteh
702 4806 882 4847 mores
903 4789 1158 4847 exhibent
1178 4788 1355 4844 terris.
1372 4785 1477 4841 Sed
1497 4792 1697 4855 quanto
1719 4785 1894 4855 magni
1918 4785 2068 4849 estis,

469 4890 792 4959 quicumque
830 4885 902 4939 ita
932 4882 1110 4953 magni
1147 4881 1313 4945 estis,
1362 4888 1510 4934 tanto
1554 4877 1827 4932 humiliate
1875 4892 1970 4931 vos
2017 4878 2069 4931 in

469 4979 740 5044 omnibus,
772 4986 831 5032 ut
855 4990 1038 5031 coram
1070 4974 1180 5028 Deo
1208 4972 1491 5028 inveniatis
1517 4971 1762 5041 gratiam,
1797 4986 1865 5025 ne
1884 4986 2069 5039 super-

468 5071 552 5124 bis
581 5070 824 5135 resistat,
854 5083 922 5122 ne
948 5081 1007 5121 se
1033 5066 1326 5121 exaltantes
1351 5062 1615 5125 humiliet,
1644 5077 1713 5116 ne
1741 5060 1950 5115 inﬂatos
1975 5077 2070 5131 per

468 5170 690 5230 angusta
723 5161 738 5191 ⁸
766 5175 872 5214 non
898 5158 1124 5228 traiiciat
1154 5174 1166 5210 :
1195 5170 1498 5227 quanquam
1536 5154 1800 5223 superﬂua
1827 5154 1895 5208 sit
1924 5154 2071 5207 solli-

472 5252 674 5314 citudo,
704 5267 772 5305 ne
798 5252 884 5303 ubi
916 5251 1083 5305 fervet
1108 5249 1360 5313 charitas,
1384 5248 1523 5303 desit
1544 5247 1833 5302 humilitas.

545 5341 771 5396 CAPUT
810 5341 944 5394 LIV.
976 5372 1045 5381 —
1092 5343 1181 5397 55.
1229 5342 1488 5411 Sponsum
1534 5350 1636 5394 toto
1684 5341 1836 5394 corde
1877 5349 2064 5393 ament.

489 5433 546 5489 Si
570 5449 697 5503 ergo
724 5432 937 5500 nuptias
962 5433 1360 5501 contempsistis
1391 5434 1621 5487 ﬁliorum
1661 5432 1936 5488 hominum
1959 5471 1973 5499 ,
2000 5447 2065 5486 ex

544 5589 561 5621 ι
580 5586 694 5637 Sola
718 5583 864 5635 editio
886 5589 1018 5644 Lov.,
1043 5597 1129 5648 per
1152 5591 1403 5648 angustam
1422 5593 1627 5649 portam.

1236 380 1322 435 DE
1362 376 1627 435 SANCTA
1674 370 2130 439 \‘lllGlNlTATE,
2170 371 2225 427 S.
2270 371 2631 428 AUCUSTINI
2670 373 2875 431 LIBER
2932 374 3129 433 UNUS.

3671 382 3776 438 ιεε

2187 484 2379 555 quibus
2416 487 2704 555 gigneretis
2735 487 2868 542 ﬁlios
2914 488 3224 555 hominum,
3263 500 3375 546 toto
3415 494 3578 550 corde
3599 507 3778 553 amate

2186 578 2489 647 speciosum
2534 578 2701 633 forma
2748 596 2859 650 pne
2886 581 3008 635 liliis
3039 581 3353 639 hominum:
3389 597 3544 641 vacat
3586 588 3739 642 vobis
3763 628 3781 652 ,

2189 669 2413 724 liberum
2440 680 2521 725 est
2543 686 2638 725 cor
2664 687 2692 725 a
2719 672 3089 742 conjugalibus
3109 674 3355 731 vinculis.
3388 676 3637 746 Inspicite
3664 681 3783 747 pul-

2186 764 2542 819 chritudinem
2573 765 2829 819 amatoris
2855 766 3014 821 vestri
3047 785 3061 821 :
3104 769 3336 837 cogitate
3373 771 3634 839 aqualem
3681 771 3782 826 Pa-

2188 854 2289 919 tri,
2317 854 2586 909 subditum
2623 864 2677 910 et
2706 857 2893 921 matri;
2923 857 3084 911 etiam
3115 859 3165 912 in
3196 860 3351 915 cmlis
3371 860 3779 927 dominantem,

2187 953 2237 999 et
2267 944 2318 998 in
2340 945 2498 1000 terris
2519 947 2872 1012 servientem;
2901 958 3171 1004 creantem
3198 951 3376 1005 omnia
3399 994 3413 1017 ,
3437 963 3675 1009 creatum
3700 955 3784 1009 in-

2189 1043 2269 1088 ter
2294 1036 2491 1089 omnia.
2523 1035 2653 1091 Illud
2692 1037 2865 1106 ipsum
2902 1039 3046 1109 quod
3078 1040 3129 1094 in
3156 1055 3221 1095 eo
3246 1041 3495 1098 derident
3516 1046 3732 1115 superbi
3753 1087 3771 1111 ,

2188 1125 2432 1196 inspicite
2459 1143 2617 1197 quam
2663 1130 2943 1198 pulchrum
2985 1130 3053 1185 sit
3083 1149 3097 1185 :
3131 1131 3350 1186 internis
3376 1134 3666 1190 luminibus
3695 1137 3781 1191 in-

2187 1217 2377 1286 Spicite
2406 1218 2622 1275 vulnera
2650 1220 2948 1290 pendentis,
2976 1223 3251 1279 cicatrices
3272 1227 3627 1296 resurgentis,
3651 1242 3781 1282 san-

2186 1309 2398 1378 guinem
2430 1312 2739 1379 morientis,
2788 1314 3014 1383 pretium
3056 1315 3353 1381 credentis,
3390 1321 3777 1375 commercium

2188 1400 2525 1458 redimentis.

2257 1489 2481 1548 CAPUT
2518 1492 2628 1548 LV.
2658 1525 2730 1534 —
2758 1494 2959 1561 Quanta
2985 1497 3223 1569 felicitate
3250 1516 3310 1553 ac
3345 1502 3613 1556 securitate
3636 1519 3778 1557 ama-

2186 1592 2270 1636 tur
2293 1601 2525 1653 sponsus.
2557 1584 2680 1641 llazc
2706 1588 2888 1656 quanti
2912 1589 3123 1644 valeant
3161 1590 3408 1659 cogitate,
3437 1594 3548 1647 hrec
3580 1594 3634 1647 in
3662 1603 3779 1648 sta-

2187 1684 2296 1728 tera
2324 1675 2597 1731 charitatis
2623 1677 2945 1747 appendite;
2988 1688 3041 1734 et
3076 1680 3332 1750 quidquid
3360 1684 3559 1738 amoris
3587 1684 3639 1739 in
3672 1700 3776 1739 nu—

2186 1765 2321 1835 ptias
2362 1776 2566 1822 vestras
2599 1767 2616 1799 ¹
2643 1767 3056 1838 impendendum
3096 1771 3408 1839 habebatis,
3456 1774 3531 1829 illi
3574 1792 3775 1846 repen-

2184 1854 2315 1910 dite.

2254 1944 2343 2001 56.
2376 1946 2518 2003 Bene
2548 1949 2688 2019 quod
2720 1951 3029 2008 interiorem
3057 1963 3290 2011 vestram
3322 1957 3775 2026 pulchritudinem

2185 2040 2414 2108 qnzerit,
2455 2041 2544 2095 ubi
2589 2043 2739 2099 vobis
2781 2045 2928 2101 dedit
2970 2057 3287 2116 potestatem
3336 2053 3472 2107 ﬁlias
3515 2054 3610 2109 Dei
3658 2053 3777 2110 ﬁeri

2184 2130 2365 2199 (Joan.
2394 2148 2410 2187 ι
2434 2173 2450 2199 ,
2481 2131 2571 2207 12)
2600 2152 2612 2185 :
2649 2152 2753 2189 non
2775 2138 2966 2207 qumrit
2988 2154 3017 2192 a
3049 2141 3201 2196 vobis
3227 2142 3503 2212 pulchram
3530 2160 3772 2210 carnem,

2182 2222 2278 2279 sed
2304 2224 2552 2293 pulchros
2583 2242 2760 2281 mores
2781 2269 2797 2295 ,
2829 2229 3022 2298 quibus
3050 2229 3273 2288 frenetis
3297 2244 3353 2290 et
3381 2250 3620 2291 carnem.
3652 2237 3771 2292 Non

2182 2326 2264 2371 est
2290 2317 2375 2372 cui
2405 2317 2473 2374 de
2495 2319 2646 2375 vobis
2674 2322 2952 2392 quisquam
2982 2326 3285 2392 mentiatur,
3317 2336 3371 2382 et
3395 2327 3553 2384 faciat
3581 2330 3777 2386 saavire

2183 2408 2463 2464 zelantem.
2495 2407 2686 2466 Videte
2728 2427 2849 2467 cum
2877 2424 3068 2483 quanta
3120 2418 3405 2473 securitate
3434 2421 3658 2488 ametis,
3690 2422 3777 2476 cui

2181 2497 2467 2568 displicere
2510 2499 2656 2556 falsis
2716 2504 3106 2572 suspicionibus
3163 2523 3268 2562 non
3313 2510 3531 2566 timetis.
3602 2511 3696 2566 Vir
3722 2523 3777 2567 et

2190 2602 2323 2642 uxor
2348 2596 2531 2643 amant
2552 2606 2640 2655 se,
2672 2594 2922 2662 quoniam
2956 2595 3137 2650 vident
3164 2612 3257 2663 se;
3286 2607 3341 2653 et
3368 2599 3509 2668 quod
3538 2617 3647 2656 non
3692 2602 3775 2656 vi-

2186 2676 2316 2732 dent
2339 2719 2355 2745 ,
2388 2679 2572 2735 timent
2599 2682 2651 2736 in
2682 2697 2741 2738 se
2774 2702 2787 2738 :
2823 2699 2921 2740 nec
2946 2687 3075 2740 certi
3102 2689 3334 2757 gaudent
3360 2706 3427 2746 ex
3456 2706 3521 2746 eo
3550 2693 3691 2763 quod
3721 2694 3775 2749 in

2182 2767 2465 2826 manifesto
2491 2780 2573 2827 est
2598 2815 2612 2839 ,
2637 2773 2760 2829 dum
2787 2776 2838 2830 in
2866 2778 3076 2832 occulto
3098 2781 3436 2850 suspicantur
3458 2784 3774 2856 plerumque
3804 2830 3821 2841 .

2181 2861 2324 2934 quod
2356 2878 2459 2918 non
2499 2875 2601 2920 est.
2635 2865 2742 2922 Vos
2768 2868 2823 2922 in
2864 2868 2969 2924 isto
3012 2887 3171 2941 quem
3201 2875 3371 2929 oculis
3397 2891 3502 2930 non
3542 2878 3773 2945 videtis,

2180 2962 2235 3008 et
2262 2952 2365 3009 ﬁde
2390 2954 2698 3027 conspicitis
2717 3000 2731 3023 ,
2756 2974 2855 3014 nec
2878 2960 3083 3016 habetis
3106 2980 3289 3019 verum
3311 2967 3451 3035 quod
3473 2968 3773 3037 reprehen-

2180 3042 2321 3099 datis
2341 3086 2357 3109 ,
2386 3061 2485 3102 nec
2513 3063 2636 3102 eum
2662 3051 2897 3105 metuitis
2928 3068 2994 3107 ne
3024 3052 3091 3108 de
3119 3052 3251 3109 falso
3277 3056 3499 3112 forsitan
3527 3059 3773 3116 oﬂ‘enda-

2182 3135 2271 3190 tis.
2302 3135 2359 3191 Si
2388 3151 2517 3208 ergo
2547 3154 2796 3209 magnum
2828 3157 3065 3197 amorem
3112 3144 3428 3216 conjugibus
3465 3147 3737 3204 deberetis
3757 3193 3774 3217 ,

2180 3244 2304 3284 eum
2332 3239 2550 3300 propter
2576 3248 2732 3301 quem
2761 3234 3018 3305 conjuges
3046 3235 3245 3292 habere
3285 3238 3533 3295 noluistis
3556 3281 3572 3308 ,
3598 3258 3777 3312 quan-

2180 3330 2292 3376 tum
2322 3336 2503 3377 amare
2533 3323 2774 3378 debetis?
2816 3325 2951 3380 Toto
2981 3327 3130 3381 vobis
3160 3327 3351 3399 ﬁgatur
3374 3330 3428 3385 in
3459 3333 3652 3400 corde,
3683 3335 3777 3405 qui

2178 3426 2277 3483 pro
2304 3411 2454 3469 vobis
2485 3422 2569 3468 est
2613 3414 2749 3468 ﬁxus
2788 3416 2839 3469 in
2868 3431 3029 3473 cruce
3065 3437 3078 3474 :
3113 3427 3279 3473 totum
3313 3428 3490 3476 teneat
3515 3424 3565 3476 in
3592 3425 3777 3479 animo

2177 3513 2360 3559 vestro
2380 3545 2395 3570 ,
2427 3503 2682 3575 quidquid
2708 3506 2954 3563 noluistis
2978 3511 3227 3579 occupari
3258 3512 3547 3567 connubio.
3575 3514 3771 3569 Parum

2178 3594 2333 3651 vobis
2369 3610 2550 3651 amare
2576 3611 2681 3652 non
2710 3596 2872 3665 licet,
2905 3608 3121 3670 prapter
3150 3616 3309 3670 quem
3344 3617 3448 3657 non
3476 3606 3697 3660 amastis
3721 3617 3778 3661 et

2178 3688 2320 3759 quod
2344 3688 2551 3745 liceret.
2576 3689 2666 3745 Sic
2704 3692 3005 3746 amantibus
3034 3694 3217 3749 mitem
3242 3704 3296 3750 et
3325 3695 3583 3752 humilem
3609 3698 3779 3755 corde

2178 3780 2380 3834 nullam
2410 3781 2562 3837 vobis
2582 3784 2888 3852 superbiam
2921 3787 3268 3854 pertimesco.

2250 3872 2476 3930 CAPUT
2514 3874 2649 3930 LVI.
2677 3906 2746 3916 —
2770 3877 2860 3932 57.
2901 3875 3170 3933 Conclusio
3201 3880 3385 3950 operis.
3420 3879 3525 3935 Pro
3555 3882 3774 3938 modulo

2178 3963 2355 4034 itaque
2402 3973 2587 4021 nostro
2636 3974 2690 4021 et
2732 3966 2801 4022 de
2843 3970 3125 4025 sanctitate
3171 3987 3273 4040 qua
3318 3972 3770 4029 Sanctimoniales

2178 4057 2393 4127 proprie
2416 4056 2690 4127 dicimini,
2736 4070 2787 4114 et
2829 4060 2895 4116 de
2926 4060 3227 4117 humilitate
3270 4079 3371 4133 qua
3420 4076 3776 4119 conservatur

2179 4150 2436 4221 quidquid
2478 4167 2730 4222 magnum
2762 4153 3031 4222 dicimini,
3078 4156 3210 4210 satis
3258 4156 3418 4211 loculi
3447 4173 3656 4213 sumus.
3686 4159 3776 4213 Di-

2176 4242 2332 4313 gnius
2370 4251 2550 4299 autem
2598 4245 2675 4299 illi
2729 4254 2838 4301 tres
2881 4246 3031 4315 pueri
3056 4288 3071 4311 ,
3106 4247 3300 4317 quibus
3342 4250 3678 4318 refrigerium
3720 4252 3774 4304 in

2177 4334 2297 4404 igne
2323 4332 2622 4404 prrebeb‘at,
2655 4352 2812 4406 quem
2841 4336 3004 4393 corde
3032 4337 3425 4394 ferventissimo
3450 4339 3769 4410 diligebant,

2176 4438 2273 4479 vos
2316 4424 2383 4480 de
2423 4424 2528 4481 hoc
2564 4428 2823 4495 opusculo
2853 4438 3073 4498 nostro,
3101 4431 3386 4485 verborum
3414 4432 3631 4502 quidem
3666 4449 3774 4488 nu-

2178 4530 2329 4570 mero
2358 4516 2513 4588 longe
2554 4518 2805 4582 brevius,
2835 4520 2930 4575 sed
2968 4521 3208 4592 pondere
3234 4524 3569 4579 auctoritatis
3599 4526 3778 4581 multo

2176 4605 2463 4675 grandius,
2492 4608 2545 4663 in
2575 4608 2776 4680 hymno
2802 4626 2909 4680 quo
2937 4612 3004 4666 ab
3033 4612 3111 4666 eis
3140 4613 3279 4667 Deus
3322 4612 3641 4681 honoratur,
3672 4616 3777 4670 ad-

2180 4707 2455 4753 moneant.
2488 4698 2618 4753 Nam
2648 4701 2912 4755 sanctitati
2940 4702 3289 4758 humilitatem
3317 4705 3367 4759 in
3397 4705 3491 4760 Dei
3524 4707 3775 4762 laudato-

2178 4790 2323 4843 ribus
2347 4790 2765 4862 conjungentes,
2796 4796 3133 4863 apertissime
3176 4796 3475 4853 docuerunt
3520 4808 3579 4853 ut
3621 4808 3773 4855 tanto

2177 4883 2401 4952 quisque
2423 4896 2607 4939 caveat
2647 4901 2713 4940 ne
2757 4887 3009 4954 superbia
3054 4888 3369 4958 decipiatur,
3412 4899 3615 4960 quanto
3641 4907 3773 4946 san-

2176 4973 2312 5029 etius
2350 4975 2546 5044 aliquid
2590 4976 2888 5044 proﬁtetur.
2923 4978 3155 5034 Proinde
3184 4995 3279 5034 vos
3305 4996 3517 5050 quoque
3559 4982 3773 5037 laudate

2175 5081 2296 5119 eum
2327 5067 2414 5135 qui
2444 5067 2594 5121 vobis
2624 5076 2838 5136 prmstat
2863 5078 2917 5123 ut
2946 5070 2998 5123 in
3023 5070 3216 5125 ardore
3243 5072 3421 5128 medio
3446 5073 3631 5128 saeculi
3675 5074 3774 5128 huc

2171 5156 2291 5225 jus,
2324 5157 2567 5226 quamvis
2592 5159 2843 5229 coniugio
2874 5175 2981 5215 non
3021 5163 3341 5230 copulemini
3363 5204 3377 5229 ,
3427 5180 3532 5218 non
3590 5174 3772 5221 tamen

2174 5245 2442 5310 uramini;
2488 5257 2541 5301 et
2587 5258 2803 5303 orantes
2850 5251 3010 5304 etiam
3059 5266 3156 5320 pro
3213 5252 3396 5317 nobis,
3443 5252 3772 5321 Benedicite,

2172 5338 2335 5391 sancti
2363 5349 2408 5392 et
2436 5339 2647 5393 humiles
2673 5341 2826 5395 corde
2844 5382 2858 5407 ,
2890 5340 3203 5406 Dominum;
3232 5343 3475 5413 hymnum
3503 5346 3656 5400 dicite
3679 5388 3694 5415 ,
3726 5355 3774 5401 ct

2173 5432 2540 5501 superexaltate
2561 5450 2672 5486 eum
2694 5434 2745 5486 in
2770 5434 2956 5487 swcula
2987 5434 3148 5507 (Dan.
3184 5452 3236 5489 ιιι
3260 5477 3274 5501 ,
3302 5436 3419 5505 87).

2239 5588 2253 5617 ⁸
2283 5589 2353 5637 sic
2372 5595 2478 5637 Mss.
2506 5597 2561 5639 At
2582 5589 2718 5651 editi,
2736 5586 2916 5650 nuptiis
2934 5590 3100 5641 vestris
3120 5604 3138 5653 ;
3161 5592 3359 5651 omisso,
3382 5591 3451 5641 in.
