4048 6522
244 463 3520 524 W

456 601 1110 678 ADMONITIO
1156 607 1278 679 ΙΝ
1342 606 2014 681 OPUSCULUM
2042 606 2188 678 DE
2230 605 2523 679 BONO
2582 603 3300 680 VIDUITATIS.

293 754 607 812 Desiderius
635 755 890 811 Erasmus
947 757 1138 812 nititur
1183 757 1420 816 adimere
1477 761 1579 816 hoc
1615 760 1928 830 Opusculum
1985 759 2305 830 Augustino,
2337 767 2392 814 et
2411 757 2718 814 adversario
2745 759 2914 829 ipsius
2939 759 3150 816 Juliano
3198 760 3348 817 dare.
3385 761 3521 830 Quas

219 849 376 904 affert
401 849 456 903 in
481 848 676 904 Juliani
695 849 918 920 gratiam
945 863 1276 920 argumenta,
1307 853 1450 922 piget
1481 852 1746 910 refellere.
1776 852 1970 907 Contra
2003 852 2358 922 Augustinum
2387 851 2518 906 nihil
2548 851 2661 907 fere
2685 851 2928 907 obtendit
2971 853 3072 906 nisi
3093 851 3344 908 dictionis
3385 853 3518 908 faci-

221 942 424 996 litatem
460 958 473 994 :
505 941 604 996 sed
637 941 754 996 hmc
782 943 893 1012 ipsa
923 941 1146 999 facilitas
1173 945 1420 1000 dictionis
1453 946 1692 1001 clamitat
1716 961 1849 1016 opus
1890 959 2010 1001 esse
2037 945 2340 1015 Augustini.
2385 944 2616 1002 Jacobus
2654 945 2925 1001 Pamelius
2957 946 3009 1000 in
3035 945 3186 1000 Notis
3209 946 3275 1000 ad
3305 945 3522 1001 Tertul—

221 1036 341 1090 liaui
382 1035 578 1089 librum
613 1043 800 1090 contra
835 1035 1219 1107 Hermogenem
1247 1078 1261 1102 ,
1295 1053 1414 1108 cap.
1453 1039 1502 1105 l,
1536 1054 1589 1093 n.
1617 1038 1672 1102 7,
1705 1038 1756 1092 id
1817 1038 1995 1110 operis
2044 1039 2214 1093 citans
2249 1038 2396 1094 hisce
2422 1038 2621 1103 verbis,
2674 1038 2865 1092 Auctor
2890 1039 3120 1108 opusculi
3145 1039 3207 1092 de
3249 1037 3394 1092 Bono
3429 1036 3523 1092 Vi-

219 1130 432 1184 duitatis
472 1131 605 1184 inter
643 1130 1015 1186 lucubrationes
1061 1131 1131 1186 D.
1173 1131 1463 1203 Augustini,
1496 1133 1760 1205 signiﬁcat
1789 1141 1977 1203 putare
2012 1147 2072 1189 se
2101 1130 2229 1186 illud
2259 1131 2478 1186 minime
2501 1130 2572 1187 ab
2603 1131 2900 1202 Augustino
2922 1129 3244 1186 confectum.
3283 1130 3390 1186 Pro
3414 1147 3524 1202 qua

224 1223 480 1291 opinione
507 1221 781 1278 Lindunus
809 1223 862 1278 in
891 1224 1164 1294 Panoplia,
1199 1225 1289 1280 lib.
1323 1225 1377 1290 4,
1428 1239 1546 1295 cap.
1578 1224 1670 1292 98,
1721 1233 2092 1296 argumentum
2135 1223 2405 1280 existimat
2455 1238 2562 1278 non
2611 1223 2728 1279 leve
2753 1223 2852 1277 sibi
2884 1233 3168 1295 suppetere
3217 1237 3284 1279 ex
3308 1220 3524 1278 concilii

219 1315 662 1386 Carthaginiensis
695 1316 891 1386 quarti,
921 1316 1005 1370 cui
1048 1317 1430 1387 subscripsisse
1462 1317 1787 1388 Augustinus
1845 1316 2058 1387 legitur,
2089 1328 2296 1371 canone
2337 1313 2461 1382 104,
2505 1329 2612 1385 quo
2658 1322 2914 1369 statutum
2942 1322 3098 1369 estut
3123 1313 3297 1368 vidum
3321 1329 3440 1385 qua:
3462 1329 3524 1370 se

224 1406 453 1462 Domino
493 1406 827 1462 devoverant
858 1416 1107 1477 suscepto
1133 1407 1381 1478 religioso
1408 1407 1592 1462 habitu
1617 1450 1633 1476 ,
1661 1409 1704 1462 si
1744 1405 1812 1460 ad
1839 1406 2050 1477 nuptias
2079 1405 2366 1462 saeculares
2393 1406 2506 1461 sive
2533 1405 2800 1461 secundas
2840 1415 3023 1475 postea
3055 1405 3380 1472 transierint,
3413 1405 3523 1460 sine

222 1497 627 1553 Christianorum
647 1501 993 1552 communione
1019 1509 1275 1565 maneant,
1298 1507 1343 1553 et
1372 1499 1581 1553 crimine
1603 1499 1838 1553 adulterii
1858 1506 2109 1553 notentur.
2134 1496 2334 1567 Nempe
2350 1495 2947 1567 contra,subsequentis
2967 1497 3086 1551 libri
3124 1505 3329 1565 auctor,
3360 1511 3522 1568 capp.

223 1592 290 1646 10
316 1601 371 1646 et
398 1591 488 1658 11,
517 1606 613 1646 eos
654 1591 925 1661 redarguit
951 1592 1038 1662 qui
1066 1601 1252 1661 putant
1278 1592 1538 1663 lapsorum
1564 1609 1594 1645 a
1621 1602 1794 1646 sancto
1816 1591 2073 1663 proposito
2095 1591 2423 1660 feminarum,
2449 1591 2496 1645 si
2528 1591 2811 1662 nupserim,
2858 1608 2960 1646 non
3001 1608 3111 1647 esse
3136 1593 3400 1665 conjugia,
3432 1592 3524 1648 sed

223 1684 501 1749 adulteria,
529 1693 576 1737 et
595 1699 682 1738 eas
708 1684 878 1737 volunt
907 1700 940 1737 a
965 1684 1160 1737 maritis
1186 1693 1448 1754 separatas
1469 1684 1679 1740 reddere
1701 1685 2040 1740 continentiw.
2068 1685 2263 1740 Verum
2283 1684 2416 1740 nihil
2443 1684 2529 1738 hic
2549 1685 2874 1756 Augustinus
2890 1686 2958 1740 ab
2981 1686 3072 1740 illo
3085 1701 3292 1743 canone
3313 1686 3526 1742 dissen-

226 1778 306 1840 tit,
345 1775 434 1844 qui
491 1775 676 1829 talium
714 1773 929 1845 quidem
973 1776 1188 1845 nuptias
1236 1790 1342 1830 non
1393 1777 1590 1846 patitur
1614 1776 1823 1831 censeri
1873 1775 2130 1831 adulteria
2156 1817 2172 1843 ,
2202 1775 2296 1832 sed
2327 1776 2472 1847 ipsos
2504 1787 2682 1832 tamen
2717 1791 2747 1831 a
2777 1778 3053 1848 proposito
3106 1787 3294 1835 sancto
3343 1779 3527 1850 lapsus

224 1865 504 1921 adulteriis
526 1867 735 1935 pejores
753 1865 904 1920 dicit.
945 1867 1125 1936 Itaque
1151 1881 1259 1921 non
1289 1867 1534 1937 prohibet
1581 1868 1866 1937 quominus
1893 1867 2155 1923 nubentes
2194 1877 2314 1937 post
2342 1876 2524 1923 votum
2549 1867 2724 1939 aliqua
2767 1870 3337 1926 excommunicationis
3363 1887 3526 1945 pains

224 1958 522 2013 multentur
567 1957 786 2027 perinde
829 1966 985 2028 atque
1032 1958 1312 2023 adulterae,
1359 1957 1651 2014 dummodo
1677 1974 1864 2013 earum
1901 1957 2120 2028 nuptiae,
2168 1967 2449 2028 postquam
2478 1957 2764 2014 celebrata:
2791 1970 2939 2026 sunt,
2990 1975 3096 2014 non
3123 1960 3523 2016 rescindantur.

225 2051 362 2106 Nihil
395 2050 538 2104 aliud
586 2050 842 2105 adversus
871 2051 1136 2122 lapsarum
1177 2052 1390 2122 nuptias
1416 2059 1742 2122 prteceptum
1772 2051 2036 2121 reperitur
2080 2052 2443 2120 antiquiorum
2488 2052 2838 2107 conciliorum
2864 2052 3122 2110 decretis.
3150 2055 3208 2110 ln
3253 2055 3390 2112 hanc
3409 2071 3526 2112 rem

224 2143 457 2198 celebris
483 2152 746 2198 estcanon
764 2151 945 2198 sextus
966 2142 1205 2199 decimus
1233 2142 1682 2200 Chalcedonensis
1709 2143 1920 2199 concilii
1941 2145 2143 2213 aliquot
2172 2144 2326 2200 annis
2365 2154 2488 2215 post
2528 2145 2811 2215 Augustini
2851 2146 3055 2201 obitum
3080 2147 3158 2202 sic
3182 2146 3521 2204 deﬁnientis:

228 2235 287 2290 Si
308 2252 410 2304 qua
445 2234 589 2305 virgo
611 2250 665 2288 se
689 2233 990 2289 dedicath
1017 2234 1146 2303 Deo,
1178 2234 1413 2289 similiter
1436 2247 1482 2289 et
1504 2235 1800 2302 monac/tus,
1825 2253 1924 2290 non
1970 2237 2121 2290 licere
2149 2238 2220 2290 eis
2238 2237 2392 2307 jungi
2416 2237 2626 2306 nuptiis.
2657 2237 2719 2292 Si
2748 2251 2864 2292 vero
2888 2237 3078 2291 inventi
3105 2239 3290 2309 fuerint
3330 2240 3425 2294 hoc
3445 2243 3529 2312 ﬁt-

225 2327 431 2391 cientes,
453 2335 690 2378 maneant
732 2327 1170 2380 exeommunicati.
1204 2326 1488 2382 Statuimus
1507 2343 1621 2381 vero
1649 2344 1794 2398 posse
1818 2327 1872 2382 in
1891 2329 1962 2382 eis
1976 2328 2143 2396 facere
2170 2329 2556 2396 humanitatem,
2578 2329 2622 2383 si
2667 2328 2742 2384 ita
2793 2331 3074 2400 probaverit
3103 2331 3206 2386 Ieci
3234 2332 3523 2404 episcopus.

225 2421 488 2475 Caeterum
520 2419 796 2489 Augustini
825 2418 1097 2485 doctrinae,
1130 2435 1288 2490 quam
1316 2420 1402 2474 hic
1427 2419 1493 2474 de
1517 2420 1716 2490 nuptiis
1738 2427 1856 2490 post
1874 2420 2326 2490 votum,itemque
2354 2420 2407 2475 in
2433 2419 2526 2475 lib.
2554 2420 2623 2476 de
2637 2419 2830 2477 Sancta
2848 2421 3180 2494 Virginitate,
3199 2438 3318 2494 cap.
3351 2425 3441 2489 35,
3468 2437 3529 2480 et

229 2514 280 2568 in
309 2513 470 2581 epist.
500 2511 607 2567 220
633 2512 698 2566 ad
729 2511 1058 2566 Bonifacium
1077 2514 1349 2580 comitem,
1380 2529 1433 2566 n.
1460 2511 1547 2578 l2,
1582 2512 1761 2580 tradit,
1791 2512 2032 2567 nonnihil
2056 2512 2194 2568 l'avet
2215 2513 2513 2585 Cyprianus
2540 2513 2592 2568 in
2621 2513 2778 2584 epist.
2809 2513 2878 2569 62
2900 2514 2968 2569 ad
3000 2515 3372 2586 Pomponium,
3401 2516 3531 2588 Epi-

233 2607 466 2677 phanius
507 2606 560 2661 in
587 2605 783 2660 h:cresi
815 2606 904 2672 61,
935 2621 1056 2676 qua:
1078 2616 1161 2661 est
1200 2606 1652 2677 Apostolicorum,
1692 2615 1797 2662 etc.
1845 2605 2031 2676 Neque
2075 2621 2234 2677 porro
2260 2607 2474 2674 desunt,
2500 2606 2695 2678 quibus
2736 2607 3020 2663 concilium
3060 2624 3218 2678 supra
3253 2609 3528 2667 laudatum

226 2700 670 2771 Carthaginense,
721 2700 863 2771 quod
913 2701 965 2755 in
1008 2701 1193 2757 codice
1235 2717 1500 2757 canonum
1553 2702 1809 2758 Ecclesiae
1856 2699 2122 2757 Africana:
2151 2716 2273 2757 cum
2303 2702 2514 2757 caeteris
2553 2700 3065 2773 Carthaginensibus
3112 2702 3230 2772 ejus
3264 2706 3525 2774 temporis

225 2797 466 2850 conciliis
497 2811 606 2851 non
641 2805 835 2866 exstat,
862 2796 1038 2853 dubia;
1065 2797 1185 2853 ﬁdei
1216 2797 1477 2854 videatur.
1510 2796 1751 2852 Concilio
1801 2796 2132 2867 AuguStinus
2157 2838 2173 2863 ,
2201 2795 2447 2866 quamvis
2492 2793 2547 2851 id
2574 2809 2716 2851 anno
2744 2794 2982 2851 habitum
3003 2795 3353 2867 consignatur
3385 2797 3516 2860 598.

226 2904 332 2959 quo
357 2889 446 2944 ille
477 2899 718 2961 tempore
733 2890 946 2961 juvenis
963 2900 1016 2946 et
1042 2905 1231 2947 recens
1257 2898 1373 2946 erat
1401 2891 1707 2962 episcOpus,
1740 2889 2057 2960 subscripsit
2084 2888 2351 2945 secundus
2378 2887 2446 2943 ab
2469 2888 2708 2944 Aurelio.
2740 2886 2876 2943 Hine
2901 2886 3037 2943 forte
3063 2888 3277 2944 errandi
3307 2889 3523 2945 occasio

232 2984 353 3038 data
385 2984 646 3050 Lindano,
675 2985 764 3055 qui
796 2983 1180 3054 subscripsisse
1201 2985 1556 3055 Augustinum
1586 2981 2036 3038 senemaﬂirmat.

313 3075 704 3147 Subsequentis
731 3077 972 3148 opusculi
997 3077 1322 3131 mentionem
1356 3076 1408 3130 in
1429 3075 1886 3131 Retractationum
1922 3073 2076 3129 libris
2103 3089 2208 3129 non
2229 3072 2353 3130 fecit
2389 3072 2738 3145 Augustinus,
2769 3071 2892 3144 quia
2930 3071 3169 3146 epistolae
3195 3071 3363 3128 forma
3391 3088 3524 3129 con.

224 3169 481 3238 scriptum
507 3175 608 3223 est.
629 3168 684 3223 Id
703 3176 982 3238 propterea
1009 3167 1281 3222 Possidius
1307 3181 1426 3238 cap.
1448 3166 1480 3222 7
1539 3166 1680 3220 inter
1720 3166 1988 3235 Epistolas
2015 3172 2262 3221 recenset
2281 3164 2382 3219 hoc
2427 3163 2578 3219 titulo
2603 3181 2616 3218 :
2637 3161 2865 3218 Juliance
2883 3163 2946 3218 de
2991 3163 3184 3218 Sancta
3249 3163 3526 3219 Viduitate.

223 3263 360 3317 Citat
385 3270 441 3317 et
479 3260 594 3317 fere
641 3270 812 3317 totum
861 3261 1166 3317 transcribit
1191 3261 1386 3316 Florus
1417 3275 1510 3316 seu
1541 3260 1682 3315 Beda
1712 3261 1954 3332 vulgatus
2005 3261 2072 3315 ad
2102 3261 2116 3313 Ι
2149 3260 2275 3316 Cor.
2309 3276 2343 3313 ιι
2369 3267 2423 3315 et
2448 3275 2543 3327 vn,
2571 3263 2636 3313 ad
2675 3257 2906 3330 Philipp.
2949 3275 3031 3324 tv,
3070 3269 3126 3316 et
3167 3260 3270 3314 adl
3295 3261 3436 3316 Tim.
3472 3277 3526 3316 v.

231 3355 590 3425 Augustinum
623 3353 786 3410 refert
813 3354 1090 3424 inscriptio
1114 3352 1356 3422 epistola:
1394 3353 1446 3407 in
1469 3353 1714 3408 omnibus
1736 3353 1968 3424 antiquis
1997 3351 2271 3406 codicibus
2291 3349 2530 3421 praeﬁxa,
2558 3359 2612 3406 et
2632 3365 2692 3406 se
2717 3350 2831 3421 ipse
2851 3350 3084 3406 ostendit
3103 3367 3222 3423 cap.
3249 3353 3336 3419 l5,
3371 3368 3528 3409 com-

230 3462 543 3502 memorans
582 3447 748 3502 libros
771 3461 802 3501 a
833 3460 892 3501 se
912 3445 1084 3501 editos
1109 3445 1176 3501 de
1199 3445 1348 3499 Bono
1368 3444 1641 3515 Conjugali
1664 3485 1678 3510 ,
1701 3443 1768 3500 de
1789 3444 1984 3499 Sancta
2012 3443 2348 3513 Virginitate,
2377 3452 2431 3498 et
2451 3441 2708 3498 adversus
2750 3442 3026 3510 Faustum,
3059 3459 3265 3500 necnon
3288 3460 3404 3516 cap.
3429 3446 3525 3511 23,

223 3540 507 3610 epistolam
544 3539 733 3593 Probae
761 3538 1015 3607 scriptam
1031 3537 1098 3593 de
1123 3535 1326 3591 orando
1343 3537 1474 3591 Deo.
1511 3537 1748 3591 Pertinet
1771 3535 2052 3590 Viduitatis
2098 3536 2235 3590 liber
2268 3534 2334 3589 ad
2360 3551 2558 3589 annuzn
2588 3535 2808 3590 circiter
2835 3536 2979 3602 illi;
3014 3538 3247 3607 scriptus
3270 3537 3520 3594 videlicet

225 3640 348 3700 post
381 3629 738 3686 Demetriadis
764 3629 983 3700 virginis
1011 3627 1491 3692 consecrationem,
1511 3626 1778 3683 laudatam
1825 3627 1912 3680 hic
1940 3640 2060 3696 cap.
2086 3625 2173 3693 l9,
2209 3635 2456 3696 tanquam
2495 3634 2788 3693 recentem,
2816 3626 2953 3697 quod
2978 3627 3128 3681 modo
3168 3629 3316 3698 coepit
3337 3645 3357 3682 :
3382 3628 3521 3684 hanc

221 3725 319 3778 sub
343 3725 511 3779 ﬁnem
542 3722 669 3776 anni
717 3722 824 3776 M5
857 3721 1047 3777 factam
1074 3721 1476 3776 observavimus
1507 3729 1652 3774 tomo
1679 3718 1735 3784 ἓ,
1763 3717 1829 3773 ad
1859 3716 2140 3788 epistulam
2186 3717 2289 3773 150
2330 3717 2517 3772 Proba:
2547 3716 2841 3772 etJuliantc
2868 3717 3147 3773 directam.
3186 3718 3242 3773 In
3265 3721 3438 3789 capite
3461 3723 3530 3776 17

220 3831 246 3868 a
294 3817 710 3887 Pelagianorum
746 3829 952 3880 errore,
984 3828 1142 3884 quem
1181 3827 1400 3883 serpere
1443 3811 1673 3880 ccepisse
1698 3810 1866 3876 dicit,
1899 3809 2060 3864 tacito
2086 3823 2272 3862 eorum
2301 3807 2538 3873 nomine,
2583 3808 2965 3878 caverejubet.
2999 3810 3072 3866 De
3103 3810 3203 3867 hac
3230 3812 3343 3881 ipsa
3388 3811 3527 3868 forte

221 3908 593 3963 admonitione
621 3906 830 3962 Juliana
875 3907 1072 3977 gratias
1099 3905 1204 3975 agit
1250 3903 1548 3974 Augustino
1597 3901 1786 3958 litteris
1830 3901 2006 3956 citatis
2057 3900 2107 3953 in
2148 3900 2372 3970 epistola
2419 3899 2522 3955 188
2571 3899 2639 3954 ad
2663 3899 2907 3956 eamdem
2936 3900 3202 3956 Julianam
3230 3903 3414 3969 missa,
3437 3905 3527 3958 ubi

219 4003 333 4073 ejus
358 4003 477 4057 hzec
496 4001 661 4056 verba
681 4002 842 4056 refert
863 4000 1189 4070 Augustinus
1223 4015 1236 4053 :
1272 3997 1410 4053 Sane
1454 3996 1592 4067 quod
1618 4012 1696 4049 me
1720 3995 1951 4049 hortatur
1978 3995 2273 4050 Reverentia
2310 4003 2490 4059 uestra,
2522 4011 2584 4048 ne
2610 4011 2757 4049 aures
2782 3995 3074 4066 indulgeant
3097 3997 3175 4050 his
3205 3996 3516 4065 hominibus,

217 4095 303 4160 qui
330 4094 505 4164 pravis
536 4089 834 4146 tractatibus
868 4090 1206 4144 venerandam
1233 4088 1386 4158 ﬁdem
1416 4104 1550 4159 swpe
1565 4095 1916 4156 corrumpunt,
1943 4086 2136 4156 gratias
2163 4086 2336 4140 uberes
2362 4101 2460 4156 ago
2485 4095 2588 4139 tam
2615 4085 2717 4156 pile
2733 4085 3089 4142 admonitioni.

226 4236 456 4248 _—_

225 4229 3529 4287 EE

843 4369 988 4484 S.
1065 4367 1831 4484 AUBELII
1908 4365 2916 4482 AUGUSTI!!!

1413 4559 1933 4624 HIPPONENSIS
1971 4560 2330 4626 EPISCOPI

503 4685 830 4846 DE
905 4685 1532 4850 BONO
1610 4666 3123 5056 ΙΧΙξΞΞᾙΙΤΑΤΙΞι

1819 5111 1956 5170 SEU

268 5242 1175 5361 EPISTOLA
1204 5224 1561 5354 (“AD
1621 5239 1866 5354 δικ

1872 5237 2591 5351 LIANAM
2663 5237 3470 5355 πωπω.

1704 5461 2077 5517 «With

284 5609 454 5660 viduas
474 5609 554 5659 hic
575 5608 722 5658 docet
748 5613 800 5656 et
823 5604 1130 5670 exhortatur.
1154 5604 1369 5670 Primum
1381 5599 1602 5670 docendo
1619 5599 1792 5663 probat
1811 5606 1992 5650 sancta:
2031 5598 2278 5670 viduitatis
2295 5594 2648 5670 professionem
2681 5601 2864 5670 nuptiis
2882 5603 3315 5670 anteponendam;
3340 5608 3538 5670 nuptias

217 5677 383 5722 lanea
405 5659 650 5722 secundas
667 5705 681 5730 ,
707 5670 804 5719 imo
823 5676 874 5717 et
891 5668 1061 5717 tertias
1085 5673 1138 5717 et
1149 5663 1446 5730 quotaslibet
1465 5659 1749 5713 licitas'esse
1766 5697 1781 5723 ,
1807 5675 1902 5713 nec
1918 5674 2130 5726 unquam
2153 5659 2340 5711 malas:
2367 5667 2422 5712 et
2441 5660 2690 5712 nubentes
2700 5659 2901 5726 quidem
2923 5659 3033 5727 post
3053 5674 3218 5716 votum
3241 5659 3537 5722 viduas'sive

282 5777 353 5837 (ai
385 5777 568 5838 Scripta
592 5773 721 5840 forte
743 5774 870 5840 circa
886 5783 1065 5822 annum
1088 5770 1198 5822 4H.
1394 5831 1413 5840 _
1484 5829 1497 5840 ο
1734 5829 1744 5839 ι

285 5829 300 5872 ί
323 5829 508 5906 Titulus
531 5840 588 5906 iu_
615 5835 1046 5906 quibusdam
1071 5841 1180 5885 est:
1209 5841 1280 5886 De
1295 5829 1584 5898 professione
1602 5829 1890 5894 Viduitatts;
1911 5837 2023 5883 aut:
2049 5838 2118 5882 De
2140 5829 2430 5895 professione
2451 5836 2633 5884 sancta
2653 5831 2928 5888 Viduitatis.
2948 5834 3079 5900 Apud
3101 5841 3176 5887 Er.
3205 5844 3258 5889 et
3288 5843 3430 5890 tam:
3463 5845 3534 5890 De

221 5898 337 5952 bona
356 5903 452 5953 sive
469 5895 766 5967 perfeeiione
796 5895 1061 5952 Viduitatt's
