3986 6504
533 539 633 594 ζ’ἐνὶ

1764 517 1821 572 S.
1863 507 2230 570 AUGUSTINI
2271 508 2570 565 EPISCOPI
3715 524 3805 578 ηε

536 655 752 717 virgines
769 635 947 700 merito
968 648 1212 705 damnari;
1256 655 1388 705 ipsas
1410 649 1575 691 autem
1600 650 1766 717 earum
1791 634 1982 717 nuptias
2005 643 2099 717 nec
2117 627 2405 717 tiaberi‘pro.
2421 629 2813 717 adulteriis,lnec
2835 633 2990 717 dirimi
3013 639 3261 717 Oportere.
3283 632 3460 717 ,ξενίη
3484 629 3806 717 ΞΣ

534 693 1653 778 i133'Fé'lioiéﬁﬁtﬁéﬁiim'cvicensimas?“
1676 699 1805 778 “lli?
1824 693 2478 778 “‘?9q‘!°.l;’l?i’iiiﬂ.‘iilli???
2491 693 3297 778 ίὲιὲςῗὲἒίίνέἐ¹¹99.³¹¹¹“έ.ίὲν³ε¹’θτνί
3312 694 3807 778 (³9ηὲ3³εὲῗῇἓὲἘὲιὲ

537 752 840 827 δῖίόῦἶὲἶιᾶὖ
857 752 1643 827 Ed’ét’idiiéiiniﬁim‘pmnis
1657 752 2001 827 continentiam
2013 765 2158 827 suam
2181 752 2420 827 beneﬁcio
2439 755 2524 801 Dei
2542 757 2719 804 tribuat
2732 752 3040 827 ,"eaveatime

3147 753 3488 814 sermonculis,
3516 755 3600 817 qui
3623 762 3809 812 serpere

536 814 839 900 ξ
851 814 1435 894 tiBEiixiihi'iﬁi‘tiiuinim
1469 814 1770 900 inimicorum
1786 821 1958 900 gratiae
1979 814 2339 900 chri'st‘i'.‘
2363 823 2577 900 utsuum
2592 831 2736 900 orline
2758 814 2972 900 studium
2991 831 3103 900 cum
3121 817 3218 868 ﬁla
3238 820 3428 900 virgine
3451 825 3505 866 et
3537 814 3654 865 cum
3669 825 3811 900 nstitit!

538 875 1442 960 iii-ili?iriiﬁériiﬁi'iifpihaéduiiﬁoeo
1464 875 1484 938 ξ
1502 887 1703 938 delicias
1725 875 2005 946 spirituales
2020 877 2233 927 habeant
2253 875 2516 926 carnalium
2537 877 2818 928 deliciarum
2843 879 2978 942 loco;
3006 889 3058 931 et
3082 881 3254 930 famam
3267 875 3485 943 denique
3507 891 3646 928 suam
3668 882 3812 925 custo-

537 962 647 1011 dire
669 957 1064 1022 non'negligant.

1969 1048 2378 1085 ——-¢°———

543 1188 878 1243 AUGUSTINUS
904 1183 1227 1252 Episcopus,
1269 1191 1458 1234 servus
1481 1173 1679 1230 Christi
1705 1213 1720 1236 ,
1752 1175 2136 1232 Servorumque

617 1276 814 1333 Christi
844 1275 884 1340 ί,
905 1273 1164 1343 religiosa:
1191 1268 1400 1324 famula:
1426 1264 1520 1322 Dei
1547 1263 1814 1330 Jun/mm,
1837 1260 1889 1315 in
1911 1255 2140 1313 Domino

620 1365 955 1422 dominorum
987 1362 1235 1416 salutem.

619 1470 842 1528 CAPUT
866 1466 1146 1523 PRIMUM.
1175 1495 1249 1505 —
1277 1465 1330 1518 l.
1347 1460 1575 1534 Rogatus
1595 1476 1625 1513 a
1651 1456 1862 1512 Juliana
1886 1451 2055 1509 scribit
2080 1450 2142 1502 de

552 1563 860 1638 professione
887 1559 1165 1613 viduitatis.
1197 1554 1425 1624 Apostoli
1455 1553 1640 1606 de'ltac
1674 1565 1729 1604 re
1755 1546 2142 1638 doctrinamrat-

553 1635 723 1729 ponet.
755 1653 834 1711 Ne
877 1652 1119 1724 petitioni
1151 1661 1254 1705 tua:
1281 1657 1334 1703 ct
1361 1648 1416 1701 in
1449 1644 1661 1702 Christo
1688 1639 1958 1698 dilectioni
1987 1639 2006 1669 ²
2029 1635 2145 1690 diu-

555 1751 659 1802 tius
688 1760 864 1802 essem
890 1743 1101 1799 debitor
1124 1738 1490 1812 promissionis
1510 1750 1645 1791 mete
1669 1774 1686 1799 ,
1717 1731 1914 1803 arripui
1941 1737 2148 1784 utcum-

553 1852 657 1909 que
697 1836 838 1891 inter
875 1834 1005 1888 alias
1043 1831 1442 1902 urgentissimas
1479 1827 1854 1895 occupationes
1899 1834 2043 1875 meas
2079 1817 2148 1872 de

559 1927 888 1998 professione
935 1932 1134 1978 sanctae
1164 1921 1434 1976 viduitatis
1459 1916 1656 1988 aliquid
1683 1915 1749 1970 ad
1790 1923 1841 1968 te
1867 1911 2100 1966 scribere
2134 1925 2147 1962 :

559 2017 811 2089 quoniam
839 2023 894 2071 et
918 2023 1237 2085 prmseutcm
1262 2028 1346 2066 me
1370 2009 1604 2082 rogando
1633 2006 1866 2063 oncrasti
1894 2004 1934 2070 ³,
1955 2012 2148 2058 etcum

560 2109 654 2164 tibi
685 2107 786 2162 hoc
813 2122 918 2160 non
943 2105 1233 2175 potuissem
1267 2117 1461 2172 negare
1481 2143 1495 2168 ,
1528 2114 1671 2170 szepe
1701 2112 1878 2152 meum
1922 2108 2150 2166 promis-

558 2216 676 2255 sum
700 2199 890 2254 litteris
918 2196 1185 2268 ﬂagitasti.
1213 2194 1269 2249 lu
1319 2210 1425 2264 quo
1470 2208 1599 2247 sane
1629 2206 1790 2261 Opere
1817 2197 2000 2242 nostro
2029 2200 2149 2239 cum

560 2294 732 2362 aliqua
762 2293 954 2363 legeris
987 2288 1053 2344 ad
1085 2299 1224 2344 tuam
1253 2289 1332 2343 vel
1364 2285 1428 2341 ad
1475 2295 1737 2350 vestram,
1765 2297 1882 2352 qua:
1913 2279 2071 2334 simul
2099 2278 2150 2332 in

559 2385 776 2440 Christo
795 2384 989 2446 vivitis,
1011 2397 1290 2453 personam
1309 2380 1526 2434 minime
1545 2377 1832 2448 pertinere.
1852 2389 1950 2429 nec
1971 2372 2156 2427 admo-

562 2478 746 2531 nitioni
777 2477 896 2530 vita:
923 2485 1113 2530 vestrae
1157 2474 1370 2546 proprie
1412 2470 1709 2526 necessaria
1731 2511 1745 2534 ,
1775 2483 1880 2521 non
1914 2464 2033 2520 ideo
2062 2464 2156 2519 de-

564 2569 712 2626 bebis
740 2569 761 2600 δ
789 2569 1051 2638 superﬂua
1078 2568 1337 2637 judicare.
1369 2566 1486 2620 lstm
1527 2564 1722 2634 quippe
1753 2562 1942 2615 liltcrre
1973 2573 2159 2629 quam-

563 2662 642 2716 vis
685 2659 753 2716 ad
795 2669 874 2724 te,
909 2675 1016 2714 non
1064 2667 1239 2712 tamen
1290 2654 1656 2711 tantummodo
1716 2651 1809 2706 tibi
1862 2647 2158 2705 scribenda:

563 2751 774 2806 fuerunt
798 2769 812 2805 :
840 2751 933 2806 sed
964 2759 1019 2804 ut
1047 2750 1164 2803 aliis
1213 2764 1306 2820 per
1352 2757 1404 2803 te
1440 2761 1650 2817 quoque
1672 2743 2022 2814 prodessent,
2053 2751 2159 2794 non

564 2843 744 2914 utique
768 2857 796 2896 a
821 2842 973 2896 nobis
990 2839 1362 2911 negligendum
1391 2838 1507 2892 fuit.
1534 2835 1798 2906 Quidquid
1815 2851 1942 2904 ergo
1971 2833 2057 2887 hic
2082 2832 2161 2886 in-

563 2935 794 2998 veneris,
828 2932 969 3002 quod
1010 2933 1162 2986 vobis
1186 2929 1546 2984 necessarium
1573 2927 1654 2982 vel
1686 2940 1956 2994 nunquam
1982 2921 2158 2990 fuerit,

566 3025 651 3080 vel
676 3025 784 3095 jam
811 3038 916 3077 non
939 3022 1037 3087 sit,
1072 3030 1127 3076 et
1151 3031 1326 3075 tamen
1357 3019 1475 3074 aliis
1501 3033 1622 3073 esse
1657 3016 1995 3088 perspexeris
2023 3056 2034 3080 ,
2063 3028 2163 3070 nec

569 3115 765 3170 habere
793 3123 845 3169 te
885 3113 1095 3184 pigeat,
1123 3125 1224 3166 nec
1253 3110 1381 3166 dare
1410 3109 1727 3180 legendum;
1753 3119 1808 3162 ut
1836 3115 1892 3163 et
1919 3115 2006 3160 tua
2031 3104 2162 3161 cha-

573 3207 706 3261 ritas
728 3206 799 3261 sit
822 3205 1019 3259 utilitas
1043 3203 1293 3258 aliorum.
1851 3215 1857 3224 ·

638 3299 696 3353 2.
723 3298 854 3353 Cum
877 3297 1035 3368 igitur
1057 3296 1109 3350 in
1131 3295 1274 3350 onmi
1296 3293 1591 3366 qumstione
1619 3308 1737 3364 qu:e
1765 3293 1831 3348 ad
1863 3292 2024 3348 vitam
2055 3307 2168 3347 mo-

571 3405 764 3461 resque
796 3390 1065 3460 pertinet,
1099 3402 1206 3442 non
1231 3387 1342 3442 sola
1384 3385 1647 3452 doctrina,
1671 3401 1855 3439 verum
1883 3386 2043 3439 etiam
2068 3400 2163 3439 ex-

574 3482 802 3537 hortatio
827 3482 895 3536 sit
925 3479 1262 3545 necessaria;
1291 3487 1351 3533 ut
1373 3477 1616 3533 doctrina
1654 3477 1779 3548 quid
1805 3477 2068 3548 agendum
2098 3478 2167 3531 sit

575 3573 900 3637 noverimus,
929 3569 1296 3627 exhortatione
1343 3579 1522 3624 autem
1553 3570 1863 3634 excitemur,
1899 3585 1965 3623 ne
1995 3568 2168 3638 pigeat

572 3682 733 3736 agere
774 3663 915 3735 quod
961 3662 1224 3734 agendum
1277 3676 1396 3717 esse
1438 3660 1547 3730 jam
1597 3661 1881 3715 novimus:
1913 3660 2035 3729 quid
2069 3676 2167 3729 ego

573 3756 802 3826 amplius
833 3764 884 3809 te
911 3753 1131 3808 doceam
1153 3794 1168 3818 ,
1213 3767 1370 3822 quam
1415 3751 1466 3805 id
1506 3751 1646 3821 quod
1686 3749 1826 3820 apud
1853 3749 2166 3819 Apostolum

575 3847 834 3917 legimus?
859 3845 1051 3901 Sancta
1078 3845 1218 3900 enim
1247 3843 1518 3913 Scriptura
1560 3850 1756 3896 nostra:
1789 3841 2046 3896 doctrina:
2078 3857 2168 3896 re-

572 3941 746 4010 gulam
775 3937 916 4008 ﬁgit,
947 3953 1014 3992 ne
1039 3937 1328 3992 audeamus
1348 3951 1526 4006 sapere
1549 3934 1662 4004 plus
1681 3950 1830 4004 quant
1869 3943 2063 4004 oportet
2086 3949 2170 3986 sa-

579 4049 729 4101 pere;
755 4032 849 4086 sed
873 4031 1166 4100 sapiamus,
1193 4041 1248 4083 ut
1276 4034 1389 4098 Ipse
1419 4027 1508 4092 ait,
1542 4026 1609 4079 ad
1635 4025 2045 4094 temperantiam,
2067 4026 2168 4078 sic—

575 4135 628 4177 ut
663 4124 931 4192 unicuique
967 4121 1105 4176 Dens
1151 4122 1364 4191 partitus
1385 4129 1456 4174 est
1491 4136 1778 4173 mensuram
1813 4118 1931 4188 ﬁdei
1972 4118 2167 4191 (Rom.

577 4231 650 4270 xu
675 4255 690 4278 ,
718 4215 798 4282 5).
827 4213 943 4268 Νοιι
969 4215 1038 4267 sit
1064 4227 1193 4283 ergo
1233 4211 1363 4265 mihi
1383 4210 1524 4264 aliud
1551 4219 1603 4265 te
1632 4210 1856 4275 docere,
1887 4210 1986 4264 nisi
2008 4211 2170 4265 verba

580 4307 672 4360 tibi
701 4305 936 4359 doctoris
963 4319 1233 4374 exponere
1257 4345 1271 4372 ,
1302 4311 1357 4358 et
1385 4303 1452 4357 de
1481 4303 1545 4357 iis
1573 4301 1715 4374 quod
1737 4303 1988 4359 Dominus
2009 4302 2171 4360 dede.

580 4397 648 4450 rit
677 4395 970 4464 disputare.

651 4488 876 4545 CAPUT
919 4487 1080 4542 IL—
1133 4488 1185 4543 5.
1244 4488 1483 4559 Innupta:
1528 4489 1668 4559 apud
1720 4489 2018 4560 Apostolum
2070 4507 2171 4544 non

583 4580 708 4634 sola:
730 4580 964 4650 virgines,
997 4579 1087 4633 sed
1126 4580 1277 4633 etiam
1304 4579 1484 4634 vidum.
1526 4580 1615 4634 Ait
1641 4580 1817 4649 itaque
1842 4581 2126 4648 Apostolus
2153 4623 2168 4648 ,

580 4671 771 4726 doctor
798 4670 1044 4725 Gentium
1066 4710 1082 4735 ,
1128 4687 1219 4723 vas
1248 4671 1525 4726 electionis
1554 4688 1567 4724 :
1600 4669 1728 4724 Dico
1757 4681 1921 4725 autem
1949 4673 2174 4742 innuptis

579 4773 627 4816 et
651 4761 850 4828 viduis,
882 4762 1068 4815 bonum
1105 4779 1210 4818 esse
1233 4763 1337 4817 illis
1374 4765 1416 4818 si
1448 4763 1520 4816 sic
1553 4764 1949 4833 permanserint,
1975 4765 2103 4818 sicut
2129 4773 2175 4818 et

581 4875 691 4930 ego.
719 4857 844 4913 Haec
888 4857 1046 4912 verba
1090 4858 1158 4912 ita
1205 4857 1546 4926 intelligenda
1573 4867 1729 4924 sunt,
1756 4867 1812 4912 ut
1841 4873 1943 4912 non
1993 4859 2176 4914 existi-

583 4966 793 5006 memus
825 4950 1010 5005 viduas
1040 4965 1144 5005 non
1177 4957 1427 5020 Oporterc
1458 4949 1706 5018 innuptas
1735 4948 1874 5013 dici,
1906 4951 2026 5020 quia
2072 4968 2172 5006 nu-

582 5047 719 5114 ptias
756 5043 1005 5100 videnlur
1053 5051 1290 5114 experta:
1323 5059 1336 5096 :
1368 5043 1708 5111 innuptarum
1765 5042 1906 5096 enim
1959 5044 2175 5099 nomine

2251 1163 2368 1220 illas
2415 1166 2710 1238 signiﬁcat,
2746 1185 2865 1240 quae
2909 1186 3015 1226 non
3058 1181 3182 1228 sunt
3209 1173 3403 1242 nuptiis
3429 1173 3687 1241 alligatae,
3717 1173 3817 1226 sive

2249 1256 2444 1314 fuerint
2464 1302 2477 1326 ,
2511 1261 2623 1316 sive
2647 1278 2752 1317 non
2795 1262 3010 1319 fuerint.
3037 1263 3189 1331 Quod
3235 1265 3340 1319 alio
3363 1265 3481 1320 loco
3511 1264 3709 1333 aperit,
3737 1264 3817 1319 ubi

2248 1351 2321 1404 ait
2345 1369 2357 1406 :
2385 1350 2558 1408 Divisa
2581 1365 2654 1408 est
2694 1357 2876 1410 mulier
2902 1356 3113 1429 innupta
3148 1367 3194 1411 et
3221 1358 3376 1428 virgo.
3404 1356 3627 1424 Quando
3658 1358 3820 1425 utique

2249 1453 2304 1498 et
2329 1444 2584 1515 virginem
2615 1447 2887 1519 adjungit,
2917 1448 3041 1518 quid
3087 1449 3362 1504 mulierem
3400 1449 3704 1518 innuptam,
3729 1448 3821 1503 nisi

2251 1538 2460 1594 viduam
2486 1539 2594 1596 vult
2623 1541 2877 1613 intelligi?
2907 1542 3058 1598 Unde
3075 1544 3235 1598 etiam
3261 1542 3516 1612 deinceps
3546 1556 3652 1594 uno
3680 1541 3822 1596 innu-

2253 1640 2356 1702 ptae
2388 1633 2601 1689 nomine
2640 1635 3024 1705 professionem
3054 1645 3332 1706 utramque
3357 1637 3723 1705 complectitur
3746 1637 3824 1691 di-

2253 1738 2380 1778 cens
2405 1743 2418 1777 :
2455 1724 2582 1792 Qua:
2616 1726 2828 1797 innupta
2856 1737 2928 1782 est
2951 1769 2966 1793 ,
2997 1728 3215 1782 sollicita
3241 1739 3313 1783 est
3341 1745 3401 1782 ea
3427 1744 3543 1798 qua
3588 1738 3700 1782 sunt
3730 1727 3826 1782 Do-

2254 1815 2412 1881 mini,
2439 1818 2688 1886 quomodo
2717 1817 2915 1888 placeat
2943 1817 3198 1885 Domino;
3229 1835 3342 1889 qua:
3359 1829 3528 1873 autem
3555 1829 3709 1890 nupta
3729 1829 3824 1887 est,

2254 1906 2470 1962 sollicita
2498 1917 2568 1963 est
2606 1925 2664 1962 ea
2688 1925 2799 1980 qua:
2824 1919 2939 1965 sunt
2980 1911 3155 1964 mundi
3178 1951 3193 1975 ,
3222 1911 3472 1980 quomodo
3501 1911 3694 1981 placeat
3730 1913 3828 1966 viro

2259 1997 2309 2070 (ι
2332 1997 2450 2053 Cor.
2487 2014 2560 2054 vn
2585 2041 2598 2064 ,
2629 2000 2681 2066 8,
2709 2001 2832 2072 54).
2862 2000 3143 2071 lnnuptam
3182 2011 3327 2057 certe
3355 2015 3464 2055 non
3491 2017 3611 2056 eam
3641 2011 3826 2056 tantum

2259 2093 2480 2164 intelligi
2509 2095 2705 2159 voluit,
2735 2110 2854 2164 qua:
2885 2110 3154 2166 nunquam
3184 2096 3391 2165 nupsit;
3419 2094 3513 2150 sed
3540 2096 3699 2150 etiam
3723 2110 3828 2150 eam

2259 2201 2377 2254 quae
2399 2185 2702 2254 nuptiarum
2729 2186 2938 2240 vinculo
2962 2202 3054 2256 per
3079 2185 3387 2245 viduitatem
3421 2185 3666 2250 liberata,
3686 2196 3830 2256 nupta

2258 2290 2378 2330 esse
2398 2275 2598 2330 destitit
2628 2295 2640 2330 :
2676 2293 2795 2330 nam
2819 2275 2939 2331 ideo
2959 2288 3012 2332 et
3037 2288 3255 2348 nuptam
3285 2294 3388 2332 non
3411 2278 3541 2332 dicit
3565 2320 3580 2342 ,
3606 2279 3702 2333 nisi
3724 2293 3830 2332 eam

2259 2384 2376 2436 quze
2396 2367 2566 2421 virum
2591 2366 2783 2434 habet;
2810 2383 2914 2423 non
2945 2369 3103 2423 etiam
3131 2385 3248 2424 eam
3269 2384 3387 2438 qua:
3409 2369 3595 2424 habuit
3617 2411 3633 2436 ,
3659 2380 3712 2424 et
3738 2385 3833 2424 non

2263 2458 2440 2514 habet.
2465 2459 2803 2530 Quapropter
2823 2460 2978 2514 vidua
3004 2461 3179 2515 omnis
3204 2462 3420 2531 innupta
3447 2469 3532 2516 est
3563 2479 3576 2514 :
3610 2462 3701 2516 sed
3722 2461 3834 2531 quia

2261 2567 2369 2606 non
2398 2553 2570 2605 omnis
2598 2552 2816 2621 innupta
2847 2551 3002 2606 vidua
3033 2561 3152 2618 est;
3185 2559 3308 2606 sunt
3339 2552 3481 2606 enim
3510 2562 3564 2606 et
3592 2552 3833 2623 virgines;

2264 2643 2384 2698 ideo
2426 2644 2511 2698 hic
2557 2653 2839 2714 utrumque
2882 2645 3094 2714 posuit,
3126 2644 3214 2698 ubi
3263 2645 3370 2710 ait,
3406 2643 3534 2698 Dico
3575 2655 3738 2698 autem
3766 2646 3838 2698 in-

2264 2737 2436 2808 nuptis
2461 2746 2509 2790 et
2531 2737 2694 2792 viduis
2716 2746 3000 2808 :tanquam
3023 2737 3254 2805 diceret,
3283 2737 3434 2806 Quod
3457 2737 3580 2792 dico
3599 2738 3836 2808 innuptis,

2267 2846 2373 2885 non
2397 2830 2475 2885 eis
2524 2831 2652 2885 solis
2694 2830 2813 2885 dico
2856 2846 2976 2900 quae
3005 2831 3238 2901 virgines
3268 2839 3392 2885 sunt
3415 2872 3430 2894 ,
3459 2831 3555 2886 sed
3581 2830 3736 2886 etiam
3771 2831 3839 2886 eis

2266 2937 2384 2992 qua:
2413 2921 2585 2977 vidua:
2615 2930 2773 2990 sunt;
2801 2921 2985 2978 bonum
3013 2939 3120 2978 esse
3143 2923 3246 2978 illis
3270 2923 3312 2978 si
3339 2924 3415 2978 sic
3454 2925 3839 2996 permanserint,

2267 3014 2395 3069 sicut
2421 3025 2467 3068 et
2510 3032 2622 3084 ego.

2335 3103 2564 3162 CAPUT
2604 3105 2691 3163 Ill.
2729 3135 2805 3148 -
2848 3107 2904 3163 6.
2948 3107 3148 3162 Bonum
3194 3107 3453 3163 viduitatis
3499 3111 3670 3180 majus
3710 3124 3844 3179 quam

2267 3199 2492 3270 conjugii
2511 3240 2526 3264 ,
2566 3199 2702 3267 quod
2728 3181 2918 3254 ‘tamen
2943 3217 3054 3255 vere
3095 3201 3299 3255 bonum.
3339 3200 3580 3274 Conjugii
3618 3203 3744 3271 ﬁdes
3764 3245 3778 3269 ,
3804 3212 3846 3256 et

2269 3291 2372 3344 alia
2392 3292 2500 3363 ejus
2524 3291 2654 3346 bona
2672 3333 2686 3358 ,
2713 3293 2823 3348 licet
2851 3293 3093 3348 viduitate
3137 3295 3354 3349 minora.
3381 3296 3519 3350 Ecce
3554 3305 3638 3351 est
3665 3297 3846 3352 bonum

2270 3391 2421 3439 tuum
2467 3384 2516 3440 ei
2560 3384 2700 3440 bono
2748 3397 3150 3457 comparatum,
3189 3389 3328 3459 quod
3386 3389 3517 3444 dicit
3574 3392 3848 3461 Apostolus

2270 3491 2442 3543 suum,
2470 3476 2515 3533 si
2545 3476 2675 3533 lides
2701 3478 2879 3546 adest;
2914 3481 3021 3535 imo
3043 3483 3166 3551 quia
3196 3481 3329 3537 ﬁdes
3358 3482 3530 3538 adest.
3562 3484 3752 3539 Brevis
3780 3494 3852 3540 est

2271 3569 2370 3623 ista
2415 3568 2654 3624 doctrina
2677 3613 2692 3636 ,
2727 3587 2826 3627 nec
2871 3571 2990 3627 ideo
3019 3574 3408 3629 contemnenda
3431 3617 3444 3638 ,
3473 3577 3599 3645 quia
3642 3576 3850 3632 brevis:

2272 3659 2365 3714 sed
2394 3659 2512 3714 ideo
2534 3659 2739 3717 facilius
2764 3671 2819 3717 et
2846 3664 3058 3719 charius
3090 3665 3340 3733 tenenda,
3368 3665 3490 3736 quia
3520 3667 3575 3721 in
3608 3668 3854 3724 brevitate

2274 3767 2380 3806 non
2402 3751 2542 3808 vilis.
2573 3752 2688 3807 Non
2728 3755 2871 3809 enim
2917 3757 3305 3826 qualecumque
3332 3757 3534 3812 bonum
3588 3759 3679 3814 hic
3721 3775 3857 3814 com-

2275 3845 2550 3900 mendaret
2596 3848 2884 3916 Apostolus
2908 3889 2923 3915 ,
2954 3849 3094 3919 quod
3128 3848 3250 3905 ﬁdei
3279 3861 3561 3921 nuptarum
3603 3853 3722 3908 sine
3759 3853 3852 3908 ulla

2273 3939 2614 4010 ambiguitate
2657 3942 2962 4011 praeposuit.
3003 3941 3270 4009 Quantum
3299 3953 3476 3999 autem
3522 3945 3727 4001 bonum
3777 3946 3858 4000 ha-

2275 4032 2398 4088 beat
2427 4041 2711 4101 nuptarum
2743 4031 2876 4088 ﬁdes
2899 4074 2914 4098 ,
2946 4033 2997 4089 id
3043 4043 3158 4098 est,
3203 4035 3617 4090 christiauarum
3663 4046 3720 4091 et
3748 4037 3860 4092 reli-

2274 4122 2545 4192 giosarum
2591 4122 3026 4192 eonjugatarum,
3059 4123 3182 4179 hinc
3225 4124 3444 4194 intelligi
3488 4135 3696 4194 potest,
3728 4125 3858 4197 qued

2275 4227 2396 4267 cum
2425 4213 2491 4268 de
2530 4213 2774 4283 fugienda
2803 4216 3150 4270 fornicatione
3177 4217 3520 4286 pneciperet,
3555 4218 3644 4272 ubi
3693 4219 3861 4287 utique

2275 4316 2327 4364 et
2356 4307 2668 4377 cunjugatos
2693 4307 3083 4378 alloquebatur,
3115 4308 3356 4375 Nescitis,
3382 4310 3585 4379 inquit,
3611 4313 3735 4380 quia
3762 4328 3865 4364 cor-

2277 4417 2401 4471 pora
2447 4410 2607 4455 vestra
2632 4400 2853 4455 membra
2879 4411 2997 4455 sunt
3021 4401 3204 4456 Christi
3229 4400 3346 4472 (Id.
3379 4417 3429 4456 vr
3448 4443 3466 4471 ,
3497 4402 3610 4474 19).
3640 4403 3862 4457 Tantum

2275 4508 2402 4563 ergo
2465 4493 2663 4548 bonum
2717 4503 2800 4548 est
2859 4493 3030 4549 ﬁdelis
3079 4496 3344 4566 conjugii,
3413 4505 3470 4550 ut
3522 4497 3692 4550 etiam
3763 4497 3864 4564 ipsa

2279 4583 2516 4639 membra
2549 4585 2655 4638 sint
2680 4584 2899 4639 Christi.
2938 4585 3052 4640 Hoc
3079 4595 3256 4641 autem
3281 4587 3422 4642 bono
3445 4589 3704 4657 quoniam
3727 4589 3743 4618 ¹
3769 4603 3869 4641 me-

2278 4677 2378 4732 lius
2408 4688 2488 4733 est
2513 4677 2711 4732 bonum
2737 4665 3077 4733 continentia:
3104 4678 3330 4734 vidualis
3349 4721 3364 4743 ,
3394 4695 3499 4733 non
3533 4679 3636 4733 hac
3669 4679 3872 4750 profes-

2279 4769 2430 4824 sione
2459 4768 2509 4823 id
2559 4769 2752 4839 agitur,
2806 4779 2864 4825 ut
2906 4769 3105 4841 aliquid
3152 4771 3271 4840 plus
3313 4771 3383 4825 sit
3420 4771 3693 4827 catholica
3721 4772 3872 4825 vidua

2279 4877 2438 4933 quam
2466 4862 2764 4917 membrum
2794 4861 3019 4929 Christi;
3044 4862 3136 4917 scd
3162 4871 3217 4916 ut
3249 4863 3523 4918 meliorem
3555 4879 3723 4934 quam
3755 4879 3877 4916 cou-

2275 4955 2457 5026 jugata
2502 4953 2678 5010 locum
2735 4953 2928 5010 habeat
2977 4955 3115 5010 inter
3173 4955 3411 5010 membra
3459 4954 3687 5010 Christi.
3747 4955 3875 5012 Dicit

2281 5045 2476 5116 quippe
2521 5043 2661 5099 idem
2706 5043 2980 5115 apostolus
3011 5063 3024 5099 :
3054 5043 3199 5100 Sicut
3241 5045 3372 5098 enim
3413 5045 3468 5098 in
3511 5063 3614 5100 uno
3667 5059 3879 5115 corpore

1759 5170 2050 5234 ADMONITIQ
2086 5173 2168 5234 ΙξΡ.
2209 5171 2689 5232 βεΝΕυιοτιΝοιιυιι.

577 5249 580 5252 ’
646 5249 697 5298 ln
751 5248 864 5312 libri
901 5249 1047 5312 hujus
1089 5249 1428 5311 recognitione
1473 5244 1766 5312 contulimus
1797 5261 1906 5312 cum
1950 5249 2152 5312 Erasmi
2183 5260 2240 5296 ac
2294 5249 2659 5312 Levaniensium
2706 5249 2850 5299 editis
2894 5258 3098 5300 veteres
3136 5251 3327 5301 codices
3381 5251 3653 5304 Gallicanos
3679 5251 3883 5309 aduode-

584 5312 694 5369 cim,
723 5310 1285 5375 BegiunuSorbouicum,
1311 5311 1603 5375 victoriatum
1618 5345 1646 5375 ,ν
1665 5311 2090 5375 Augustincnsem,
2111 5311 2157 5359 id
2174 5317 2251 5358 est
2274 5325 2302 5360 e
2320 5310 2614 5360 bibliotheca
2638 5314 3088 5375 Augustinianorum
3125 5317 3269 5362 Paris.
3291 5319 3648 5364 Carnutensem
3674 5315 3882 5364 abbatis:

586 5381 631 5420 S.
657 5372 815 5435 Petri,
837 5372 1204 5435 Iauduuensem
1240 5373 1463 5435 Ecclesiae
1486 5373 1712 5432 majoris,
1747 5374 2116 5423 Cisterciensem
2135 5406 2150 5431 ,
2189 5375 2617 5434 Cygiranuensem,
2637 5372 2958 5435 Beccensem,
2981 5375 3342 5432 Michaeliuum,
3378 5376 3768 5427 Audoenensem
3787 5411 3800 5432 ,
3837 5381 3880 5420 el

587 5434 968 5500 vetustissitmtm
993 5432 1144 5490 mille,
1169 5441 1252 5482 aut
1275 5433 1760 5500 amplius,_annorum
1798 5441 2182 5486 Germanensetn
2199 5432 2427 5495 ;'n'ecnon
2453 5432 2683 5486 Romanos
2700 5432 2954 5487 Vaticanos'
2977 5445 3098 5498 tres,
3133 5449 3189 5488 ac
3213 5438 3457 5488 variantes
3494 5438 3747 5488 lectiones
3771 5447 3877 5500 qua

589 5503 700 5545 tuor
724 5492 1028 5556 Belgicorum
1049 5506 1160 5556 qua:
1181 5492 1375 5544 exstant
1392 5496 1518 5557 apud
1540 5497 1880 5545 Lovanienses.

665 5576 1178 5656 Comparavimus
1205 5587 1503 5657 praterea
1530 5597 1629 5639 eas
1655 5596 1859 5640 omnes
1885 5579 2188 5641 editiones
2217 5578 2408 5641 initio
2436 5580 2612 5642 Retr.
2636 5591 2691 5642 et
2720 5582 3006 5676 Confessi.
3040 5589 3085 5643 t.
3122 5583 3178 5658 1,
3211 5592 3606 5647 memoratas.
3694 5581 3791 5646 Μ.

654 5681 671 5714 ι
690 5680 762 5728 sic
777 5685 852 5727 Er.
873 5685 925 5728 et
948 5677 1164 5728 nonnulli
1182 5686 1288 5728 MSS.
1307 5686 1361 5728 Αι
1379 5685 1506 5728 l.ov.:
1523 5687 1693 5730 Servus
1714 5691 1957 5730 servorum
1980 5677 2175 5730 Christi.

591 5742 958 5850 vptus‘tissimus
973 5741 1282 5790 Corbeiensis
1307 5741 1482 5802 codex,
1509 5753 1674 5791 scmus
1705 5739 1900 5803 Clu-isti,
1928 5753 2178 5794 servorum

591 5811 625 5850 Γ
643 5817 728 5850 ms
752 5818 784 5850 1.

589 5810 1033 5915 “lygisierciensis
1055 5870 1159 5921 Ms,
1183 5869 1279 5914 tuae
1301 5861 1350 5914 in
1370 5862 1557 5912 rltristo
1582 5861 1865 5916 dilectionis.

656 5929 676 5960 ³
699 5931 770 5978 sic
789 5934 894 5976 Mss.
922 5927 1039 5975 mliti
1055 5934 1237 5986 autem,
1266 5924 1528 5976 Itonorasti.

653 5989 674 6020 δ
698 5991 768 6039 Sic
807 5995 880 6037 llr.
909 5996 960 6037 et
979 5995 1083 6035 Mss.
1105 5985 1347 6048 [debetis]

2350 5683 2365 5713 ⁸
2394 5681 2530 5744 Editi,
2549 5694 2657 5746 quo.
2682 5683 2984 5745 MeliusMss.,
3009 5695 3248 5748 quamam.
