4048 6522
325 416 396 471 33
1455 407 1542 462 DE
1584 405 1762 462 BONO
1802 403 2189 465 VlDUlTATlS
2225 408 2444 468 LIBER.

291 531 453 582 multa
476 524 704 580 membra
731 524 988 588 habemus,
1013 520 1182 574 omnia
1205 528 1373 573 autent
1401 520 1622 574 membra
1650 535 1750 572 non
1779 533 1890 570 eos-

290 625 409 677 dem
457 632 605 678 actus
648 623 872 686 habent;
911 621 982 672 ita
1028 616 1175 670 multi
1210 631 1368 669 unum
1411 630 1596 685 corpus
1626 629 1800 666 sumus
1843 612 1896 665 in

293 715 496 770 Christo
519 755 536 782 ,
581 713 773 786 singuli
821 722 986 766 autem
1033 710 1162 764 alter
1199 707 1411 762 alterius
1447 706 1672 761 membra
1704 707 1719 737 ¹
1753 724 1766 758 :
1799 707 1896 760 ha-

292 809 463 864 bentes
517 809 655 862 dona
707 808 908 861 diversa
947 803 1226 859 secundum
1268 803 1487 874 gratiam
1523 816 1638 871 qua:
1679 799 1798 854 data
1828 809 1899 854 est

294 903 439 957 nobis
461 901 642 975 (Rom.
677 918 758 956 xu
778 943 792 966 ,
821 903 856 956 4
875 900 952 972 6).

367 997 423 1053 5.
453 996 579 1051 ldeo
604 996 766 1050 etiam
797 1008 918 1048 eum
970 997 1214 1046 moneret
1237 988 1549 1058 conjugatos
1568 1028 1584 1052 ,
1629 1001 1698 1042 ne
1721 985 1903 1042 debito

295 1089 532 1144 carnalis
555 1085 955 1142 commixtionis
983 1081 1291 1138 lrandarent
1319 1081 1570 1145 invicem;
1601 1088 1654 1133 et
1678 1093 1774 1148 per
1798 1077 1904 1132 hoc

295 1182 433 1236 alter
457 1193 644 1235 eorum
676 1171 868 1246 negato
893 1175 994 1229 sibi
1038 1174 1218 1229 debito
1252 1170 1517 1240 conjugall
1537 1209 1554 1236 ,
1584 1183 1681 1239 per
1706 1168 1900 1222 intem-

298 1271 604 1342 perantiam
639 1284 792 1324 suam
846 1275 1080 1321 tentatus
1115 1263 1354 1318 aSatana
1377 1303 1394 1328 ,
1418 1261 1470 1315 in
1498 1259 1902 1315 fornicationem

301 1363 679 1433 prolaberetur
704 1378 718 1414 :
754 1357 866 1412 Hoc
915 1365 1084 1410 autent
1122 1355 1235 1408 dico
1259 1396 1274 1420 ,
1300 1353 1506 1423 inquit,
1527 1351 1804 1406 secundum
1823 1365 1901 1404 ve-

299 1454 441 1506 niam
465 1493 482 1516 ,
511 1467 610 1504 non
629 1449 906 1504 secundum
935 1447 1220 1516 imperium.
1261 1442 1388 1499 Volo
1412 1455 1580 1497 autent
1610 1458 1778 1496 omnes
1805 1442 1903 1495 ho-

303 1545 466 1598 mines
485 1545 508 1574 ¹
535 1559 642 1596 esse
666 1543 794 1596 sicut
821 1556 900 1594 me
938 1539 1103 1609 ipsum
1127 1553 1145 1592 :
1167 1535 1258 1592 sed
1277 1535 1616 1607 unusquisque
1642 1533 1904 1606 proprium

301 1635 495 1688 donum
536 1634 683 1687 habet
712 1650 742 1686 a
774 1630 914 1695 Deo;
944 1631 1074 1685 alius
1113 1628 1316 1700 quidem
1343 1629 1446 1691 sic,
1470 1627 1602 1681 alius
1625 1641 1740 1680 vero
1759 1626 1830 1679 sic
1859 1624 1901 1679 ³.

376 1724 604 1781 CAPUT
632 1724 720 1779 IV.
748 1753 821 1765 —
857 1722 1131 1777 Viduitatis
1173 1720 1483 1791 professione
1532 1734 1631 1772 non
1669 1717 1906 1771 dantnari

303 1818 553 1874 secundas
594 1818 818 1887 nuptias.
846 1813 1288 1886 Cataphrygarum
1320 1822 1370 1866 et
1401 1811 1801 1866 Novatianorunt
1831 1826 1906 1864 er-

307 1926 395 1965 ror
416 1927 449 1964 a
485 1908 804 1964 Tertulliano
834 1907 1150 1977 prapalatus.
1186 1905 1346 1960 \‘ides
1386 1903 1545 1958 etiam
1571 1902 1906 1972 coniugalem

305 2001 617 2072 pudicitiam
665 2009 720 2055 et
749 1998 888 2053 thori
932 1996 1208 2052 christiani
1255 1993 1701 2048 matrimonialem
1747 1991 1906 2048 [idem

305 2093 508 2150 donum
537 2106 688 2154 esse,
713 2099 767 2145 et
795 2090 896 2144 hoc
922 2104 952 2143 a
984 2089 1094 2143 Deo
1123 2105 1135 2141 :
1169 2097 1220 2140 ut
1266 2085 1396 2140 illud
1432 2084 1575 2155 quod
1605 2084 1740 2137 ultra
1774 2082 1908 2136 libe-

307 2199 492 2240 rorum
523 2181 974 2253 procreandorum
996 2178 1371 2234 necessitatem
1403 2175 1617 2230 modum
1651 2188 1907 2228 concum-

306 2274 472 2331 bendi
517 2274 854 2343 aliquatenus
899 2268 1330 2340 concupiscentia
1377 2266 1606 2322 carnalis
1657 2264 1904 2330 excedit,

307 2383 416 2424 non
437 2367 744 2437 nuptiarum
770 2364 842 2419 sit
869 2363 971 2418 hoc
997 2363 1218 2427 malum,
1237 2360 1332 2416 sed
1354 2359 1564 2414 veniale
1593 2359 1662 2413 sit
1690 2366 1908 2428 propter

308 2461 615 2532 nuptiarum
643 2459 862 2513 bonum.
893 2455 1007 2510 Non
1033 2454 1176 2510 enim
1219 2453 1285 2508 de
1334 2451 1616 2522 coniugio,
1644 2449 1783 2518 quod
1811 2463 1907 2504 co-

307 2552 526 2622 pulatur
551 2549 841 2605 liberorum
885 2543 1337 2617 procreandorum
1368 2557 1565 2610 causa,
1587 2551 1642 2597 et
1684 2539 1786 2596 ﬁde
1809 2556 1908 2609 pu-

307 2643 509 2699 dicitiae
551 2639 877 2711 conjugalis,
929 2647 985 2694 et
1034 2635 1426 2701 indissolubili,
1453 2633 1708 2705 quamdiu
1750 2633 1909 2688 ambo

307 2737 536 2804 vivunt,
582 2733 908 2789 matrimonii
961 2739 1340 2795 sacramento,
1384 2744 1504 2800 quae
1551 2728 1730 2784 omnia
1772 2727 1909 2782 bona

308 2838 474 2894 sunt;
505 2828 601 2883 sed
625 2828 801 2883 deillo
831 2824 1117 2881 immodico
1163 2823 1342 2879 carnis
1379 2837 1512 2889 usu,
1543 2822 1634 2892 qui
1678 2821 1731 2876 in
1763 2821 1912 2876 inﬁr-

312 2922 502 2977 mitate
531 2920 818 2991 coniugum
859 2917 1186 2989 agnoscitur,
1216 2924 1273 2972 et
1317 2915 1620 2970 interventu
1650 2913 1773 2968 boni
1804 2929 1908 2968 nu-

311 3014 492 3083 ptialis
543 3013 838 3083 ignoscitur
861 3052 877 3078 ,
909 3011 986 3064 ait
1015 3008 1339 3080 Apostolus,
1378 3007 1672 3063 Secundum
1716 3006 1912 3062 veniant

311 3104 450 3169 dico,
477 3120 578 3157 non
602 3101 877 3157 secundum
908 3100 1196 3170 imperium.
1222 3097 1351 3153 Item
1378 3113 1500 3153 cum
1529 3096 1688 3164 dicit,
1724 3095 1912 3151 Mulier

309 3194 527 3265 alligata
564 3205 636 3248 est
664 3193 684 3222 ‘
704 3235 719 3259 ,
747 3192 990 3260 quamdiu
1019 3191 1093 3244 vir
1129 3191 1239 3262 ejus
1269 3189 1384 3242 vivit
1408 3205 1428 3255 ;
1455 3188 1593 3259 quod
1621 3188 1663 3241 si
1686 3198 1912 3242 mortuus

311 3286 467 3356 {iterit
498 3285 572 3338 vir
598 3285 708 3354 ejus
729 3325 743 3348 ,
777 3283 985 3338 liberata
1011 3290 1126 3336 est:
1155 3280 1238 3335 cui
1265 3280 1370 3334 vult
1417 3279 1572 3333 nubat
1596 3321 1610 3346 ,
1638 3288 1833 3332 tantum
1859 3279 1914 3334 in

310 3375 537 3431 Domino
560 3376 790 3430 :beatior
829 3384 994 3429 autent
1033 3373 1163 3441 erit,
1214 3373 1257 3427 si
1300 3371 1373 3427 sic
1423 3370 1786 3442 permanserit,
1833 3387 1914 3424 sc-

309 3470 537 3522 cundum
564 3484 728 3520 meum
747 3466 1053 3530 consilium;
1083 3464 1212 3518 satis
1233 3462 1468 3518 ostendit
1487 3462 1694 3517 beatam
1716 3475 1834 3516 esse
1860 3461 1914 3516 in

311 3558 542 3614 Domino
581 3558 740 3613 etiam
783 3565 903 3627 post
928 3565 1154 3610 mortem
1182 3554 1280 3607 viri
1310 3555 1499 3607 iterum
1539 3553 1825 3607 nubentem
1854 3552 1916 3606 li-

307 3651 513 3718 delem,
533 3651 626 3706 sed
656 3651 708 3705 in
736 3649 926 3705 eodem
955 3647 1181 3703 Domino
1205 3646 1417 3702 viduam
1449 3645 1744 3700 beatiorem
1768 3663 1778 3698 :
1812 3644 1913 3700 hoc

310 3752 423 3808 est,
456 3751 512 3796 ut
533 3740 928 3811 Scripturarum
957 3756 1062 3794 non
1091 3747 1300 3792 tantum
1325 3737 1520 3801 verbis,
1541 3752 1725 3791 verum
1751 3735 1911 3790 etiam

309 3833 574 3904 exemplis
599 3833 805 3903 loquar,
831 3831 1041 3886 beatam
1070 3845 1190 3886 esse
1216 3828 1358 3883 Ruth
1384 3867 1400 3894 ,
1431 3827 1525 3882 sed
1548 3827 1759 3882 Annam
1790 3828 1913 3883 bea-

311 3928 526 3982 liorem.

383 4020 437 4072 6.
469 4016 808 4086 Quapropter
827 4013 931 4070 hoc
952 4014 1178 4084 primum
1200 4021 1411 4083 oportet
1433 4020 1489 4066 ut
1511 4011 1741 4077 noveris,
1763 4011 1906 4067 bono

310 4110 458 4182 quod
488 4110 695 4181 elcgisti
735 4125 839 4163 non
865 4108 1106 4163 damnari
1147 4105 1409 4162 secundas
1439 4105 1670 4176 nuptias,
1704 4105 1796 4160 sed
1827 4105 1911 4158 in-

314 4202 486 4257 ferius
506 4202 779 4256 honorari.
809 4200 941 4255 Nam
964 4201 1100 4255 sicut
1127 4199 1324 4254 bonum
1347 4207 1545 4253 sanetae
1571 4198 1910 4268 virginitatis,

313 4293 458 4364 quod
485 4292 647 4363 elegit
674 4291 782 4347 ﬁlia
815 4301 923 4356 tua,
956 4307 1062 4346 non
1090 4291 1308 4346 damnat
1345 4306 1478 4345 unas
1509 4291 1720 4360 nuptias
1762 4299 1910 4354 tuas;

313 4386 391 4439 sic
422 4398 524 4440 nec
547 4383 778 4438 viduitas
805 4392 914 4450 tua,
947 4382 1255 4454 cujusquam
1288 4380 1573 4438 secundas.
1605 4380 1739 4436 llinc
1767 4382 1913 4437 enim

314 4477 556 4530 maxime
586 4473 1044 4545 Cataphrygarum
1097 4489 1159 4528 ac
1210 4473 1624 4528 Novatianorum
1681 4472 1913 4528 hmreses

312 4574 650 4633 tumuerunt,
691 4582 825 4636 quas
848 4567 1029 4620 buccis
1059 4565 1394 4627 sonantibus,
1418 4580 1527 4618 non
1558 4563 1910 4634 sapientibus,

315 4659 477 4714 etiam
523 4655 882 4711 Tertullianus
935 4653 1156 4720 inﬂavit,
1213 4655 1338 4708 dum
1389 4653 1654 4708 secundas
1699 4654 1912 4723 nuptias

316 4759 570 4820 tanquam
603 4747 810 4803 illicitas
855 4746 1116 4802 maledico
1142 4746 1300 4800 dente
1329 4743 1585 4810 concidit,
1635 4759 1770 4813 quas
1797 4760 1915 4798 om-

317 4843 449 4896 nino
482 4841 656 4895 licitas
683 4838 969 4908 Apostolus
1000 4837 1176 4892 sobria
1207 4845 1386 4891 mente
1411 4835 1677 4890 concedit.
1711 4835 1794 4890 Ab
1816 4835 1916 4890 hac

316 4932 552 4987 sanitate
595 4929 877 4995 doctrinm,
918 4929 1111 4983 nullius
1138 4927 1369 4992 indocti,
1407 4926 1600 4981 nullius
1629 4926 1771 4981 docti
1800 4926 1912 4982 dis-

317 5025 596 5097 putatione
649 5022 948 5088 movearis;
982 5037 1080 5076 nec
1125 5023 1194 5074 ita
1223 5019 1450 5075 extollas
1496 5018 1692 5073 bonum
1743 5027 1912 5085 tuum,

319 5128 375 5169 ut
409 5113 552 5186 quod
584 5114 782 5168 malum
815 5128 918 5166 non
969 5119 1073 5178 est,
1109 5119 1360 5180 tanquam
1391 5109 1589 5179 malum
1618 5108 1918 5164 crimineris

319 5213 553 5264 alienum
589 5225 604 5262 :
635 5208 728 5262 sed
762 5216 907 5262 tanto
934 5205 1102 5276 magis
1127 5203 1298 5275 gaude
1326 5202 1392 5258 de
1423 5211 1512 5257 tuo
1538 5201 1700 5270 bono,
1719 5211 1918 5272 quanto

385 5382 400 5412 ¹
433 5381 582 5440 Fditi,
631 5379 756 5429 alter
801 5376 999 5428 alterius
1043 5380 1153 5427 sunt
1196 5370 1429 5425 membra.
1474 5373 1652 5432 Abest,
1703 5377 1844 5431 sunt,
1891 5383 1919 5419 a

318 5448 482 5616 ῗῗίη
519 5503 663 5554 editis
710 5504 942 5554 omissum
985 5507 1120 5574 erat,
1161 5497 1410 5559 homines;
1441 5495 1572 5562 quod
1603 5496 1652 5545 in
1685 5501 1793 5545 Mss.
1831 5494 1917 5544 ha-

359 5580 388 5614 e
415 5583 490 5616 ur.

359 5575 562 5687 (iisiis...
582 5627 710 5677 alius
731 5625 821 5684 sic,
845 5623 970 5688 alius
992 5622 1189 5688 quidem
1210 5622 1300 5688 sic.

387 5690 409 5717 δ
436 5699 532 5740 Neu
551 5681 768 5748 additur,
793 5681 886 5748 legi
909 5700 925 5737 :
945 5681 1039 5736 vo'x
1057 5701 1121 5736 ex
1145 5682 1353 5748 Epistola
1371 5681 1443 5748 ad
1463 5689 1711 5748 Romanos.
1737 5691 1843 5744 cap.
1869 5681 1918 5748 72

325 5750 358 5812 Ῠ
400 5750 448 5810 2,
477 5755 659 5814 petita;
691 5742 809 5814 qua:
835 5742 934 5798 'hoe
963 5749 1069 5799 loco
1104 5742 1232 5814 nunc
1275 5747 1344 5814 in”
1362 5742 1561 5807 Vulgata
1593 5742 1806 5805 legitur,
1831 5743 1920 5811 sed

328 5808 486 5923 :ltm'
525 5829 553 5864 a
605 5808 768 5862 Bibliis
815 5815 1004 5878 St'l'tpjs
1050 5808 1427 5860 Corbeiensibus
1478 5814 1531 5853 et
1577 5808 1917 5856 Germanensi-

363 5889 434 5924 us.

3492 422 3599 478 ‘35

2011 519 2177 588 magis
2203 521 2353 576 vides
2385 539 2490 577 non
2519 531 2723 582 tantum
2757 527 2846 582 illo
2874 527 3100 585 devitari
3131 529 3415 599 mala,'sed
3449 551 3596 603 qua:-

2004 607 2126 662 dam
2157 610 2291 666 bona
2321 613 2480 668 etiam
2508 619 2770 686 superari.
2799 619 2932 673 Mala
2955 630 3080 675 sunt
3104 623 3246 677 enim
3270 623 3593 680 adulterium

2005 702 2086 756 vel
2118 700 2418 759 fornicatio.

2076 791 2300 851 CAI'UT
2342 796 2405 850 V.
2436 827 2510 838 —
2544 798 2828 856 Honestum
2857 803 2957 858 dici
2984 805 3244 863 viduitatis
3269 808 3454 864 bonum
3475 812 3596 880 quia

2006 883 2285 952 honestius,
2317 905 2418 942 non
2449 903 2502 942 ut
2531 899 2676 961 turpe
2700 903 2902 963 putetur
2928 897 3243 968 confugium.
3277 900 3358 955 Ab
3386 900 3468 956 his
3503 918 3596 956 au-

2009 985 2113 1029 tem
2147 977 2341 1032 illicitis
2377 981 2531 1035 valde
2560 981 2716 1053 longe
2745 995 2969 1055 estquae
3001 989 3106 1041 voti
3139 988 3384 1045 libertate
3413 1007 3472 1046 se
3493 993 3594 1045 ob-

2007 1067 2256 1135 SIrinxit,
2288 1080 2340 1124 et
2367 1071 2465 1125 sibi
2494 1073 2652 1128 etiam
2680 1075 2822 1130 licita
2855 1094 2920 1131 ne
2946 1078 3188 1142 licerent,
3222 1095 3326 1135 non
3373 1082 3599 1151 imperio

2007 1156 2159 1229 legis,
2189 1159 2284 1214 sed
2311 1163 2535 1219 consilio
2563 1164 2837 1222 charitatis
2863 1166 3059 1224 ell‘ecit.
3091 1169 3156 1223 Et
3185 1169 3382 1224 bonum
3408 1182 3491 1226 est
3509 1188 3601 1240 pn-

2007 1246 2186 1303 dieitia
2213 1251 2526 1322 conjugalis,
2566 1255 2660 1309 sed
2694 1256 2881 1312 tnclius
2913 1258 3110 1313 bonum
3148 1269 3232 1315 est
3263 1261 3594 1317 continentia

2008 1341 2252 1397 vidualis.
2286 1343 2400 1399 Hoc
2427 1360 2555 1416 ergo
2581 1348 2770 1404 melius
2794 1350 2935 1405 illius
2966 1351 3088 1406 boni
3115 1352 3472 1409 subtnissione
3501 1354 3602 1406 ho-

2009 1445 2227 1502 noratur
2259 1455 2271 1490 :
2303 1453 2408 1492 non
2437 1439 2565 1494 illud
2595 1440 2792 1497 bonum
2839 1443 3075 1502 melioris
3110 1444 3270 1516 hujus
3307 1445 3464 1502 laude
3499 1447 3600 1502 da-

2010 1537 2241 1583 mnatur.

2081 1621 2133 1676 7.
2174 1623 2324 1690 Quod
2355 1633 2531 1680 autem
2577 1627 2884 1697 Apostolus,
2914 1643 3036 1684 cum
3065 1630 3312 1686 caelibum
3355 1639 3412 1686 et
3435 1629 3596 1686 innu-

2011 1723 2219 1784 ptarum
2272 1719 2677 1776 commendaret
2726 1720 2979 1787 fructum,
3029 1723 3152 1792 quia
3198 1725 3436 1794 cogitant
3480 1739 3601 1793 quze

2013 1817 2140 1862 sunt
2168 1808 2400 1876 Domini,
2426 1811 2694 1880 quomodo
2727 1813 3125 1883 placeant_Deo,
3156 1815 3386 1883 subjecit
3421 1824 3476 1870 et
3502 1817 3599 1881 ait,

2014 1895 2126 1951 Hoc
2151 1908 2317 1953 autent
2343 1901 2411 1954 ad
2438 1903 2708 1957 utilitatem
2734 1915 2951 1958 vestram
2976 1904 3112 1969 dico,
3145 1923 3247 1959 non
3273 1915 3328 1959 ut
3361 1906 3599 1976 laqueum

2010 1991 2148 2044 vobis
2191 1992 2441 2061 injiciam,
2492 1993 2545 2048 id
2574 2003 2677 2062 est,
2705 2010 2810 2050 non
2839 2004 2900 2050 ut
2935 2010 3032 2051 vos
3081 2011 3298 2068 cogam;
3335 1997 3424 2051 sed
3447 1996 3516 2050 ad
3545 1997 3599 2049 id

2009 2084 2143 2155 quod
2172 2085 2435 2139 honestum
2461 2097 2533 2140 est
2563 2102 2581 2141 :
2614 2103 2722 2143 non
2751 2089 2873 2158 quia
2903 2089 3246 2158 innuptarum
3276 2090 3472 2144 bonum
3505 2089 3606 2152 hn-

2011 2183 2221 2229 ueslum
2249 2176 2404 2241 dixit,
2443 2176 2564 2232 ideo
2597 2187 2780 2248 putare
2808 2178 3066 2236 debem'us
3095 2190 3248 2252 turpe
3276 2196 3399 2238 esse
3421 2182 3604 2236 vincu-

2013 2263 2121 2317 lum
2152 2265 2465 2336 conjugale;
2497 2268 2736 2339 alioquin
2765 2271 2926 2324 etiam
2981 2272 3180 2340 primas
3219 2271 3432 2340 nuptias
3469 2287 3602 2328 con-

2011 2353 2403 2422 demnabimus,
2445 2374 2578 2428 quas
2607 2376 2706 2416 nec
2734 2361 3120 2433 Catapltryges,
3154 2377 3254 2418 nec
3298 2363 3600 2430 Novatiani,

2013 2465 2112 2504 nec
2169 2450 2559 2508 disertissimus
2614 2469 2803 2508 eorum
2861 2455 3179 2524 astipulator
3245 2455 3609 2510 Tcrtullianus

2015 2551 2196 2612 turpes
2225 2559 2387 2600 ausus
2412 2554 2495 2601 est
2522 2545 2724 2602 dicere.
2749 2546 2854 2602 Sed
2881 2547 3328 2617 quemadmodum
3360 2563 3481 2608 eum
3505 2550 3603 2612 ait,

2017 2635 2142 2691 Dico
2167 2648 2335 2691 autent
2378 2638 2607 2709 innuptis
2635 2650 2684 2694 et
2725 2640 2908 2704 viduis,
2938 2640 3125 2695 bonum
3155 2657 3260 2696 esse
3304 2641 3408 2696 illis
3460 2642 3505 2696 si
3532 2642 3606 2695 sic

2015 2732 2410 2797 permanserint;
2443 2731 2622 2800 utique
2649 2731 2847 2786 bonum
2876 2732 3052 2801 posuit
3073 2746 3169 2802 pro
3198 2732 3440 2797 meliore,
3468 2747 3606 2803 quo-

2015 2821 2159 2876 niam
2191 2837 2351 2877 ontne
2377 2821 2518 2893 quod
2553 2822 2694 2878 bono
2736 2833 3104 2894 comparatum
3143 2823 3335 2879 melius
3379 2823 3597 2888 dicitur,

2015 2914 2175 2970 etiam
2223 2913 2326 2969 hoc
2369 2914 2553 2985 procul
2598 2914 2762 2970 dubio
2790 2915 2990 2971 bonum
3019 2923 3100 2971 cst
3147 2932 3160 2970 :
3205 2930 3326 2969 nam
3357 2914 3482 2984 quid
3526 2924 3609 2971 est

2015 3007 2157 3064 aliud
2182 3007 2324 3079 quod
2352 3008 2423 3062 ita
2448 3008 2646 3064 dicitur
2674 3009 2886 3076 melius,
2916 3009 3018 3064 nisi
3038 3008 3180 3080 quod
3209 3008 3380 3078 magis
3409 3007 3607 3064 bonum

2017 3100 2138 3156 est?
2166 3115 2264 3156 nec
2287 3100 2406 3155 ideo
2431 3111 2823 3171 consequenter
2841 3116 2963 3156 cum
2994 3101 3229 3156 sensisse
3251 3101 3598 3163 arbitramur,

2017 3192 2215 3248 malum
2244 3207 2367 3248 esse
2405 3191 2448 3246 si
2489 3193 2789 3263 nupserint,
2812 3192 3065 3262 quoniam
3094 3192 3246 3258 dixit,
3291 3190 3478 3246 bonum
3505 3208 3612 3246 esse

2015 3283 2120 3338 illis
2144 3283 2280 3338 sisic
2311 3285 2679 3355 permanserint
2711 3300 2729 3339 :
2770 3284 2840 3338 ita
2867 3285 3028 3340 etiam
3052 3299 3174 3340 cum
3203 3286 3300 3349 ait,
3335 3283 3424 3338 sed
3463 3283 3532 3337 ad
3557 3284 3611 3337 id

2017 3374 2155 3447 quod
2201 3376 2462 3430 honestum
2513 3386 2618 3440 est;
2664 3391 2772 3430 non
2831 3375 3232 3430 matrimonium
3284 3382 3439 3444 turpe
3486 3388 3606 3429 esse

2019 3468 2356 3534 monstravit,
2386 3466 2480 3522 sed
2508 3466 2649 3537 quod
2680 3467 2906 3521 honesto
2928 3476 3043 3521 erat
3076 3465 3352 3520 honestius
3379 3479 3608 3535 genera-

2018 3560 2085 3616 lis
2138 3559 2347 3616 honesti
2400 3561 2618 3616 nomine
2672 3559 3087 3616 commendavit.
3145 3559 3281 3627 Quia
3331 3557 3609 3613 honestius

2018 3651 2143 3721 quid
2175 3659 2278 3718 est,
2308 3651 2408 3706 nisi
2433 3650 2573 3722 quod
2596 3652 2762 3722 magis
2789 3651 3072 3705 honestum
3100 3651 3218 3704 est?
3243 3648 3406 3719 Magis
3428 3656 3608 3702 autem

2020 3743 2304 3798 honestum
2358 3743 2541 3812 utique
2580 3742 2865 3798 honestum
2907 3750 3009 3796 est.
3051 3742 3248 3810 Aperte
3289 3740 3484 3809 quippe
3510 3737 3610 3794 dc-

2017 3835 2236 3890 claravit
2289 3836 2390 3890 hoc
2435 3849 2557 3891 esse
2602 3834 2744 3889 bono
2771 3835 2862 3888 illo
2893 3833 3105 3898 melius,
3137 3832 3229 3888 ubi
3253 3833 3346 3896 ait,
3383 3831 3484 3897 Qui
3520 3831 3608 3883 dat

2018 3935 2267 3993 nuptum,
2315 3925 2435 3981 bene
2481 3926 2637 3998 facit;
2677 3935 2726 3980 et
2757 3926 2845 3996 qni
2895 3940 2994 3978 non
3041 3924 3128 3976 dat
3163 3931 3396 3989 nuptum,
3429 3920 3610 3976 melius

2019 4018 2141 4089 facit
2169 4033 2187 4072 :
2221 4026 2276 4072 ct
2306 4016 2409 4071 hoc
2452 4017 2545 4070 illo
2570 4016 2728 4071 beato
2755 4015 2983 4080 beatius,
3027 4013 3114 4068 ubi
3157 4013 3251 4078 ait,
3284 4011 3489 4065 Beatior
3517 4026 3611 4062 au-

2019 4120 2115 4164 tem
2146 4111 2266 4173 erit,
2295 4110 2338 4164 si
2387 4109 2459 4164 sic
2497 4108 2830 4180 permanserit
2860 4107 2901 4179 (l
2949 4107 3068 4163 Cor.
3110 4123 3202 4170 vn,
3231 4105 3352 4169 5-8,
3393 4103 3608 4173 35-40).

2018 4201 2166 4259 Sicut
2190 4218 2319 4272 ergo
2349 4202 2489 4257 bono
2524 4201 2716 4256 melius
2756 4211 2809 4256 et
2835 4201 2992 4256 beato
3019 4199 3240 4262 beatius,
3275 4197 3353 4251 sic
3384 4196 3612 4254 honesto

2019 4295 2298 4350 honestius
2322 4301 2424 4361 est,
2454 4292 2598 4364 quod
2626 4292 2910 4347 honestum
2945 4290 3108 4346 voluit
3129 4288 3428 4360 appellare.
3458 4285 3615 4342 Absit

2019 4385 2165 4442 enim
2195 4393 2254 4439 ut
2280 4393 2433 4454 turpe
2473 4384 2543 4438 sit
2567 4383 2710 4439 unde
2737 4383 2960 4452 loquens
2985 4381 3260 4453 apostolus
3280 4379 3471 4434 Petrus
3496 4377 3570 4430 ait
3597 4395 3614 4429 :

2032 4479 2162 4546 Viri,
2181 4477 2423 4534 uxoribus
2450 4477 2624 4532 vestris
2646 4485 2886 4545 tanquant
2912 4475 3018 4528 vasi
3033 4473 3308 4543 inﬁrmiori
3327 4481 3371 4526 et
3390 4470 3614 4543 subjecta

2021 4570 2223 4636 tribuite
2247 4569 2510 4632 honorem,
2534 4567 2682 4638 quasi
2707 4565 3052 4621 coltazredibus
3077 4565 3275 4636 gratiae.
3306 4563 3373 4618 Et
3395 4563 3514 4617 illas
3535 4557 3615 4614 al—

2019 4662 2265 4732 loquens,
2306 4659 2546 4715 subditas
2593 4673 2715 4714 esse
2741 4658 2869 4712 viris
2903 4657 3014 4712 suis
3040 4656 3299 4726 exemplo
3342 4654 3490 4711 Sara:
3515 4653 3580 4706 ad

2022 4753 2263 4807 hortatur
2290 4771 2302 4806 :
2335 4750 2471 4805 Nam
2497 4751 2570 4804 sic
2595 4750 2850 4822 quaedam,
2895 4749 3086 4818 inquit,
3122 4757 3313 4802 sancta:
3340 4746 3603 4809 mulieres,

2019 4861 2133 4916 qua:
2152 4847 2203 4899 in
2237 4844 2398 4898 Deum
2426 4845 2720 4914 sperabant,
2751 4842 3000 4898 ornabant
3031 4857 3103 4907 se,
3135 4840 3457 4908 obsequentes
3491 4840 3606 4909 viris
3645 4845 3652 4854 '

2019 4939 2126 4992 suis
2155 4937 2446 5007 :quomodo
2476 4937 2611 4991 Sara
2633 4935 2894 4990 obediebat
2922 4933 3158 4998 Abralue,
3187 4932 3448 4986 dominum
3463 4927 3609 4982 illum

2021 5043 2224 5091 vocans,
2267 5028 2414 5098 cujus
2465 5031 2614 5099 [astte
2639 5027 2756 5081 estis
2786 5026 2911 5094 ﬁlia:
2937 5023 3320 5094 benefacientes,
3345 5030 3389 5075 et
3415 5037 3514 5075 non
3545 5022 3615 5074 ti-

2021 5127 2209 5172 mentes
2239 5117 2399 5171 ullam
2433 5118 2860 5188 perturbationem
2889 5115 2929 5185 (l
2965 5113 3109 5168 Petr.
3140 5129 3217 5177 nt,
3249 5112 3395 5181 5-7).
3465 5173 3468 5176 _

2093 5208 2319 5264 CAPUT
2358 5207 2445 5262 Vl.
2468 5238 2539 5247 —
2559 5208 2612 5262 8.
2643 5205 2849 5278 Nuptas
2865 5205 3016 5259 etiam
3031 5219 3240 5273 corpore
3267 5210 3470 5270 sanctas
3486 5217 3615 5266 esse,

2025 5300 2137 5352 licet
2185 5299 2349 5352 minus
2385 5313 2536 5366 quam
2565 5298 2826 5369 innuptas.
2875 5294 3074 5348 Bonum
3099 5292 3358 5348 viduitatis
3388 5309 3490 5347 non
3520 5294 3618 5346 nti--

2025 5393 2198 5446 nuitur
2243 5389 2452 5445 laudato
2480 5389 2609 5444 bono
2638 5388 2884 5458 conjugii,
2916 5386 3003 5442 sed
3032 5393 3262 5457 augetur.
3305 5385 3385 5439 Att
3424 5385 3616 5439 beatior

2027 5486 2175 5539 Anna
2203 5483 2370 5548 vidua,
2400 5498 2552 5552 quant
2585 5479 2721 5534 Ruth
2749 5479 2824 5534 bis
2851 5487 3030 5547 nupta.
3055 5477 3207 5534 Unde
3233 5486 3288 5532 et
3317 5475 3447 5531 illud
3467 5476 3614 5546 quod

2026 5577 2092 5633 de
2142 5577 2358 5646 innupta
2411 5572 2609 5628 Paulus
2659 5571 2930 5643 apostolus
2962 5569 3113 5633 dixit,
3154 5568 3222 5625 Ut
3271 5569 3335 5623 sit
3361 5577 3537 5622 sancta
3567 5576 3611 5619 et

2027 5685 2237 5740 corpore
2265 5677 2310 5720 et
2337 5666 2517 5737 spiritu
2542 5663 2583 5736 (l
2609 5663 2728 5719 Cor.
2751 5679 2844 5730 vn,
2873 5662 2989 5734 54),
3010 5679 3114 5717 non
3139 5662 3218 5716 sic
3245 5659 3615 5730 accipiendum

2030 5769 2132 5820 est.
2169 5758 2319 5830 quasi
2352 5767 2511 5828 nupta
2545 5756 2716 5812 fidelis
2747 5765 2802 5812 et
2828 5764 2972 5812 casta
2997 5795 3012 5818 ,
3051 5763 3105 5810 et
3141 5748 3436 5809 secundum
3474 5751 3612 5806 Scri-

2036 5864 2218 5924 pturas
2240 5850 2446 5906 subdita
2471 5850 2604 5910 viro.
2641 5865 2746 5905 non
2783 5846 2848 5905 sit
2893 5858 3073 5903 sancta
3101 5859 3350 5922 conare,
3375 5843 3471 5900 sed
3499 5853 3612 5897 tan-
