4048 6540
424 421 534 479 ιδδ

427 537 704 594 tummodo
744 537 955 608 spiritu.
988 534 1141 592 Fieri
1168 534 1312 592 enim
1342 548 1446 590 non
1473 541 1648 605 potest
1678 543 1736 598 ut,
1775 530 2012 588 sanctifi-

426 639 548 684 cato
586 628 806 700 spiritu,
856 642 964 684 non
1017 627 1086 683 sit
1138 637 1384 683 sanctum
1439 626 1599 681 etiam
1646 639 1862 694 corpus,
1908 639 2016 694 quo

425 718 789 774 sanetificatus
815 720 979 774 utitur
1003 719 1244 789 spiritus.
1273 717 1380 774 Sed
1421 733 1490 773 ne
1513 718 1758 788 cuiquam
1789 732 1886 772 nos
1914 731 2014 786 po-

426 809 532 864 tius
559 810 941 881 argumentari,
981 825 1148 881 quam
1186 809 1288 864 hoc
1329 809 1514 864 divino
1543 809 1760 878 eloquio
1789 809 2016 878 probare

429 899 732 967 videamur;
786 902 1038 971 quoniam
1082 900 1274 957 Petrus
1321 901 1510 956 Saram
1559 915 2010 964 commemorans,

426 990 650 1058 Sanctis,
703 991 896 1063 inquit,
943 993 1182 1049 mulieres
1226 993 1636 1058 tantummodo;
1682 1009 1788 1047 non
1842 992 1935 1060 ait,
1966 1001 2017 1046 et

423 1097 636 1153 corpore
661 1097 682 1136 :
703 1081 835 1138 illud
861 1083 1101 1154 ejusdem
1138 1084 1285 1140 Pauli
1313 1083 1732 1148 consideremus,
1768 1083 1853 1138 ubi
1885 1097 2014 1153 pro-

427 1170 616 1227 hibens
646 1173 1028 1229 fornicationes
1074 1175 1169 1239 ait,
1205 1173 1428 1229 Nescitis
1456 1175 1575 1245 quia
1603 1189 1823 1244 corpora
1852 1185 2017 1228 ucstra

424 1263 648 1318 membra
702 1275 819 1320 sunt
847 1264 1078 1322 Christi?
1112 1266 1321 1322 Totiens
1370 1284 1490 1338 ergo
1537 1267 1760 1322 membra
1805 1267 2012 1335 Christi,

425 1355 614 1426 faciam
644 1357 864 1412 membra
889 1360 1201 1414 meretricis?
1223 1360 1386 1414 Absit.
1429 1360 1637 1415 Audeat
1667 1375 1794 1432 ergo
1822 1359 2017 1429 aliquis

424 1445 605 1502 dicere
650 1448 891 1504 membra
939 1447 1137 1504 Christi
1168 1460 1347 1504 sancta
1399 1466 1504 1504 non
1548 1465 1671 1506 esse
1719 1459 1857 1504 :aut
1885 1465 2013 1506 vero

423 1536 617 1593 audeat
639 1553 673 1594 a
699 1541 952 1596 membris
977 1541 1171 1597 Christi
1201 1542 1434 1598 fidelium
1463 1543 1869 1614 conjugatarum
1894 1559 2014 1598 cor-

424 1643 555 1698 pora
584 1644 856 1701 separare.
905 1633 1058 1690 Unde
1085 1636 1246 1689 etiam
1303 1635 1460 1705 paulo
1508 1646 1630 1706 post
1669 1637 1743 1691 ait
1776 1655 1790 1691 :
1819 1636 2016 1709 Corpus

422 1730 646 1775 uestrum
673 1723 916 1796 templum
937 1724 990 1778 in
1018 1725 1156 1780 vobis
1175 1737 1245 1779 est
1278 1727 1507 1796 Spiritus
1534 1729 1719 1792 sancti,
1742 1744 1887 1797 quem
1917 1729 2016 1782 ha-

425 1812 549 1867 betis
576 1830 610 1867 a
638 1811 749 1869 Deo
784 1829 806 1869 :
828 1824 876 1870 et
904 1833 1006 1871 non
1034 1819 1152 1872 estis
1173 1820 1319 1873 vestri
1335 1836 1352 1880 ;
1372 1821 1528 1890 empti
1551 1822 1682 1874 enim
1710 1823 1827 1877 estis
1857 1823 2016 1892 pretio

425 1923 610 1978 magno
637 1905 680 1979 (1
707 1906 828 1964 Cor.
875 1923 950 1974 vn,
996 1911 1084 1976 15,
1134 1912 1201 1967 19
1222 1921 1267 1964 et
1290 1912 1406 1981 20).
1452 1913 1658 1983 Corpus
1699 1914 1932 1970 fidelium
1963 1925 2018 1972 et

426 2000 666 2054 membra
691 1999 890 2056 Christi
920 2017 1041 2059 esse
1069 2003 1222 2070 dixit,
1251 2013 1306 2059 et
1334 2005 1589 2073 templum
1631 2006 1860 2076 Spiritus
1886 2022 2013 2062 san-

424 2089 519 2156 cti,
549 2089 635 2144 ubi
667 2089 907 2160 profecto
930 2093 1206 2164 utriusque
1233 2109 1392 2150 sexus
1417 2095 1599 2150 fideles
1625 2097 2011 2167 intelliguntur.

426 2180 503 2235 lbi
531 2196 661 2251 ergo
696 2190 822 2237 sunt
863 2193 1062 2255 nuptae,
1108 2186 1178 2241 ibi
1223 2195 1279 2241 et
1321 2187 1590 2257 innuptas;
1630 2189 1723 2244 sed
1755 2189 2016 2245 distinctae

426 2273 652 2339 meritis,
681 2283 736 2330 et
769 2282 1019 2346 tanquam
1063 2279 1318 2334 membris
1345 2280 1583 2335 membra
1614 2282 1850 2351 praelata,
1883 2298 2018 2352 quo-

427 2380 547 2418 rum
566 2373 741 2421 tamen
764 2376 949 2423 neutra
966 2369 1073 2424 sint
1093 2384 1123 2423 a
1143 2385 1368 2440 corpore
1397 2382 1663 2442 separata.
1686 2373 1837 2440 Quod
1861 2375 2019 2444 igitur

426 2454 496 2509 dc
526 2456 745 2527 innupta
785 2456 1010 2529 loquens
1052 2459 1146 2526 ait,
1192 2459 1259 2516 Ut
1301 2462 1368 2516 sit
1409 2472 1588 2516 sancta
1635 2473 1683 2517 et
1717 2480 1926 2536 corpore
1970 2475 2019 2520 et

425 2547 643 2616 spiritu;
676 2549 991 2619 ampliorem
1018 2551 1361 2622 innuptarum
1401 2563 1457 2609 et
1500 2555 1553 2609 in
1598 2569 1826 2626 corpore
1871 2565 1925 2611 et
1962 2556 2015 2612 in

425 2638 617 2706 spiritu
645 2640 1120 2698 sanetiflcalionem
1167 2645 1392 2715 intelligi
1441 2646 1630 2712 voluit,
1682 2661 1786 2702 non
1819 2662 2016 2718 corpus

427 2739 710 2802 nuptarum
739 2735 886 2790 omni
915 2737 1340 2795 sanctificatione
1378 2741 1622 2811 privavit.

499 2821 555 2879 9.
598 2823 754 2880 Disce
779 2826 958 2897 itaque
986 2829 1187 2884 bonum
1209 2839 1380 2898 tuum,
1420 2833 1529 2887 imo
1557 2843 1830 2890 memento
1869 2835 2011 2905 quod

428 2913 685 2985 didicisti,
735 2918 934 2974 bonum
986 2929 1134 2976 tuum
1164 2923 1283 2992 plus
1329 2925 1556 2990 laudari,
1589 2927 1710 2996 quia
1755 2937 1839 2982 est
1875 2927 2020 2982 aliud

428 3007 628 3062 bonum
658 3023 765 3080 quo
795 3009 866 3064 sit
887 3009 989 3065 hoc
1010 3012 1222 3080 melius,
1251 3029 1408 3084 quam
1443 3015 1490 3070 si
1517 3016 1674 3072 aliter
1700 3017 1805 3074 hoc
1823 3017 2019 3073 bonum

429 3111 552 3153 esse
581 3113 688 3153 non
731 3109 932 3167 posset,
958 3101 1062 3157 nisi
1100 3103 1229 3158 illud
1257 3105 1455 3161 malum
1477 3117 1640 3174 esset,
1672 3118 1763 3162 aut
1800 3109 2020 3166 omnino

430 3201 540 3242 non
569 3195 732 3243 esset.
771 3190 980 3247 Habent
1020 3194 1160 3248 oculi
1201 3195 1252 3249 in
1297 3209 1524 3265 corpore
1555 3213 1807 3268 magnum
1851 3199 2020 3256 hono-

429 3291 568 3345 rem,
613 3279 708 3334 sed
739 3281 1002 3338 minorem
1032 3283 1311 3354 haberent,
1357 3288 1402 3342 si
1446 3289 1547 3343 soli
1597 3299 1779 3346 essent
1819 3300 1872 3346 et
1916 3292 2019 3347 alia

431 3369 656 3424 minoris
701 3369 921 3428 honoris
952 3375 1195 3431 membra
1223 3392 1330 3432 non
1368 3388 1570 3435 essent.
1608 3380 1664 3435 ln
1715 3383 1854 3438 caelo
1901 3383 2020 3453 ipso

429 3476 526 3516 sua
555 3461 675 3520 luce
702 3463 786 3519 sol
813 3465 994 3522 lunam
1024 3478 1263 3539 superat,
1287 3487 1393 3526 non
1427 3473 1694 3544 vituperat
1727 3493 1741 3530 :
1778 3486 1833 3530 et
1865 3476 2018 3530 stella

427 3552 499 3608 ab
519 3553 671 3608 stella
700 3554 879 3612 diil’ert
903 3557 957 3612 in
985 3559 1154 3630 gloria
1185 3560 1295 3632 (Id.
1327 3579 1416 3630 xv,
1440 3563 1554 3636 bl),
1583 3580 1689 3620 non
1719 3566 1941 3623 dissidet
1962 3568 2016 3624 in

428 3647 703 3717 superbia.
736 3649 862 3706 ldeo
889 3653 1008 3723 fecit
1051 3652 1184 3709 Deus
1213 3659 1401 3724 omnia,
1441 3668 1488 3714 et
1515 3677 1628 3714 ecce
1659 3663 1788 3716 bona
1829 3663 1975 3718 valde
1999 3681 2018 3718 :

428 3754 537 3794 non
566 3748 771 3796 tantum
793 3742 952 3811 bona,
972 3745 1067 3801 sed
1089 3747 1249 3803 etiam
1275 3749 1463 3817 valde;
1498 3767 1603 3807 non
1631 3753 1700 3807 ob
1727 3754 1894 3822 aliud,
1918 3755 2018 3810 nisi

425 3831 551 3900 quia
579 3840 778 3888 omnia.
810 3833 942 3891 Nam
964 3846 1018 3892 et
1047 3854 1142 3909 per
1161 3841 1365 3910 singula
1394 3859 1556 3914 opera
1583 3845 1879 3912 dicebatur,
1935 3848 2020 3902 Vt-

426 3923 504 3977 dit
539 3923 680 3981 Deus
703 3927 825 3998 quia
845 3929 1028 3984 bonum
1057 3939 1150 3985 est.
1191 3932 1288 3989 Ubi
1319 3943 1496 3989 autem
1526 3937 1695 3990 omnia
1737 3938 2018 3993 nominata

425 4023 572 4082 sunt,
615 4017 851 4073 additum
887 4028 971 4075 est
1015 4022 1200 4089 ualde;
1229 4033 1282 4079 et
1306 4024 1503 4080 dictum
1548 4037 1651 4094 est,
1692 4027 1832 4081 Vidit
1877 4027 2020 4083 Deus

426 4111 599 4164 omnia
626 4128 742 4184 qua:
770 4113 906 4182 fecit,
938 4125 984 4169 et
1018 4133 1128 4171 ecce
1163 4118 1294 4172 bona
1338 4121 1485 4174 valde
1510 4121 1665 4191 (Gen.
1698 4120 1760 4193 ι).
1797 4122 2017 4177 Meliora

426 4202 570 4255 enim
597 4202 841 4270 quaedam
863 4205 1066 4276 singula
1089 4222 1247 4276 quam
1269 4209 1372 4262 alia
1395 4210 1603 4280 singula
1630 4229 1644 4265 :
1675 4211 1768 4266 sed
1793 4213 2017 4266 meliora

426 4291 586 4346 simul
612 4293 790 4346 omnia
830 4310 987 4364 quam
1032 4298 1285 4367 quaelibet
1326 4301 1552 4370 singula.
1597 4302 1796 4358 Christi
1841 4305 2018 4375 itaque

425 4385 668 4441 doctrina
716 4401 846 4442 sana
892 4389 944 4442 in
982 4389 1099 4459 ejus
1137 4406 1363 4461 corpore
1410 4409 1595 4449 sanam
1645 4405 1696 4450 te
1735 4397 1894 4451 faciat
1923 4413 2020 4467 per

426 4474 545 4546 ejus
572 4478 816 4547 gratiam,
842 4489 899 4534 ut
923 4479 975 4534 id
993 4481 1135 4550 quod
1160 4483 1279 4537 aliis
1309 4485 1498 4540 melius
1526 4486 1691 4542 habes
1717 4487 2017 4559 incorpore

424 4577 482 4623 et
507 4569 718 4638 spiritu,
762 4570 904 4627 idem
947 4573 1061 4642 ipse
1109 4575 1328 4645 spiritus
1371 4585 1493 4634 tuus
1533 4580 1620 4650 qui
1664 4583 1875 4651 corpori
1922 4583 2017 4638 do-

425 4661 678 4728 minatur,
717 4677 818 4718 nec
865 4665 1088 4721 extollat
1130 4667 1443 4735 insolenter,
1476 4686 1574 4728 nec
1612 4672 1882 4730 discernat
1924 4677 2012 4731 in-

422 4752 678 4808 scienter.

494 4844 585 4901 10.
624 4843 735 4900 Nec
763 4845 886 4916 quia
907 4845 1018 4902 dixi
1038 4848 1178 4903 Ruth
1201 4849 1437 4920 beatam,
1461 4852 1671 4910 Annam
1693 4857 2011 4929 beatiorem,

421 4952 545 4992 cum
576 4938 663 4993 illa
693 4938 777 4995 bis
814 4941 1075 5011 nupserit,
1114 4943 1230 4997 haec
1269 4959 1376 4999 uno
1404 4945 1520 5001 viro
1545 4947 1653 5003 cito
1686 4948 1898 5005 viduata
1924 4952 2013 5007 diu

423 5028 637 5096 vixerit,
665 5027 922 5086 continuo
945 5029 1106 5087 etiam
1131 5040 1185 5089 te
1223 5033 1499 5090 meliorem
1521 5045 1675 5107 putes
1702 5053 1823 5095 esse
1850 5056 2011 5112 quam

422 5121 588 5178 Ruth.

491 5212 721 5271 CAPUT
759 5215 871 5272 VII.
913 5248 986 5259 —
1005 5218 1216 5276 Sancta:
1242 5221 1448 5292 femina:
1481 5233 1706 5295 tempore
1732 5225 1884 5298 Legis
1909 5245 2010 5284 non

421 5305 829 5372 concupiscentia
857 5348 874 5376 ,
916 5310 1005 5365 sed
1042 5311 1326 5367 obedientia
1373 5315 1701 5385 contpellente
1736 5317 2010 5375 nubebant.

421 5395 541 5449 Alia
565 5395 762 5467 quippe
787 5401 1114 5471 propheticis
1140 5407 1474 5476 temporibus
1504 5418 1813 5465 sanctarum
1859 5411 2013 5468 femi-

422 5499 613 5542 narum
643 5485 968 5556 diSpensatio
995 5492 1113 5561 fuit,
1146 5511 1280 5565 quas
1309 5498 1512 5554 nubere
1536 5500 1865 5570 ohedientia,
1899 5519 2008 5559 non

420 5577 852 5648 concupiscentia
878 5585 1255 5655 compellebat,
1281 5599 1338 5644 ut
1363 5602 1750 5663 propagaretur
1779 5596 2008 5666 populus

422 5667 540 5733 Dei,
574 5669 626 5723 in
655 5683 763 5738 quo
791 5673 1242 5740 praemitterentur
1284 5679 1566 5750 Pr0phetm
1594 5683 1796 5741 Christi
1841 5704 1854 5740 :
1883 5702 2006 5743 cum

421 5769 479 5816 et
506 5761 621 5832 ipse
651 5762 880 5832 populus
909 5779 1005 5835 per
1027 5781 1088 5822 ea
1117 5784 1237 5838 qua:
1263 5771 1314 5825 in
1344 5771 1510 5843 ﬁgura
1538 5778 1922 5850 contingebant
1948 5783 2003 5839 in

422 5852 527 5911 illis
549 5851 734 5929 (lCor.
777 5871 832 5924 ι,
871 5856 983 5928 li),
1021 5857 1132 5916 sive
1157 5860 1210 5916 in
1250 5861 1314 5918 iis
1337 5864 1426 5930 qui
1456 5866 1676 5934 scirent,
1699 5869 1813 5929 sive
1851 5871 1908 5930 in
1939 5873 2004 5930 iis

1655 417 1712 475 S.
1753 409 2118 474 AUGUSTINI
2159 412 2461 471 EPISCOPI

3615 428 3720 483 456

2123 544 2211 598 qui
2249 530 2335 585 illa
2377 532 2666 600 nescirent,
2700 531 2832 588 nihil
2876 534 3021 590 aliud
3065 545 3208 594 esset
3252 553 3410 609 quam
3446 541 3706 612 propheta

2121 619 2339 689 Christi,
2362 638 2426 677 ex
2454 638 2560 692 quo
2582 635 2890 680 nasceretur
2908 627 3069 681 etiam
3095 643 3220 683 caro
3243 629 3462 685 Christi.
3489 631 3557 687 Ut
3578 647 3711 702 ergo

2125 715 2214 768 ille
2243 715 2470 784 populus
2495 726 2894 787 propagaretur,
2936 720 3252 775 maledictus
3286 721 3580 777 habebatur
3617 739 3712 792 per

2122 806 2255 876 legis
2284 809 2601 862 sententiam
2640 810 2730 879 qui
2774 824 2880 864 non
2909 812 3192 866 suscitaret
3236 829 3420 869 semen
3459 815 3512 868 in
3544 813 3711 870 Israel

2122 896 2300 964 (Deut.
2331 914 2462 966 xxv,
2491 899 2655 970 5-10).
2681 899 2835 956 Unde
2861 910 2912 955 et
2937 913 3136 956 sancta:
3168 905 3417 959 mulieres
3443 905 3709 962 accende-

2119 989 2315 1045 bantur
2341 1005 2446 1045 non
2494 991 2784 1061 cupiditate
2810 994 3221 1061 concumbendi,
3263 995 3357 1051 sed
3393 998 3588 1065 pietate
3617 1013 3712 1065 pa-

2123 1081 2326 1147 riendi;
2375 1090 2432 1136 ut
2475 1083 2778 1138 rectissime
2831 1083 3122 1139 credantur
3162 1086 3358 1140 coitum
3391 1103 3495 1141 non
3547 1088 3712 1143 fuisse

2122 1171 2443 1240 quaesitum,
2480 1173 2522 1226 si
2552 1173 2731 1242 proles
2761 1183 2938 1243 posset
2958 1175 3116 1230 aliter
3143 1177 3448 1245 provenire.
3484 1178 3553 1232 Et
3579 1179 3708 1234 viris

2123 1275 2250 1315 usus
2298 1262 2644 1330 plurimarum
2688 1264 2928 1317 vivarum
2977 1266 3375 1321 concedebatur
3418 1283 3644 1322 uxorum
3694 1286 3708 1322 :

2122 1352 2273 1422 cujus
2300 1353 2375 1408 rei
2407 1369 2510 1409 non
2541 1355 3029 1425 concupiscentiam
3065 1360 3264 1426 carnis,
3300 1360 3393 1416 sed
3424 1361 3714 1430 providen-

2123 1442 2249 1499 tiam
2281 1447 2642 1517 generationis
2677 1447 2846 1505 fuisse
2873 1465 3090 1506 causam
3121 1451 3250 1507 illud
3279 1453 3535 1520 ostendit,
3568 1455 3712 1524 quod
3767 1509 3777 1520 ,

2121 1537 2260 1593 sicut
2283 1538 2409 1592 viris
2433 1539 2632 1594 sanctis
2658 1539 2857 1596 habere
2881 1542 3059 1611 plures
3087 1558 3281 1598 uxores
3311 1544 3475 1608 vivas,
3499 1561 3602 1599 non
3639 1547 3710 1601 ita

2122 1628 2281 1683 etiam
2312 1630 2510 1684 sanctis
2541 1629 2751 1687 feminis
2777 1632 2971 1687 licebat
3001 1634 3208 1689 misceri
3241 1635 3445 1690 maritis
3477 1637 3715 1706 pluribus

2122 1719 2560 1790 vivis;quoniam
2585 1723 2742 1776 'tanto
2771 1733 2951 1778 essent
2988 1725 3273 1794 turpiores,
3319 1737 3515 1794 quanto
3543 1727 3714 1796 magis

2123 1820 2437 1881 appeterent
2455 1812 2598 1867 unde
2615 1828 2720 1868 non
2738 1823 2921 1870 essent
2945 1815 3303 1870 fecundiores.
3328 1816 3560 1871 Proinde
3590 1832 3717 1870 san-

2122 1912 2206 1957 cta
2233 1903 2393 1968 Ruth,
2423 1919 2543 1958 eum
2566 1920 2750 1960 semen
2791 1905 2946 1975 quale
2972 1907 3060 1960 illo
3087 1916 3328 1977 tempore
3349 1909 3714 1962 necessarium

2122 1994 2220 2048 fuit
2261 1996 2313 2049 in
2343 1995 2503 2050 Israel
2531 2012 2635 2051 non
2684 1998 2927 2064 haberet,
2963 2008 3173 2054 mortuo
3210 2000 3330 2053 viro
3351 2001 3599 2070 quaesivit
3636 2002 3716 2055 al-

2124 2097 2294 2142 terum
2321 2088 2389 2142 de
2416 2103 2522 2158 quo
2551 2089 2789 2144 haberet.
2825 2090 2935 2144 llac
2966 2091 3140 2159 itaque
3170 2090 3252 2144 bis
3281 2091 3566 2161 conjugata
3592 2091 3717 2146 ideo

2123 2183 2274 2232 Anna
2302 2179 2506 2234 univira
2536 2180 2692 2234 vidua
2715 2183 2729 2212 ¹
2756 2180 2961 2236 beatior
2982 2182 3099 2248 fuit,
3135 2182 3255 2251 quia
3288 2191 3343 2236 et
3375 2181 3715 2252 prophetissa

2122 2271 2321 2326 Christi
2368 2287 2488 2327 esse
2528 2273 2752 2339 meruit;
2795 2289 2954 2344 quam
2992 2274 3321 2330 credendum
3360 2284 3463 2343 est,
3502 2275 3714 2330 etiamsi

2125 2363 2264 2418 ﬁlios
2283 2365 2456 2419 nullos
2483 2365 2686 2431 habuit,
2717 2365 2856 2436 quod
2881 2367 3092 2435 quidem
3125 2367 3398 2436 Scriptura
3436 2367 3714 2422 reticendo

2123 2457 2335 2526 reliquit
2359 2458 2644 2524 incertum,
2676 2474 2741 2514 eo
2770 2457 2971 2528 Spiritu
2999 2459 3305 2529 praevidisse
3334 2459 3620 2515 Christum
3648 2475 3716 2514 cx

2123 2548 2327 2618 virgine
2371 2549 2616 2618 proxime
2670 2565 2790 2605 esse
2837 2559 3142 2616 venturum,
3191 2567 3297 2622 quo
3329 2552 3499 2621 potuit
3549 2566 3718 2621 agno-

2122 2655 2274 2696 scere
2315 2649 2370 2696 et
2399 2642 2674 2712 parvulum
2710 2660 2723 2696 :
2759 2643 2900 2698 unde
2940 2643 3133 2698 merito
3159 2645 3318 2698 etiam
3347 2644 3464 2699 sine
3495 2644 3638 2709 filiis,
3671 2644 3719 2699 si

2125 2741 2302 2788 tamen
2331 2749 2423 2789 eos
2459 2750 2564 2790 non
2620 2736 2822 2803 habuit,
2856 2737 3121 2794 secundas
3169 2737 3382 2808 nuptias
3412 2739 3714 2803 recusavit;

2123 2827 2248 2896 quia
2287 2838 2509 2884 noverat
2549 2829 2660 2899 jam
2689 2841 2899 2901 tempus
2927 2845 3046 2887 esse
3076 2847 3181 2902 quo
3219 2832 3430 2887 Christo
3462 2848 3567 2888 non
3595 2832 3719 2887 offi-

2124 2919 2209 2972 cio
2238 2919 2500 2990 pariendi,
2530 2921 2624 2976 sed
2653 2922 2832 2977 studio
2855 2924 3186 2990 continendi,
3214 2939 3319 2979 nec
3340 2925 3715 2994 conjugalibus

2124 3011 2354 3067 fetandis
2377 3014 2693 3081 visceribus,
2721 3014 2814 3069 sed
2848 3015 3247 3070 castificandis’
3274 3015 3574 3070 vidualibus
3604 3031 3718 3070 mo-

2126 3105 2294 3172 ribus,
2321 3105 2513 3160 melius
2544 3107 2856 3162 serviretur.
2890 3107 2947 3163 Si
2975 3123 3105 3164 vero
3131 3108 3293 3164 etiam
3335 3107 3538 3163 sciebat
3567 3108 3716 3162 Ruth

2126 3212 2224 3268 per
2249 3213 2400 3252 suam
2432 3213 2648 3254 carnem
2699 3203 2978 3272 propagari
3029 3217 3236 3268 semen,
3287 3201 3427 3256 unde
3471 3201 3719 3257 Christus

2124 3304 2341 3344 carnem
2386 3289 2559 3346 fuerat
2589 3291 2887 3360 habiturus,
2919 3301 2976 3348 et
3023 3294 3148 3349 huic
3195 3294 3436 3349 scientia:
3467 3294 3721 3348 nubendo

2126 3382 2366 3438 exhibuit
2387 3385 2763 3453 ministerium,
2785 3402 2890 3441 non
2909 3387 3080 3442 audeo
3094 3388 3203 3458 jam
3224 3387 3402 3442 dicere
3419 3388 3717 3443 beatiorem

2123 3473 2288 3531 fuisse
2312 3478 2480 3531 Annae
2505 3477 2814 3534 viduitatem
2844 3494 3003 3550 quam
3034 3479 3178 3534 illius
3206 3479 3611 3535 fecunditatem.

2195 3568 2420 3625 CAPUT
2459 3569 2591 3626 Vill.
2622 3572 2802 3626 —H.
2844 3570 3057 3641 Nuptias
3098 3581 3142 3625 et
3175 3571 3409 3626 secunda:
3447 3581 3494 3624 et
3529 3571 3710 3640 prima:

2125 3661 2219 3715 hoc
2239 3669 2491 3732 tempore,
2523 3662 2621 3717 nisi
2655 3663 3019 3716 incontinentia
3057 3664 3122 3717 sit
3159 3663 3548 3733 impedimento,
3595 3679 3719 3716 con-

2125 3753 2422 3807 temnendae.
2450 3751 2662 3824 Nuptia:
2688 3752 2811 3807 olim
2836 3753 2960 3824 legis
2987 3753 3298 3822 obsequium,
3323 3769 3456 3806 nunc
3486 3753 3716 3820 inﬁrmi-

2123 3845 2241 3898 tatis
2269 3844 2562 3910 remedium,
2582 3854 2627 3900 et
2654 3845 2980 3900 humanitatis
3000 3846 3255 3900 solatium.
3285 3845 3365 3900 Tu
3386 3858 3562 3899 autem
3596 3860 3720 3914 qua:

2125 3951 2179 3994 et
2197 3939 2330 3993 lilios
2347 3939 2535 4006 habes,
2556 3949 2608 3994 et
2621 3941 2672 3994 in
2685 3954 2750 3995 eo
2766 3941 2946 3996 saeculi
2973 3939 3077 3996 fine
3090 3941 3242 4005 vivis,
3257 3941 3483 4011 quojam
3507 3949 3720 4010 tempus

2123 4039 2331 4085 estnon
2357 4031 2602 4085 mittendi
2629 4031 2862 4101 lapides,
2895 4031 2989 4087 sed
3016 4032 3335 4103 colligendi;
3366 4047 3470 4087 non
3511 4032 3715 4102 ample-

2123 4122 2323 4190 ctendi,
2341 4122 2435 4178 sed
2455 4123 2760 4178 continendi
2790 4124 2857 4179 ab
2878 4124 3124 4195 amplexu
3146 4123 3341 4196 (Eccle.
3372 4140 3449 4190 Ill,
3471 4125 3528 4196 5)
3552 4142 3565 4191 ;
3589 4139 3716 4180 cum

2123 4214 2318 4268 clamet
2349 4214 2670 4284 Apostolus,
2724 4215 2836 4269 Hoc
2873 4225 3038 4269 autem
3077 4216 3212 4281 dico,
3259 4219 3443 4287 fratres
3467 4231 3486 4270 :
3513 4226 3711 4287 tempus

2123 4304 2265 4358 breve
2285 4315 2394 4369 est;
2419 4305 2665 4376 reliquum
2688 4315 2759 4360 est
2788 4316 2842 4360 ut
2869 4316 2912 4360 et
2931 4308 3016 4376 qui
3045 4307 3227 4360 habent
3247 4324 3446 4369 uxores,
3472 4317 3717 4377 tanquam

2123 4413 2224 4450 non
2249 4396 2483 4452 habentes
2506 4399 2648 4452 sint:
2670 4398 2904 4468 profecto
2933 4399 2976 4452 si
3007 4398 3269 4454 secundas
3299 4399 3513 4467 nuptias
3549 4413 3716 4467 appe-

2123 4489 2308 4555 tisses,
2351 4490 2553 4544 nullum
2583 4491 2879 4562 prophetia:
2907 4491 2991 4547 vel
3036 4491 3168 4562 legis
3211 4493 3525 4561 obsequium
3549 4535 3563 4558 ,
3595 4493 3715 4546 nul-

2121 4579 2228 4633 lum
2263 4580 2425 4649 prolis
2449 4582 2635 4636 saltem
2668 4582 2882 4637 carnale
2902 4582 3226 4637 desiderium
3249 4625 3264 4650 ,
3302 4584 3399 4638 sed
3425 4584 3593 4638 solius
3627 4584 3714 4638 in-

2120 4671 2458 4726 continentiae
2483 4671 2672 4726 fuisset
2697 4673 2970 4728 indicium.
3005 4674 3250 4730 Fecisses
3287 4676 3430 4730 enim
3465 4675 3607 4745 quod
3637 4675 3715 4730 ait

2120 4761 2408 4829 Apostolus
2428 4804 2442 4829 ,
2473 4776 2596 4817 cum
2618 4762 2870 4831 dixisset,
2900 4765 3087 4819 bonum
3135 4781 3244 4819 esse
3263 4765 3367 4819 illis
3410 4767 3455 4820 si
3501 4767 3572 4820 sic
3600 4785 3714 4837 per-

2120 4854 2396 4909 manserint
2424 4855 2551 4908 sicut
2575 4864 2622 4909 et
2642 4872 2731 4925 ego
2759 4872 2778 4910 :
2806 4857 3060 4912 continuo
3081 4859 3276 4928 quippe
3303 4860 3525 4924 addidit,
3556 4861 3708 4925 Quod

2119 4945 2162 4998 si
2187 4961 2240 4998 se
2265 4962 2364 4998 non
2386 4946 2659 5010 continent,
2681 4948 2906 5002 nubant:
2929 4949 3063 5002 malo
3085 4950 3217 5002 enim
3238 4966 3321 5003 eas
3343 4950 3529 5004 nubere
3557 4968 3713 5020 quam

2118 5035 2201 5089 uri
2233 5036 2274 5107 (l
2303 5033 2422 5090 Cor.
2455 5053 2545 5101 vn,
2573 5037 2664 5104 29,
2685 5037 2780 5093 8st
2801 5038 2881 5110 9).
2912 5041 3023 5094 lloc
3064 5041 3205 5096 enim
3245 5041 3408 5108 dixit,
3456 5052 3512 5096 ut
3556 5042 3715 5097 effre-

2120 5138 2258 5183 nata:
2288 5127 2519 5183 libidinis
2561 5130 2758 5184 malum
2807 5148 2911 5186 non
2943 5133 3363 5203 prazcipitaretur
3393 5135 3445 5188 in
3475 5136 3714 5204 turpitu-

2117 5218 2296 5274 dinem
2327 5219 2822 5290 flagitiorum,cum
2877 5225 3214 5294 exciperetur
3265 5225 3548 5282 honestate
3609 5243 3713 5280 nu-

2116 5313 2367 5382 ptiarum.
2397 5311 2607 5369 Gratias
2632 5323 2811 5370 autem
2854 5316 3103 5383 Domino,
3153 5319 3405 5387 quoniam
3453 5321 3713 5389 peperisti

2116 5405 2258 5476 quod
2305 5421 2426 5462 esse
2473 5405 2725 5474 noluisti,
2773 5417 2829 5463 et
2869 5409 3144 5479 virginitas
3183 5411 3351 5480 prolis
3403 5420 3507 5466 tute
3551 5427 3710 5467 eom-

2117 5499 2358 5568 pensavit
2381 5497 2718 5568 dispendium
2745 5499 3062 5569 virginitatis
3091 5509 3213 5556 tuze.
3251 5502 3381 5556 Nam
3422 5503 3709 5573 diligenter

2116 5590 2438 5660 interrogata
2463 5590 2702 5644 doctrina
2729 5589 3040 5660 christiana,
3064 5600 3120 5646 et
3144 5593 3342 5662 primas
3359 5595 3574 5663 nuptias
3591 5594 3706 5662 jam

2115 5683 2217 5738 isto
2245 5689 2523 5752 tempore,
2569 5681 2671 5737 nisi
2727 5682 3112 5740 incontinentia
3154 5685 3224 5740 sit
3269 5686 3657 5757 impedimento
3683 5729 3704 5756 ,

2179 5821 2195 5852 I
2223 5820 2294 5868 Sic
2314 5825 2468 5884 Er.__et
2491 5819 2703 5879 potiores
2723 5824 2832 5884 μετ.
2855 5827 2909 5884 at
2932 5827 3062 5884 Lov.,
3089 5833 3182 5874 uno
3199 5821 3300 5875 viro
3317 5820 3532 5875 viduata.

2179 5885 2198 5916 ι
2221 5881 2436 5932 nonnulli
2460 5888 2589 5944 Mss,
2615 5881 2925 5947 castigandis.
