4048 6508
270 496 368 553 ΒἸ

263 610 688 668 contemnendas
714 628 833 670 esse
864 612 1170 684 respondet.
1202 611 1299 679 Qui
1344 612 1484 665 enim
1515 610 1665 675 dixit,
1712 610 1772 663 Si
1812 624 1864 661 se

264 718 363 755 non
386 706 664 774 continent,
693 708 881 762 nubant
912 723 931 762 :
955 708 1124 778 potuit
1146 706 1322 761 dicere
1342 746 1356 771 ,
1384 705 1441 761 Si
1468 705 1606 757 lilios
1635 719 1737 756 non
1771 704 1864 755 lia—

262 791 424 857 beut,
458 796 695 863 nubant;
738 799 781 853 si
826 807 947 868 post
986 797 1429 853 resurrectionem
1464 797 1477 826 ¹
1521 794 1858 865 ρτωίιὶοιιιὶο-

262 900 493 955 nemque
520 887 757 954 Christi,
787 889 999 960 quando
1023 889 1134 959 jam
1164 888 1416 943 omnibus
1446 888 1691 957 gentibus
1722 886 1857 940 ﬁlio—

261 991 379 1029 rum
406 978 755 1046 spiritualiter
778 980 1163 1051 gignendorum
1205 988 1349 1034 tanta
1398 978 1634 1048 suppetit
1668 978 1819 1047 copia
1840 1019 1853 1041 ,

261 1070 367 1124 tale
396 1069 635 1126 ofﬁcium
665 1082 808 1128 esset
854 1089 919 1129 ex
949 1089 1111 1129 carne
1157 1072 1292 1126 ﬁlios
1344 1087 1637 1142 propagare
1658 1114 1671 1136 ,
1705 1071 1861 1140 quale

261 1162 447 1230 primis
479 1166 808 1236 temporibus
838 1166 951 1221 fuit.
984 1167 1048 1221 Et
1073 1165 1215 1237 quod
1245 1165 1373 1220 alibi
1404 1164 1552 1231 dicit,
1598 1164 1726 1219 Volo
1763 1164 1859 1234 igi-

259 1265 341 1306 tur
363 1255 602 1325 juniores
651 1260 856 1325 nubere,
902 1261 1036 1330 ﬁlios
1095 1277 1396 1328 procreare,
1445 1258 1860 1327 matresfamilias

258 1362 367 1401 esse
390 1362 411 1400 :
435 1349 738 1417 nuptiarum
781 1350 978 1405 bonum
1006 1352 1298 1421 apostolica
1329 1351 1622 1405 sobrietate
1661 1361 1714 1403 et
1757 1364 1855 1403 au-

257 1438 505 1494 ctoritate
533 1440 902 1507 commendat;
932 1458 1037 1495 non
1075 1442 1389 1512 procreandi
1421 1442 1658 1496 ofﬁcium
1696 1442 1854 1495 etiam

257 1529 364 1594 eis,
412 1545 534 1600 qure
576 1533 917 1587 continentiae
958 1533 1157 1588 bonum
1202 1534 1457 1604 capiunt,
1507 1543 1762 1602 tanquam
1789 1531 1857 1584 ad

257 1620 603 1691 obsequelam
632 1622 764 1693 legis
793 1624 1035 1694 imponit.
1080 1624 1321 1695 Denique
1352 1640 1449 1679 cur
1494 1623 1597 1679 hoc
1623 1623 1853 1689 dixerit,

259 1712 475 1781 pandit,
525 1729 647 1769 cum
696 1715 934 1786 adjungit
967 1727 1021 1771 et
1057 1715 1223 1782 dicit,
1283 1715 1497 1770 Nullam
1544 1715 1856 1769 occasionem

256 1805 381 1859 dare
398 1806 690 1862 adversario
715 1808 969 1863 maledicti
990 1811 1185 1881 gratia;
1199 1810 1315 1881 jam
1333 1815 1470 1863 enim
1490 1808 1721 1880 quazdam
1743 1824 1859 1861 con-

255 1913 412 1952 versa
451 1911 569 1953 sunt
600 1912 735 1955 retro
771 1911 882 1971 post
908 1913 1141 1957 satanam
1166 1919 1185 1957 :
1214 1911 1272 1957 ut
1299 1903 1381 1958 his
1422 1904 1600 1958 verbis
1630 1904 1745 1972 ejus
1776 1901 1857 1955 iu-

257 1992 591 2061 telligamns,
625 2009 718 2049 eas
743 2010 875 2065 quas
898 1996 1098 2052 nubere
1126 1997 1331 2065 voluit,
1384 1998 1576 2053 melius
1617 1997 1855 2067 potuisse

253 2086 531 2140 continere
550 2101 709 2156 quam
733 2088 962 2155 nubere;
995 2089 1092 2144 sed
1122 2090 1314 2146 melius
1342 2091 1546 2145 nubere
1576 2105 1734 2159 quam
1769 2104 1855 2144 re-

253 2186 336 2231 tro
362 2187 484 2247 post
508 2188 747 2234 satanam
779 2180 893 2247 ire,
922 2181 973 2236 id
997 2191 1108 2249 est,
1144 2181 1212 2237 ab
1238 2183 1329 2237 illo
1372 2181 1655 2237 excellenti
1694 2181 1853 2252 virgi-

256 2270 389 2324 nalis
414 2271 498 2326 vel
526 2271 756 2327 vidualis
793 2273 1054 2328 castitatis
1099 2275 1373 2345 proposito
1398 2315 1414 2341 ,
1462 2274 1514 2328 in
1556 2275 1851 2343 posteriora

254 2361 610 2431 respiciendo,
642 2363 837 2420 cadere
866 2373 919 2420 et
954 2365 1192 2420 interire.
1223 2365 1454 2420 Proinde
1481 2380 1600 2435 quae
1641 2380 1700 2419 se
1744 2378 1851 2417 non

252 2453 551 2521 continent,
580 2455 802 2521 nubant,
826 2465 1108 2526 antequam
1136 2456 1521 2511 continentiam
1559 2455 1849 2524 proﬁtean-

253 2552 357 2605 tur,
390 2553 678 2615 antequam
708 2546 819 2602 Deo
846 2558 1109 2602 voveant:
1138 2548 1278 2617 quod
1309 2548 1409 2602 nisi
1449 2547 1692 2611 reddant,
1730 2547 1854 2616 jnre

250 2632 593 2689 damnantur.
630 2635 754 2690 Alio
782 2636 978 2706 quippe
1006 2638 1126 2692 loco
1164 2637 1233 2692 de
1292 2638 1484 2693 talibus
1532 2637 1687 2704 dicit,
1723 2637 1850 2691 Cum

250 2723 383 2775 enim
412 2726 465 2777 in
496 2725 691 2780 deliciis
721 2727 909 2797 egerint
951 2727 1004 2781 in
1049 2726 1269 2794 Christo,
1290 2727 1475 2782 nubere
1519 2729 1727 2791 volunt;
1758 2729 1853 2782 ha-

251 2818 416 2871 bentes
444 2817 823 2873 damnationem
851 2820 1090 2887 quoniam
1120 2821 1338 2891 primam
1365 2821 1519 2887 ﬁdem
1540 2821 1739 2875 irritam
1767 2822 1850 2890 fe-

249 2918 423 2961 cerunt
450 2908 541 2962 :id
590 2917 697 2976 est,
744 2909 1074 2965 voluntatem
1119 2910 1186 2964 ad
1232 2912 1445 2980 nuptias
1490 2926 1523 2965 a
1575 2912 1849 2983 proposito

248 2999 595 3053 continentiae
643 2998 978 3055 deﬁexerunt
1019 3002 1060 3055 ¹.
1115 3000 1326 3055 lrritam
1367 3001 1565 3072 quippe
1608 3002 1851 3057 fecerunt

250 3089 433 3157 ﬁdem,
459 3105 561 3159 qua
582 3091 727 3160 prius
754 3101 1015 3146 voverant
1035 3092 1174 3161 quod
1197 3094 1598 3162 perseverantia
1624 3093 1849 3163 implere

248 3182 543 3237 noluerunt
571 3182 617 3251 (ι
641 3181 770 3237 Tim.
794 3182 870 3254 v).
893 3183 1204 3252 Νυιηὶ.ιι·ιιηι
1228 3184 1387 3255 igitur
1409 3185 1608 3240 bonum
1631 3201 1850 3256 semper

249 3282 331 3327 est
358 3273 575 3344 quidem
604 3275 804 3329 bonum
834 3292 847 3328 :
878 3274 971 3330 sed
1001 3275 1053 3328 in
1088 3276 1283 3345 populo
1312 3276 1400 3331 Dei
1426 3275 1525 3331 fuit
1561 3276 1850 3346 aliquando

249 3365 382 3436 legis
406 3366 758 3436 obsequium;
806 3382 946 3421 nunc
990 3377 1072 3423 est
1100 3368 1422 3423 inﬁrmitatis
1443 3369 1761 3437 remedium,
1793 3371 1845 3425 in

247 3456 570 3528 quibusdam
629 3474 759 3514 vero
826 3458 1171 3515 humanitatis
1241 3460 1510 3516 solatium.
1586 3460 1844 3517 Filiorum

247 3549 451 3620 quippe
476 3549 830 3620 procreationi
857 3566 1075 3620 operam
1101 3551 1229 3607 dare
1250 3594 1263 3616 ,
1300 3567 1406 3605 non
1454 3552 1649 3607 canino
1695 3567 1846 3607 more

252 3655 347 3710 per
373 3655 529 3695 usum
561 3641 921 3711 promiscuum
943 3640 1259 3698 feminarum
1279 3684 1292 3709 ,
1324 3642 1419 3698 sed
1446 3643 1674 3698 honesto
1700 3642 1848 3701 ordi-

251 3749 318 3790 ne
341 3733 638 3805 conjugali,
666 3749 773 3789 non
809 3744 893 3791 est
926 3736 978 3790 in
1022 3735 1239 3791 homine
1284 3734 1665 3804 improbandus
1705 3734 1841 3790 affe-

249 3833 369 3881 ctus
399 3844 415 3881 :
447 3826 607 3881 etiam
638 3826 812 3897 ipsum
859 3836 1035 3882 tamen
1082 3826 1402 3882 laudabilius
1433 3825 1762 3882 transcendit
1788 3834 1843 3881 et

251 3919 415 3974 vincit
444 3919 683 3975 cmlestia
711 3919 949 3989 cogitans
990 3920 1200 3975 animus
1226 3918 1573 3974 christianos.

318 4010 549 4066 CAPUT
578 4009 669 4065 IX.
700 4041 771 4052 —
792 4010 880 4067 12.
911 4010 1117 4067 Nubere
1159 4019 1270 4082 post
1290 3998 1617 4065 continentia:
1647 4019 1837 4076 votum,

246 4104 542 4159 damnabile
561 4115 672 4159 est:
691 4121 794 4159 non
818 4113 984 4159 tamen
1012 4103 1319 4158 damnanda:
1349 4104 1476 4157 tales
1504 4103 1712 4173 nuptite.
1734 4102 1841 4158 Sed

245 4195 523 4265 quoniam,
548 4194 685 4250 sicut
709 4195 784 4250 ait
818 4195 1074 4251 Dominus
1094 4236 1109 4261 ,
1148 4194 1269 4249 Non
1295 4211 1468 4249 omnes
1495 4195 1702 4265 capiunt
1734 4211 1846 4249 ver-

243 4287 366 4339 bum
391 4286 487 4340 hoc
513 4286 726 4359 (Matth.
757 4301 874 4353 xtx,
898 4286 992 4356 li)
1025 4302 1039 4338 :
1069 4300 1188 4355 qua:
1229 4294 1403 4355 potest
1452 4292 1580 4355 ergo
1625 4299 1839 4355 capere,

243 4379 459 4449 capiat;
492 4387 548 4433 et
570 4393 689 4449 quae
718 4392 777 4432 se
800 4392 905 4432 non
934 4378 1194 4443 continet,
1228 4376 1429 4432 nubat:
1457 4392 1576 4448 qua:
1603 4392 1707 4431 non
1731 4392 1842 4432 etn-

243 4471 341 4541 pit,
369 4470 669 4535 deliberet;
692 4483 812 4539 quae
843 4483 1094 4540 aggressa
1138 4476 1259 4535 est,
1310 4476 1622 4540 perseveret
1650 4485 1665 4524 :
1696 4468 1840 4523 nulla

244 4562 556 4617 adversario
583 4560 742 4617 detur
781 4562 1024 4628 occasio,
1065 4560 1212 4615 nulla
1239 4560 1455 4616 Christo
1498 4561 1844 4617 subtrahatur

244 4653 444 4708 oblatio
470 4652 515 4707 ³.
538 4650 595 4707 1η
620 4651 887 4723 coniugali
909 4652 1106 4723 quippe
1128 4651 1346 4707 vinculo
1364 4652 1410 4717 si
1441 4651 1690 4723 pudicitia
1712 4667 1843 4706 con-

245 4754 513 4812 servatur,
543 4743 817 4799 damnatio
855 4758 961 4798 non
1008 4745 1228 4799 timetur
1257 4762 1271 4798 :
1297 4743 1390 4799 sed
1443 4744 1495 4798 in
1550 4743 1746 4799 viduali
1790 4753 1843 4799 et

243 4836 489 4907 virginali
534 4835 897 4903 continentia,
926 4835 1242 4891 excellentia
1290 4835 1528 4891 muneris
1566 4836 1844 4906 amplioris

244 4932 551 5001 expetitur;
611 4944 715 4999 qua
780 4928 1013 4999 expetita
1067 4936 1123 4984 et
1173 4927 1343 4984 electa
1393 4935 1446 4983 et
1506 4928 1617 4983 voti
1661 4928 1845 4983 debito

243 5023 423 5079 oblata
451 5021 494 5089 ⁸,
536 5021 651 5093 jam
701 5035 811 5076 non
863 5020 1037 5077 solum
1088 5020 1423 5090 capessere'
1463 5020 1698 5091 nuptias,
1748 5022 1843 5077 sed

244 5115 452 5172 etiamsi
476 5130 585 5169 non
602 5113 851 5179 nubatur,
878 5112 1080 5168 nubere
1106 5113 1243 5168 velle
1268 5112 1571 5168 damnabile
1587 5121 1688 5168 est.
1710 5113 1842 5168 Nam

244 5220 302 5265 ut
326 5209 431 5266 hoc
458 5209 855 5265 demonstraret
882 5206 1202 5277 Apostolus,
1232 5222 1337 5261 non
1360 5207 1455 5273 ait,
1482 5205 1609 5262 Cum
1637 5208 1690 5261 in
1710 5206 1842 5261 deli-

244 5302 332 5357 ciis
356 5300 550 5373 egerint
574 5300 629 5354 in
654 5297 873 5365 Christo,
902 5298 1143 5363 nubunt;
1173 5296 1290 5364 sed,
1319 5298 1505 5351 nubere
1532 5298 1847 5353 volunt:ha-

308 5419 321 5447 ι
351 5418 425 5464 sic
452 5413 716 5485 pissglzgtiti
750 5425 899 5485 vero,
928 5410 1014 5463 sed
1035 5418 1141 5476 post
1165 5408 1598 5472 resurrectionem;
1623 5417 1677 5462 et
1700 5411 1845 5473 paulo

244 5486 368 5540 post,
393 5476 489 5527 tale
512 5474 725 5540 o/ficium
749 5479 918 5525 cesset.
1037 5474 1045 5476 “
1516 5531 1528 5544 ο

251 5601 280 5611 ξ,
306 5544 325 5572 ι
351 5539 521 5611 ιίιυηιιεε
554 5546 685 5611 3158.,
714 5536 949 5587 votwuate
972 5535 1038 5587 ad
1067 5533 1260 5599 nuptias
1283 5547 1316 5585 a
1332 5540 1576 5599 ριόροειιο
1601 5534 1843 5586 εοηιίηεη.

245 5601 324 5653 tiae
348 5600 680 5664 deﬂuxerunt.

272 5667 329 5732 ,³
351 5666 519 5713 Probae
570 5670 701 5712 noue
753 5666 860 5712 uss.
879 5695 896 5722 ,
942 5657 1079 5711 nulla
1127 5656 1309 5711 Christi
1354 5655 1666 5710 subtrahatur
1707 5656 1845 5710 obla-

244 5734 543 5853 m‘galiquot
581 5794 723 5853 Mss,
766 5790 812 5835 et
840 5782 1117 5853 votidebito
1149 5781 1318 5835 oblato.
1343 5783 1469 5834 Beda
1492 5797 1581 5835 seu
1604 5780 1774 5833 Florus
1796 5783 1844 5831 in

247 5847 455 5907 mlum,
484 5857 530 5901 et
553 5855 660 5899 rota
683 5847 853 5897 devoto
867 5847 1042 5897 oblata.

223 5952 237 5965 .
278 5913 479 5978 A'Editi,
506 5920 895 5974 non'capessere.
923 5911 1088 5970 Abest,
1111 5916 1393 5971 nomatlss.
1430 5917 1482 5961 et
1519 5922 1545 5960 a
1586 5909 1712 5960 Beda
1754 5922 1845 5958 seu

246 5973 393 6029 ﬂatu.

1392 495 1477 549 DE
1520 494 1697 550 ΒΟΝο
1736 493 2128 550 VIDUITATIS
2158 494 2381 551 LIBER.

3460 508 3566 564 458

1972 608 2163 675 bentes,
2206 611 2392 680 inquit,
2436 611 2828 680 damnationem,
2877 620 3114 683 quoniam
3145 619 3364 689 primam
3408 624 3561 684 [idem

1972 700 2167 753 irritam
2192 705 2451 771 fecerunt;
2474 704 2571 756 etsi
2600 718 2703 757 non
2738 705 2986 761 nubendo
3012 750 3026 773 ,
3054 720 3257 764 tantum
3291 714 3524 769 volendo
3545 733 3567 772 :-

1972 807 2077 845 non
2108 792 2227 861 quia
2255 792 2382 861 ipsa:
2412 794 2610 862 nuptiae
2637 794 2719 849 vel
2767 797 2947 851 talium
2975 799 3291 857 damnandus
3314 802 3560 872 judiCan-

1973 892 2057 936 tur
2082 898 2096 947 ;
2124 882 2217 937 sed
2246 882 2533 937 damnatur
2578 887 2838 956 propositi
2876 889 3017 944 fraus
3045 931 3061 955 ,
3081 890 3365 949 damnatur
3388 895 3559 951 fracta

1970 977 2076 1029 Vttli
2105 976 2254 1043 ﬁdes,
2285 976 2571 1032 damnatur
2597 994 2702 1033 non
2728 982 2999 1051 susceptio
3042 998 3070 1035 a
3100 985 3242 1039 bono
3275 986 3550 1056 inferiore,

1967 1072 2063 1127 sed
2104 1073 2253 1126 ruina
2296 1088 2360 1127 ex
2407 1072 2549 1127 bono
2594 1076 2871 1145 superiore
2898 1087 3204 1147 :postremo
3237 1080 3560 1137 damnantur

1969 1166 2116 1230 tales,
2145 1181 2249 1220 non
2282 1166 2402 1235 quia
2429 1168 2760 1238 conjugalem
2797 1170 2955 1225 fidem
2994 1173 3266 1242 posterius
3297 1176 3551 1245 inierunt,

1966 1257 2061 1311 sed
2088 1258 2211 1327 quia
2239 1260 2581 1315 continentiae
2607 1262 2831 1330 primam
2863 1262 3021 1318 fidem
3051 1264 3255 1319 irritam
3285 1265 3546 1323 fecerunt.

1965 1347 2117 1416 Quod
2141 1360 2197 1403 ut
2226 1350 2458 1407 breviter
2486 1352 2777 1407 insinuaret
2803 1354 3113 1424 Apostolus,
3157 1357 3328 1413 noluit
3355 1374 3447 1415 eas
3472 1360 3554 1415 dic

1964 1456 2087 1496 cere
2128 1441 2325 1497 habere
2368 1443 2789 1511 damnationem,
2823 1461 2943 1515 qua:
2973 1457 3093 1516 post
3126 1450 3403 1519 amplioris
3432 1466 3555 1507 san-

1964 1532 2161 1587 ctitatis
2188 1535 2515 1603 propositum
2542 1535 2746 1590 nubunt
2765 1534 2893 1609 (non
2920 1539 3042 1607 quia
3070 1554 3176 1594 non
3202 1540 3546 1611 damnantur,

1963 1622 2055 1676 sed
2089 1638 2155 1677 ne
2177 1624 2228 1677 in
2255 1625 2334 1679 eis
2382 1626 2512 1694 ipsa:
2541 1626 2740 1696 nuptiae
2785 1628 3029 1683 damnari
3060 1632 3393 1704 putarentur)
3422 1639 3553 1690 :sed

1962 1732 2082 1772 cum
2109 1718 2348 1786 dixisset,
2365 1719 2548 1774 nubere
2566 1722 2761 1787 volunt,
2776 1723 3033 1778 continuo
3051 1723 3278 1793 addidit,
3310 1726 3551 1784 habentes

1962 1807 2354 1864 damnationem.
2386 1810 2607 1865 Etdixit
2651 1827 2834 1881 quare,
2868 1815 3107 1883 quoniam
3151 1816 3374 1885 priorem
3399 1818 3553 1887 ﬁdem

1960 1897 2157 1952 irritam
2180 1899 2404 1968 fecerunt
2432 1917 2450 1954 :
2472 1911 2529 1955 ut
2550 1902 2877 1957 voluntatem
2907 1918 3070 1973 quam
3100 1907 3373 1975 proposito
3408 1909 3553 1964 ceci-

1959 1993 2057 2055 dit,
2089 2003 2345 2062 appareat
2374 2010 2495 2049 csse
2521 1994 2849 2064 damnatam,
2892 1996 3017 2052 sive
3033 1998 3427 2070 subsequantur
3449 2018 3548 2055 nu-

1962 2083 2106 2150 ptim,
2134 2084 2250 2138 sive
2277 2084 2474 2139 desint.

2030 2173 2257 2229 CAPUT
2297 2175 2364 2227 Χ.
2390 2206 2465 2215 -
2485 2177 2570 2231 15.
2604 2174 2670 2231 In
2687 2192 2771 2231 eos
2796 2178 2883 2247 qui
2906 2178 3169 2248 lapsorum
3184 2197 3216 2234 a
3235 2190 3411 2236 sancto
3433 2200 3554 2254 pro-

1960 2265 2120 2334 posito
2148 2267 2351 2336 nuptias
2380 2267 2635 2321 adulteria
2657 2285 2767 2324 esse
2785 2270 2979 2325 dicunt.
3010 2270 3238 2327 Ecclesia
3264 2283 3369 2327 tota
3389 2274 3547 2345 virgo.

1960 2356 2191 2413 Proinde
2212 2360 2299 2429 qui
2329 2359 2514 2414 dicunt
2542 2362 2726 2416 talium
2759 2364 2971 2433 nuptias
3015 2379 3125 2418 non
3160 2379 3281 2421 esse
3310 2366 3550 2437 nuptias,

1957 2451 2053 2506 sed
2082 2453 2253 2521 potius
2280 2452 2565 2518 adulteria,
2593 2470 2701 2508 non
2733 2454 2864 2508 mihi
2890 2455 3135 2509 videntur
3155 2459 3283 2512 satis
3303 2466 3462 2513 acute
3486 2475 3550 2512 ac

1956 2543 2237 2615 diligenter
2277 2546 2621 2600 considerare
2662 2545 2790 2615 quid
2819 2546 3001 2601 dicant
3028 2564 3041 2600 :
3071 2546 3207 2601 fallit
3233 2564 3327 2603 eos
3349 2551 3547 2619 quippe

1956 2636 2253 2691 similitudo
2278 2638 2533 2691 veritatis.
2568 2637 2699 2703 Quia
2728 2638 2872 2692 enim
2894 2637 3201 2708 conjugium
3242 2638 3440 2695 Christi
3468 2641 3550 2695 dio

1956 2736 2148 2782 cuntur
2174 2728 2371 2799 eligere
2393 2744 2512 2798 qua:
2540 2727 2834 2783 christiana
2868 2729 3150 2785 sanctitate
3178 2744 3283 2784 non
3312 2730 3539 2795 nubunt,

1956 2817 2081 2873 hinc
2128 2826 2570 2889 argumentantur
2616 2818 2832 2889 quidam
2872 2818 3235 2876 dieentes:Si
3287 2821 3402 2875 viro
3451 2838 3549 2877 suo

1958 2911 2082 2966 vivo
2102 2927 2222 2982 qua:
2250 2912 2404 2967 alteri
2438 2911 2608 2976 nubit,
2636 2911 2878 2967 adultera
2905 2920 3010 2979 est,
3043 2913 3180 2968 sicut
3209 2914 3325 2985 ipse
3366 2915 3549 2969 Domi-

1956 3020 2058 3059 nus
2078 3005 2128 3058 in
2158 3005 2445 3077 Evangelio
2472 3006 2712 3060 deﬁnivit
2737 3004 2949 3076 (Matth.
2978 3022 3090 3074 xu,
3124 3006 3212 3079 9);
3253 3007 3376 3061 vivo
3419 3023 3549 3077 ergo

1955 3095 2186 3160 Christo,
2210 3098 2291 3151 cui
2323 3112 2468 3152 mors
2498 3098 2631 3152 ultra
2665 3112 2767 3152 non
2803 3097 3112 3153 dominatur
3131 3098 3308 3168 (Rom.
3345 3114 3421 3166 v1,
3441 3099 3546 3171 9)‘,

1953 3202 2072 3257 quze
2100 3188 2402 3259 eonjugium
2439 3189 2555 3258 ejus
2595 3190 2864 3260 elegerat,
2894 3192 2938 3245 si
2967 3189 3169 3244 homini
3201 3188 3371 3256 nubit,
3402 3191 3550 3247 adul-

1956 3286 2069 3334 tera
2107 3289 2208 3335 est.
2240 3281 2341 3348 Qui
2372 3280 2473 3336 hoc
2498 3279 2705 3349 dicunt,
2740 3291 2896 3337 acute
2952 3281 3170 3352 quidem
3220 3292 3544 3348 moventur;

1953 3370 2049 3426 sed
2076 3386 2261 3440 parum
2289 3371 2571 3427 attendunt
2603 3371 2740 3427 hanc
2787 3373 3303 3443 argumentationem
3345 3383 3545 3445 quanta

1952 3479 2131 3519 rerum
2163 3472 2417 3533 sequatur
2459 3464 2784 3520 absurditas.
2837 3465 2973 3519 Cum
3018 3464 3162 3520 enim
3204 3465 3542 3520 laudabiliter

1952 3555 2114 3611 etiam
2135 3554 2347 3610 vivente
2376 3556 2491 3610 viro
2515 3570 2581 3609 ex
2602 3555 2721 3625 ejus
2742 3570 3007 3610 consensu
3043 3555 3427 3610 continentiam
3460 3555 3545 3611 fe-

1953 3645 2095 3700 mina
2121 3644 2335 3700 Christo
2355 3653 2569 3710 voveat,
2586 3645 2699 3715 jam
2722 3644 3014 3701 secundum
3037 3644 3261 3699 istorum
3279 3645 3540 3700 rationem

1952 3736 2095 3791 nulla
2122 3736 2226 3792 hoc
2265 3736 2444 3793 facere
2490 3736 2669 3801 debet,
2722 3752 2791 3791 ne
2832 3736 3003 3805 ipsum
3058 3733 3357 3803 Christum,
3398 3737 3543 3806 quod

1950 3828 2151 3883 sentire
2173 3828 2321 3884 nefas
2336 3838 2438 3895 est,
2463 3827 2761 3881 adulterum
2786 3826 2963 3890 faciat,
2987 3826 3070 3881 cui
3100 3827 3312 3881 vivente
3342 3827 3536 3881 marito

1950 3920 2124 3976 nubit.
2158 3919 2362 3975 Deinde
2384 3934 2505 3974 cum
2531 3919 2718 3989 prima:
2746 3917 2947 3988 nuptiae
2972 3916 3208 3973 melioris
3236 3916 3345 3972 sint
3365 3916 3540 3971 meriti

1951 4028 2108 4083 quam
2156 4010 2426 4078 secunda},
2469 4010 2607 4065 absit
2653 4018 2711 4065 ut
2748 4016 3052 4064 sanctarum
3099 4007 3381 4063 viduarum
3439 4007 3542 4063 iste

1951 4102 2022 4158 sit
2048 4117 2260 4168 sensus,
2312 4110 2368 4156 ut
2402 4100 2650 4156 Christus
2698 4101 2777 4155 eis
2811 4099 3053 4155 videatur
3080 4098 3230 4170 quasi
3270 4097 3541 4153 secundus

1952 4194 2197 4251 maritus.
2226 4186 2409 4262 lpsum'
2428 4192 2570 4247 enim
2596 4190 2866 4246 habebant
2890 4199 2940 4245 et
2969 4199 3145 4254 antea,
3175 4188 3388 4259 quando
3408 4187 3551 4244 viris-

1950 4284 2061 4340 suis
2128 4281 2354 4338 ﬁdeliter
2413 4282 2721 4337 serviebant
2764 4280 2993 4335 subdita:
3018 4322 3033 4346 ,
3065 4295 3171 4334 non
3222 4279 3535 4346 carnaliter,

1950 4374 2046 4432 sed
2095 4373 2446 4445 spiritualiter
2502 4374 2724 4427 virum:
2757 4371 2843 4427 cui
2894 4370 3131 4426 Ecclesia
3179 4369 3290 4441 ipsa
3320 4412 3336 4436 ,
3387 4368 3549 4440 cujus

1950 4469 2191 4526 membra
2238 4475 2384 4535 sunt,
2431 4466 2626 4536 conjux
2670 4474 2779 4531 est;
2826 4480 2946 4535 qua:
2996 4464 3154 4529 ﬁdei,
3206 4463 3360 4534 spei,
3412 4463 3545 4517 cha-

1949 4564 2121 4620 ritatis
2150 4562 2486 4634 integritate,
2535 4574 2641 4615 non
2686 4560 2739 4614 in
2790 4558 2920 4614 solis
2964 4557 3262 4627 virginibus
3315 4554 3538 4621 sanctis,

1949 4654 2045 4711 sed
2075 4654 2234 4709 etiam
2266 4652 2318 4706 in
2351 4650 2524 4706 viduis
2546 4658 2599 4704 et
2624 4649 2921 4719 conjngatis
2948 4646 3216 4712 ﬁdelibus,
3246 4654 3353 4700 tota
3384 4645 3535 4714 virgo

1950 4753 2051 4802 est.
2078 4744 2347 4802 Universae
2372 4742 2568 4814 quippe
2590 4740 2866 4806 Ecclesiae,
2887 4738 3041 4808 cujus
3060 4739 3147 4792 illa
3167 4737 3345 4792 omnia
3372 4750 3544 4790 mem-

1950 4838 2046 4894 bra
2074 4846 2232 4906 sunt,
2278 4835 2566 4907 Apostolus
2594 4833 2723 4889 dicit
2750 4850 2764 4887 :
2793 4833 2977 4903 Αριαυὶ
3001 4847 3087 4885 vos
3117 4829 3209 4884 uni
3232 4831 3341 4882 viro
3385 4826 3542 4897 virgi-

1949 4949 2066 4988 nem
2090 4941 2283 4987 castam
2305 4929 2538 4985 exhibere
2558 4926 2759 4984 Christo
2787 4924 2855 4998 (Il
2879 4921 3000 4981 Cor.
3030 4939 3104 4989 xi,
3130 4921 3213 4993 2).
3252 4920 3411 4976 Novit
3438 4934 3538 4974 au-

1951 5032 2060 5078 tem
2088 5022 2182 5078 ille
2217 5021 2497 5092 coniugem
2523 5018 2784 5090 virginem
2828 5015 2944 5070 sine
2972 5012 3315 5082 corruptione
3341 5010 3541 5074 fetare,

1952 5130 2109 5186 quem
2138 5115 2190 5169 in
2214 5114 2325 5184 ipsa
2352 5112 2512 5167 etiam
2540 5124 2701 5166 carne
2726 5108 2897 5179 potuit
2917 5114 3086 5159 mater
3103 5104 3217 5157 sine
3242 5102 3546 5171 corruptio-

1952 5222 2021 5263 ne
2047 5219 2346 5276 procreare.
2382 5203 2467 5258 Fit
2511 5210 2687 5256 autem
2732 5213 2829 5268 per
2856 5198 2995 5251 hanc
3028 5194 3204 5249 minus
3233 5192 3546 5248 considera-

1953 5310 2058 5356 tam
2086 5299 2427 5370 opinionem,
2458 5308 2561 5365 qua
2594 5300 2782 5362 putant
2814 5290 3081 5360 lapsarum
3125 5302 3156 5342 a
3202 5293 3389 5340 sancto
3415 5298 3546 5354 pro-

1952 5392 2126 5464 posito
2165 5388 2486 5444 feminarum
2508 5426 2522 5450 ,
2554 5384 2601 5439 si
2624 5380 2925 5452 nupserint,
2965 5394 3073 5434 non
3105 5392 3227 5434 esse
3251 5375 3499 5445 coniugia
3521 5415 3537 5441 ,

1952 5500 2058 5539 non
2082 5496 2298 5554 parvum
2322 5479 2521 5534 malum
2542 5518 2557 5543 ,
2588 5484 2647 5530 ut
2688 5490 2718 5529 a
2764 5473 2968 5529 maritis
2995 5480 3318 5542 separentur
3346 5482 3546 5523 uxores

1951 5575 2100 5647 quasi
2130 5572 2386 5627 adulterae
2428 5569 2566 5635 sint,
2600 5583 2705 5622 non
2743 5580 2979 5631 uxores;
3007 5573 3213 5620 etcum
3240 5560 3427 5617 volunt
3452 5575 3545 5615 eas

1951 5674 2222 5736 separatas
2238 5662 2461 5718 reddere
2487 5658 2851 5722 continentiae,
2875 5655 3080 5713 faciunt
3106 5654 3330 5710 maritos
3358 5666 3545 5708 earum

1953 5759 2223 5814 adulteros
2269 5768 2428 5810 veros
2455 5755 2493 5820 ‘,
2535 5768 2655 5807 cum
2707 5751 2818 5807 suis
2870 5749 3129 5806 uxoribus
3167 5746 3301 5802 vivis
3348 5746 3548 5801 alteras

1952 5849 2220 5907 duxerint.

2018 5967 2038 5999 ³
2054 5972 2126 6015 Er.
2148 5972 2199 6014 et
2224 5962 2447 6025 plerique
2465 5968 2588 6024 Mss,
2618 5957 2762 6012 viros.
