4048 6506
498 508 600 563 459

561 617 786 677 CAPUT
816 612 906 671 XI.
924 642 993 655 --
1015 612 1103 667 M.
1130 609 1329 681 Lapsus
1348 624 1380 662 a
1402 615 1576 663 sancto
1598 605 1859 676 proposito
1889 604 2073 667 malus,

490 713 683 780 nuptiae
712 720 878 763 tamen
903 707 1165 776 lapsarum
1185 703 1347 756 bonae.
1376 700 1709 768 Quapropter
1740 712 1842 752 non
1865 711 2081 766 possum

491 802 704 873 quidem
734 800 934 863 dicere,
957 813 987 851 a
1017 795 1293 867 preposito
1323 794 1543 847 meliore
1571 793 1776 860 lapsas,
1808 790 1853 843 si
1885 803 2084 858 nupse-

491 895 617 957 rint,
667 890 893 947 feminas
919 930 934 955 ,
995 886 1257 942 adulteria
1309 899 1435 940 esse
1458 924 1474 948 ,
1528 898 1635 937 non
1672 880 1915 950 conjugia
1949 897 1961 932 :
1992 877 2084 932 sed

490 987 647 1055 plane
676 998 787 1038 non
814 980 1168 1037 dubitaverim
1200 977 1410 1040 dicere,
1436 976 1615 1045 lapsus
1638 982 1693 1029 et
1719 974 1900 1028 ruinas
1930 986 1957 1033 a
1989 986 2082 1024 ca-

492 1077 672 1131 stitate
696 1073 982 1139 sanctiore,
1007 1086 1127 1141 qua:
1152 1079 1373 1124 vovetur
1392 1067 1640 1131 Domino,
1664 1064 1940 1119 adulteriis
1964 1076 2086 1116 esse

489 1166 726 1236 pejores.
749 1164 804 1219 Si
835 1164 999 1225 enim,
1031 1161 1172 1232 quod
1207 1160 1354 1215 nullo
1396 1158 1557 1213 modo
1586 1156 1938 1212 dubitandum
1966 1162 2082 1220 est,

497 1258 562 1311 ad
589 1256 944 1313 offensionem
974 1251 1169 1308 Christi
1198 1250 1460 1321 pertinet,
1488 1264 1607 1304 cum
1637 1246 1937 1303 membrum
1965 1244 2084 1313 ejus

495 1348 657 1404 ﬁdem
685 1362 791 1401 non
814 1353 991 1401 servat
1019 1344 1210 1398 marito
1236 1360 1251 1408 ;
1279 1349 1480 1411 quanto
1522 1339 1738 1411 gravius
1775 1336 2082 1402 offenditur,

494 1454 619 1496 cum
646 1438 719 1494 illi
748 1438 847 1509 ipsi
874 1452 980 1492 non
1004 1443 1250 1491 servatur
1275 1433 1406 1488 ﬁdes
1428 1433 1479 1486 in
1505 1445 1570 1487 eo
1592 1430 1733 1500 quod
1755 1428 2088 1499 exigitobla-

496 1540 610 1587 tum
629 1572 646 1598 ,
676 1531 766 1601 qui
797 1545 902 1584 non
927 1535 1178 1597 exegerat
1200 1523 1571 1581 offerendum?
1599 1524 1733 1578 Cum
1761 1521 1903 1576 enim
1927 1521 2084 1591 quis-

496 1638 605 1693 que
630 1638 733 1677 non
763 1619 956 1687 reddit,
997 1618 1141 1689 quod
1194 1632 1305 1687 non
1346 1615 1573 1686 imperio
1623 1613 1957 1683 compulsus,
1990 1611 2084 1667 sed

495 1712 724 1768 consilio
751 1710 1110 1767 commonitus
1137 1708 1313 1773 vovit;
1334 1715 1479 1761 tanto
1502 1705 1670 1776 magis
1699 1704 1927 1760 fraudati
1976 1704 2084 1758 voti

495 1812 655 1876 auget
673 1803 1001 1873 iniquitatem
1020 1842 1036 1866 ,
1061 1808 1261 1871 quanto
1291 1798 1467 1853 minus
1508 1796 1693 1852 habuit
1722 1795 1954 1851 vovcndi
1986 1810 2086 1851 ne-

495 1895 823 1950 cessitatem.
854 1893 980 1948 llaec
1005 1891 1125 1947 ideo
1149 1890 1394 1961 disputo,
1416 1904 1484 1945 ne
1512 1888 1789 1944 arbitreris
1801 1889 1883 1944 vel
1898 1903 2089 1943 secun-

497 1986 594 2040 das
619 1986 829 2053 nuptias
857 1983 1059 2039 crimen
1086 1998 1205 2038 esse
1225 2024 1241 2050 ,
1292 1981 1379 2038 vel
1427 1995 1787 2051 quascumque
1831 1981 2044 2050 nuptias
2067 2022 2082 2047 ,

496 2090 619 2129 cum
647 2078 754 2129 sint
782 2074 1008 2146 nuptiae,
1040 2073 1237 2127 malum
1263 2086 1384 2127 esse
1412 2073 1453 2124 ί.
1484 2070 1600 2125 Νοη
1631 2071 1812 2141 itaque
1841 2071 1958 2125 illas
1987 2070 2086 2126 abs

496 2172 552 2219 te
570 2162 849 2218 damnatas
876 2163 1010 2218 velis
1034 2178 1175 2228 esse,
1200 2161 1294 2216 sed
1325 2170 1551 2231 spretas.
1576 2160 1780 2215 Bonum
1804 2175 1933 2231 ergo
1957 2175 2088 2216 con-

497 2254 737 2311 tinentia:
764 2253 993 2309 vidualis
1034 2252 1355 2307 luculentius
1391 2251 1564 2317 decet,
1605 2266 1724 2305 cum
1752 2265 1849 2319 pro
1878 2251 1969 2305 illo
1994 2266 2089 2306 vo-

497 2345 675 2402 vendo
700 2355 753 2402 et
783 2343 1081 2415 proﬁtendo
1099 2352 1329 2415 possunt
1352 2352 1698 2398 contemnere
1716 2341 1930 2398 femina:
1946 2342 2089 2411 quod

497 2446 555 2494 et
578 2438 708 2493 libet
734 2446 788 2492 et
818 2439 963 2492 licet.
994 2436 1104 2492 Sed
1139 2446 1259 2505 post
1286 2435 1395 2491 voti
1422 2436 1806 2506 professionem
1839 2450 2090 2505 perseve-

497 2538 679 2585 ranter
708 2529 1023 2586 frenandum
1045 2538 1099 2586 et
1120 2528 1440 2585 vincendum
1470 2538 1554 2583 est
1583 2527 1727 2599 quod
1755 2528 1924 2595 libet,
1967 2527 2090 2599 quia

496 2622 610 2691 jam
632 2638 737 2677 non
768 2623 910 2677 licet.

570 2714 797 2771 CAPUT
814 2714 1092 2770 Xll.—15.
1109 2712 1297 2768 Nullas
1308 2712 1603 2784 quotaslibet
1620 2713 1821 2783 nuptias
1837 2711 2090 2766 damnan-

499 2806 593 2861 das
620 2823 745 2860 esse.
778 2807 852 2861 De
889 2807 1059 2861 tertiis
1085 2814 1139 2861 et
1163 2806 1231 2860 de
1259 2806 1463 2875 quartis
1487 2814 1543 2860 et
1574 2803 1643 2859 de
1681 2805 1817 2859 ultra
1851 2803 2090 2874 pluribus

500 2899 700 2967 nuptiis
721 2899 895 2953 solent
930 2897 1174 2953 homines
1202 2912 1419 2952 movere
1443 2897 1813 2967 quaestionem.
1854 2895 2003 2951 Unde
2033 2903 2092 2949 ut

500 2991 733 3045 breviter
748 2989 1124 3058 respondeam,
1143 3004 1241 3045 nec
1261 2989 1393 3043 ullas
1406 2989 1615 3059 nuptias
1630 2988 1801 3043 audeo
1812 2986 2084 3053 damnare,

501 3096 601 3135 nec
620 3082 697 3135 eis
712 3081 1084 3136 verecundiam
1106 3081 1503 3135 numerositatis
1521 3079 1751 3135 auferre.
1767 3079 1874 3135 Sed
1892 3096 1959 3135 ne
1974 3081 2091 3135 cui-

499 3186 660 3241 quam
684 3170 915 3226 brevitas
933 3170 1087 3239 hujus
1108 3170 1471 3240 responsionis
1491 3186 1623 3225 mea:
1640 3171 1775 3225 forte
1789 3170 2088 3240 displiceat,

502 3260 721 3316 uberius
741 3260 1094 3329 disputantem
1118 3261 1563 3331 reprehensorem
1587 3277 1764 3317 meum
1792 3262 1978 3318 audire
1992 3278 2089 3332 pa-

504 3360 650 3405 ratus
661 3366 800 3404 sum.
815 3350 1079 3405 Fortassis
1092 3352 1233 3405 enim
1247 3350 1639 3421 affertaliquam
1654 3352 1937 3418 rationem,
1956 3368 2089 3423 qna-

502 3455 565 3495 re
614 3440 863 3495 secunda:
894 3442 1091 3510 nuptiae
1119 3456 1223 3496 non
1254 3441 1592 3508 damnentur,
1627 3444 1795 3497 tertias
1830 3443 2093 3499 damnen-

504 3542 610 3589 tur.
639 3532 773 3587 Nam
798 3548 917 3604 ego,
942 3534 1078 3588 sicut
1103 3534 1154 3587 in
1183 3533 1403 3588 exordio
1429 3535 1693 3589 sermonis
1720 3534 1878 3604 hujus
1905 3536 2092 3591 admo-

504 3626 626 3691 nui,
660 3641 765 3681 non
818 3626 990 3682 audeo
1033 3627 1153 3696 plus
1196 3642 1387 3697 sapere
1438 3642 1597 3697 quam
1637 3637 1853 3698 oportet
1894 3644 2089 3698 sapere

504 3717 680 3787 (Rom.
712 3735 808 3785 xn,
838 3718 917 3791 5).
946 3718 1077 3786 Quis
1123 3720 1265 3774 enim
1291 3736 1430 3785 sum,
1468 3721 1558 3790 qui
1610 3731 1791 3792 putem
1812 3722 2097 3779 "deﬁnien-

506 3808 655 3876 dum,
677 3810 816 3879 quod
844 3826 943 3866 nec
967 3812 1284 3880 Apostolum
1308 3812 1460 3866 video
1475 3813 1768 3869 definisse?
1793 3815 1883 3869 Ait
1908 3815 2050 3870 enim
2078 3834 2091 3871 :

506 3898 696 3954 Mulier
723 3901 935 3971 alligata
977 3910 1068 3968 est,
1099 3903 1341 3974 quamdiu
1369 3904 1442 3958 vir
1468 3905 1577 3975 ejus
1599 3906 1738 3959 vivit.
1770 3905 1887 3961 Non
1917 3906 2052 3962 dixit
2075 3949 2090 3973 ,

506 3991 747 4060 primus;
777 4001 901 4059 aut,
933 3994 1230 4059 secundus;
1262 4002 1372 4059 aut,
1404 3996 1624 4060 tertius;
1656 4006 1768 4064 aut,
1800 4002 2091 4067 quartus':

502 4082 631 4149 sed,
654 4082 865 4149 Mulier,
892 4084 1080 4155 inquit,
1118 4085 1333 4157 alligata
1369 4096 1464 4154 est,
1504 4088 1748 4157 quamdiu
1774 4090 1849 4143 vir
1874 4092 1984 4160 ejus
2014 4092 2092 4145 vi-

505 4174 575 4227 vit
598 4188 619 4229 :
642 4174 687 4228 si
715 4185 883 4228 autem
908 4186 1135 4231 mortuus
1159 4178 1311 4244 fuerit
1348 4180 1425 4232 vir
1462 4180 1592 4251 ejus,
1632 4181 1844 4237 liberata
1869 4180 1983 4250 estj
2012 4186 2096 4239 cui

506 4266 612 4320 vult
652 4267 841 4333 nubat,
876 4277 1070 4322 tantum
1116 4269 1170 4323 in
1216 4269 1457 4324 Domino.
1491 4271 1694 4327 Beatior
1722 4286 1891 4329 autem
1912 4278 2024 4343 erit,
2053 4278 2098 4332 si

507 4358 583 4411 sic
606 4359 935 4428 permanserit
967 4358 1007 4430 (Ι
1035 4358 1153 4414 Cor.
1182 4375 1274 4424 vn,
1308 4360 1396 4427 59,
1424 4362 1537 4431 40).
1570 4363 1706 4429 Quid
1731 4364 1853 4420 huic
1881 4378 2098 4423 senten-

510 4449 599 4500 tia:
620 4490 633 4511 ,
667 4456 922 4517 quantum
953 4449 1019 4503 ad
1049 4449 1187 4505 hanc
1215 4467 1328 4505 rem
1359 4452 1570 4519 attinet,
1612 4454 1734 4509 addi
1763 4456 1845 4509 vel
1885 4456 2095 4515 detrahi

509 4536 699 4605 possit,
734 4538 939 4605 ignoro.
963 4538 1161 4593 Deinde
1192 4540 1364 4609 ipsum
1394 4556 1606 4613 quoque
1632 4545 2008 4614 Apostolorum
2030 4564 2095 4607 ac

510 4637 753 4684 nostrum
784 4628 1090 4699 Magistrum
1142 4640 1197 4686 et
1247 4632 1530 4688 Dominum
1578 4634 1737 4690 audio
1790 4636 2097 4697 Sadducaeis

510 4722 925 4792 respondentem
956 4765 971 4789 ,
1023 4739 1145 4779 cum
1192 4727 1604 4795 proposuissent
1659 4731 1943 4788 mulierem
1986 4750 2094 4791 non

507 4814 770 4870 univiram
800 4815 881 4870 vel
909 4815 1166 4881 biviram,
1210 4817 1304 4873 sed
1331 4859 1347 4885 ,
1400 4818 1445 4873 si
1481 4819 1585 4874 dici
1630 4830 1827 4890 potest,
1880 4825 2101 4895 septivi-

506 4921 621 4960 ram
644 4948 659 4972 ,
686 4906 739 4961 in
772 4906 1166 4964 resurrectione
1187 4908 1338 4978 cujus
1362 4907 1538 4966 futura
1566 4921 1709 4968 esset
1730 4929 1884 4969 uxor.
1917 4915 2097 4974 lucre-

506 5010 641 5064 pans
669 4997 810 5051 enim
840 5012 966 5063 eos,
997 4999 1071 5052 ait
1097 5016 1110 5053 :
1144 4996 1368 5068 Erratis,
1404 5016 1505 5054 non
1532 5002 1742 5059 scientes
1769 5004 2088 5076 Scripturas,

507 5105 667 5160 neque
685 5090 915 5144 virtutem
938 5089 1056 5145 Dei.
1081 5089 1149 5145 In
1188 5092 1555 5147 resurrectione
1592 5096 1726 5148 enim
1772 5113 1861 5150 nec
1887 5098 2093 5165 nubent,

508 5196 600 5233 nec
637 5197 818 5236 uxores
845 5182 1026 5236 ducent
1052 5198 1069 5236 :
1095 5199 1197 5237 non
1221 5184 1356 5237 enim
1382 5184 1623 5253 incipient
1650 5187 1799 5251 mori,
1828 5190 1914 5243 sed
1952 5200 2098 5245 erunt

508 5270 726 5339 aquales
752 5271 957 5342 Angelis
980 5273 1076 5327 Dei
1108 5272 1320 5345 (Matth.
1338 5291 1472 5343 xxu,
1490 5276 1560 5333 29
1578 5287 1624 5332 et
1642 5276 1753 5350 50).
1787 5280 1979 5334 Eorum
1999 5283 2099 5335 ita—

510 5378 614 5431 que
636 5366 1081 5422 resurrectionem
1105 5370 1575 5443 commemoravit,
1599 5372 1688 5439 qui
1712 5382 1995 5443 resurgent
2025 5374 2092 5428 ad

510 5456 693 5519 vitam,
724 5468 829 5507 non
857 5455 948 5523 qui
976 5466 1255 5525 resurgant
1283 5458 1349 5512 ad
1388 5474 1623 5527 ptenam.
1657 5462 1835 5517 Potuit
1854 5479 1981 5533 ergo
2009 5464 2092 5518 di-

511 5557 633 5597 cere
652 5584 668 5608 ,
708 5543 914 5599 Erratis
932 5584 948 5608 ,
972 5546 1271 5601 nescientes
1296 5548 1617 5619 Scripturas,
1645 5569 1819 5622 neque
1841 5556 2090 5610 virtutem

511 5635 642 5700 Dei;
672 5636 725 5691 in
757 5634 845 5689 illa
879 5636 1020 5690 enim
1048 5640 1441 5697 resurrectione
1478 5644 1791 5703 multinubae
1828 5649 1943 5703 ista:
1974 5663 2096 5705 esse

576 5787 1364 5867 ‘,.3?°.!‘i’%3€‘.
1384 5794 1593 5867 ηαρείαδι
1618 5811 1728 5850 cum
1762 5800 1856 5854 δίκε
1889 5801 2091 5867 nuntius

512 5860 694 5903 ustum
714 5863 837 5909 esse,
860 5852 1035 5911 absunt
1055 5849 1085 5899 a
1106 5849 1357 5911 plerisque
1384 5849 1485 5905 Mss.

577 5917 597 5947 ⁸
618 5914 741 5963 Libri
759 5910 972 5975 quidam,
989 5918 1070 5962 aut
1094 5910 1392 5975 quotuslibet.

1729 488 1786 545 S.
1828 479 2189 542 AUGUSTINI
2227 477 2527 537 EPlSCOPl

3685 476 3789 532 M0

2194 609 2300 650 non
2327 604 2615 666 poterunt:
2644 592 2836 650 deinde
2864 593 3081 661 addere,
3104 594 3226 665 quia
3252 609 3353 652 nec
3378 596 3557 667 aliqua
3586 596 3659 651 ibi
3693 612 3783 651 nuo

2192 686 2289 741 bit.
2311 686 2417 743 Sed
2448 702 2545 741 nec
2575 685 2766 755 ipsam,
2800 694 2857 740 ut
2887 685 3127 741 videmus
3150 727 3164 752 ,
3202 694 3282 742 tot
3305 688 3620 742 maritorum
3656 702 3781 741 mn-

2192 776 2377 833 lierem
2408 778 2511 832 ulla
2554 791 2665 831 suae
2711 777 2990 832 sententia:
3038 778 3432 848 signiﬁcatione
3480 779 3776 834 damnavit.

2193 867 2526 938 Quapropter
2561 883 2660 924 nec
2686 878 2871 923 contra
2918 868 3164 923 humana:
3191 869 3530 924 verecundiae
3560 883 3781 925 sensum

2192 960 2365 1015 audeo
2398 960 2579 1015 dicere
2601 1001 2616 1025 ,
2650 970 2708 1013 ut
2733 960 2944 1029 quoties
2972 960 3240 1024 voluerit,
3266 961 3395 1015 viris
3422 961 3651 1015 mortuis
3681 975 3783 1013 nu-

2192 1050 2284 1107 bat
2308 1050 2502 1105 femina
2537 1070 2550 1107 :
2579 1066 2679 1105 nec
2702 1065 2769 1105 ex
2800 1065 2919 1105 meo
2945 1050 3104 1105 corde
3135 1060 3329 1119 praeter
3354 1050 3645 1121 Scriptura)
3662 1066 3787 1104 san-

2193 1150 2293 1196 cta:
2336 1142 2705 1197 auctoritatem
2741 1141 3061 1211 quotaslibet
3093 1142 3348 1211 ‘nuptias
3374 1142 3546 1196 audeo
3588 1141 3791 1196 conde-

2192 1247 2397 1289 mnare.
2430 1232 2584 1300 Quod
2622 1243 2802 1287 autem
2850 1232 2970 1287 dico
3018 1233 3239 1287 univira:
3266 1232 3462 1299 vidua),
3509 1233 3612 1288 hoc
3662 1233 3785 1289 dico

2192 1323 2339 1378 omni
2367 1323 2541 1378 viduze
2569 1340 2581 1375 :
2607 1322 2813 1377 beatior
2838 1323 2966 1387 eris,
2993 1323 3040 1377 si
3066 1324 3143 1377 sic
3171 1323 3553 1392 permanseris.

2262 1415 2490 1472 CAPUT
2517 1416 2654 1470 Xlll.
2678 1446 2751 1456 —
2774 1415 2860 1470 l6.
2903 1414 3122 1468 Viduam
3142 1414 3351 1468 biviram
3381 1414 3658 1485 aliquando
3681 1430 3788 1469 esse

2193 1508 2562 1579 prteferendam
2586 1508 2817 1562 univirw.
2862 1506 3141 1560 Viduamm
3172 1506 3349 1561 merita
3378 1523 3443 1561 ex
3474 1507 3634 1577 ipsius
3661 1524 3787 1560 con-

2193 1601 2415 1656 tinentia:
2460 1600 2646 1655 viribus
2694 1601 2973 1671 pensanda.
3026 1596 3159 1654 Nam
3211 1610 3266 1655 et
3314 1598 3445 1654 illud
3497 1615 3607 1654 non
3653 1600 3785 1652 insi-

2192 1693 2402 1762 pienter
2430 1692 2652 1762 proponi
2680 1693 2852 1758 solet,
2891 1699 2947 1744 ut
2978 1691 3120 1745 dicat
3158 1690 3249 1760 qui
3287 1698 3497 1760 potest,
3533 1706 3785 1760 quamam

2193 1781 2350 1837 vidua
2389 1782 2593 1836 meritis
2632 1780 2965 1852 prwferenda
3004 1781 3073 1836 sit
3116 1798 3128 1833 :
3169 1790 3347 1835 utrum
3391 1780 3633 1846 univira,
3665 1796 3786 1850 qua:

2193 1888 2314 1930 cum
2344 1874 2566 1929 vixisset
2590 1874 2787 1929 diutius
2809 1888 2929 1927 cum
2962 1872 3175 1940 marito,
3208 1872 3333 1927 ﬁliis
3363 1873 3658 1943 procreatis
3684 1871 3789 1926 sal-

2192 1966 2379 2037 visque
2408 1966 2639 2031 viduata,
2665 1966 3043 2020 continentiam
3074 1966 3314 2034 professa
3344 1976 3455 2031 est;
3483 1980 3553 2018 an
3581 1981 3643 2018 ea
3666 1980 3787 2033 qua:

2193 2057 2594 2113 adolescentula
2625 2057 2762 2112 intra
2794 2058 2928 2113 duos
2951 2073 3119 2113 annos
3153 2059 3365 2113 amissis
3386 2058 3594 2113 duobus
3617 2058 3746 2112 viris
3767 2098 3783 2119 ,

2193 2150 2356 2206 nullis
2397 2150 2465 2205 ad
2511 2150 2929 2205 consolationem
2974 2151 3308 2206 exstantibus
3357 2149 3573 2214 liberis,
3617 2150 3791 2203 conti-

2194 2240 2428 2297 nentiam
2458 2241 2566 2295 Deo
2588 2240 2752 2306 vovit,
2776 2248 2830 2296 et
2855 2241 2907 2294 in
2931 2256 2991 2295 ea
3021 2239 3549 2310 perseverantissima
3582 2239 3787 2294 sancti-

2194 2342 2302 2388 tate
2326 2333 2627 2388 consenuit.
2663 2333 2761 2388 llic
2787 2349 2845 2388 se
2878 2344 3195 2400 exerceant,
3223 2334 3267 2388 si
3308 2341 3565 2403 possunt,
3599 2332 3789 2402 dispu-

2195 2425 2377 2493 tando,
2409 2434 2464 2480 et
2492 2426 2646 2480 nobis
2666 2424 2865 2496 aliquid
2886 2425 3323 2491 demonstrando,
3350 2427 3438 2494 qui
3464 2425 3532 2480 de
3562 2441 3791 2481 numero

2193 2516 2428 2571 virorum
2456 2558 2471 2583 ,
2505 2532 2611 2570 non
2649 2515 2731 2570 de‘
2752 2517 2919 2585 ipsius
2955 2516 3299 2571 continentia:
3329 2516 3531 2571 viribus
3556 2526 3792 2586 pensant

2194 2612 2383 2663 merita
2413 2608 2713 2663 viduarum.
2745 2608 2800 2663 Si
2827 2609 2971 2663 enim
3001 2608 3269 2674 dixerint,
3304 2608 3378 2663 illi
3421 2608 3604 2663 biviraa
3643 2608 3789 2663 illam

2197 2699 2456 2753 univiram
2483 2713 2606 2753 esse
2636 2698 3020 2769 przeferendam
3042 2716 3056 2762 ;
3080 2699 3179 2753 nisi
3198 2699 3474 2753 attulerint
3497 2700 3791 2767 specialem

2195 2791 2425 2861 aliquam
2464 2790 2728 2845 rationem
2775 2790 2856 2845 vel
2900 2793 3269 2845 auctoritatem
3296 2830 3311 2856 ,
3355 2788 3597 2859 profecto
3642 2792 3791 2845 inve-

2196 2882 2411 2937 nientur
2445 2881 2624 2936 virtuti
2668 2883 2830 2937 animi
2872 2897 2974 2937 non
3016 2882 3272 2952 majorem
3304 2882 3556 2936 virtutem
3584 2884 3789 2951 animi,

2195 2973 2291 3029 sed
2335 2975 2514 3029 carnis
2571 2974 2881 3029 felicitatem
2937 2982 3285 3044 anteponere.
3342 2973 3423 3028 Ad
3477 2973 3791 3029 felicitatem

2195 3066 2394 3135 quippe
2434 3066 2613 3120 carnis
2654 3064 2943 3135 pertinuit,
2973 3076 3027 3121 et
3054 3066 3145 3120 diu
3174 3082 3296 3121 cum
3333 3066 3448 3120 viro
3486 3067 3706 3133 vivere,
3738 3077 3793 3122 et

2196 3156 2335 3212 ﬁlios
2370 3173 2670 3226 procreare.
2703 3157 2807 3213 Sed
2837 3157 2882 3211 si
2921 3174 3026 3211 non
3055 3172 3173 3212 eam
3204 3157 3274 3212 ob
3311 3157 3413 3211 hoc
3440 3169 3789 3228 praeponunt,

2198 3249 2319 3317 quia
2350 3249 2487 3302 ﬁlios
2518 3248 2730 3315 habuit;
2774 3248 3005 3317 idipsum
3034 3259 3181 3303 certe
3206 3247 3348 3318 quod
3382 3248 3473 3303 diu
3512 3264 3634 3303 cum
3676 3250 3791 3306 viro

2196 3343 2361 3407 vixit,
2402 3342 2529 3413 quid
2555 3342 2698 3397 aliud
2726 3358 2885 3412 quam
2912 3342 3091 3397 carnis
3120 3341 3345 3397 felicitas
3372 3341 3505 3395 fuit?
3544 3341 3793 3397 Meritum

2197 3452 2360 3507 porro
2382 3438 2550 3491 Annae
2571 3436 2710 3491 illius
2731 3452 2795 3490 eo
2816 3437 3046 3490 maxime
3066 3435 3491 3499 commendatur,
3522 3436 3646 3506 quia
3669 3450 3792 3490 cum

2199 3536 2306 3582 tam
2330 3528 2436 3582 cito
2459 3528 2743 3583 extulisset
2766 3528 2961 3594 virum,
2993 3542 3087 3597 per
3114 3528 3373 3597 prolixam
3405 3536 3616 3582 mtatcm
3640 3542 3792 3582 suam

2199 3621 2290 3676 diu
2317 3636 2437 3676 cum
2467 3637 2628 3676 carne
2653 3620 2927 3687 conﬁixit,
2957 3629 3010 3674 et
3035 3621 3181 3675 vicit.
3221 3618 3311 3676 Sic
3350 3620 3491 3675 enim
3534 3620 3793 3690 scriptum

2199 3721 2283 3767 est
2311 3730 2325 3765 :
2355 3710 2424 3765 Et
2448 3722 2553 3766 erat
2582 3715 2727 3765 Anna
2764 3711 3082 3780 prapltctissa
3115 3711 3225 3779 ﬁlia
3258 3710 3524 3776 Phanuel,
3564 3712 3626 3764 de
3659 3712 3795 3763 tribu

2198 3804 2326 3860 Aser
2357 3821 2377 3861 :
2400 3805 2509 3873 hac
2530 3814 2839 3874 processerat
2868 3804 2921 3858 in
2949 3805 3121 3858 diebus
3150 3805 3319 3859 multis
3342 3846 3358 3871 ,
3387 3813 3433 3858 et
3460 3805 3653 3858 vixerat
3678 3820 3793 3857 cum

2199 3900 2306 3953 viro
2337 3915 2428 3953 suo
2456 3898 2603 3951 annis
2628 3905 2818 3966 septem
2855 3914 2885 3950 a
2924 3897 3209 3967 virginitate
3237 3913 3363 3962 sua;
3403 3905 3451 3950 et
3493 3896 3599 3949 luet:
3640 3896 3796 3949 vidua

2200 4006 2358 4060 usque
2381 3988 2449 4043 ad
2482 4006 2642 4045 annos
2674 3990 2929 4061 octoginta
2952 3998 3200 4060 quatuor,
3231 4004 3344 4059 qua:
3380 4005 3480 4043 non
3506 3989 3797 4042 discedebat

2201 4080 2264 4134 de
2292 4080 2479 4151 templo
2501 4122 2514 4144 ,
2532 4080 2748 4151 jejuniis
2786 4090 2833 4135 et
2869 4079 3292 4134 obsecrationibus
3318 4081 3535 4133 serviens
3561 4090 3705 4134 nocte
3734 4096 3797 4134 ac

2201 4171 2285 4224 die
2316 4168 2478 4243 (Luc.
2511 4186 2578 4236 ιι,
2618 4171 2724 4234 56.
2769 4169 3094 4241 37).-Vides
3132 4170 3579 4240 quemadmodum
3610 4180 3794 4225 sancta

2203 4263 2359 4318 vidua
2387 4279 2491 4317 non
2520 4263 2694 4318 solum
2720 4279 2786 4319 eo
2818 4262 3138 4333 prtedicatur
3179 4263 3320 4334 quod
3350 4263 3557 4318 univira
3596 4262 3793 4328 fuerit,

2201 4370 2388 4409 verum
2415 4354 2574 4409 etiam
2610 4354 2752 4423 quod
2784 4369 2984 4424 paucos
3020 4370 3191 4409 annos
3220 4371 3343 4410 cum
3374 4357 3565 4409 marito
3602 4356 3797 4411 vixerit

2201 4459 2233 4499 a
2258 4444 2561 4516 virginitate
2590 4460 2717 4513 sua,
2752 4454 2807 4501 et
2834 4445 3060 4501 vidualis
3104 4446 3447 4501 continentiae
3479 4462 3674 4500 munus
3702 4462 3792 4501 us-

2202 4551 2307 4606 que
2350 4535 2418 4591 ad
2463 4544 2665 4591 tantam
2708 4546 3037 4593 senectutem
3085 4545 3230 4591 tanta
3282 4536 3496 4607 pietatis
3539 4539 3799 4594 servitute

2202 4627 2531 4697 perduxerit.

2272 4717 2499 4775 CAPUT
2529 4718 2669 4775 XIV.
2705 4750 2778 4760 —
2805 4721 2890 4775 l7.
2923 4719 3248 4790 Comparatio
3277 4722 3380 4776 alia
3414 4722 3544 4777 inter
3576 4724 3799 4792 triplices

2202 4808 2399 4863 viduas.
2442 4808 2668 4865 Iuliana:
2705 4809 2871 4864 vidule
2895 4811 2994 4864 tria
3019 4820 3223 4881 exoptat
3263 4828 3375 4882 qum
3402 4812 3565 4867 Anna:
3588 4815 3797 4882 fuerunt

2204 4905 2354 4959 bona.
2392 4902 2793 4958 Constituamus
2836 4904 2996 4974 igitur
3039 4913 3163 4959 ante
3207 4907 3393 4959 oculos
3442 4916 3659 4961 nostros
3710 4907 3791 4961 vi-

2202 4996 2336 5051 duas
2357 5004 2497 5060 tres,
2525 4994 2785 5050 habentes
2810 4995 3019 5066 singula
3050 5011 3235 5049 eorum
3272 5012 3391 5065 quae
3425 4996 3550 5051 huic
3589 4998 3797 5053 inerant

2204 5088 2382 5144 omnia
2416 5104 2428 5139 :
2460 5102 2616 5140 unam
2645 5101 2905 5155 ponamus
2945 5088 3203 5140 univirani
3228 5130 3242 5154 ,
3274 5088 3359 5143 cui
3386 5087 3525 5143 desit
3556 5099 3609 5143 et
3654 5099 3796 5143 tanta

2203 5177 2484 5247 prolixitas
2512 5176 2800 5241 viduitatis,
2834 5176 2974 5246 quod
3001 5176 3088 5231 diu
3119 5192 3239 5230 cum
3274 5178 3467 5231 marito
3503 5179 3718 5243 vixerit,
3748 5190 3802 5233 et

2206 5277 2409 5322 tantum
2440 5266 2673 5321 studium
2701 5268 2933 5336 pictatis,
2962 5268 3103 5337 quod
3138 5284 3241 5321 non
3273 5269 3342 5321 ita
3368 5269 3588 5339 jcjuniis
3618 5280 3672 5323 et
3702 5271 3800 5324 ob-

2206 5358 2594 5412 secrationibus
2616 5360 2815 5412 serviat
2849 5377 2860 5413 :
2890 5359 3134 5425 alterum,
3168 5376 3287 5428 qua:
3314 5369 3434 5428 post
3465 5361 3660 5428 prioris
3690 5378 3801 5414 mn-

2206 5450 2293 5504 riti
2315 5450 2685 5504 brevissimam
2708 5451 2890 5516 vitam,
2908 5451 3068 5505 etiam
3092 5452 3382 5506 secundum
3406 5453 3512 5506 cito
3529 5455 3798 5519 amiserit,

2206 5550 2262 5598 et
2284 5542 2533 5597 diuturna
2561 5550 2719 5597 aetate
2745 5543 2816 5596 sit
2839 5541 2995 5596 vidua
3014 5586 3027 5609 ,
3059 5542 3154 5598 sed
3183 5543 3346 5598 etiam
3389 5544 3501 5615 ipsa
3530 5558 3638 5599 non
3675 5554 3798 5598 tan-

2208 5644 2313 5689 tam
2340 5635 2432 5690 det
2450 5649 2668 5705 operam
2687 5635 3014 5704 jejuniorum
3045 5645 3100 5690 et
3122 5637 3552 5692 obsccrationum
3582 5639 3801 5707 religio-

2207 5726 2431 5780 sissima:
2452 5726 2695 5781 servituti
2722 5743 2734 5778 :
2762 5726 2993 5793 tertiam,
3018 5744 3135 5797 qua:
3164 5744 3269 5783 non
3295 5729 3467 5782 solum
3494 5729 3631 5783 duos
3655 5730 3800 5783 viros

2208 5816 2482 5882 habuerit,
2523 5816 2617 5870 sed
2658 5817 2816 5870 etiam
2860 5833 2979 5871 cum
3022 5819 3280 5876 ambobus
3326 5820 3675 5892 singillatim,
3716 5819 3800 5877 vel

2280 5930 2297 5960 ί
2320 5932 2389 5978 sic
2413 5937 2517 5980 Mss.
2548 5936 2601 5979 At
2620 5928 2753 5989 editi,
2777 5927 3113 5991 quantaslibct.
