4048 6518
245 484 337 540 ιιι
1389 475 1475 531 DE
1516 473 1695 529 BONO
1739 472 2129 529 VIDUITATIS
2166 472 2387 533 LIBER.

245 613 362 651 cum
391 596 572 666 aliquo
600 607 785 650 eorum
811 592 1009 647 diutius
1039 591 1250 653 vixerit,
1278 599 1330 644 et
1357 588 1657 659 posteriore
1685 598 1841 642 mtate

241 688 479 752 Vidnata,
512 687 564 740 iu
594 700 697 755 qua
726 684 940 755 quidem
968 684 1010 737 si
1040 682 1241 736 nubere
1265 682 1537 745 voluisset,
1573 689 1753 750 posset
1788 689 1843 734 et

244 779 380 831 tilios
422 791 741 846 procreare,
774 774 1067 843 susceperit
1105 772 1489 827 continentiam
1532 770 1841 833 vidualem;

242 868 334 923 sed
377 868 498 938 plus
534 868 737 921 intenta
774 867 826 921 in
875 866 1075 928 Deum,
1116 865 1235 934 plus
1261 865 1328 918 sit
1363 865 1589 918 sollicita
1619 878 1737 934 qua:
1768 862 1841 916 illi

244 962 489 1030 placeant
521 961 745 1013 actitare
768 1000 781 1022 ,
811 958 899 1012 die
927 972 990 1010 ac
1016 970 1175 1011 nocte
1202 957 1337 1010 sicut
1369 958 1520 1009 Anna
1543 954 1761 1024 jejuniis
1790 962 1845 1009 et

240 1053 709 1108 obsecrationibus
754 1051 1017 1106 serviens.
1069 1050 1126 1107 Si
1181 1049 1541 1104 contendatur
1594 1062 1841 1119 quamam

242 1148 466 1201 istarum
506 1148 577 1201 sit
620 1147 826 1201 meritis
860 1146 1069 1215 potior,
1114 1146 1235 1215 quis
1277 1160 1383 1199 non
1425 1144 1606 1198 videat
1646 1145 1697 1197 in
1742 1143 1844 1197 hoc

240 1241 539 1295 certamine
570 1239 800 1309 palmam
824 1238 1053 1294 dandam
1076 1252 1194 1292 esse
1216 1237 1403 1307 majori
1427 1235 1843 1305 ferventiorique

242 1337 469 1406 pietati?
496 1336 569 1390 ita
599 1345 653 1391 et
686 1336 731 1391 si
760 1344 869 1391 tres
903 1336 1023 1389 aliae
1058 1335 1473 1398 constituantur,
1501 1335 1693 1404 quibus
1718 1334 1841 1387 illo-

241 1444 361 1482 rum
393 1430 411 1459 ³
440 1428 603 1482 trium
630 1427 756 1483 bina
797 1428 994 1490 insint,
1024 1427 1230 1498 singula
1258 1426 1464 1492 desint;
1493 1427 1612 1496 quis
1638 1425 1845 1481 dubitet

243 1536 339 1577 eas
369 1522 624 1576 meliores
650 1520 784 1586 fore,
814 1520 1005 1591 quibus
1034 1520 1431 1591 pra'pollentins
1461 1519 1616 1574 fuerit
1646 1520 1697 1574 in
1730 1517 1843 1572 suis

240 1614 397 1669 bonis
424 1613 637 1668 duobus
666 1612 749 1681 pia
778 1612 1049 1667 humilitas
1070 1654 1083 1679 ,
1111 1621 1167 1667 ut
1186 1612 1293 1666 alta
1322 1612 1390 1665 sit
1417 1611 1629 1680 pietas?

312 1706 403 1761 i8.
427 1704 581 1760 Nulla
609 1705 824 1775 quidem
846 1714 1065 1759 istarum
1090 1720 1184 1759 sex
1207 1705 1487 1759 viduarum
1512 1714 1615 1758 tute
1638 1717 1841 1757 normae

238 1797 577 1867 adsequatur.
625 1796 701 1850 Tu
750 1797 893 1851 enim
937 1796 982 1850 si
1028 1796 1130 1849 hoc
1176 1804 1357 1851 votum
1402 1795 1469 1849 ad
1510 1802 1840 1849 senectutem

239 1904 412 1959 usque
455 1888 795 1958 perduxeris,
838 1889 1017 1942 omnia
1056 1890 1153 1943 tria
1194 1899 1348 1959 potes
1385 1889 1617 1953 habere,
1650 1888 1841 1957 quibus

241 1985 413 2036 Anna:
435 1982 687 2035 meritum
719 1980 990 2035 excelluit.
1016 1981 1146 2034 Nam
1173 1990 1227 2036 et
1258 1996 1417 2035 unum
1451 1982 1618 2034 virum
1650 1978 1839 2033 habui-

238 2075 341 2141 sti,
373 2084 430 2129 et
466 2088 573 2129 non
614 2074 703 2127 diu
743 2082 917 2127 tecum
952 2075 1084 2128 vixit
1121 2076 1172 2128 in
1216 2090 1377 2130 carne
1412 2094 1423 2127 :
1454 2090 1517 2129 ac
1549 2089 1643 2143 per
1668 2073 1769 2127 hoc
1794 2072 1837 2127 si

239 2171 553 2227 exhibueris
578 2170 937 2225 obedientiam
968 2168 1146 2224 verbis
1171 2168 1407 2239 Apostoli
1434 2168 1682 2231 dicentis,
1714 2166 1842 2232 Qua

238 2272 409 2317 autem
437 2277 551 2315 vere
577 2262 729 2314 vidua
752 2270 824 2314 est
852 2272 896 2314 et
920 2260 1171 2326 desolata,
1199 2262 1414 2330 speravit
1440 2261 1493 2313 in
1523 2258 1797 2313 Dominum
1821 2300 1835 2323 ,

238 2365 288 2411 et
325 2354 547 2427 persistit
578 2355 597 2384 ²
625 2353 680 2406 in
721 2354 1033 2407 orationibus
1080 2363 1225 2406 nocte
1257 2369 1317 2405 ac
1354 2352 1470 2416 die;
1515 2360 1674 2420 atque
1710 2351 1837 2405 illud

237 2445 382 2516 quod
410 2445 657 2513 sequitur
685 2445 864 2498 sobria
893 2445 1163 2516 vigilantia
1192 2443 1517 2498 devitaveris
1540 2484 1553 2508 ,
1587 2441 1713 2508 Quae
1743 2457 1840 2494 au-

238 2548 334 2590 tem
362 2538 416 2591 in
444 2537 631 2591 diliciis
660 2537 797 2608 agit,
819 2538 988 2590 vivens
1017 2546 1219 2590 mortua
1241 2546 1314 2591 est
1339 2539 1356 2608 (
1378 2535 1397 2589 l
1423 2535 1554 2589 Tim.
1578 2551 1631 2601 ν,
1662 2536 1717 2602 5,
1743 2532 1834 2608 6):

237 2631 416 2685 omnia
448 2632 536 2684 illa
565 2632 665 2685 tria
692 2632 828 2686 bona
850 2647 970 2702 qum
994 2631 1164 2685 Annre
1191 2628 1425 2695 fuerunt,
1459 2638 1516 2685 et
1535 2636 1624 2685 tua
1653 2638 1833 2685 erunt.

236 2720 355 2775 Tibi
383 2731 562 2775 autem
591 2730 718 2775 sunt
755 2730 811 2776 et
854 2721 968 2786 ﬁlii,
1006 2736 1141 2791 quos
1180 2718 1316 2775 forte
1341 2719 1431 2775 illa
1468 2734 1573 2774 non
1604 2718 1789 2775 habuit
1820 2735 1834 2773 :

238 2828 337 2867 nec
368 2812 490 2867 ideo
517 2812 779 2867 laudanda
812 2827 871 2868 es
892 2856 907 2878 ,
936 2813 1057 2884 quia
1094 2826 1189 2868 eos
1218 2810 1384 2869 habes
1404 2854 1420 2880 ,
1458 2811 1552 2868 sed
1592 2813 1713 2883 quia
1752 2812 1838 2881 pie

238 2903 439 2957 nutrire
467 2912 626 2973 atque
653 2902 884 2959 educare
912 2903 1116 2959 studes.
1144 2902 1213 2959 Ut
1241 2905 1386 2958 enim
1421 2903 1512 2959 tibi
1546 2916 1835 2957 nasceren-

236 3003 353 3062 tur,
385 2994 762 3063 fecunditatis;
791 3005 850 3051 ut
876 2998 1087 3060 vivant,
1114 2996 1382 3051 felicitatis
1408 3003 1490 3050 est
1524 3014 1537 3050 :
1566 3004 1624 3049 ut
1656 3003 1833 3049 autem

236 3090 315 3143 sic
344 3089 726 3154 instituantur,
750 3088 1041 3143 voluntatis
1081 3094 1137 3142 et
1176 3088 1474 3156 potestatis.
1518 3085 1574 3141 ln
1609 3087 1712 3141 illis
1738 3086 1835 3140 tibi

238 3180 484 3235 homines
512 3180 848 3250 gratulentur
870 3179 911 3246 ³,
938 3180 989 3232 in
1019 3179 1120 3233 hoc
1143 3187 1195 3232 te
1227 3179 1517 3233 imitentur.
1552 3179 1704 3232 Anna
1736 3192 1835 3247 per

239 3271 607 3340 propheticam
636 3270 658 3301 ⁵
694 3270 975 3325 scientiam
1004 3270 1251 3340 cognovit
1289 3270 1428 3340 apud
1468 3277 1692 3324 matrem
1722 3270 1832 3323 vir-

233 3362 411 3431 ginem
449 3361 758 3426 Christum;
805 3372 855 3415 te
896 3362 1197 3431 evangeliea
1229 3362 1397 3431 gratia
1444 3361 1567 3416 fecit
1610 3370 1833 3416 matrem

233 3454 455 3523 virginis
473 3452 695 3507 Christi.
723 3453 813 3507 illa
842 3454 1017 3523 itaque
1038 3462 1222 3508 sancta
1246 3454 1413 3524 virgo,
1440 3468 1597 3523 quam
1617 3452 1837 3508 Christo

233 3547 507 3601 volentem
538 3554 591 3600 et
620 3554 889 3615 petentem
925 3546 1211 3608 obtulistis,
1246 3545 1548 3600 vitlualibus
1569 3545 1700 3597 avia:
1724 3559 1837 3598 ma-

234 3642 437 3710 trisque
463 3639 671 3694 meritis
696 3639 895 3692 addidit
924 3638 1124 3707 aliquid
1154 3638 1221 3691 de
1248 3640 1438 3691 merito
1464 3637 1705 3708 virginali
1729 3637 1832 3707 (α).

233 3730 355 3786 Non
384 3731 529 3784 enim
552 3730 683 3784 nihil
712 3730 834 3783 inde
861 3729 1083 3793 habetis,
1111 3746 1229 3800 qua:
1260 3729 1397 3784 hanc
1428 3730 1635 3785 habetis
1665 3748 1677 3782 :
1707 3739 1760 3783 et
1782 3731 1833 3783 in

233 3822 323 3875 illa
350 3823 507 3885 estis,
537 3821 677 3891 quod
702 3822 751 3875 in
784 3820 936 3875 vobis
962 3836 1066 3874 non
1095 3822 1244 3875 estis.
1273 3821 1403 3874 Nam
1432 3832 1489 3875 ut
1515 3831 1699 3875 sancta
1724 3823 1833 3875 vir-

230 3912 432 3981 ginitas
454 3910 783 3966 adimeretur
806 3911 1131 3966 nubentibus
1160 3912 1331 3973 vobis,
1358 3912 1478 3966 ideo
1504 3913 1697 3967 factum
1730 3922 1831 3981 est,

233 4015 291 4059 ut
316 4015 635 4059 nasceretur
660 4020 721 4059 ex
755 4005 927 4058 vobis.

303 4096 537 4153 CAPUT
568 4097 681 4150 XV.
714 4128 785 4136 —
816 4098 902 4151 19.
939 4095 1185 4168 Epilogus
1207 4097 1544 4166 superiorum.
1572 4096 1698 4151 ιιςρο
1730 4097 1834 4151 ita-

230 4206 337 4261 quc
361 4190 432 4245 de
457 4190 665 4244 meritis
706 4189 932 4243 diversis
965 4190 1368 4259 conjugatarum
1396 4188 1834 4259 diversarumque

232 4282 517 4335 viduarum
543 4282 645 4335 hoc
673 4296 838 4349 opere
863 4296 966 4333 non
996 4281 1350 4349 disputarem,
1375 4281 1417 4334 si
1449 4281 1500 4335 id
1529 4281 1669 4351 quod
1692 4280 1756 4334 ad
1784 4290 1835 4337 te

231 4373 435 4437 scribo,
464 4372 556 4426 tibi
582 4371 947 4426 tantummodo
968 4372 1280 4426 scriberem.
1309 4372 1413 4443 Sed
1437 4371 1685 4441 quoniam
1709 4382 1833 4427 sunt

231 4467 480 4537 qutcdam
514 4466 569 4519 in
596 4465 696 4519 hoc
718 4481 916 4535 genere
942 4466 1207 4520 sermonis
1228 4465 1555 4519 difﬁcillima:
1576 4467 1833 4535 quzestio-

233 4573 354 4626 nes,
384 4556 588 4626 aliquid
617 4555 845 4626 amplius
870 4573 1028 4626 quam
1059 4556 1200 4626 quod
1231 4556 1296 4609 ad
1340 4567 1389 4610 tc
1418 4557 1631 4626 proprie
1668 4558 1833 4626 perti-

234 4662 347 4721 net,
379 4652 561 4707 dicere
592 4652 753 4715 volni,
786 4659 1005 4721 propter
1033 4650 1292 4720 quosdam
1319 4650 1407 4719 qui
1435 4650 1532 4703 sibi
1556 4649 1697 4703 docti
1728 4666 1832 4703 non

232 4744 505 4808 videntur,
537 4743 636 4797 nisi
662 4743 865 4796 alienos
897 4741 1110 4796 labores
1137 4758 1240 4795 non
1259 4741 1552 4811 judicando
1573 4751 1836 4797 conentur

231 4838 526 4900 discutere,
545 4837 638 4891 sed
663 4835 947 4891 lacerando
967 4834 1319 4889 conscindere
1343 4852 1355 4887 :
1381 4834 1575 4889 deinde
1598 4843 1654 4888 ut
1673 4835 1833 4890 etiam

232 4940 291 4983 tu
319 4930 434 4999 ipsa
464 4943 569 4983 non
593 4928 765 4982 solum
803 4941 987 4982 serves
1010 4926 1151 4997 quod
1184 4926 1404 4991 vovisti,
1434 4936 1489 4983 et
1514 4928 1565 4980 in
1592 4943 1657 4982 eo
1693 4928 1835 4982 bono

233 5021 516 5093 proﬁcias;
540 5026 731 5075 verunt
748 5021 906 5073 etiam
932 5018 1240 5089 diligentius
1263 5018 1572 5088 ﬁrmiusque
1597 5019 1831 5083 noveris,

233 5114 377 5169 idem
408 5114 609 5169 b0num
639 5120 787 5167 tuum
818 5128 920 5166 non
955 5128 983 5165 a
1016 5112 1157 5165 malo
1198 5113 1501 5181 nuptiarum
1544 5113 1831 5183 distingui,

233 5208 328 5261 sed
360 5207 505 5261 bono
546 5208 852 5275 nuptiarum
895 5206 1169 5275 anteponi.
1215 5206 1345 5260 Nam
1379 5208 1467 5277 qui
1499 5207 1833 5262 viduatarum

234 5302 557 5355 feminarum
605 5301 815 5370 nuptias
860 5300 1146 5365 damnant,
1195 5301 1404 5355 etiamsi
1449 5302 1832 5355 continentiam

300 5508 313 5537 ι
338 5512 383 5537 In
407 5512 494 5537 uec
560 5503 578 5537 ὅ

300 5508 313 5537 ι
336 5512 385 5554 to
407 5512 533 5561 Mss,
560 5503 775 5554 illarum.

298 5569 318 5633 ξ
343 5569 416 5616 sic
438 5570 654 5633 potiores
677 5573 783 5616 Mss.
820 5569 961 5633 juxta
988 5580 1221 5633 grtccum,
1238 5566 1434 5633 ‘élpiken
1451 5565 1535 5633 _ep't
1558 5567 1637 5618 ton
1661 5566 1833 5628 Theon,

238 5626 315 5699 hui
357 5626 648 5691 prosménei.
690 5638 746 5679 At
783 5626 935 5691 editi,
986 5626 1605 5694 Sperabitiu'bomitutm,
1644 5635 1690 5681 et
1722 5626 1833 5694 per;

283 5706 300 5731 τ
371 5728 382 5738 .

237 5699 448 5817 “gela
474 5752 771 5817 editiolov.,
796 5753 1119 5817 gratulantur.

300 5815 318 5846 ⁸
342 5816 489 5875 Editi,
528 5815 815 5878 prop/ualida:
848 5819 1011 5878 Aptius
1172 5854 1184 5877 ,
1226 5817 1568 5882 propheticum.

298 5900 370 5955 (τι)
403 5901 550 5961 virgo
574 5899 861 5961 Demetrias,
903 5903 1038 5961 cujus
1068 5902 1174 5948 avia
1213 5903 1360 5949 Proba
1396 5901 1633 5961 t‘altonia,
1682 5907 1835 5949 mater

237 5962 436 6011 Juliaua.
464 5959 543 6009 Mli
572 5959 802 6021 egistolas
821 5959 1063 6021 AliguStiui
1092 5962 1177 6012 :50
1203 5971 1251 6013 et
1282 5965 1365 6012 150

3452 485 3559 540 442

1954 600 2101 638 suam
2132 588 2413 641 multarum
2439 628 2451 649 .
2486 587 2676 657 quibus
2703 599 2758 646 tu
2784 594 2985 663 uteris,
3016 611 3197 651 rerum
3226 597 3548 657 abstinentia

1954 678 2266 734 mirabiliter
2291 689 2345 733 et
2371 682 2641 737 ferventer
2667 696 2989 753 exerceant,
3021 703 3125 742 non
3152 689 3273 745 ideo
3305 700 3355 747 te
3382 692 3547 747 sedu-

1950 779 2108 832 cant,
2144 780 2199 825 ut
2242 772 2443 826 sentias
2487 774 2628 843 quod
2678 776 2954 847 sentiunt,
2989 782 3195 837 etiamsi
3243 783 3545 841 facerenon

1954 862 2127 929 possis
2142 864 2281 932 quod
2302 865 2518 919 faciunt.
2542 864 2711 921 Nemo
2738 870 2880 924 enim
2903 872 3013 925 vult
3036 888 3155 928 esse
3175 875 3539 944 phreneticus,

1952 953 2162 1008 etiamsi
2197 956 2373 1010 videat
2410 957 2703 1026 phrenetici
2740 961 2881 1015 vires
2910 963 3112 1019 viribus
3142 982 3393 1021 sanorum
3423 984 3547 1027 esse

1952 1042 2226 1100 fortiores.
2283 1048 2556 1119 Prmeipue
2604 1052 2762 1121 igitur
2799 1053 3045 1109 doctrina
3086 1073 3211 1111 sana
3251 1060 3542 1118 bonitatem

1952 1138 2209 1205 proiiositi
2258 1150 2311 1194 et
2352 1152 2507 1197 ornet
2543 1152 2597 1198 et
2633 1146 2855 1201 muniat.
2900 1147 3028 1203 inde
3056 1158 3139 1203 est
3166 1154 3359 1221 quippe
3402 1157 3544 1223 quod

1951 1229 2228 1285 catholica:
2270 1232 2482 1288 femina:
2526 1236 2684 1290 etiam
2731 1240 2927 1306 smpius
2968 1252 3146 1311 nuptm
3172 1285 3185 1308 ,
3224 1260 3326 1298 non
3369 1248 3543 1302 solum

1952 1321 2173 1376 univiris
2202 1323 2378 1379 viduis
2400 1367 2413 1388 ,
2448 1326 2541 1380 sed
2572 1336 2626 1381 et
2653 1329 2947 1399 virginibus
2982 1332 3358 1390 lucretieorum
3399 1340 3545 1405 justo

1945 1411 2149 1481 judicio
2179 1416 2553 1485 praeferuntur.
2588 1421 2733 1474 Militi
2762 1433 2888 1477 sunt
2914 1412 3126 1494 quidem
3156 1428 3222 1482 de
3254 1429 3336 1482 his
3368 1434 3539 1486 tribus

1949 1504 2130 1571 rebus,
2157 1507 2410 1578 conjugii,
2438 1510 2709 1566 viduitatis
2734 1522 2790 1567 et
2820 1515 3155 1583 virginitatis,
3181 1520 3539 1588 qua-stionum

1948 1597 2119 1663 sinus,
2150 1599 2329 1653 multa:
2356 1602 2732 1670 perplexitates
2765 1622 2777 1658 :
2809 1606 3002 1674 quibus
3031 1607 3352 1678 disputando
3380 1627 3545 1680 pene-

1949 1688 2152 1743 trandis
2177 1690 2261 1745 vel
2288 1690 2642 1747 dissolvendis
2661 1736 2675 1761 ,
2706 1702 2763 1749 et
2790 1697 2993 1765 majore
3023 1714 3149 1752 cura
3182 1717 3318 1771 opus
3344 1711 3462 1770 est,
3488 1713 3545 1759 et

1948 1780 2249 1850 copiosiorc
2278 1798 2556 1850 sermone;
2598 1796 2656 1839 ut
2681 1788 2763 1841 vel
2797 1788 2848 1842 in
2878 1790 3126 1851 omnibus
3160 1794 3237 1847 eis
3272 1806 3419 1850 recte
3448 1810 3539 1850 sa-

1948 1872 2157 1941 piamus
2177 1916 2191 1938 ,
2220 1874 2305 1928 vel
2327 1876 2371 1929 si
2400 1877 2525 1946 quid
2564 1878 2720 1933 aliter
2753 1881 2991 1949 sapimus
3012 1924 3026 1949 ,
3063 1883 3112 1936 id
3144 1899 3355 1954 quoque
3387 1887 3543 1942 nobis

1948 1962 2091 2018 Deus
2128 1966 2345 2020 revelet.
2392 1966 2798 2033 Verumtamen,
2830 1972 2971 2042 quod
3000 1975 3160 2029 etiam
3204 1976 3309 2031 illic
3353 1994 3543 2034 conse-

1946 2068 2174 2125 quenter
2213 2058 2341 2111 dicit
2386 2061 2703 2127 Apostolus,
2733 2060 2798 2117 In
2824 2064 2959 2134 quod
2991 2070 3333 2136 pervenimus.
3379 2072 3433 2124 in
3473 2089 3531 2125 eo

1944 2148 2259 2203 ambulemus
2282 2151 2537 2222 (Philipp.
2567 2169 2643 2219 ut,
2676 2156 2763 2223 15,
2799 2157 2909 2226 16).
2942 2159 3289 2217 Pervenimus
3314 2173 3495 2219 autem
3517 2205 3534 2230 ,

1946 2239 2085 2308 quod
2118 2240 2183 2293 ad
2217 2241 2355 2296 hanc
2386 2260 2523 2312 rem,
2554 2245 2620 2300 de
2645 2264 2747 2317 qua
2776 2250 3065 2319 loquimur,
3089 2254 3297 2319 attinet,
3328 2265 3387 2309 ut
3412 2273 3543 2311 con-

1946 2332 2222 2411 tinentiam
2254 2336 2503 2406 conjugio
2527 2352 2920 2407 praeponamus,
2953 2354 3190 2398 sanctam
3223 2362 3349 2400 vero
3379 2348 3541 2417 virgi-

1944 2422 2165 2477 nitatem
2210 2426 2372 2479 ctiam
2425 2428 2770 2482 continentia:
2822 2431 3051 2498 viduali;
3105 2443 3159 2488 et
3216 2452 3283 2489 nc
3336 2437 3539 2506 aliquas

1944 2514 2179 2583 nuptias,
2219 2530 2337 2585 qua:
2368 2524 2544 2571 tamen
2577 2534 2683 2572 non
2709 2520 2968 2575 adulteria
2990 2564 3003 2589 ,
3035 2524 3129 2577 sed
3162 2527 3356 2594 nnptize
3380 2536 3534 2590 sunt,

1943 2608 2227 2677 Cujuslihet
2254 2610 2422 2664 nostri
2445 2620 2820 2668 nostrorumve
2843 2617 3100 2683 propositi
3131 2617 3284 2673 laude
3312 2617 3538 2675 damne-

1942 2715 2083 2755 mus.
2117 2700 2277 2755 Multa
2318 2702 2421 2755 alia
2457 2702 2525 2757 de
2566 2704 2680 2758 istis
2726 2705 2886 2760 rebus
2912 2706 3053 2761 dicta
3080 2717 3205 2763 sunt
3233 2724 3263 2762 a
3290 2710 3443 2763 nobis
3484 2711 3536 2764 in

1942 2794 2080 2849 libro
2105 2793 2173 2848 de
2200 2794 2350 2848 Bono
2377 2794 2653 2865 Conjugali
2673 2838 2687 2862 ,
2721 2807 2775 2851 et
2804 2798 2857 2852 in
2897 2799 3004 2852 alio
3041 2799 3178 2854 libro
3208 2802 3224 2833 ί
3247 2800 3313 2854 de
3343 2800 3537 2856 Sancta

1942 2884 2296 2957 Virginitate;
2347 2896 2402 2941 et
2454 2888 2505 2942 in
2565 2889 2924 2959 operc'quod
2971 2889 3230 2947 adversus
3280 2891 3535 2947 Faustum

1941 2976 2290 3033 Manicharum
2329 2988 2528 3049 quanto
2558 2982 2829 3049 potuimus
2858 2982 3039 3038 labore
3068 2986 3485 3054 conscripsimus
3520 3002 3535 3039 :

1946 3070 2198 3142 quoniam
2227 3072 2653 3127 Patriarcharum
2680 3083 2734 3129 et
2763 3075 3149 3144 Prophetarum
3170 3087 3318 3131 casta
3345 3079 3526 3145 conju-

1941 3161 2030 3233 gia
2057 3162 2457 3218 mordacissime
2490 3166 2932 3234 reprehendendo
2972 3169 3188 3238 scriptis
3216 3171 3328 3223 suis
3351 3212 3364 3235 ,
3399 3185 3536 3240 quo-

1941 3254 2187 3309 rumdam
2213 3254 2548 3310 indoctorum
2582 3258 2791 3313 animos
2820 3275 2849 3312 a
2879 3259 3003 3313 ﬁdei
3033 3261 3261 3315 sanitate
3286 3262 3535 3318 detorsit.

2011 3345 2237 3404 CAPUT
2268 3347 2405 3402 XVI.
2432 3379 2499 3387 —
2520 3350 2608 3404 20.
2633 3349 2763 3405 Pars
2785 3355 3015 3422 opusculi
3038 3355 3261 3407 secunda
3284 3357 3539 3423 pertinens

1942 3439 2009 3492 ad
2039 3440 2456 3493 exhortationem.
2490 3440 2863 3496 Continentium
2897 3461 3001 3498 esse
3037 3446 3226 3498 donum
3259 3445 3372 3499 Dei.
3405 3447 3537 3501 Pro-

1942 3532 2067 3587 inde
2097 3533 2347 3601 quoniam
2376 3533 2425 3586 in
2456 3534 2678 3587 exordio
2706 3534 2864 3603 hujus
2885 3537 3130 3604 Opuscnii
3156 3538 3263 3591 duo
3289 3538 3533 3607 quaedam

1941 3624 2243 3677 necessaria
2260 3626 3066 3695 proposueram,etexsequenda
3082 3628 3351 3698 pollicitus
3364 3645 3533 3693 eram;

1943 3728 2109 3766 unum
2136 3714 2277 3783 quod
2303 3714 2370 3768 ad
2396 3715 2693 3769 doctrinam
2716 3758 2729 3776 .
2758 3718 2985 3771 alterum
3018 3719 3159 3788 quod
3186 3720 3253 3773 ad
3284 3722 3537 3775 exhorta-

1943 3804 2141 3859 tionem
2176 3807 2439 3874 pertinet;
2473 3816 2525 3862 et
2556 3808 2715 3876 priori
2744 3810 2905 3879 parti,
2940 3822 2996 3863 ut
3028 3812 3193 3879 potui,
3223 3829 3323 3882 pro
3352 3829 3537 3868 susce-

1942 3904 2034 3963 pto
2070 3897 2281 3965 negotio
2310 3912 2413 3951 non
2440 3897 2582 3951 defui
2618 3915 2631 3951 :
2663 3899 2727 3952 ad
2758 3899 3187 3955 exhortationem
3222 3904 3495 3958 veniamus
3517 3946 3531 3969 ,

1943 3996 2001 4040 ut
2025 3987 2165 4056 quod
2203 3987 2402 4041 bonum
2436 3988 2723 4057 prudenter
2754 3991 2939 4056 scitur,
2973 3993 3134 4046 etiam
3165 3993 3415 4063 diligatur
3443 4012 3535 4050 ar-

1941 4077 2153 4132 denter.
2180 4077 2293 4144 Qua
2322 4078 2372 4133 in
2399 4095 2457 4133 rc
2483 4081 2627 4147 prius
2654 4080 2778 4135 illud
2808 4096 3019 4146 moneo,
3047 4093 3105 4137 ut
3126 4094 3534 4154 quantamcum-

1941 4185 2044 4240 que
2077 4171 2169 4225 tibi
2213 4171 2390 4225 inesse
2426 4173 2592 4226 sentis
2634 4173 2734 4242 pia:
2764 4175 3113 4231 continentire
3154 4177 3528 4243 dilectionem,

1940 4262 2204 4317 beneﬁcio
2235 4263 2324 4315 Dei
2358 4263 2581 4326 tribuas,
2613 4266 2767 4334 eique
2791 4267 2989 4335 gratias
3019 4283 3170 4337 agas,
3198 4270 3285 4339 qui
3324 4270 3392 4325 de
3414 4271 3536 4340 Spi-

1940 4355 2043 4409 ritu
2071 4369 2169 4407 suo
2194 4354 2285 4407 tibi
2320 4362 2523 4408 tantum
2562 4356 2780 4425 largitus
2809 4366 2911 4421 est,
2947 4367 3003 4412 ut
3028 4360 3146 4429 ejus
3176 4362 3227 4414 in
3254 4362 3415 4417 corde
3444 4373 3541 4417 tuo

1942 4449 2203 4504 cliaritatc
2231 4450 2443 4516 diﬁ'usa,
2469 4452 2628 4505 licita:
2657 4453 2732 4506 rei
2759 4453 3027 4507 licentiam
3052 4456 3145 4509 tibi
3170 4471 3321 4510 amor
3343 4458 3535 4512 melio-

1942 4544 2018 4597 ris
2040 4542 2165 4597 boni
2187 4543 2439 4597 auferret.
2471 4544 2694 4597 Donavit
2716 4544 2858 4598 enim
2883 4562 2948 4599 ne
2971 4547 3162 4601 liberet
3187 4548 3390 4603 nubere
3412 4564 3541 4603 cum

1941 4635 2147 4698 liceret,
2184 4642 2237 4688 ut
2258 4634 2367 4703 jam
2397 4652 2500 4688 non
2526 4636 2710 4689 liceret
2736 4637 2755 4666 ⁸
2784 4638 2993 4691 etiamsi
3018 4639 3242 4703 liberet;
3266 4650 3320 4694 et
3343 4656 3405 4694 ex
3434 4640 3551 4694 llOC'

1944 4727 2151 4782 ﬁrmius
2175 4743 2278 4781 non
2306 4728 2523 4791 liberet,
2558 4746 2623 4782 ne
2656 4728 2809 4783 ﬁeret
2836 4730 2977 4799 quod
3007 4747 3113 4785 non
3144 4732 3362 4799 liceret,
3393 4733 3537 4802 qliod

1942 4819 2137 4874 factum
2163 4834 2269 4872 non
2296 4830 2378 4873 est
2403 4820 2562 4873 etiam
2601 4835 2721 4874 cum
2758 4822 2941 4875 liceret
2970 4838 2983 4873 :
3009 4832 3325 4891 tantumque
3355 4838 3533 4877 mere-

1942 4914 2080 4969 reris
2114 4913 2269 4968 vidua
2297 4913 2495 4969 Christi
2521 4956 2535 4977 ,
2574 4922 2629 4969 ut
2661 4914 2820 4969 ﬁliam
2850 4930 3065 4985 quoque
3092 4916 3113 4947 ³
3139 4916 3347 4969 videres
3376 4915 3539 4986 virgi-

1943 5021 2067 5060 nem
2096 5005 2294 5059 Christi
2328 5024 2340 5058 :
2365 5004 2491 5058 dum
2516 5006 2659 5058 enim
2683 5014 2739 5060 tu
2762 5021 2885 5060 oras
2912 5007 3049 5061 sicut
3075 5007 3249 5069 Anna,
3284 5004 3420 5060 facta
3451 5019 3536 5063 est

1942 5097 2031 5153 illa
2061 5096 2204 5166 quod
2239 5097 2423 5150 Maria.
2473 5096 2596 5150 llaec
2640 5096 2779 5151 dona
2824 5097 2915 5151 Dei
2963 5112 3083 5151 esse
3121 5107 3322 5166 quanto
3364 5099 3543 5168 magis

1942 5188 2108 5249 nosti,
2141 5196 2290 5241 tanto
2343 5189 2510 5256 magis
2555 5203 2613 5243 es
2660 5188 2861 5243 eisdem
2891 5187 3043 5242 donis
3070 5188 3221 5243 beata
3253 5205 3265 5241 :
3300 5188 3408 5244 imo
3436 5191 3541 5245 alis

1944 5288 2027 5336 ter
2053 5294 2159 5333 non
2192 5294 2252 5333 es
2272 5319 2287 5344 ,
2318 5279 2418 5333 nisi
2450 5280 2593 5349 quod
2627 5279 2791 5335 habes
2819 5280 2966 5335 noris
2995 5296 3025 5335 a
3055 5295 3161 5350 quo
3188 5280 3406 5338 habeas.
3437 5286 3535 5338 At-
3590 5344 3601 5351 Α

1944 5373 2106 5428 tende
2149 5374 2290 5428 enim
2334 5374 2460 5443 quid
2510 5373 2576 5427 de
2627 5373 2726 5428 hac
2775 5391 2834 5428 re
2880 5375 3169 5444 Apostolus
3216 5376 3350 5431 dixit
3383 5396 3395 5431 :
3427 5376 3546 5431 Nos

1944 5476 2236 5520 autemnon
2266 5466 2499 5535 spiritum
2524 5466 2673 5535 hujus
2698 5466 2873 5518 mundi
2903 5469 3190 5535 accepimus
3212 5511 3226 5535 ,
3250 5470 3340 5523 sed
3368 5468 3542 5541 Spiri-

1946 5565 2049 5609 tum
2072 5556 2157 5628 qui
2178 5572 2238 5611 επ
2264 5554 2372 5608 Deo
2402 5563 2509 5619 est;
2549 5566 2603 5607 ut
2632 5556 2852 5609 sciamus
2878 5573 2990 5626 qua:
3016 5575 3049 5611 a
3077 5557 3184 5613 Deo
3211 5561 3398 5614 donata
3425 5569 3542 5615 sunt

2011 5713 2027 5782 ξ
2054 5712 2204 5760 Fditio
2228 5718 2301 5759 Er.
2324 5710 2425 5782 sola
2440 5712 2635 5782 omittit.
2658 5712 2852 5782 ιιριῖοηο
2872 5714 3125 5782 coniugali
3147 5723 3192 5768 et
3216 5716 3268 5767 in
3290 5716 3385 5767 alio
3401 5716 3543 5769 libro.

2008 5776 2028 5806 ²
2052 5782 2180 5827 Mss,
2206 5788 2317 5822 cum
2340 5772 2521 5833 liceret,
2540 5783 2585 5824 et
2605 5782 2653 5823 ut
2669 5775 2777 5835 jam
2800 5789 2893 5826 non
2920 5772 3099 5829 licervet.
3176 5828 3181 5831 .

2012 5837 2029 5866 ³
2050 5836 2385 5901 sie-plerique
2400 5844 2575 5901 “ssi-At
2596 5845 2726 5894 Lov.,
2744 5845 2970 5901 (uittaque
2988 5841 3263 5897 morereris.
3284 5851 3332 5891 ut
3349 5849 3391 5891 te
3412 5840 3545 5890 cxis-

1946 5903 2070 5970 teute
2095 5897 2248 5970 vidua
2270 5910 2287 5970 ς
2308 5898 2643 5970 hris_ti._/iliwh
2678 5897 3004 5970 quoque,'etc.
3035 5906 3240 5970 Vaticani
3271 5904 3398 5970 libri,
3426 5909 3474 5951 ut
3496 5909 3542 5952 ιε

1947 5958 2179 6031 existente
2206 5958 2349 6010 t'itlua
2365 5958 2559 6023 Cltrt'sti,
2584 5958 2714 6027 tiryo
2733 5958 2875 6012 etiam
2900 5962 3035 6026 ﬁeret
3052 5973 3134 6015 tua
3155 5963 3259 6027 [ilia
3283 5964 3475 6013 t‘hristz.
