3986 6546
524 492 624 550 £43

521 606 661 658 nobis
692 602 750 674 (l
778 602 893 656 Cor.
930 616 1003 662 ιι,
1030 595 1152 667 ιε).
1187 592 1331 648 Multi
1361 592 1557 662 quippe
1586 588 1784 644 habent
1812 587 1977 641 multa
2011 586 2107 640 Dei

520 696 657 748 dona
676 734 690 757 ,
714 702 768 746 et
796 688 1086 745 nesciendo
1113 702 1141 740 τι
1168 701 1275 756 quo
1315 683 1547 748 habent,
1580 681 1740 750 impia
1773 679 2003 733 vanitate
2027 676 2107 746 ja-

519 789 751 837 ctantur.
794 780 964 836 Nemo
1002 787 1086 833 est
1122 786 1299 831 autem
1330 775 1486 829 donis
1519 772 1611 826 Dei
1644 772 1867 833 beatus,
1897 770 1987 840 qui
2016 768 2112 822 do-

522 874 669 928 nanti
701 872 888 927 existit
915 872 1174 940 ingratus.
1208 867 1344 935 Quia
1372 874 1426 919 et
1451 863 1578 918 illud
1610 862 1751 931 quod
1790 862 1932 916 inter
1959 874 2110 915 sacra

520 965 776 1037 mysteria
799 979 893 1019 cor
916 964 1115 1017 habere
1142 975 1355 1016 sursum
1378 959 1651 1027 jubemur,
1687 956 1804 1025 ipso
1826 953 2113 1025 adjuvante

521 1059 577 1114 id
608 1059 876 1120 valemus,
908 1070 1013 1125 quo
1040 1055 1259 1124 jubenle
1284 1052 1636 1106 admonemur
1662 1065 1677 1103 :
1709 1057 1765 1103 et
1786 1047 1906 1102 ideo
1935 1047 2109 1117 sequi-

523 1159 630 1212 tur,
666 1157 725 1202 ut
751 1147 819 1202 de
844 1147 943 1201 hoc
977 1154 1122 1199 tanto
1152 1145 1294 1199 bono
1320 1157 1533 1197 sursum
1563 1140 1723 1194 levati
1757 1139 1971 1206 cordis,
2006 1153 2112 1193 non

525 1240 681 1294 nobis
703 1238 927 1309 gloriam
959 1237 1107 1307 quasi
1134 1244 1433 1289 nostrarum
1455 1233 1648 1287 virium
1676 1230 1993 1297 tribuamus,
2018 1229 2113 1284 sed

526 1329 754 1384 Domino
779 1330 887 1384 Deo
924 1338 1108 1383 nostro
1134 1326 1330 1397 gratias
1356 1340 1595 1396 agamus.
1626 1323 1737 1377 Hoc
1768 1323 1909 1377 enim
1938 1324 2115 1377 conti-

526 1437 633 1476 nuo
660 1435 1083 1483 commonemur,
1116 1420 1238 1489 quia
1271 1417 1373 1472 hoc
1401 1416 1618 1486 dignum
1645 1424 1765 1483 est,
1793 1413 1895 1469 hoc
1910 1414 2113 1489 justum

527 1521 629 1565 est.
674 1512 994 1567 Recordaris
1039 1514 1054 1544 ²
1098 1510 1214 1565 haec
1258 1509 1419 1565 verba
1464 1507 1605 1563 unde
1642 1508 1780 1575 sint,
1824 1508 1968 1563 intus
2011 1522 2114 1577 qua

528 1606 806 1660 sanctione
840 1615 893 1660 et
929 1615 1124 1675 quanta
1153 1604 1438 1659 sanctitate
1475 1601 1916 1657 commendentur
1951 1616 2114 1672 agno.

529 1696 656 1749 scis.
702 1696 847 1751 Tene
886 1696 1046 1765 igitur
1082 1704 1138 1751 et
1180 1695 1314 1749 habe
1355 1694 1494 1764 quod
1526 1692 1822 1763 accepisti,
1856 1702 1912 1749 et
1939 1692 2115 1747 datori

529 1788 729 1856 gratias
764 1803 880 1858 age.
916 1786 1168 1855 Quamvis
1192 1787 1334 1841 enim
1365 1786 1614 1855 accipere
1647 1794 1701 1839 et
1728 1784 1926 1839 habere
1964 1792 2114 1837 tuum

526 1879 616 1945 sit,
646 1880 696 1933 id
726 1890 900 1934 tamen
932 1878 1128 1939 habes,
1156 1878 1299 1948 quod
1325 1876 1576 1946 accepisti
1607 1893 1620 1929 :
1650 1876 1898 1945 quoniam
1925 1890 2113 1943 super-

526 1975 716 2041 bienti,
744 1982 798 2029 et
820 1989 882 2027 ex
913 1988 976 2026 eo
1006 1971 1145 2041 quod
1179 1970 1407 2026 habebat
1432 2011 1447 2035 ,
1488 1969 1638 2039 quasi
1668 1985 1696 2021 a
1725 1984 1783 2023 se
1812 1969 1925 2036 ipso
1953 1968 2115 2022 habe-

527 2075 628 2133 ret,
653 2065 812 2135 impie
836 2064 1084 2135 glorianti
1107 2062 1318 2117 Veritas
1342 2077 1436 2131 per
1459 2062 1773 2130 Apostolum
1801 2061 1949 2123 dicit,
1978 2060 2113 2125 Quid

526 2160 656 2211 enim
681 2158 829 2211 habes
855 2157 989 2227 quod
1008 2173 1109 2209 non
1136 2156 1372 2224 accepisti
1393 2155 1418 2208 ?
1440 2154 1501 2209 Si
1524 2164 1691 2208 autem
1713 2156 1968 2224 accepisti,
1991 2155 2113 2225 quid

526 2249 759 2319 gloriaris
784 2249 928 2318 quasi
953 2263 1052 2301 non
1080 2245 1329 2315 acceperis
1354 2245 1372 2315 (
1397 2244 1411 2296 Ι
1441 2243 1560 2299 Cor.
1592 2260 1666 2311 tv,
1700 2244 1792 2314 '7)?

595 2340 819 2396 CAPUT
865 2338 1023 2394 XVII.
1065 2368 1135 2379 —
1168 2340 1255 2392 2|.
1299 2337 1486 2392 Contra
1517 2337 1843 2408 Pelagianos,
1895 2338 2108 2393 liberum

522 2431 787 2484 arbitrium
817 2431 889 2484 sic
917 2430 1258 2500 defendentes,
1292 2439 1346 2482 ut
1372 2439 1547 2499 negent
1591 2429 1689 2483 Dei
1715 2432 1952 2501 gratiam.
1986 2430 2112 2484 llaec

525 2539 609 2578 me
650 2523 941 2578 admonere
987 2523 1313 2592 compellunt
1363 2523 1587 2577 cavendi
1640 2531 1800 2593 atque
1843 2524 2112 2580 devitandi

520 2615 871 2685 quorumdam
918 2615 1262 2681 sermonculi,
1310 2615 1398 2684 qui
1448 2630 1543 2683 per
1592 2630 1751 2670 aures
1793 2615 1860 2670 ad
1903 2615 2111 2671 animos

522 2708 811 2762 multorum
854 2723 1072 2777 serpere
1099 2716 1397 2776 coeperunt,
1426 2707 1566 2777 quod
1593 2723 1712 2762 cum
1756 2708 2004 2780 lacrymis
2028 2709 2112 2764 di-

518 2800 742 2855 cendum
764 2808 868 2865 est,
899 2800 1096 2855 inimici
1122 2802 1306 2870 gratiae
1329 2799 1545 2867 Christi,
1568 2816 1662 2870 per
1677 2816 1813 2871 quos
1830 2802 2107 2871 suadetur,

523 2899 580 2945 ut
605 2906 704 2946 nec
729 2892 901 2946 oratio
926 2892 1078 2946 nobis
1101 2891 1167 2946 ad
1199 2892 1481 2945 Dominum
1515 2892 1818 2947 necessaria
1847 2892 2106 2962 videatur,

521 2999 589 3038 ne
623 2985 881 3040 intremus
930 2985 983 3038 in
1026 2984 1395 3039 tentationem.
1437 2984 1527 3039 Sic
1556 2986 1697 3038 enim
1730 2996 1991 3041 conantur
2018 2987 2110 3043 de-

520 3076 736 3133 fendere
768 3077 996 3131 hominis
1023 3077 1247 3131 liberum
1275 3075 1575 3143 arbitrium,
1610 3086 1667 3130 ut
1693 3092 1758 3130 eo
1788 3078 1921 3144 solo,
1947 3078 2106 3135 etiam

522 3166 617 3223 Dei
655 3169 821 3238 gratia
851 3184 954 3221 non
976 3168 1165 3237 adjuti,
1192 3168 1483 3229 valeamus,
1514 3168 1653 3239 quod
1678 3169 1933 3226 divinitus
1954 3171 2110 3242 jube-

520 3268 624 3324 tur,
656 3259 897 3329 implere.
931 3264 1007 3313 Ac
1034 3275 1126 3330 per
1152 3259 1253 3314 hoc
1279 3259 1521 3330 sequitur
1541 3269 1598 3314 ut
1627 3259 1822 3315 frustra
1850 3262 2109 3320 Dominus

516 3348 733 3417 dixerit,
785 3347 1023 3421 Vigilate,
1080 3359 1127 3405 et
1170 3362 1338 3416 orate,
1371 3369 1433 3406 ne
1474 3352 1667 3407 intretis
1708 3354 2106 3410 intentationem

519 3441 732 3512 (Matth.
759 3458 907 3510 xxvi,
936 3443 1027 3513 Η)
1052 3452 1138 3499 :et
1164 3443 1358 3499 frustra
1382 3445 1618 3515 quotidie
1639 3446 1817 3516 inipsa
1843 3447 2107 3504 dominica

517 3532 761 3589 oratione
789 3534 1049 3597 dicamus.
1094 3535 1178 3590 Ne
1206 3553 1297 3590 nos
1326 3538 1517 3608 inferas
1544 3538 1598 3591 in
1640 3540 1961 3593 tentationem
1991 3540 2106 3611 (Id.

518 3640 592 3692 vt,
622 3624 732 3696 l5).
773 3625 830 3680 Si
859 3626 1001 3681 enim
1048 3636 1245 3683 nostra:
1290 3628 1657 3684 tantummodo
1701 3631 1978 3699 potestatis
2025 3642 2109 3687 est

519 3732 587 3773 ne
614 3717 906 3774 tentatione
928 3733 1263 3789 superemur,
1305 3719 1487 3789 utquid
1515 3734 1729 3775 oramus
1756 3736 1823 3776 ne
1850 3722 2107 3778 intremus
2140 3790 2143 3793 δ

519 3809 602 3866 vel
642 3810 930 3867 inferamur
955 3813 1005 3866 in
1035 3812 1198 3867 eam?
1242 3812 1521 3869 Faciamus
1549 3814 1727 3885 potius
1753 3814 1895 3884 quod
1937 3816 2104 3870 nostri

516 3911 600 3957 est
642 3900 792 3956 liberi
838 3902 1040 3957 arbitrii
1085 3912 1245 3975 atque
1272 3904 1681 3960 absolutissimae
1713 3906 2022 3975 potestatis;
2053 3916 2107 3961 et

515 3992 832 4048 irrideamus
878 3996 1194 4065 Apostolum
1241 3994 1529 4061 dicentem,
1575 3995 1770 4051 Fidelis
1814 3996 1971 4061 Deus,
2020 4000 2107 4068 qui

516 4102 616 4139 non
644 4101 731 4140 vos
757 4088 1005 4156 permittet
1031 4089 1212 4142 tentari
1239 4105 1392 4157 super
1420 4088 1474 4141 id
1500 4088 1635 4159 quod
1661 4091 1867 4160 potestis
1897 4091 1915 4163 (
1938 4091 1957 4146 Ι
1984 4090 2101 4147 Cor.

515 4192 569 4239 ιι,
604 4174 694 4244 15)
722 4194 735 4229 :
762 4184 818 4231 et
845 4177 1151 4232 resistamus
1179 4179 1227 4233 ei
1256 4179 1515 4245 dicentes,
1560 4179 1751 4251 thuid
1784 4190 1907 4252 peto
1943 4199 1971 4237 a
2001 4184 2107 4238 Do-

516 4266 683 4333 mino,
708 4266 848 4335 quod
868 4267 921 4321 in
944 4283 1061 4322 mea
1090 4270 1263 4339 posuit
1288 4279 1546 4338 potestate
1566 4271 1593 4325 ἳ
1626 4271 1733 4327 Sed
1758 4273 1897 4328 absit
1928 4282 1985 4328 ut
2005 4274 2107 4330 hoc

514 4358 708 4428 sapiat,
730 4358 817 4428 qui
840 4374 1026 4413 sanum
1053 4361 1208 4430 sapit.
1234 4361 1461 4417 Proinde
1485 4374 1725 4432 petamus
1747 4374 1803 4419 ut
1827 4365 1936 4430 det,
1964 4366 2105 4437 quod

515 4460 575 4503 ut
606 4450 895 4505 habeamus
929 4450 1097 4521 jubet.
1138 4452 1217 4506 Ad
1246 4453 1349 4508 hoc
1376 4455 1517 4509 enim
1546 4457 1687 4526 quod
1719 4457 1953 4511 nondum
2004 4458 2103 4513 ha-

514 4543 704 4599 bemus
718 4543 872 4613 jubet
892 4554 949 4599 ut
974 4546 1283 4611 habeamus,
1311 4560 1364 4602 ut
1384 4549 1670 4604 admoneat
1686 4551 1811 4621 quid
1840 4562 2102 4622 petamus;

511 4644 569 4693 et
591 4652 712 4692 cum
744 4652 841 4692 nos
867 4638 1005 4707 quod
1027 4638 1244 4708 jusserit
1269 4642 1309 4708 ³,
1340 4657 1497 4712 posse
1528 4642 1909 4712 invenerimus,
1940 4646 2103 4701 etiam

511 4727 617 4784 hoc
645 4728 785 4784 unde
808 4729 1167 4800 acceperimus
1190 4731 1584 4803 intelligamus;
1617 4750 1684 4789 ne
1705 4734 1873 4790 inﬂati
1900 4746 1954 4791 et
1979 4738 2105 4793 elati

512 4820 671 4891 hujus
692 4822 871 4876 mundi
896 4820 1106 4891 spiritu,
1122 4825 1424 4880 nesciamus
1445 4841 1563 4896 qua:
1578 4841 1609 4880 a
1629 4826 1741 4882 Deo
1764 4826 1958 4883 donata
1982 4839 2106 4885 sunt

511 4915 685 4972 nobis.
729 4915 959 4971 Proinde
997 4917 1275 4973 arbitrium
1307 4919 1595 4974 voluntatis
1622 4920 1869 4975 humana:
1902 4938 2103 4993 nequa-

509 5024 668 5077 quam
696 5007 1043 5075 destruimus,
1073 5011 1286 5081 quando
1308 5011 1400 5066 Dei
1429 5012 1653 5081 gratiam
1676 5026 1780 5081 qua
1806 5013 1977 5082 ipsum
2006 5014 2103 5069 ad-

508 5100 721 5169 juvatur
748 5104 1048 5167 arbitrium,
1082 5120 1187 5159 non
1211 5104 1460 5175 superbia
1483 5119 1738 5175 negamus
1760 5105 1984 5176 ingrata,
2009 5106 2104 5161 sed

510 5201 659 5261 grata
690 5195 865 5262 potius
912 5196 1110 5265 pietate
1153 5196 1527 5266 praedicamus.
1571 5196 1819 5251 Nostrum
1850 5199 1991 5253 enim
2021 5208 2105 5255 est

512 5283 652 5339 velle
680 5300 694 5351 ;
725 5286 817 5340 sed
846 5286 1090 5342 voluntas
1132 5288 1245 5359 ipsa
1274 5297 1330 5345 et
1373 5288 1689 5344 admonetur
1715 5296 1775 5343 ut
1820 5297 2021 5361 surgat,
2048 5301 2105 5346 et

576 5466 692 5533 "sic
728 5465 953 5533 plerique
984 5475 1183 5533 Mssrltt
1221 5469 1360 5533 editi,
1394 5468 1481 5533 hoc
1504 5468 1694 5533 justum
1724 5475 1795 5520 est
1827 5469 2099 5533 recordari.

508 5527 654 5594 Paulo
674 5527 782 5590 poSt
808 5527 1143 5594 Cisterciensis
1163 5530 1318 5594 codex
1348 5527 1404 5581 et
1426 5527 1672 5594 Florusad
1705 5533 1907 5594 primam
1930 5532 1987 5581 ad
2011 5540 2100 5581 Co-

506 5589 737 5655 rinthids,
756 5602 863 5655 cap.
896 5589 943 5655 2,
970 5591 1171 5655 habent,
1206 5591 1331 5641 inter
1364 5606 1486 5655 quas
1508 5589 1718 5644 actiones
1738 5599 1784 5642 et
1807 5607 1902 5655 qua
1923 5594 2101 5644 sancti-

505 5656 621 5702 tate.
639 5652 951 5722 gorbeiensis
965 5654 1340 5722 antiquissimus,
1355 5652 1477 5722 inter
1492 5668 1586 5718 qua
1600 5652 1843 5722 sanctione
1850 5662 1903 5722 _et
1920 5664 2102 5718 quanta

507 5713 775 5780 sanctitate.
817 5713 1024 5780 Vaticani
1064 5713 1170 5765 tres
1198 5728 1319 5780 cum_
1333 5713 1537 5771 totidem
1554 5716 1820 5780 Gallicanis,
1842 5713 1967 5766 inter
1989 5730 2101 5780 qua:

506 5777 660 5846 sancti
678 5787 848 5846 omnes
870 5779 916 5822 et
951 5784 1127 5846 quanta
1163 5775 1428 5827 sanctitate.
1470 5785 1609 5829 Forte
1657 5775 1938 5839 legendum,
1970 5775 2097 5829 unde

499 5845 611 5895 sint,
636 5845 683 5889 et
704 5851 803 5900 qua
825 5843 1083 5899 sanctione,
1106 5849 1205 5890 etc.

511 5961 516 5966 _
569 5903 588 5931 ³
609 5905 679 5970 sic
703 5898 895 5962 aliquot
917 5904 1020 5952 Mss.
1046 5898 1132 5954 Alii
1168 5914 1287 5953 vero
1309 5912 1419 5950 cum
1458 5898 1617 5962 editis,
1642 5908 1687 5953 et
1708 5901 1835 5965 quod
1867 5915 1949 5954 nos
1984 5916 2098 5953 cum

1762 476 1820 531 S.
1863 471 2226 531 AUGUSTINI
2267 473 2567 529 El‘ISCOPl

3711 477 3809 535 ιιι

2218 594 2437 641 satiatur
2478 597 2535 641 ut
2559 586 2749 649 valeat,
2784 595 2840 642 et
2863 586 3113 643 dilatatur
3140 598 3196 642 ut
3232 588 3425 659 capiat,
3458 601 3513 645 et
3560 590 3808 661 impletur

2216 689 2276 735 ut
2305 681 2512 735 haheat.
2553 679 2682 735 Nam
2714 682 2757 735 si
2786 695 2886 736 nos
2912 698 3016 735 non
3046 682 3322 748 vellemus,
3357 699 3457 738 nec
3484 700 3585 737 nos
3630 686 3808 754 utique

2216 776 2581 844 acciperemus
2601 789 2662 829 ea
2682 790 2800 844 qua:
2825 773 3041 841 dantur,
3064 789 3164 829 nec
3189 791 3289 830 nos
3308 776 3649 830 haberemus.
3680 778 3806 842 Quis

2216 868 2360 923 enim
2394 867 2615 921 haberet
2642 866 3044 931 continentiam,
3074 876 3129 921 ut
3157 867 3295 921 inter
3321 876 3515 921 ere-tera
3550 868 3646 922 Dei
3670 868 3808 923 dona

2216 958 2385 1029 ipsam
2418 959 2591 1027 potius
2622 959 2832 1027 loquar,
2873 957 2940 1011 de
2969 972 3071 1028 qua
3098 957 3162 1011 ad
3194 966 3244 1013 te
3276 960 3463 1028 loquor
3493 976 3507 1013 :
3542 960 3686 1028 quis,
3722 960 3809 1014 in-

2216 1063 2397 1118 quam,
2429 1047 2648 1104 haberet
2675 1048 3057 1104 continentiam
3086 1048 3189 1103 nisi
3219 1050 3444 1104 volens?
3472 1052 3596 1120 quia
3624 1060 3679 1105 et
3707 1066 3804 1105 ne-

2217 1154 2307 1193 mo
2334 1140 2598 1209 acciperet
2627 1139 2725 1194 nisi
2758 1142 2959 1194 volens.
3000 1140 3106 1195 Sed
3134 1156 3163 1195 a
3192 1157 3298 1212 quo
3326 1140 3504 1209 detur,
3538 1152 3593 1197 ut
3624 1157 3806 1199 nostra

2219 1232 2488 1286 voluntate
2511 1232 2678 1301 accipi
2722 1240 2776 1286 et
2815 1231 2995 1287 haberi
3026 1234 3214 1302 possit,
3257 1235 3301 1289 si
3329 1236 3545 1305 quaeris,
3587 1237 3805 1293 attende

2219 1324 2589 1394 St'ripturam;
2641 1325 2748 1380 imo
2796 1326 2919 1396 quia
2968 1326 3126 1391 nosd,
3176 1328 3352 1382 recole
3394 1328 3535 1398 quod
3583 1330 3804 1399 legisti:

2219 1414 2345 1470 Cum
2373 1417 2570 1480 scirem,
2611 1416 2798 1486 inquit,
2844 1417 2963 1485 quia
2993 1434 3137 1471 nemo
3177 1434 3283 1472 esse
3312 1429 3472 1487 potest
3501 1423 3766 1475 continens
3789 1463 3804 1487 ,

2219 1509 2315 1562 nisi
2347 1508 2482 1563 Deus
2511 1510 2613 1575 det,
2644 1520 2689 1563 et
2719 1512 2814 1564 hoc
2842 1510 3008 1580 ipsum
3036 1520 3142 1564 erat
3181 1512 3463 1579 sapientiae,
3503 1513 3633 1566 scire
3659 1514 3808 1586 cujus

2218 1610 2342 1654 esset
2374 1601 2466 1655 hoc
2493 1602 2681 1655 donum
2710 1602 2864 1672 (Sap.
2909 1619 3023 1669 vui,
3054 1602 3169 1674 21).
3211 1604 3395 1673 Magna
3426 1605 3523 1659 ista
3553 1616 3677 1660 sunt
3698 1606 3808 1660 duo

2219 1709 2459 1755 munera,
2507 1694 2765 1763 sapientia
2810 1703 2864 1748 et
2906 1695 3265 1759 continentia;
3298 1697 3555 1765 sapientia
3601 1699 3809 1754 scilicet

2217 1800 2319 1854 qua
2365 1786 2417 1839 in
2450 1785 2541 1841 Dei
2588 1785 2889 1856 cognitione
2943 1785 3255 1855 formantur,
3300 1789 3631 1843 continentia
3678 1806 3807 1844 vero

2216 1892 2318 1946 qua
2366 1875 2490 1931 huic
2541 1877 2737 1933 smculo
2784 1894 2892 1933 non
2952 1878 3367 1933 conformamur.
3420 1879 3583 1935 Jubet
3627 1889 3804 1936 autem

2218 1970 2371 2024 nobis
2402 1971 2539 2025 Deus
2564 1978 2624 2025 ut
2650 1980 2705 2026 et
2729 1971 2995 2041 sapientes
3022 1981 3076 2026 et
3103 1973 3441 2027 continentes
3464 1973 3653 2038 simus,
3684 1975 3802 2029 sine

2216 2060 2410 2129 quibus
2458 2061 2609 2117 bonis
2642 2060 2772 2132 justi
2824 2061 3150 2132 perfectique
3191 2077 3311 2117 esse
3339 2078 3445 2117 non
3496 2079 3800 2132 possumus.

2216 2151 2322 2208 Sed
2351 2168 2566 2207 oremus
2609 2162 2666 2207 ut
2709 2153 2801 2209 det
2845 2153 2984 2223 quod
3026 2153 3175 2223 jubet
3215 2154 3515 2223 adjuvando
3557 2164 3612 2209 et
3643 2156 3805 2225 inSpi-

2216 2246 2404 2311 rando,
2436 2247 2524 2315 qui
2569 2246 2900 2301 commonuit
2938 2245 3065 2315 quid
3114 2246 3249 2301 velle
3290 2246 3584 2303 debeamus
3613 2250 3802 2317 prteri-

2219 2336 2411 2405 piendo
2437 2347 2490 2391 et
2521 2335 2784 2391 vocando.
2815 2336 3078 2406 Quidquid
3108 2337 3230 2391 hinc
3256 2337 3403 2392 dedit
3434 2340 3473 2405 ¹,
3506 2348 3565 2392 ιιι
3586 2355 3803 2394 conser-

2216 2436 2302 2481 vet
2329 2442 2581 2491 oremus;
2613 2427 2752 2497 quod
2792 2435 2968 2482 autem
3000 2428 3235 2481 nondum
3264 2427 3430 2491 dedit,
3462 2438 3519 2483 ut
3562 2432 3806 2500 suppleat

2215 2534 2431 2575 oremus
2462 2537 2476 2572 :
2511 2530 2687 2574 tamen
2730 2535 2943 2575 oremus
2983 2528 3037 2575 et
3064 2520 3261 2590 gratias
3292 2536 3513 2591 agamus
3558 2521 3625 2576 de
3652 2538 3805 2578 acce-

2214 2614 2359 2685 ptis;
2401 2612 2623 2684 etquod
2666 2613 2902 2668 nondum
2932 2614 3255 2684 accepimus,
3300 2629 3366 2670 eo
3406 2615 3524 2684 ipso
3567 2617 3711 2687 quod
3738 2618 3805 2673 de

2213 2708 2448 2777 acceptis
2476 2708 2666 2779 ingrati
2696 2723 2801 2762 non
2831 2722 3035 2772 sumus,
3065 2722 3162 2761 nos
3185 2717 3503 2777 accepturos
3528 2723 3649 2763 esse
3678 2710 3805 2764 fida-

2213 2816 2354 2856 mus.
2385 2802 2483 2867 Qui
2505 2801 2648 2857 enim
2666 2800 2813 2857 dedit
2831 2800 3127 2871 conjugatis
3155 2800 3397 2856 fidelibus
3419 2808 3478 2855 ut
3496 2802 3805 2856 contineant

2212 2892 2282 2947 ab
2322 2893 2597 2949 adulteriis
2636 2900 2692 2948 et
2740 2892 3198 2959 fornicationibus,
3247 2893 3363 2962 ipse
3408 2893 3560 2949 dedit
3606 2896 3803 2950 sanctis

2212 2985 2504 3054 virginibus
2528 2995 2582 3040 et
2603 2984 2776 3041 viduis
2798 2994 2854 3039 ut
2876 2985 3184 3040 contineant
3206 2986 3273 3040 ab
3300 2986 3447 3040 omni
3474 2986 3800 3052 concubitu;

2215 3081 2397 3151 inqua
2447 3081 2640 3135 virtute
2676 3080 2785 3149 jam
2828 3080 3041 3149 proprie
3085 3079 3169 3134 vel
3200 3079 3477 3149 integritas
3519 3080 3607 3134 vel
3633 3081 3800 3135 conti-

2213 3172 2390 3227 nentia
2420 3172 2741 3226 nominatur.
2775 3172 2858 3225 An
2886 3170 3021 3226 forte
3046 3171 3113 3225 ab
3143 3170 3233 3225 illo
3255 3170 3468 3239 quidem
3496 3172 3800 3241 accepimus

2210 3264 2611 3327 continentiam,
2641 3264 2733 3317 sed
2761 3279 2788 3317 a
2816 3263 2972 3317 nobis
3000 3262 3256 3317 habemus
3278 3263 3643 3332 sapientiam?
3668 3263 3799 3332 Quid

2214 3364 2295 3409 est
2319 3371 2447 3425 ergo
2473 3355 2614 3425 quod
2641 3354 2872 3411 Jacobus
2901 3354 3177 3425 apostolus
3210 3354 3359 3420 dicit,
3391 3355 3453 3409 Si
3481 3357 3598 3425 quis
3639 3366 3802 3410 autem

2212 3457 2424 3500 vestrum
2449 3446 2637 3515 indiget
2663 3446 2933 3516 sapientia,
2967 3444 3180 3515 postulet
3205 3462 3237 3499 a
3256 3445 3381 3510 Deo,
3412 3447 3501 3516 qui
3525 3447 3615 3500 dat
3644 3448 3802 3501 omni-

2210 3538 2301 3592 bus
2337 3539 2612 3608 afﬂuenter,
2656 3547 2703 3592 et
2732 3556 2833 3593 non
2856 3539 3199 3610 improperat;
3230 3548 3275 3592 et
3317 3539 3519 3593 dabitur
3543 3539 3624 3593 illi
3670 3539 3801 3607 (Ja-

2211 3630 2320 3683 cobi
2364 3646 2400 3691 l,
2434 3629 2551 3698 5)?
2585 3629 2691 3685 Sed
2747 3630 2815 3684 de
2855 3629 2955 3685 hac
2990 3629 3305 3700 quasstione,
3351 3638 3406 3684 et
3448 3629 3503 3684 in
3544 3630 3670 3687 aliis
3694 3633 3799 3700 jam

2211 3723 2477 3791 opusculis
2525 3722 2744 3789 nostris,
2791 3731 3045 3792 quantum
3087 3720 3290 3791 adjuvit
3329 3722 3611 3789 Dominus,
3644 3725 3801 3778 multa

2210 3813 2475 3880 diximus;
2508 3822 2563 3869 et
2606 3814 2758 3879 alias,
2801 3822 3056 3884 quantum
3098 3828 3193 3883 per
3221 3812 3397 3883 ipsum
3422 3816 3798 3885 potuerimus,

2209 3905 2329 3961 data
2361 3907 2756 3976 Opportunitate
2797 3906 3055 3962 dicemus.

2280 3998 2505 4055 CAPUT
2545 3998 2728 4053 XV'lll.
2761 4030 2832 4039 —
2862 3998 2951 4052 22.
2993 3997 3375 4055 Exhortatianis
3424 3999 3555 4055 vires
3596 4016 3704 4056 esse
3747 4017 3803 4054 es

2208 4091 2393 4163 gratia.
2426 4090 2578 4145 Nunc
2607 4090 2729 4146 inde
2766 4089 2965 4161 aliquid
3008 4091 3127 4146 ideo
3154 4090 3333 4146 dicere
3376 4091 3543 4158 volui,
3587 4100 3801 4161 propter

2209 4182 2467 4253 quosdam
2499 4181 2688 4237 fratres
2726 4192 2935 4237 nostros
2966 4183 3318 4238 amicissimos
3346 4192 3401 4239 et
3424 4184 3801 4239 dilectissimus

2210 4276 2385 4342 nobis,
2432 4290 2531 4330 nec
2559 4277 2820 4330 malitiose
2847 4275 3062 4346 quidem
3094 4276 3263 4331 errori
3311 4274 3434 4330 huic
3475 4276 3796 4347 implicatos,

2210 4368 2304 4423 sed
2334 4367 2631 4437 implicatos
2668 4378 2875 4431 tamen;
2910 4368 2998 4437 qui
3025 4376 3213 4436 putant
3236 4383 3357 4422 cum
3383 4368 3594 4437 aliquos
3632 4368 3700 4422 ad
3722 4368 3804 4437 jn-

2209 4461 2405 4514 stitiam
2429 4461 2784 4529 pietatemque
2807 4459 3175 4523 exhortantur,
3203 4460 3343 4513 vires
3370 4475 3477 4513 non
3499 4459 3799 4514 habituram

2209 4552 2630 4606 exhortationem
2674 4566 2847 4617 suam,
2894 4551 2993 4604 nisi
3022 4558 3189 4605 totum
3220 4550 3369 4618 illud,
3398 4550 3543 4621 quod
3589 4558 3648 4605 ut
3689 4558 3804 4621 agat

2212 4643 2391 4707 homo,
2440 4651 2603 4713 agunt
2648 4658 2769 4697 cum
2816 4642 3050 4709 homine,
3100 4642 3151 4696 in
3200 4642 3433 4697 hominis
3477 4643 3803 4698 constituant

2209 4743 2492 4804 potestate,
2525 4749 2631 4788 non
2660 4734 2836 4803 adjuta
2880 4731 2975 4788 Dei
3005 4748 3247 4799 munere,
3288 4731 3383 4788 sed
3418 4731 3537 4787 solo
3580 4733 3802 4787 arbitrio

2210 4827 2393 4883 liberre
2422 4826 2709 4882 voluntatis
2752 4835 2962 4881 exserta
2994 4840 3009 4877 :
3040 4826 3192 4896 quasi
3222 4825 3539 4895 possit-esse
3568 4824 3639 4880 ad
3680 4841 3801 4895 per-

2211 4920 2493 4976 ficiendum
2540 4936 2674 4991 opus
2700 4920 2899 4975 bonum
2926 4920 3173 4975 voluntas
3200 4917 3389 4983 libera,
3422 4918 3524 4973 nisi
3555 4919 3651 4975 Det
3684 4934 3799 4974 mu-

2209 5030 2339 5070 nere
2380 5014 2622 5070 liberata.
2667 5011 2777 5068 Nec
2800 5012 3083 5067 attendunt
3112 5011 3339 5080 idipsum
3376 5010 3539 5065 etiam
3570 5025 3632 5066 se
3663 5012 3803 5079 ipsos

2212 5104 2306 5160 Dei
2338 5105 2481 5159 dono
2530 5105 2749 5169 habere,
2781 5102 2923 5173 quod
2962 5118 3024 5159 ea
3064 5101 3314 5157 facultate
3338 5100 3714 5164 exhortantur,
3746 5110 3802 5156 ut

2209 5196 2276 5251 ad
2319 5196 2701 5265 capessendam
2746 5196 2908 5249 vitam
2955 5195 3149 5249 bonam
3196 5193 3471 5249 hominum
3500 5194 3802 5249 voluntates

2209 5289 2387 5359 pigras
2408 5288 2665 5355 excitent,
2694 5287 2993 5343 accendant
3017 5285 3258 5359 frigidas,
3287 5288 3559 5357 corrigant
3586 5301 3797 5358 pravas,

2206 5397 2422 5438 aversas
2449 5390 2793 5447 convertant,
2818 5390 3176 5452 repugnantes
3200 5380 3499 5450 pacificent.
3541 5379 3634 5436 Sic
3656 5380 3795 5436 enim

2208 5478 2477 5545 possunt'
2506 5476 2829 5547 persuadere
2870 5475 3013 5547 quod
3054 5475 3300 5530 suadent.
3342 5475 3449 5529 Aut
3492 5475 3537 5529 si
3586 5474 3702 5529 haec
3747 5475 3797 5527 in

2207 5567 2567 5623 voluntatibus
2590 5569 2862 5623 hominum
2889 5583 2993 5623 non
3024 5574 3203 5638 agunt,
3234 5565 3359 5634 quid
3382 5566 3587 5636 agunt?
3616 5565 3795 5636 utquid

2207 5660 2535 5732 loquuntur?
2566 5660 2844 5715 Dimittant
2876 5674 2967 5716 eas
2996 5659 3171 5729 potius
3196 5657 3417 5712 arbitrio
3447 5672 3567 5713 suo.
3611 5657 3669 5714 Si
3702 5672 3795 5712 au-

2273 5777 2288 5808 ι
2320 5783 2384 5827 Ita
2415 5784 2520 5825 Mss.
2550 5782 2604 5826 Αι
2628 5776 2765 5838 editi,
2797 5773 2877 5827 hic
2915 5773 3067 5826 dedit.
3107 5780 3160 5824 Et
3191 5771 3332 5833 inin,
3374 5779 3425 5824 ut
3470 5772 3668 5839 expleat
3697 5784 3797 5823 ors-

2207 5853 2433 6012 "fgstil-zr‘l'hi
2453 5900 2530 6013 :tsi
2551 5900 2677 5970 enim
2689 5914 2780 5953 non
2802 5906 3009 5967 possunt.
3030 5900 3314 5963 Abestﬂons
3338 5911 3366 5950 ³
3387 5907 3492 5950 M85-
3510 5900 3596 5964 ιιυί
3612 5906 3662 5950 οι
3676 5898 3792 5957 ¹⁰⁰⁰ο

2207 5978 2248 6014 si
2271 6004 2279 6014 .
2341 5996 2353 6012 .
2406 5977 2465 6012 en
2495 5997 2507 6014 .
2527 5976 2613 6014 sic.

2207 5978 2248 6014 si
2267 6004 2279 6025 ,
2308 5977 2507 6023 nant-nt,
2527 5977 2613 6014 sic.
