4048 6526
229 458 336 516 αδ

230 587 336 633 tem
364 577 421 631 in
449 574 529 631 eis
552 573 672 631 haec
697 582 883 646 agunt,
919 575 1060 630 itane
1090 574 1300 629 tandem
1334 575 1495 631 homo
1518 578 1568 631 in
1598 576 1831 631 hominis

226 671 505 727 voluntate
533 678 676 724 tanta
701 670 809 740 agit
852 667 1143 739 loquendo,
1173 676 1227 723 et
1271 669 1409 723 Deus
1454 670 1562 723 illic
1591 686 1694 723 non
1726 669 1835 739 agit

224 763 429 832 aliquid
460 760 803 832 adjuvando?
834 760 945 816 lmo
974 775 1123 826 vero,
1151 761 1486 831 quantalibet
1525 760 1686 816 homo
1712 775 1828 815 ser-

226 854 403 909 monis
432 854 685 909 facultate
728 853 1058 922 przepolleat,
1103 860 1162 906 ut
1189 852 1407 906 solertia
1432 850 1738 921 disputandi
1778 860 1834 906 et

225 948 493 1000 suavitate
518 945 733 1001 dicendi
761 947 814 1001 in
840 944 1072 1001 heminis
1099 946 1371 1001 voluntate
1402 948 1601 1002 inserat
1627 947 1827 1001 verita-

226 1047 355 1104 tem,
386 1038 589 1093 nutriat
616 1037 952 1103 charitatem,
986 1038 1230 1094 docendo
1258 1039 1407 1093 tollat
1436 1054 1699 1109 errorem,
1735 1054 1828 1094 ex-

224 1129 495 1184 hortando
535 1137 809 1199 torporem
842 1147 857 1184 :
888 1127 1063 1200 Neque
1105 1130 1191 1201 qui
1231 1130 1428 1199 plantat
1472 1140 1544 1184 est
1591 1130 1824 1196 aliquid,

224 1238 383 1293 neque
411 1222 502 1292 qui
528 1222 698 1293 rigat;
724 1221 814 1277 sed
838 1222 923 1293 qui
953 1222 1310 1277 incrementum
1336 1222 1423 1275 dat
1456 1221 1589 1276 Deus
1617 1220 1674 1295 (Ι
1702 1221 1821 1277 Cor.

225 1330 304 1381 ιιι,
348 1313 444 1385 7).
486 1313 706 1370 Frustra
755 1316 951 1386 quippe
998 1316 1276 1387 operarius
1321 1317 1498 1370 omnia
1544 1316 1826 1371 moliretur

222 1407 581 1473 extrinsecus,
614 1408 716 1463 nisi
751 1407 971 1463 Creator
1016 1408 1337 1464 intrinsecus
1366 1409 1597 1464 latenter
1634 1424 1703 1480 op
1724 1426 1826 1464 ira-

222 1510 395 1557 retur.
436 1499 607 1571 Spero
633 1516 763 1572 ergo
792 1500 889 1556 has
914 1502 1119 1556 litteras
1145 1516 1292 1556 meas
1321 1502 1514 1557 merito
1540 1500 1822 1556 Excellen-

223 1594 311 1647 tise
335 1602 531 1647 vestra:
555 1592 662 1647 cito
688 1593 740 1646 in
771 1608 961 1647 manus
990 1593 1149 1648 etiam
1181 1592 1363 1647 talium
1391 1608 1512 1648 esse
1538 1602 1819 1648 venturas:

221 1681 343 1737 ideo
374 1681 629 1736 nonnulla
681 1681 805 1737 hinc
852 1681 1075 1737 dicenda
1118 1682 1406 1737 arbitratus
1437 1697 1576 1736 sum.
1619 1681 1822 1737 Deinde

220 1782 279 1829 ut
304 1784 357 1828 tu
387 1774 501 1844 ipsa
525 1782 579 1828 et
608 1789 957 1844 qumcumquc
986 1774 1104 1827 alia:
1133 1772 1305 1828 vidua:
1334 1774 1430 1827 ista
1456 1772 1701 1842 legerint,
1736 1773 1820 1827 vel

219 1880 340 1920 cum
367 1865 620 1936 leguntur
662 1864 948 1928 audierint,
983 1864 1237 1939 noveritis
1263 1878 1358 1917 vos
1394 1862 1459 1917 ad
1489 1862 1819 1933 diligendum

219 1966 273 2010 et
310 1955 619 2011 habendum
650 1955 995 2011 continentire
1024 1955 1222 2009 bonum
1259 1953 1379 2024 plus
1410 1954 1669 2024 proﬁcere
1699 1969 1821 2007 ora-

219 2048 455 2103 tionibus
487 2046 699 2111 vestris,
731 2061 889 2116 quam
918 2045 1379 2101 exhortationibus
1416 2044 1613 2100 nostris
1644 2062 1658 2098 :
1685 2060 1821 2113 quo-

218 2140 359 2193 niam
408 2138 454 2192 si
503 2136 628 2208 quid
658 2153 753 2192 vos
778 2137 1012 2208 adjuvat,
1044 2136 1191 2207 quod
1239 2137 1388 2191 vobis
1424 2136 1586 2191 etiam
1634 2145 1819 2190 nostra

219 2231 594 2284 ministrantur
617 2228 868 2298 alloquia,
901 2238 1066 2283 totum
1099 2229 1238 2283 illius
1262 2226 1449 2298 gratia:
1477 2226 1816 2281 tribuendum

218 2332 317 2383 est.
356 2322 411 2375 in
445 2322 591 2391 cujus
616 2336 768 2374 manu
789 2330 922 2385 sunt,
955 2321 1094 2375 sicut
1125 2319 1383 2390 scriptum
1410 2326 1511 2386 est,
1559 2328 1607 2372 et
1655 2334 1746 2372 nos
1770 2326 1818 2371 et

216 2431 469 2470 sermones
497 2413 653 2467 nostri
681 2412 836 2484 (Sap.
867 2429 958 2477 vu,
989 2412 1099 2479 16).

282 2504 515 2562 CAPUT
569 2504 715 2561 XIX.
739 2534 808 2544 -—-
834 2504 923 2559 25.
964 2502 1284 2559 Exhortatur
1324 2502 1394 2556 ad
1421 2502 1679 2556 viduitatis
1720 2501 1813 2555 bo-

214 2618 354 2655 num.
402 2598 469 2655 Ut
501 2608 605 2652 tota
629 2598 837 2652 intentio
863 2597 1089 2652 Juliana:
1126 2596 1291 2651 viduae
1318 2597 1382 2650 sit
1405 2595 1475 2649 ad
1512 2594 1816 2665 placendum

216 2692 341 2747 Deo.
389 2690 727 2745 Demetriadis
773 2690 980 2761 virginis
1010 2690 1231 2760 aviwque
1258 2688 1439 2759 ipsius,
1483 2686 1691 2757 perinde
1734 2695 1816 2739 at-

212 2802 307 2853 que
345 2784 548 2849 matris,
572 2782 678 2837 vult
708 2798 814 2837 esse
854 2798 1011 2835 unum
1050 2780 1274 2835 studium
1316 2778 1421 2833 Deo
1465 2777 1718 2849 placendi.
1757 2775 1814 2833 Si

212 2892 342 2948 ergo
373 2875 614 2930 nondum
656 2876 768 2930 Deo
801 2873 1039 2929 vovisses
1067 2870 1454 2927 continentiam
1498 2869 1765 2924 vidualem
1794 2910 1811 2936 ,

212 2969 630 3023 exhortaremur
669 2964 909 3036 profecto
958 2972 1014 3018 ut
1060 2978 1287 3018 voveres
1314 2980 1329 3017 :
1358 2962 1482 3033 quia
1528 2977 1655 3016 vero
1701 2961 1812 3032 jam

213 3059 425 3125 vovisti,
456 3059 807 3114 exhortamur
844 3065 903 3111 ut
931 3070 1262 3127 perseveres.
1303 3053 1450 3109 Talia
1473 3052 1601 3109 mihi
1635 3063 1813 3108 tamen

210 3150 369 3207 video
394 3164 517 3206 esse
560 3147 808 3215 dicenda,
837 3147 1029 3219 quibus
1060 3161 1179 3201 eam
1222 3144 1449 3215 diligant
1472 3152 1527 3200 et
1553 3145 1814 3214 arripiant

209 3254 264 3299 et
290 3259 415 3314 qua:
438 3241 613 3297 adhuc
654 3242 858 3297 nubere
883 3238 1206 3310 cogitabant.
1248 3238 1446 3292 Aurem
1477 3237 1639 3308 igitur
1661 3237 1814 3293 incli-

209 3350 404 3391 nemus
432 3333 694 3405 Apostolo
729 3350 743 3387 :
775 3331 901 3400 Qua:
926 3331 1141 3401 innupta
1164 3338 1256 3397 est,
1282 3329 1473 3400 inquit,
1494 3329 1709 3384 sollicita
1732 3337 1807 3383 est

208 3444 268 3483 ca
295 3443 414 3496 quia
436 3436 555 3482 sunt
581 3424 813 3492 Domini,
840 3433 896 3478 ut
916 3423 980 3477 sit
1004 3431 1178 3477 sancta
1203 3429 1249 3477 et
1276 3437 1486 3491 corpore
1519 3430 1567 3474 et
1590 3420 1815 3490 spiritu;

206 3535 321 3591 qua:
340 3528 513 3574 autem
540 3526 705 3588 nupta
725 3525 818 3584 est,
840 3516 1058 3571 sollicita
1079 3523 1150 3569 cst
1176 3529 1289 3584 qua:
1309 3523 1428 3567 sunt
1455 3514 1650 3579 mundi,
1681 3529 1813 3583 qua-

209 3614 364 3666 modo
392 3612 593 3681 placeat
620 3611 726 3665 viro
752 3607 810 3683 (Ι
838 3609 957 3664 Cor.
1005 3624 1100 3675 vtl,
1132 3608 1247 3677 34).
1290 3606 1403 3662 Non
1444 3608 1539 3674 ait,
1572 3607 1811 3663 Sollicita

208 3713 293 3759 est
319 3719 385 3760 ea
412 3718 535 3775 qua:
564 3711 691 3758 sunt
726 3702 928 3769 mundi,
964 3712 1021 3756 ut
1049 3709 1233 3756 sancta
1263 3716 1368 3755 non
1400 3702 1470 3755 sit
1497 3720 1510 3756 :
1539 3701 1634 3756 sed
1664 3712 1813 3758 certe

210 3794 391 3849 minor
415 3802 500 3848 est
541 3808 605 3849 ea
631 3793 927 3864 conjugalis
952 3792 1206 3847 sanctitas
1228 3794 1269 3860 ¹,
1297 3808 1363 3848 ex
1389 3807 1452 3847 ea
1481 3801 1631 3861 parte
1657 3807 1814 3847 cura-

208 3903 333 3943 rum
360 3902 467 3958 qua
494 3885 766 3941 mundana
806 3885 1071 3956 cogitatur
1099 3886 1366 3955 voluptas.
1408 3884 1673 3956 Quidquid
1708 3884 1812 3939 ita-

208 3995 314 4050 que
346 3978 665 4034 iutentionis
692 3977 856 4032 animi
883 3977 1046 4033 etiam
1077 3976 1161 4032 his
1204 3976 1365 4032 rebus
1410 3975 1813 4046 impenderetur

207 4069 406 4140 quibus
435 4067 754 4139 placendum
779 4076 923 4123 esset
946 4068 1084 4133 viro,
1112 4066 1365 4139 colligere
1391 4067 1624 4138 quodam
1650 4068 1812 4123 modo

207 4170 264 4217 et
291 4160 541 4233 redigere
567 4159 725 4216 debet
753 4160 975 4231 innupta
1004 4160 1296 4215 christiana
1328 4160 1380 4214 in
1412 4175 1529 4215 eam
1559 4160 1816 4216 intentio-

208 4271 335 4310 nem
364 4270 472 4325 qua
514 4248 833 4323 placendum
876 4262 961 4309 est
1002 4252 1251 4308 Domino.
1296 4254 1359 4307 Et
1387 4252 1509 4309 vide
1537 4254 1557 4285 ⁹
1584 4255 1666 4308 cui
1698 4254 1813 4325 pla-

208 4354 353 4410 ceat,
380 4360 502 4416 qua:
525 4344 753 4401 Domino
779 4343 952 4415 placet
982 4362 996 4400 :
1023 4352 1078 4400 et
1104 4334 1284 4415 utique
1306 4353 1455 4399 tanto
1476 4353 1562 4400 est
1586 4344 1809 4411 beatior,

209 4448 415 4509 quanto
455 4438 577 4508 plus
605 4437 783 4509 placet
825 4437 904 4505 ei;
944 4446 1147 4508 quanto
1192 4446 1371 4492 autem
1419 4438 1588 4508 magis
1615 4439 1814 4508 cogitat

210 4546 271 4586 ea
301 4545 425 4601 qua:
455 4538 581 4584 sunt
624 4527 828 4594 mundi,
858 4536 1007 4583 tanto
1042 4528 1218 4583 minus
1248 4529 1441 4598 placet.
1474 4528 1686 4585 Placete
1713 4530 1812 4585 ita-

210 4639 313 4693 que
338 4629 451 4677 tota
479 4621 774 4677 intentione
794 4622 1037 4693 specioso
1056 4620 1223 4676 forma
1242 4638 1353 4692 prce
1376 4622 1498 4677 ﬁliis
1516 4623 1809 4679 hominum.

211 4714 342 4784 Ejus
364 4714 510 4770 enim
538 4714 703 4784 gratia
733 4713 804 4768 illi
835 4714 1076 4785 placetis,
1103 4730 1222 4784 qua:
1250 4714 1439 4770 diffusa
1467 4726 1551 4771 est
1576 4717 1626 4771 in
1660 4718 1813 4773 labiis

211 4806 347 4875 ejus.
390 4804 609 4861 Placete
650 4804 722 4858 illi
753 4820 814 4859 ea
852 4819 1067 4875 quoque
1112 4814 1260 4875 parte
1302 4806 1659 4876 cogitationis,
1693 4823 1813 4878 qure

211 4906 568 4967 occuparetur
615 4894 835 4958 mundo,
886 4905 944 4950 ut
987 4896 1290 4967 placcretur
1320 4900 1454 4951 viro.
1496 4897 1707 4953 Placete
1738 4898 1812 4952 illi

209 4990 297 5059 qui
327 4987 605 5059 displicuit
632 4987 852 5053 mundo,
884 4996 941 5043 ut
971 4988 1244 5059 placentes
1283 4988 1333 5044 ei
1364 4989 1720 5045 liberarentur
1746 5005 1811 5046 ex

211 5082 631 5139 mundo.’llunc
658 5080 800 5137 enim
846 5082 1148 5152 speciosum
1196 5081 1367 5137 forma
1410 5099 1519 5153 prae
1549 5082 1672 5138 ﬁliis
1719 5084 1813 5139 ho-

210 5178 419 5233 minum
446 5174 694 5230 viderunt
734 5173 979 5231 homines
1005 5174 1058 5230 in
1099 5190 1259 5231 cruce
1283 5177 1587 5247 passionis;
1620 5187 1675 5233 et
1712 5194 1815 5234 non

210 5271 386 5325 habuit
412 5270 631 5342 speciem
671 5286 829 5339 neque
852 5268 1106 5337 decorem,
1148 5269 1238 5324 sed
1266 5271 1421 5341 facies
1446 5273 1554 5342 ejus
1578 5272 1771 5342 abjecta
1795 5315 1810 5339 ,

208 5374 253 5418 et
280 5362 531 5434 deformis
562 5361 745 5431 positio
782 5361 892 5431 ejus
924 5358 1076 5431 (Isai.
1106 5375 1222 5429 LIII,
1263 5361 1341 5433 5).
1385 5362 1465 5417 Ex
1494 5364 1594 5418 hac
1636 5372 1813 5419 tamen

209 5454 556 5511 deformitate
582 5452 957 5523 Redemptoris
982 5455 1167 5520 vestri,
1196 5454 1433 5510 manavit
1456 5456 1687 5524 pretium
1715 5457 1813 5513 de-

211 5548 355 5603 coris
382 5547 573 5613 vestri,
618 5546 711 5602 sed
740 5545 952 5602 decoris
980 5547 1269 5604 interioris.
1311 5548 1490 5603 Omnis
1518 5550 1660 5605 enim
1692 5551 1814 5621 put-

213 5638 451 5694 chritudo
471 5639 600 5709 ﬁliae
623 5638 755 5709 regis
774 5638 1073 5695 intrinsecus
1097 5638 1271 5712 (Psat.
1304 5656 1449 5705 κων,
1479 5640 1534 5710 3,
1562 5639 1673 5715 Η).
1706 5641 1817 5698 Hac

278 5794 293 5825 ί
320 5801 507 5865 omnes
530 5802 685 5855 prope
704 5798 809 5840 Mss.
829 5796 882 5841 et
903 5789 1084 5854 Florus,
1127 5792 1212 5846 sed
1236 5800 1363 5846 certe
1386 5792 1543 5847 minor
1566 5798 1635 5846 est
1654 5792 1818 5847 divina

190 5861 1030 5972 -Ἥῖέωιὰιωοᾱίιῂαυὶάωι,

1342 459 1433 516 DE
1474 459 1654 518 BONO
1693 457 2091 521 VIDUITATIS
2128 465 2359 529 LIBER.

3435 474 3541 531 μϐ

1943 580 2335 647 pulchritudine
2364 585 2438 639 illi
2487 586 2690 654 placete
2716 606 2729 653 ;
2760 588 2895 643 hanc
2939 590 3389 659 pulchritudinem
3418 604 3523 649 stu-

1938 671 2089 726 diosa
2135 690 2261 730 cura
2312 686 2367 731 et
2410 678 2636 733 sollicita
2687 681 3009 749 cogitatione
3054 685 3378 754 componite.
3420 684 3537 739 Non

1934 772 2082 818 amat
2104 764 2194 820 ille
2223 765 2551 822 fallaciarum
2583 768 2731 823 fucos
2767 788 2780 824 :
2811 772 2951 825 veris
2982 774 3177 828 veritas
3205 773 3534 839 delectatur;

1936 864 1991 910 et
2017 856 2128 924 ille,
2156 859 2201 912 si
2229 860 2370 930 quod
2400 861 2573 931 legisti
2619 863 2887 932 agnoscis,
2919 866 3115 920 veritas
3139 875 3379 921 vocatur.
3424 866 3535 937 Ego

1934 962 2067 1012 sum,
2098 948 2287 1018 inquit,
2317 952 2415 1015 via,
2441 962 2487 1005 et
2515 954 2713 1018 veritas,
2746 963 2792 1006 et
2818 956 2917 1007 vita
2946 955 3125 1021 (Joan.
3152 972 3267 1020 xw,
3291 957 3370 1023 6).
3398 956 3537 1011 Cur-

1880 1058 1885 1061 -
1932 1034 2037 1091 rite
2062 1037 2132 1093 ad
2172 1039 2320 1093 illum
2370 1057 2465 1111 per
2508 1042 2693 1108 illum;
2739 1043 2944 1113 placete
2990 1045 3061 1099 illi
3092 1060 3157 1099 ex
3191 1046 3320 1111 illo;
3367 1046 3532 1101 vivite

1933 1142 2055 1182 cum
2087 1129 2197 1197 illo,
2228 1132 2280 1185 in
2310 1133 2421 1200 illo,
2455 1133 2523 1189 de
2564 1135 2672 1190 illo.
2718 1136 3011 1191 Aﬁectibus
3039 1138 3180 1191 veris
3212 1148 3269 1193 et
3308 1140 3533 1194 sanctis-

1932 1220 2067 1274 sima
2094 1223 2335 1279 castitate
2357 1240 2386 1278 a
2414 1224 2528 1280 viro
2555 1226 2644 1279 tali
2671 1236 2850 1283 amate
2874 1228 3067 1282 amari.

2002 1312 2093 1368 Ἡ.
2135 1315 2330 1370 Audiat
2374 1316 2489 1371 hzec
2523 1319 2743 1386 virginis
2780 1319 2942 1373 etiam
2970 1328 3172 1374 sanctae
3219 1320 3387 1391 prolis
3427 1328 3531 1376 tua:

1930 1407 2077 1460 auris
2105 1407 2345 1464 interior.
2381 1410 2577 1465 Videre
2600 1412 2891 1482 ‘quantum
2922 1426 2971 1467 te
2996 1413 3259 1483 praecedat
3285 1414 3337 1468 in
3366 1429 3533 1484 regno

1929 1497 2091 1569 Regis
2121 1500 2259 1554 illius
2288 1519 2301 1555 :
2329 1502 2431 1556 alia
2462 1505 2685 1572 QUCCSllO
2728 1513 2829 1560 est.
2872 1506 3152 1561 lnvenistis
3183 1516 3379 1571 tamen,
3411 1523 3529 1563 ma-

1929 1597 2011 1643 ter
2040 1598 2095 1645 et
2138 1591 2263 1657 ﬁlia,
2308 1594 2392 1647 cui
2432 1596 2754 1664 contemptis
2783 1597 3000 1666 nuptiis,
3032 1597 3118 1652 illa
3168 1597 3435 1664 omnibus,
3470 1607 3528 1652 tu

1927 1682 2200 1747 secundis,
2224 1684 2617 1755 pulchritudine
2629 1688 2889 1742 castitatis
2916 1688 3071 1742 simul
3094 1688 3307 1758 placere
3328 1688 3527 1743 debea-

1929 1774 2014 1827 tis.
2056 1774 2212 1829 Certe
2254 1776 2301 1830 si
2331 1777 2505 1831 mariti
2552 1788 2735 1833 essent
2763 1780 2955 1849 quibus
2999 1780 3313 1850 placendum
3342 1790 3527 1847 esset,

1920 1863 2031 1935 jam
2059 1875 2111 1921 te
2154 1866 2379 1924 fortasse
2420 1884 2541 1924 cum
2573 1869 2676 1925 ﬁlia
2707 1870 2931 1939 puderet
2978 1872 3157 1926 ornari
3187 1890 3201 1925 :
3235 1887 3376 1927 nunc
3419 1888 3529 1927 non

1926 1957 2121 2027 pudeat
2163 1973 2320 2029 agere
2362 1960 2552 2030 quibus
2583 1962 2739 2016 simul
2780 1963 3083 2029 ornemini;
3132 1963 3253 2033 quia
3288 1979 3393 2019 non
3441 1971 3525 2019 est

1924 2049 2294 2114 criminosum,
2327 2052 2421 2106 sed
2463 2053 2638 2121 potius
2663 2052 2974 2123 gloriosum,
3010 2062 3065 2108 ut
3088 2054 3155 2109 ab
3182 2054 3272 2109 illo
3300 2070 3407 2109 uno
3454 2055 3528 2108 si-

1925 2141 2033 2195 mul
2073 2143 2344 2197 amemini.
2388 2143 2706 2200 Simulatum
2732 2154 2910 2200 autem
2941 2146 3229 2201 candorem
3256 2162 3319 2202 ac
3357 2148 3524 2202 rubo-

1923 2246 2036 2286 rem
2084 2241 2139 2288 et
2181 2235 2465 2304 pigmentis
2513 2235 2701 2289 illitum
2751 2252 2857 2293 non
2908 2236 3264 2302 adhiberetis,
3314 2239 3524 2292 etiamsi

1923 2324 2066 2380 viros
2090 2325 2361 2382 haberetis
2388 2344 2403 2393 ;
2433 2342 2537 2383 non
2568 2339 2816 2398 putantes
2846 2330 3035 2400 dignos
3060 2347 3194 2400 quos
3224 2330 3477 2386 falleretis
3501 2374 3517 2397 ,

1922 2429 2022 2469 nec
2051 2431 2146 2470 vos
2176 2433 2295 2487 quae
2332 2416 2519 2473 fallere
2548 2419 2814 2474 deberetis
2847 2436 2860 2471 :
2895 2437 3035 2476 nunc
3079 2437 3207 2492 ergo
3249 2422 3321 2476 illi
3348 2422 3523 2493 Regi,

1920 2506 2009 2576 qui
2038 2508 2206 2562 unicae
2235 2523 2464 2579 sponsm,
2494 2509 2645 2579 cujus
2675 2511 2911 2566 membra
2939 2512 3087 2576 estis,
3118 2512 3348 2582 speciem
3392 2528 3522 2567 con-

1919 2601 2137 2670 cupivit,
2167 2603 2428 2657 veraciter
2453 2603 2615 2658 simul
2643 2604 2867 2673 placete,
2898 2605 3057 2660 simul
3103 2606 3396 2671 inbaerete;
3430 2606 3521 2660 illa

1920 2692 2223 2763 integritate
2271 2694 2548 2765 virginali,
2596 2704 2651 2749 tu
2699 2695 3024 2751 continentia
3086 2695 3302 2763 viduali,
3350 2697 3522 2750 amba:

1918 2782 2314 2853 pulchritudine
2347 2784 2629 2854 spirituali.
2670 2784 2726 2839 In
2774 2800 2878 2853 qua
2920 2785 3313 2855 pulchritudine
3358 2785 3521 2841 etiam

1919 2875 2063 2930 illius
2086 2876 2224 2939 avia,
2252 2891 2439 2930 socrus
2471 2885 2581 2938 tua,
2608 2892 2725 2946 qua:
2746 2876 2855 2947 jam
2886 2886 3033 2932 certe
3063 2877 3257 2941 senuit,
3286 2885 3369 2931 est
3400 2876 3522 2945 pul-

1918 2967 2047 3023 chra
2079 2968 2350 3023 vobiscum
2386 2968 2481 3041 (α).
2520 2968 2771 3040 Vigorem
2799 2971 2994 3040 quippe
3040 2970 3198 3039 hujus
3226 2969 3522 3040 pulchritu-

1918 3059 2061 3116 dinis
2102 3061 2227 3116 dum
2274 3061 2515 3117 extendit
2554 3062 2606 3116 in
2654 3063 2920 3117 anteriora
2966 3062 3219 3123 charitas,
3252 3078 3435 3133 rugam
3467 3062 3520 3117 in

1918 3168 1982 3209 ea
2012 3168 2115 3207 nou
2144 3152 2267 3207 facit
2295 3153 2591 3208 annositas.
2636 3154 2856 3209 Habetis
2886 3154 3161 3210 vobiscum
3192 3168 3351 3208 auum
3389 3168 3517 3208 san-

1917 3254 2059 3301 ctam
2086 3255 2141 3300 et
2167 3245 2219 3299 in
2248 3246 2408 3301 domo
2432 3253 2485 3301 et
2513 3245 2563 3299 iu
2593 3244 2825 3310 Christo,
2851 3261 3011 3316 quam
3034 3244 3101 3299 de
3126 3244 3519 3314 perseverantia

1918 3338 2244 3400 consulatis;
2274 3336 2541 3407 quomodo
2566 3352 2685 3392 cum
2715 3336 2803 3391 illa
2826 3336 2907 3392 vel
2936 3337 3019 3390 illa
3049 3337 3341 3391 tentatione
3366 3338 3387 3367 ¹
3420 3351 3521 3405 pu-

1916 3429 2185 3499 gnandum
2213 3429 2299 3493 sit,
2334 3428 2461 3499 quid
2487 3428 2752 3499 agendum
2782 3437 2836 3484 ut
2869 3428 3019 3483 facile
3049 3438 3353 3499 superetur,
3376 3427 3517 3499 quod

1918 3520 2306 3575 munimentum
2338 3521 2676 3586 sumendum,
2707 3536 2776 3575 ne
2809 3520 2961 3576 facile
2985 3535 3174 3574 rursus
3199 3520 3515 3575 insidietur:
3598 3502 3601 3509 ’

1918 3621 1972 3667 ct
2000 3610 2046 3667 si
2074 3611 2197 3682 quid
2229 3611 2531 3682 bujusmodi
2574 3621 2677 3678 est,
2719 3612 2878 3667 docet
2906 3628 3001 3667 vos
3038 3612 3386 3667 diuturnitate
3405 3612 3517 3682 jam

1915 3711 2084 3765 certa,
2106 3717 2290 3758 amore
2316 3702 2593 3761 benevola.
2625 3703 2819 3772 pietate
2846 3702 3093 3769 sollicita,
3123 3712 3281 3757 aetate
3305 3718 3515 3757 secura.

1919 3793 1998 3849 Tu
2022 3793 2307 3864 prcecipue,
2343 3801 2396 3847 tu
2428 3794 2647 3849 consule
2677 3794 2728 3847 in
2760 3792 2952 3847 talibus
2975 3807 3116 3859 eam,
3144 3807 3263 3863 qua:
3299 3804 3518 3861 experta

1917 3895 2002 3941 est
2040 3885 2182 3955 quod
2224 3894 2442 3955 experta
2474 3901 2553 3940 es.
2594 3884 2726 3940 Nam
2760 3885 2938 3955 proles
2981 3893 3155 3939 vestra
3185 3885 3311 3938 illud
3342 3886 3515 3939 cauti-

1917 3992 2039 4032 cum
2066 3984 2267 4043 cantat,
2296 3975 2437 4047 quod
2466 3975 2521 4030 in
2563 3974 2881 4046 Apocalypsi
2915 3974 3013 4028 nisi
3045 3974 3275 4045 virgines
3300 3983 3519 4029 cantare

1917 4083 2024 4124 non
2069 4075 2295 4138 possunt
2339 4064 2521 4138 (Apoc.
2568 4082 2679 4129 xw,
2710 4067 2763 4130 '5,
2796 4066 2876 4137 ι).
2915 4065 3021 4120 Pro
3050 4064 3307 4120 ambabus
3337 4072 3516 4119 tamen

1916 4159 2070 4215 vobis
2115 4158 2393 4214 sollicitius
2437 4166 2735 4226 oratquam
2784 4172 2880 4226 pro
2920 4172 2978 4211 se
3017 4157 3129 4226 ipsa
3164 4155 3297 4211 :sed
3348 4157 3519 4225 magis

1917 4270 2016 4325 pro
2056 4262 2218 4324 nepte
2242 4252 2464 4308 sollicita
2492 4260 2594 4315 est,
2626 4253 2709 4306 cui
2742 4251 3126 4307 vincendarum
3165 4250 3515 4306 tentationum

1917 4350 2145 4417 spatium
2190 4346 2311 4418 plus
2357 4354 2523 4401 restat
2572 4360 2831 4399 annorum
2868 4362 2880 4399 :
2914 4354 2965 4399 te
2998 4352 3174 4398 autem
3215 4343 3358 4399 videt
3400 4358 3517 4399 αξνο

1918 4455 2016 4496 suo
2042 4439 2375 4505 viciniorem,
2408 4446 2462 4494 et
2508 4439 2625 4507 ejus
2672 4438 2793 4491 ﬁlim
2835 4446 3084 4499 matrem,
3137 4451 3295 4505 quam
3348 4434 3391 4489 si
3426 4452 3516 4489 nu-

1918 4540 2084 4603 ptam,
2117 4529 2257 4601 quod
2281 4530 2392 4599 jam
2419 4543 2524 4583 non
2554 4529 2692 4585 licet.
2728 4537 2887 4596 atque
2917 4528 3073 4591 absit,
3113 4526 3357 4590 vidisses,
3390 4536 3518 4595 puto

1918 4622 2061 4694 quod
2092 4637 2283 4693 parere
2306 4636 2425 4676 cum
2470 4620 2555 4675 illa
2583 4620 2908 4675 erubuisses.
2950 4619 3219 4687 Quantum
3263 4627 3344 4672 est
3387 4633 3518 4687 ergo

1918 4715 2059 4785 quod
2082 4715 2191 4785 jam
2222 4714 2313 4769 tibi
2352 4713 2666 4784 periculosa:
2696 4719 2863 4766 restat
2883 4712 3077 4777 :clatis,
3107 4726 3225 4781 qua:
3257 4710 3376 4765 ideo
3408 4727 3513 4763 non

1918 4808 2117 4863 diceris
2153 4807 2292 4871 avia,
2341 4815 2396 4860 ut
2442 4814 2748 4859 sanctarum
2798 4804 3178 4873 cogitationum
3211 4810 3264 4856 et
3291 4817 3514 4869 operum

1919 4898 2112 4954 fetibus
2154 4914 2275 4953 cum
2324 4897 2431 4952 ﬁlia
2479 4896 2651 4965 possis
2690 4910 2810 4951 esse
2856 4894 3125 4951 fecunda?
3170 4894 3283 4947 Non
3337 4893 3515 4961 itaque

1918 4989 2188 5045 immerito
2213 4988 2382 5057 magis
2426 5003 2523 5058 pro
2548 4988 2634 5042 illa
2665 4987 2890 5041 sollicita
2921 4996 3002 5041 est
3028 4985 3165 5050 avia,
3195 5000 3293 5054 pro
3320 4999 3421 5052 qua
3461 4994 3512 5039 et

1920 5091 1976 5136 tu
2006 5090 2175 5135 mater
2200 5097 2213 5133 :
2251 5080 2373 5149 quia
2399 5088 2454 5133 et
2498 5078 2669 5147 majus
2698 5086 2779 5132 est
2809 5076 2949 5146 quod
2980 5077 3141 5142 vovit,
3190 5085 3242 5129 et
3272 5084 3437 5129 totum
3464 5077 3513 5130 ei

1917 5182 2086 5229 restat
2125 5170 2265 5242 quod
2294 5170 2452 5225 modo
2481 5170 2643 5239 cmpit
2668 5169 2709 5222 ³.
2752 5168 3012 5223 Exaudiat
3045 5167 3300 5222 Dominus
3330 5184 3517 5236 preces

1919 5264 2056 5335 ejus,
2085 5271 2144 5318 ut
2168 5270 2350 5319 sancte
2379 5260 2401 5293 ‘
2430 5259 2797 5331 obsequamini
2828 5258 3032 5314 meritis
3061 5258 3199 5329 ejus,
3245 5275 3365 5331 qua:
3394 5275 3516 5316 car-

1985 5420 2002 5452 ί
2034 5419 2171 5479 mm,
2205 5430 2317 5483 qua
2336 5429 2464 5483 vero.
2492 5422 2549 5465 At
2568 5422 2707 5483 Mss,
2740 5412 2937 5478 videro;
2961 5418 3142 5468 omisso
3165 5452 3181 5480 ,
3213 5430 3342 5483 qua.
3391 5426 3522 5471 Unus

1922 5479 2347 5538 Augustinen'sium
2365 5479 2531 5538 habet,
2552 5480 2731 5531 ridere.

2027 5546 2235 5615 sie‘uss.
2258 5556 2367 5615 Auno
2387 5550 2615 5615 excepto
2646 5540 3090 5615 A_ii_gustinensium,
3117 5544 3198 5605 qui
3218 5542 3386 5615 habet,
3413 5556 3521 5615 cum

1919 5602 2014 5676 ιιια,
2029 5604 2238 5657 beltuina
2251 5602 2607 5655 ιεηιαιίοιιεξιιι
2624 5602 2762 5663 editi,
2783 5615 2893 5652 cum
2915 5602 3004 5654 illa
3026 5602 3196 5654 contra
3217 5602 3341 5654 bella
3364 5610 3521 5654 tenta-

1920 5673 2710 5801 wrréorbeicnsisvetustissimus
2730 5732 2783 5777 et
2804 5724 2883 5777 alii
2904 5734 3007 5778 tres
3029 5734 3158 5789 Mss,
3184 5727 3311 5790 quod
3330 5726 3522 5777 nwdth

1921 5798 2196 5901 cmp‘tfrob'e
2216 5856 2343 5900 notae
2366 5858 2493 5908 Mss,
2510 5858 2557 5901 et
2578 5858 2776 5902 sanctis.

1994 5916 2068 5979 (τι)
2100 5914 2249 5965 Proba
2266 5914 2588 5965 Demetriadis
2604 5915 2727 5975 avia,
2746 5926 2914 5965 socrus
2934 5912 3150 5964 Juliana.
