4048 6506
530 421 625 476 ιιιῖ

523 551 642 589 nem
675 531 772 587 viri
810 531 886 585 tui
917 527 993 602 (a)
1023 527 1074 582 in
1115 525 1330 596 juventa
1378 519 1603 592 peperit,
1634 531 1727 572 cor
1774 513 1893 567 filim
1927 521 2031 564 tuae
2059 509 2112 562 in

520 627 736 673 senecta
770 615 1018 687 parturit.
1060 613 1258 667 Omnes
1287 610 1462 678 itaque
1487 605 1684 676 pariter
1710 611 1868 671 atque
1894 611 2119 652 concor-

522 711 660 766 diter
700 709 908 764 univiro
938 707 1094 762 unius
1124 703 1386 773 conjugis,
1437 701 1490 754 in
1533 697 1684 767 cujus
1733 707 1959 762 corpore
2011 703 2118 744 uno

524 803 712 872 spiritu
763 800 937 855 vivitis
959 840 973 862 ,
1007 799 1210 868 placete
1239 794 1474 849 moribus
1499 833 1513 858 ,
1545 791 1737 844 instate
1767 784 2120 840 orationibus.

596 893 825 949 CAPUT
864 890 984 946 XX.
1021 888 1208 942 —2.‘i.
1253 885 1511 940 Illecebraa
1548 882 1816 936 sa’culares
1860 893 1972 948 qua:
2017 885 2120 927 tam

528 987 630 1042 cito
655 987 917 1055 deﬁciunt,
948 981 1344 1040 contenmendw.
1389 979 1700 1034 Prteterltns
1741 973 1854 1028 dies
1885 985 1990 1025 non
2033 984 2120 1022 rc-

531 1079 758 1134 vertitur
779 1078 829 1131 iu
861 1077 1112 1135 futurum.
1143 1085 1194 1128 et
1228 1080 1344 1142 post
1373 1071 1680 1124 hesternum
1705 1065 1876 1134 pergit
1907 1060 2126 1116 hodier-

537 1152 659 1236 nus,
689 1179 741 1223 et
771 1179 889 1238 post
921 1169 1234 1221 hodiernum
1268 1170 1607 1232 perrecturus
1634 1167 1715 1212 est
1735 1155 2000 1210 crastinus
2029 1169 2042 1204 :
2075 1159 2128 1204 et

536 1279 664 1320 ecce
692 1264 868 1317 omnia
899 1273 1136 1330 tempora
1177 1267 1230 1312 et
1267 1255 1576 1325 temporalia
1606 1258 1901 1312 transeunt,
1943 1255 2002 1302 ut
2033 1261 2125 1300 ve-

541 1357 652 1411 niat
683 1369 930 1409 mansura
959 1351 1277 1424 promissio;
1311 1356 1364 1403 et
1385 1347 1471 1418 qui
1500 1342 1879 1413 perseveraverit
1905 1355 2058 1404 usque
2078 1338 2131 1388 in

543 1450 718 1520 ﬁnem,
761 1448 841 1500 hic
862 1447 1032 1498 satvus
1061 1444 1151 1497 erit
1179 1441 1390 1513 (Matth.
1428 1455 1484 1498 x,
1516 1436 1630 1505 22).
1665 1434 1718 1489 Si
1763 1431 1993 1486 mundus
2022 1430 2131 1499 jam

543 1543 702 1611 perit,
741 1548 902 1606 napta
933 1537 1015 1591 cui
1056 1535 1220 1604 parit?
1249 1535 1354 1587 Aut
1400 1530 1561 1584 corde
1591 1528 1843 1597 paritura,
1891 1532 1945 1578 et
1974 1537 2133 1576 carne

546 1645 651 1685 nOn
688 1631 942 1699 paritura,
989 1643 1084 1681 cur
1125 1625 1314 1680 nubit?
1357 1623 1410 1677 Si
1439 1630 1614 1675 autem
1645 1619 1821 1672 adhuc
1850 1617 2135 1670 duraturus

549 1732 634 1779 est
660 1720 907 1783 mundus,
937 1735 1032 1772 cur
1073 1732 1176 1770 non
1218 1716 1384 1784 magis
1423 1721 1631 1766 amatur
1657 1726 1750 1780 per
1776 1723 1934 1778 quem
1968 1705 2136 1760 factus

553 1824 638 1869 est
677 1811 937 1867 mundus?
976 1809 1029 1865 Si
1066 1809 1174 1879 jam
1219 1807 1472 1862 deficiunt
1514 1803 1779 1858 illecebrze
1831 1799 2135 1862 szrculares,

549 1893 660 1960 rion
699 1913 781 1959 est
809 1901 949 1972 quod
993 1900 1316 1956 christianus
1357 1897 1564 1951 animus
1603 1894 1890 1964 cupiditate
1919 1890 2140 1959 conqui—

549 1997 744 2055 rat:si
785 2005 963 2050 autem
1005 1994 1178 2048 adhuc
1217 1991 1526 2051 manebunt,
1572 1985 1819 2056 estquod
1863 1983 2142 2038 sanctitate

551 2098 878 2145 contemnat.
915 2087 1110 2141 llorum
1142 2084 1368 2138 duorum
1415 2081 1468 2135 in
1497 2080 1666 2133 altero
1694 2091 1817 2146 spes
1845 2074 1988 2128 nulla
2027 2072 2142 2126 libi-

552 2180 716 2241 diuis,
747 2180 797 2232 in
829 2179 999 2232 altero
1035 2177 1205 2245 major
1242 2183 1323 2228 est
1350 2173 1518 2243 gloria
1547 2169 1843 2224 charitatis.
1881 2166 2022 2232 Quot
2051 2171 2143 2217 aut

555 2271 770 2340 quanti1
815 2277 940 2325 sunt
978 2269 1076 2338 ipsi
1127 2267 1274 2330 anni,
1319 2265 1513 2336 quibus
1567 2261 1776 2314 videtur
1823 2259 2001 2326 vigere
2048 2256 2146 2308 ﬂos

556 2360 786 2416 carnalis
813 2360 1016 2414 attalis?
1057 2357 1331 2413 Nonnulla:
1363 2355 1570 2408 femina:
1611 2351 1824 2421 nuptias
1853 2349 2146 2418 cogitantes

557 2461 612 2505 et
631 2452 879 2505 ardenter
907 2458 1172 2520 Optantcs,
1202 2448 1329 2502 dum
1358 2452 1678 2515 spernuntur
1699 2451 1790 2495 aut
1809 2439 2144 2500 differuntur,

559 2552 780 2611 repente
819 2551 1128 2606 senuerunt,
1162 2547 1221 2594 ut
1261 2553 1352 2593 eas
1395 2537 1594 2591 nubere
1624 2533 1734 2605 jam
1779 2531 2002 2602 puderet
2031 2545 2148 2582 am-

560 2633 698 2704 plius
727 2650 885 2704 quam
915 2633 1125 2688 liberet.
1155 2632 1332 2686 Multa;
1371 2638 1545 2684 autem
1577 2635 1755 2696 nuptae
1785 2623 2148 2680 recentissima

559 2741 654 2780 sua
693 2726 1068 2796 conjunctione
1114 2725 1165 2778 in
1210 2722 1496 2792 longinqua
1541 2718 1794 2788 profectis
1839 2713 1968 2770 viris
2013 2714 2144 2775 suis,

561 2816 792 2872 reditum
821 2831 1005 2872 eorum
1025 2811 1387 2884 exspectando
1413 2809 1710 2882 grandazva:
1737 2806 1891 2861 facta:
1919 2812 2065 2870 sunt,
2097 2811 2150 2857 et

562 2921 812 2980 tanquam
854 2909 960 2962 cito
987 2906 1215 2961 viduatae
1252 2902 1539 2973 aliquando
1569 2916 1666 2956 nec
1710 2906 2010 2954 remeantes
2050 2897 2155 2950 sal-

563 3009 670 3054 tem
711 3014 869 3053 senes
911 3013 1038 3052 suos
1077 3012 1212 3050 anus
1259 2994 1531 3064 suscipere
1568 2998 1897 3047 meruerunt.
1941 2988 1996 3044 Si
2027 3003 2154 3058 ergo

561 3092 650 3146 vel
677 3090 1052 3160 Spernentibus
1084 3091 1166 3144 vel
1192 3088 1518 3142 tardantibus
1539 3086 1770 3157 sponsis,
1801 3084 1882 3140 vel
1916 3083 2154 3154 peregri—

565 3183 816 3238 naltibus
845 3183 1068 3245 maritis,
1110 3181 1340 3234 carnalis
1369 3177 1800 3248 concupiscentia
1830 3176 1999 3247 potuit
2027 3191 2156 3231 con-

567 3273 722 3327 tineri
757 3289 821 3328 ne
852 3282 1091 3342 stuprum
1118 3281 1208 3326 aut
1234 3272 1551 3326 adulterium
1588 3269 2026 3332 committeretur,
2061 3285 2156 3323 cur

567 3365 830 3418 Contineri
861 3381 963 3419 non
998 3374 1170 3433 potest
1210 3380 1275 3418 ne
1307 3363 1641 3432 sacrilegium
1669 3360 2070 3417 committatur?
2101 3360 2156 3414 Si

569 3472 810 3526 repressa
842 3463 928 3509 cst
955 3471 1076 3510 cum
1105 3454 1330 3510 ferveret
1362 3455 1546 3520 dilata,
1585 3469 1680 3507 cur
1710 3469 1813 3507 non
1842 3452 2159 3522 Opprimitnr

567 3562 690 3600 cum
721 3545 959 3617 friguerit
983 3547 1290 3616 amputata?
1321 3547 1444 3601 Plus
1464 3547 1606 3601 enim
1637 3545 1950 3600 ardentcm’
1982 3544 2160 3600 ferunt

572 3638 865 3703 libidinem,
907 3656 1024 3709 qua:
1069 3656 1174 3693 non
1213 3637 1501 3708 deSpcrant
1541 3637 1784 3708 ejusdem
1810 3637 2042 3692 libidinis
2069 3654 2162 3691 vo-

573 3731 851 3801 luptatem.
877 3732 1004 3800 Quae
1030 3740 1205 3786 autem
1237 3733 1574 3803 innuptarum
1603 3730 1904 3786 castitatem
1937 3730 2046 3785 Deo
2069 3745 2163 3783 vo-

573 3832 714 3888 vent,
752 3825 916 3894 ipsam
947 3841 1094 3894 spem
1123 3825 1459 3888 sobtrahunt,
1490 3840 1608 3894 qua:
1642 3823 1811 3878 fomes
1837 3824 2035 3877 amoris
2058 3832 2157 3878 est.

573 3915 725 3970 Unde
755 3916 962 3971 facilius
1009 3917 1442 3985 concupiscentia
1486 3915 1807 3981 refrenatur,
1862 3930 1981 3984 quae
2018 3915 2160 3968 nulla

572 4009 973 4077 exspectatione
1017 4007 1358 4062 succenditur
1387 4025 1398 4059 :
1430 4015 1614 4060 contra
1655 4021 1814 4076 quam
1847 4014 2025 4059 tamen
2059 4005 2159 4059 nisi

571 4111 775 4164 oretur,
805 4109 860 4153 ut
881 4110 1183 4170 superetur,
1216 4100 1326 4168 ipsa
1360 4099 1536 4153 illicita
1563 4107 1844 4167 emptatur
1863 4097 2160 4152 ardentius.

643 4191 872 4246 CAPUT
911 4189 1051 4244 XXI.
1080 4221 1150 4229 ——
1173 4190 1262 4245 26.
1305 4189 1511 4243 Deliciw
1540 4189 1829 4260 spirituales
1861 4189 2025 4242 viduis
2061 4190 2162 4242 sint

579 4285 688 4338 loco
716 4285 1017 4336 carnalium.
1049 4284 1261 4337 Deliciae
1291 4283 1448 4353 igitur
1471 4283 1775 4352 spiritttales
1803 4282 2009 4337 deliciis
2035 4298 2157 4336 car-

579 4374 786 4428 nalibus
815 4375 864 4427 in
905 4385 1085 4428 sancta
1115 4375 1355 4428 castitate
1391 4374 1714 4438 succedant;
1750 4373 1927 4437 lectio,
1969 4374 2160 4439 oratio,

582 4465 836 4534 psalmus,
871 4464 1007 4518 bona
1049 4465 1322 4534 cogitatio,
1365 4464 1626 4518 bonorum
1662 4479 1886 4532 operum
1915 4461 2166 4533 frequen-

579 4557 731 4620 tatio,
775 4570 898 4623 spes
937 4553 1094 4608 futuri
1133 4555 1333 4618 sreculi,
1384 4561 1440 4608 et
1480 4571 1574 4608 eor
1616 4568 1825 4608 sursum
1859 4571 1870 4605 :
1905 4563 2063 4623 atque
2101 4553 2168 4608 de

581 4646 664 4702 his
695 4647 940 4701 omnibus
983 4648 1270 4716 gratiarum
1316 4646 1455 4698 artio
1500 4645 1642 4698 Patri
1691 4645 1974 4709 luminum,
2004 4660 2034 4698 a
2062 4661 2168 4715 quo

578 4740 697 4794 sine
734 4740 836 4792 ulla
866 4739 1194 4794 dubitatione
1220 4753 1379 4792 omne
1405 4736 1587 4791 datum
1632 4737 1891 4805 optimum
1919 4746 1971 4790 et
2008 4752 2169 4792 omne

577 4832 777 4887 donum
826 4833 1152 4901 perfectum,
1205 4831 1475 4898 Scriptura
1521 4837 1684 4888 teste,
1732 4827 2010 4882 descendit
2057 4827 2173 4892 (Ja-

577 4924 691 4979 cobi
729 4941 765 4986 ι,
801 4923 913 4990 17).
942 4923 1072 4978 Nam
1101 4921 1314 4992 quando
1352 4936 1448 4990 pro
1475 4919 1680 4973 deliciis
1725 4927 2009 4987 nuptarum
2039 4935 2172 4989 qnas

580 5019 633 5073 in
666 5035 826 5074 carne
867 5019 1100 5073 virorum
1129 5017 1347 5077 habent,
1379 5014 1602 5068 aliarum
1640 5012 1930 5067 carnalium
1957 5012 2174 5067 delicia-

579 5128 698 5165 rum
732 5122 978 5180 tanquam
1020 5111 1071 5164 in
1117 5109 1362 5164 solatium
1399 5122 1526 5162 usus
1566 5105 1874 5172 assumitur,
1905 5105 2030 5175 quid
2071 5121 2171 5176 ego

581 5202 754 5256 dicam
791 5219 908 5272 qua:
937 5212 1230 5271 sequantur
1261 5200 1419 5264 mala,
1465 5215 1585 5254 cum
1621 5198 1858 5253 breviter
1884 5199 2173 5269 Apostolus

582 5290 798 5355 dixerit,
830 5293 1099 5346 viventem
1131 5301 1393 5345 mortuam
1420 5306 1540 5346 esse
1567 5290 1779 5343 viduam
1813 5307 1931 5360 qua:
1962 5292 2012 5345 in
2039 5290 2174 5345 deli-

585 5385 682 5438 ciis
708 5385 835 5437 vivit
863 5384 902 5453 (l
936 5374 1068 5437 Tini.
1098 5401 1152 5448 v,
1183 5384 1280 5450 6)?
1308 5385 1459 5438 Absit
1501 5393 1678 5438 autem
1707 5400 1737 5437 a
1768 5383 1920 5439 vobis
1957 5391 2014 5437 ut
2040 5384 2177 5438 divi-

587 5477 779 5530 tiarum
798 5474 1083 5542 cupiditate
1105 5476 1384 5543 capiamini
1409 5491 1504 5544 pro
1528 5475 1818 5543 cupiditate
1846 5476 2169 5546 nuptiarum,

587 5577 642 5621 et
672 5568 724 5621 in
764 5566 1016 5620 cordibus
1045 5568 1234 5620 vestris
1279 5583 1527 5622 nummus
1553 5569 1649 5622 viri
1689 5569 1857 5622 amori
1901 5569 2170 5624 succedat.

589 5658 866 5715 lutuentes
891 5657 1034 5711 enim
1068 5657 1341 5711 hominum
1387 5659 1868 5736 cgnversationem,
1914 5675 2054 5731 smpe
2086 5677 2174 5715 ex-

657 5778 673 5808 ¹
702 5774 776 5823 sic
792 5779 898 5821 Mss.
928 5778 980 5835 At
1004 5772 1136 5831 editi,
1163 5775 1292 5835 quod
1313 5779 1472 5820 autem
1493 5780 1538 5821 et
1561 5774 1742 5835 quanti.

655 5839 675 5868 ¹
695 5844 829 5891 Lov.,
851 5834 1094 5883 ardenter.
1117 5833 1233 5882 Editi
1253 5833 1331 5882 alii
1356 5847 1464 5882 cum
1489 5833 1614 5891 Mss,
1643 5837 1909 5886 ardentem.

655 5898 730 5962 (ιι)
757 5895 924 5946 Ohbrii
959 5908 1020 5944 ex
1056 5897 1246 5944 Hieron.
1276 5898 1415 5957 epist.
1437 5897 1541 5944 Sad
1577 5903 1789 5945 Demetr.

1770 399 1826 454 S.
1871 391 2235 452 AUGUSTI-Nl
2281 387 2581 449 EPISCOPI

3704 389 3812 445 “8

2230 505 2365 575 perti
2401 518 2605 570 sumus,
2653 504 2704 557 in
2745 501 3059 573 quibusdam
3091 500 3307 556 lascivia
3348 515 3654 573 compressa
3694 518 3817 557 cre-

2225 599 2366 652 visse
2394 598 2693 651 avaritiam.
2723 595 2854 650 Nam
2898 596 3036 650 sicut
3064 595 3114 648 in
3147 594 3275 664 ipsis
3303 594 3549 650 sensibus
3574 594 3820 665 corporis

2229 689 2435 742 acutius
2477 687 2698 741 audiunt
2738 687 2827 757 qui
2875 701 2978 740 non
3020 683 3222 752 vident,
3271 695 3325 740 et
3354 686 3621 757 tangendo
3652 686 3820 740 multa

2230 781 2560 843 discernunt,
2605 795 2702 834 nec
2749 788 2892 834 tanta
2924 779 3206 834 vivacitate
3250 788 3472 849 tangunt
3510 779 3602 849 qui
3648 779 3821 833 oculis

2231 881 2486 936 utuntur;
2519 871 2606 925 ubi
2646 870 2958 941 intelligitur
2989 886 3056 926 ex
3075 875 3193 925 uno
3233 869 3400 936 aditu,
3435 867 3488 923 id
3518 879 3621 933 est,
3667 869 3826 923 lumi-

2233 980 2381 1029 num,
2411 978 2654 1034 repressa
2697 963 2992 1017 intentione
3032 962 3318 1028 sentiendi,
3349 977 3466 1016 eam
3497 977 3554 1016 se
3598 962 3652 1015 in
3691 961 3826 1015 alios

2233 1070 2421 1110 sensus
2455 1055 2832 1124 promptiorem
2856 1054 2871 1085 ¹
2899 1053 3244 1123 dignoscendi
3272 1053 3515 1108 acumine
3541 1067 3819 1118 exserere,

2237 1158 2489 1218 tanquam
2529 1162 2594 1201 ex
2622 1148 2791 1200 altero
2833 1155 3058 1202 conetur
3086 1146 3308 1215 implere
3337 1143 3480 1214 quod
3520 1152 3748 1214 negatur
3773 1143 3827 1197 in

2236 1241 2407 1295 altero
2437 1257 2450 1290 :
2481 1240 2549 1293 ita
2591 1240 2752 1294 etiam
2783 1254 2925 1310 szrpe
2954 1239 3184 1294 carnalis
3209 1237 3470 1307 cupiditas
3509 1251 3538 1290 a
3583 1251 3830 1292 concum-

2237 1331 2396 1387 bendi
2427 1331 2700 1399 voluptate
2725 1329 2981 1394 cohibita,
3027 1328 3318 1398 majoribus
3345 1327 3546 1382 viribus
3587 1325 3642 1380 in
3670 1341 3836 1395 pecn-

2239 1422 2342 1476 nia:
2390 1437 2447 1476 se
2479 1421 2696 1490 porrigit
2735 1421 3048 1488 appetitum,
3093 1426 3148 1472 et
3195 1418 3340 1472 illinc
3383 1431 3590 1481 aversa,
3628 1416 3734 1470 huc
3774 1430 3832 1470 se

2241 1514 2438 1583 impetu
2468 1512 2770 1566 ardentiore
2791 1511 3071 1565 convertit.
3099 1509 3154 1562 In
3180 1507 3330 1563 vobis
3358 1520 3536 1562 autem
3567 1523 3721 1561 amor
3745 1506 3833 1560 di»

2241 1607 2489 1661 vitiarum
2536 1605 2691 1659 simul
2725 1603 2975 1674 frigescat
3021 1618 3141 1657 cum
3171 1617 3353 1656 amore
3401 1600 3744 1670 nuptiarum;
3776 1606 3832 1651 et

2241 1697 2362 1767 pius
2391 1710 2516 1750 usus
2543 1711 2719 1749 rerum
2755 1709 2886 1764 quas
2916 1693 3220 1762 possidetis,
3253 1691 3320 1745 ad
3365 1689 3670 1760 Spirituales
3697 1688 3835 1743 deli-

2243 1790 2353 1845 cias
2393 1787 2714 1850 conferatur,
2764 1796 2818 1840 ut
2865 1785 3158 1840 liberalitas
3196 1792 3374 1837 vestra
3417 1782 3586 1854 magis
3633 1781 3842 1836 ferveat

2244 1879 2562 1948 adjuvandis
2592 1879 2774 1949 egenis
2813 1893 2971 1947 quam
3015 1875 3246 1930 ditandis
3286 1874 3484 1928 avaris.
3527 1873 3582 1926 ln
3623 1872 3843 1926 thesau-

2245 1987 2362 2025 rum
2397 1970 2592 2040 quippc
2637 1969 2913 2024 caelestem
2962 1982 3068 2022 non
3114 1967 3396 2020 mittuntur
3443 1965 3582 2019 dona
3619 1964 3843 2034 cupido-

2247 2079 2386 2126 rum,
2429 2063 2522 2117 sed
2555 2064 2909 2133 eleemosyna:
2939 2076 3253 2130 pauperum,
3291 2074 3409 2129 qua:
3434 2059 3486 2112 in
3518 2058 3842 2112 immensum

2251 2153 2468 2208 modum
2511 2153 2782 2208 orationes
2820 2153 3076 2220 adjuvant
3121 2151 3420 2204 viduarum.
3465 2148 3673 2219 Jejunia
3705 2164 3844 2218 quo-

2251 2261 2355 2316 que
2393 2261 2455 2300 ac
2497 2245 2684 2315 vigili-.e
2721 2245 2774 2298 in
2813 2253 3067 2314 quantum
3096 2241 3458 2296 valetudinem
3495 2257 3601 2296 non
3630 2255 3845 2310 pertur-

2252 2336 2404 2404 bant,
2445 2336 2491 2391 si
2529 2337 2753 2402 orando,
2784 2336 3082 2407 psallendo,
3127 2335 3374 2405 legendo,
3420 2343 3475 2390 et
3513 2335 3564 2389 in
3601 2335 3718 2404 lege
3750 2334 3849 2389 Dei

2253 2431 2561 2487 meditando
2607 2431 2956 2494 insumantur,
3001 2430 3053 2483 in
3093 2428 3311 2484 delicias
3352 2428 3655 2498 spirituales
3683 2426 3848 2482 etiam

2255 2524 2368 2594 ipsa
2409 2539 2528 2593 quae
2557 2523 2804 2577 videntur
2851 2523 3113 2576 laboriosa
3141 2528 3443 2575 vertuntur.
3493 2519 3648 2574 Nullo
3688 2518 3851 2573 mch

2255 2618 2397 2671 enim
2424 2624 2548 2670 sunt
2573 2616 2785 2670 onerosi
2817 2615 3029 2669 labores
3065 2613 3380 2674 amantium,
3423 2612 3516 2666 sed
3547 2612 3707 2667 etiam
3747 2611 3852 2680 ipsi

2256 2707 2551 2772 delectant,
2600 2710 2737 2762 sicut
2779 2707 3116 2771 venantium,
3166 2705 3579 2774 aucupantium,
3633 2704 3850 2773 piscan-

2261 2803 2413 2864 tium,
2441 2799 2904 2861 vindcntiantium,
2939 2798 3349 2867 negotiantium,
3377 2795 3505 2850 ludo
3528 2794 3706 2863 aliquo
3731 2809 3854 2848 sese

2258 2893 2657 2949 oblectantinm.
2690 2892 2918 2946 Interest
2949 2905 3078 2960 ergo
3106 2889 3230 2960 quid
3273 2898 3502 2942 ametur.
3530 2886 3664 2941 Nam
3705 2887 3757 2940 in
3787 2899 3855 2940 eo

2259 2986 2400 3056 quod
2441 2995 2667 3052 amatur,
2699 2994 2790 3040 aut
2821 2999 2926 3038 non
2971 2983 3260 3046 laboratur,
3293 2991 3383 3034 aut
3439 2989 3494 3034 ct
3532 2979 3682 3033 labor
3707 2993 3858 3031 ama-

2261 3086 2366 3131 tur.
2400 3076 2469 3131 Et
2491 3076 2608 3130 vide
2633 3091 2790 3146 quam
2824 3073 3132 3147 pudendum
3161 3079 3212 3126 et
3245 3069 3533 3126 dolendum
3571 3070 3662 3132 sit,
3690 3069 3734 3122 si
3758 3068 3858 3122 de-

2263 3168 2424 3222 lectat
2453 3167 2602 3221 labor
2627 3175 2683 3220 ut
2711 3167 2818 3220 fera
2848 3165 3111 3233 capiatur,
3143 3171 3204 3218 ut
3233 3175 3368 3232 cupa
3393 3169 3449 3214 et
3475 3159 3722 3214 sacculus
3751 3158 3856 3212 im-

2265 3258 2490 3328 pleatur,
2537 3266 2591 3310 ut
2642 3256 2745 3326 pila
2781 3255 3030 3326 jaciatur,
3088 3261 3142 3308 et
3189 3267 3296 3307 non
3337 3250 3570 3306 delectat
3616 3259 3672 3304 ut
3713 3248 3859 3304 Deus

2265 3347 2589 3416 acquiratur.

2334 3438 2562 3495 CAPUT
2601 3437 2766 3492 XXII.
2795 3435 2976 3490 -27,
3019 3433 3196 3489 Fama:
3225 3433 3368 3487 bona:
3402 3448 3546 3485 cura.
3581 3429 3640 3485 in
3682 3429 3864 3484 omni-

2267 3529 2367 3584 bus
2393 3544 2519 3583 sane
2549 3528 2910 3598 spiritualibus
2935 3525 3162 3590 deliciis,
3195 3524 3387 3594 quibus
3413 3521 3663 3576 fruuntur
3693 3521 3858 3574 innu-

2269 3630 2395 3690 ριίη,
2447 3629 2626 3675 sancta
2679 3633 2862 3673 earum
2909 3625 3246 3672 conversatio
3287 3621 3444 3668 cauta
3489 3613 3650 3668 etiam
3698 3610 3864 3666 debet

2269 3729 2418 3777 esse;
2461 3728 2528 3768 ne
2561 3713 2696 3766 forte
2735 3727 2856 3766 cum
2888 3710 3026 3764 mala
3055 3710 3160 3764 vita
3203 3724 3308 3762 non
3341 3707 3410 3761 sit
3434 3721 3533 3777 per
3559 3705 3836 3759 laseiviam

2272 3805 2408 3858 mala
2449 3804 2517 3856 sit
2555 3802 2691 3857 fama
2719 3818 2817 3873 per
2852 3800 3249 3872 negligentiam.
3279 3798 3388 3853 Nec
3422 3796 3671 3852 audiendi
3713 3804 3860 3862 sunt,

2270 3896 2382 3949 sive
2413 3895 2510 3948 viri
2552 3895 2741 3960 sancti,
2791 3895 2902 3947 sive
2935 3893 3167 3957 femina},
3200 3889 3413 3962 quando
3452 3887 3780 3958 reprehensa
3810 3888 3863 3942 in

2270 3988 2448 4058 aliquo
2478 3987 2794 4058 negligentia
2823 4000 2939 4051 sua,
2970 4001 3064 4055 per
3087 3999 3247 4056 quam
3275 3983 3333 4036 fit
3361 3990 3422 4036 ut
3464 3982 3516 4035 in
3550 3981 3746 4034 malam
3773 3995 3867 4034 ve-

2272 4079 2423 4132 niant
2466 4078 2847 4146 suspicionem,
2893 4075 3033 4130 unde
3073 4089 3223 4129 suam
3264 4074 3426 4126 vitam
3471 4071 3631 4141 longe
3675 4069 3867 4125 abesse
3952 4109 3958 4115 .

2273 4169 2469 4233 sciunt,
2500 4168 2683 4222 dicunt
2711 4167 2809 4221 sibi
2843 4181 3021 4221 coram
3046 4166 3155 4220 Deo
3182 4163 3426 4219 sufficere
3453 4162 3864 4227 conscientiam,

2272 4259 2721 4314 existimationem
2753 4257 3029 4312 hominum
3074 4271 3178 4312 non
3222 4254 3589 4325 imprudenter
3616 4255 3636 4285 ²
3665 4253 3863 4318 solum,

2273 4365 2458 4405 verum
2483 4350 2641 4404 etiam
2672 4348 2960 4403 crudeliter
2989 4356 3426 4409 contemnentes;
3459 4360 3578 4400 cum
3615 4344 3870 4399 occidunt

2275 4442 2478 4496 animas
2498 4442 2745 4506 aliorum,
2782 4442 2896 4495 sive
2924 4439 3405 4510 blasphemantium
3429 4439 3568 4492 viam
3597 4438 3715 4506 Dei,
3745 4439 3867 4508 qui-

2276 4532 2377 4588 bus
2419 4533 2712 4588 secundum
2756 4548 2906 4606 suam
2957 4533 3316 4602 suspicionem
3346 4532 3496 4602 quasi
3531 4532 3703 4600 turpis
3747 4547 3870 4600 ane

2276 4633 2419 4677 casta
2461 4633 2544 4678 est
2572 4623 2818 4693 displicet
2857 4623 2964 4677 vita
3012 4631 3341 4689 sanctorum,
3391 4622 3504 4676 sive
3544 4622 3707 4676 etiam
3746 4637 3869 4676 cum

2277 4716 2621 4770 excusatione
2653 4715 2995 4779 imitantium,
3037 4730 3141 4768 non
3183 4712 3326 4784 quod
3351 4713 3554 4777 vident,
3599 4713 3693 4768 sed
3725 4713 3871 4784 quod

2278 4813 2483 4875 putant.
2536 4805 2766 4861 Proinde
2809 4806 3048 4876 quisquis
3095 4820 3124 4859 a
3169 4805 3486 4860 criminibus
3543 4805 3870 4874 flagitiorum

2279 4908 2437 4968 atque
2473 4898 2763 4953 facinorum
2793 4899 2953 4952 vitam
2992 4913 3142 4953 suam
3186 4898 3440 4965 custodit,
3487 4899 3589 4953 sibi
3619 4899 3759 4954 bene
3792 4900 3871 4952 fa-

2278 4989 2388 5044 cit:
2415 4989 2655 5060 quisquis
2683 4998 2860 5043 autem
2888 4990 3046 5044 etiam
3080 4989 3301 5054 famam,
3331 4999 3384 5044 et
3415 4990 3466 5043 in
3495 4990 3631 5045 alios
3661 4991 3875 5045 miseri-

2279 5095 2403 5134 cors
2433 5089 2536 5134 est.
2567 5080 2731 5134 Nobis
2759 5081 2898 5133 enim
2934 5079 3233 5134 necessaria
3260 5089 3344 5134 est
3372 5080 3478 5134 vita
3514 5090 3720 5143 nostra,
3754 5081 3876 5135 aliis

2281 5173 2418 5225 fama
2451 5181 2630 5225 nostra
2661 5189 2673 5223 :
2699 5180 2752 5225 ct
2783 5171 2963 5241 utique
2989 5173 3148 5226 etiam
3189 5172 3330 5242 quod
3359 5172 3476 5226 aliis
3503 5173 3876 5228 ministramns

2282 5263 2700 5317 misericorditer
2737 5263 2802 5317 ad
2845 5263 3090 5326 salutem,
3133 5263 3198 5316 ad
3249 5272 3487 5317 nostram
3526 5278 3743 5334 quoque
3787 5279 3877 5319 re-

2281 5355 2482 5409 dundat
2511 5356 2804 5408 utilitatem.
2848 5353 2999 5410 Unde
3025 5370 3131 5409 non
3158 5355 3350 5409 frustra
3379 5355 3669 5424 Apostolus
3699 5373 3712 5407 :
3744 5353 3878 5408 Pro-

2281 5449 2524 5510 videmus,
2569 5448 2756 5516 inqttit,
2790 5447 2941 5512 bona,
2989 5464 3088 5500 non
3126 5448 3293 5501 solum
3323 5463 3497 5500 coram
3539 5445 3673 5510 Deo,
3705 5463 3877 5499 verunt

2282 5541 2432 5592 etiam
2471 5555 2642 5593 coram
2687 5539 2970 5592 hominibus
2996 5539 3061 5609 (ll
3092 5537 3210 5594 Cor.
3241 5556 3354 5606 vtu,
3385 5538 3498 5611 2i).
3533 5538 3663 5594 Item
3697 5538 3831 5594 dicit
3860 5555 3873 5592 :

2351 5715 2362 5745 ¹
2392 5716 2463 5763 sic
2486 5721 2594 5763 Mss.
2623 5720 2676 5762 At
2702 5713 2839 5776 editi,
2883 5726 3103 5776 repressa
3144 5714 3416 5771 intentione,
3450 5708 3688 5776 sentiendi
3713 5713 3806 5764 rim
3830 5713 3881 5762 in

2285 5775 2403 5825 alios
2427 5788 2590 5884 stitisth
2611 5773 2966 5836 promptiorem.
2990 5782 3062 5824 Er.
3083 5785 3131 5827 et
3156 5777 3334 5840 aliquot
3358 5785 3485 5837 Mss,
3507 5775 3562 5825 in
3577 5776 3700 5830 alios
3714 5788 3882 5828 sensus

2289 5851 2455 5884 υνθηιυ
2477 5849 2576 5884 ιονιξ

2289 5851 2422 5899 proni
2444 5851 2576 5884 )UOH?

2351 5902 2369 5930 ³
2396 5853 2560 5948 Piurcs
2578 5905 2703 5956 Mss,
2730 5896 3046 5960 impndader.
