4048 6550
255 493 362 550 ita

253 609 468 664 Placete
507 609 738 663 omnibus
779 624 867 678 per
901 609 1089 671 omnia,
1121 605 1250 660 sicut
1297 614 1343 659 et
1386 622 1476 678 ego
1509 606 1741 661 omnibus
1766 622 1856 676 per

252 699 428 755 omnia
473 701 664 767 placeo,
716 715 817 752 non
859 713 1088 770 qmerens
1127 696 1261 766 quod
1301 696 1424 750 mihi
1455 698 1577 751 utile
1623 708 1718 764 est,
1765 697 1854 752 sed

250 793 388 862 quod
419 792 614 854 multis,
655 799 708 843 ut
743 791 867 844 salvi
895 790 1021 858 ﬁant
1053 788 1096 858 (Ι
1135 787 1255 843 Cor.
1288 804 1345 850 x,
1374 787 1485 856 ‘55).
1527 788 1582 841 In
1623 787 1852 858 quadam

252 885 416 941 etiam
471 883 846 940 exhortatione
897 882 1068 936 dicit:
1097 880 1177 934 De
1219 891 1419 946 caztero,
1467 881 1672 950 fratres,
1711 895 1851 950 qua:-

250 993 470 1048 cumque
509 985 631 1030 sunt
663 991 800 1042 vera,
831 990 1158 1043 quaecumque
1186 982 1380 1036 sancta,
1420 987 1743 1042 quaecumque
1759 973 1854 1040 ju-

251 1079 352 1136 sto,
392 1083 723 1138 quacumque
768 1076 929 1133 casta,
971 1080 1296 1137 quotcumque
1350 1065 1668 1129 charissima,
1715 1078 1854 1133 qua:-

253 1177 470 1232 cumque
493 1161 641 1214 bona
676 1160 848 1230 famen,
879 1159 923 1212 si
943 1175 1043 1228 qua
1064 1159 1240 1222 virtus,
1267 1157 1311 1210 si
1340 1174 1442 1228 qua
1470 1158 1604 1221 laus,
1631 1157 1740 1210 htcc
1763 1173 1853 1210 co-

253 1255 431 1324 gitate,
474 1269 589 1326 qua:
639 1263 685 1307 et
727 1252 995 1316 didicistis,
1039 1261 1087 1306 et
1115 1251 1401 1320 accepistis,
1449 1260 1494 1304 et
1515 1249 1755 1315 audistis,
1805 1258 1853 1304 et

253 1347 451 1402 vidistis
479 1347 532 1400 in
562 1363 640 1400 me
664 1345 920 1419 (Philipp.
947 1360 1028 1409 Iv,
1057 1344 1091 1398 8
1111 1353 1156 1396 et
1185 1342 1265 1414 9).
1293 1343 1483 1397 Cernis
1509 1341 1855 1412 quemadmo-

254 1438 382 1493 dum
430 1438 571 1492 inter
607 1437 771 1491 multa
818 1451 938 1506 qua:
976 1433 1309 1490 exhortando
1352 1435 1701 1498 commonuit,
1745 1447 1853 1486 non

255 1529 554 1602 neglexerit
593 1543 815 1600 ponere,
861 1542 1188 1598 quacumque
1226 1525 1369 1580 bona:
1398 1529 1586 1596 fanue;
1616 1524 1854 1578 duobus-

254 1640 360 1694 que
387 1623 568 1678 verbis
603 1630 790 1678 cuncta
820 1621 1160 1684 concluserit,
1198 1619 1288 1674 ubi
1327 1620 1422 1686 ait,
1456 1619 1502 1672 si
1535 1634 1636 1687 qua
1672 1619 1850 1686 virtus,

254 1715 421 1783 siqua
449 1713 582 1767 laus.
629 1711 709 1766 Ad
738 1710 986 1766 virtutem
1028 1725 1258 1780 namque
1298 1709 1568 1780 pertinent
1592 1725 1710 1780 quae
1750 1725 1852 1764 an-

255 1815 340 1861 tea
386 1804 704 1860 memoravit
747 1804 922 1866 bona;
967 1802 1104 1856 fama
1138 1818 1287 1868 vero,
1334 1801 1402 1856 ad
1451 1801 1686 1856 laudem.
1717 1801 1851 1857 Puto

252 1895 399 1966 quod
427 1911 532 1948 non
563 1892 774 1949 laudem
801 1893 1075 1948 hominum
1109 1907 1203 1962 pro
1229 1908 1425 1962 magno
1448 1893 1688 1948 sumebat
1709 1898 1854 1962 Apo-

252 1987 448 2054 stolus,
479 1987 586 2041 alio
618 1987 738 2041 Ioco
767 1985 970 2050 dicens,
1005 1984 1136 2038 Mihi
1164 1994 1331 2039 autent
1357 1985 1618 2038 minimum
1643 1995 1714 2039 est
1742 1993 1795 2038 ut
1820 2001 1854 2038 a

251 2079 395 2132 vobis
422 2078 695 2148 dijudicer,
739 2087 824 2130 aut
862 2077 924 2130 ab
964 2077 1184 2131 humano
1214 2077 1294 2130 die
1324 2075 1363 2146 (I
1392 2075 1512 2132 Cor.
1550 2093 1621 2143 tv,
1663 2077 1750 2146 5);
1797 2085 1854 2132 et

250 2170 403 2234 alibi,
437 2170 501 2225 Si
529 2169 814 2224 hominibus
843 2168 1114 2239 placerem,
1151 2167 1338 2222 Christi
1366 2184 1536 2222 servus
1567 2185 1666 2221 non
1695 2185 1852 2222 essent

252 2262 457 2333 (Galat.
483 2278 516 2328 I,
548 2262 675 2331 10);
717 2271 768 2316 et
804 2262 1023 2328 iterum,
1069 2261 1204 2313 Nam
1229 2261 1394 2330 gloria
1424 2269 1592 2314 nostra
1623 2261 1728 2314 hwc
1758 2269 1848 2326 cst,

251 2355 594 2408 testimonium
633 2354 952 2407 conscientia:
983 2361 1168 2406 nostra:
1198 2352 1265 2425 (Il
1297 2351 1414 2407 Cor.
1435 2368 1472 2419 ι,
1505 2352 1617 2422 1‘2).
1650 2352 1756 2408 Sed
1789 2352 1854 2405 il-

251 2445 428 2499 lorum
458 2446 712 2511 duorum,
747 2446 796 2499 id
827 2454 928 2509 est,
959 2445 1114 2500 bona:
1147 2446 1266 2499 vita:
1297 2454 1351 2500 et
1377 2445 1531 2499 bona:
1566 2445 1742 2512 famae,
1765 2445 1851 2500 vel

250 2537 398 2607 quod
440 2538 655 2592 brevius
707 2536 921 2602 dicitur,
963 2537 1176 2599 virtutis
1213 2544 1268 2590 et
1296 2535 1487 2600 laudis,
1535 2552 1696 2590 unum
1729 2551 1855 2605 pro—

250 2640 376 2699 pter
405 2646 466 2685 se
504 2631 676 2699 ipsum
709 2628 1104 2698 sapientissime
1143 2627 1426 2694 retinebat,
1468 2628 1695 2682 alterum
1726 2643 1852 2698 pro-

250 2730 375 2791 pter
403 2720 541 2775 alios
571 2720 1072 2775 misericordissime
1099 2719 1428 2789 providebat.
1458 2720 1564 2776 Sed
1600 2722 1850 2791 quoniam

249 2813 583 2883 quantalibet
615 2813 845 2866 humana
889 2812 1095 2866 cautela
1144 2813 1476 2883 suspiciones
1520 2812 1853 2868 malevolenn

252 2906 491 2960 tissimas
539 2920 645 2959 non
688 2913 865 2975 potest
904 2905 1050 2958 omni
1094 2919 1162 2958 ex
1205 2913 1356 2974 parte
1385 2905 1575 2971 vitare,
1623 2905 1711 2960 ubi
1755 2920 1852 2976 pro

251 2996 659 3051 existimatione
707 3005 887 3050 nostra
927 2993 1180 3065 quidquid
1220 3006 1366 3051 recte
1391 3011 1676 3066 possumus
1714 2995 1855 3052 fece-

250 3089 442 3155 rimus,
471 3089 516 3142 si
550 3088 713 3159 aliqui
735 3087 803 3142 de
826 3087 978 3142 nobis
1003 3087 1086 3142 vel
1110 3087 1246 3142 mala
1275 3089 1578 3160 fingendo‘,
1610 3090 1692 3144 vel
1715 3092 1854 3148 male

253 3180 555 3245 credendo,
585 3179 782 3235 famam
808 3188 1044 3234 nostram
1065 3177 1378 3235 decolorare
1401 3191 1681 3248 conantur,
1715 3182 1854 3238 adsit

250 3274 605 3328 conscientia:
631 3272 900 3338 solatium,
928 3272 1193 3343 planeque
1227 3272 1385 3327 etiam
1417 3274 1688 3343 gaudium,
1711 3274 1851 3345 quod

251 3381 464 3422 merces
495 3375 676 3420 nostra
707 3381 895 3436 magna
925 3374 1006 3419 est
1037 3365 1087 3419 in
1129 3365 1485 3432 ctelis,'etiam
1524 3382 1644 3421 cum
1670 3367 1855 3421 dicunt

251 3456 506 3514 homines
549 3457 688 3510 mala
733 3458 895 3510 multa
936 3455 1004 3510 de
1050 3456 1224 3520 nobis,
1276 3455 1360 3526 pie
1399 3465 1577 3512 tamen
1604 3457 1855 3527 justeque

249 3551 561 3605 viventibus
590 3549 799 3620 (Matth.
831 3565 884 3614 v,
919 3550 1007 3614 Il,
1042 3548 1155 3618 12).
1183 3547 1274 3602 Illa
1313 3548 1454 3603 enim
1497 3565 1703 3604 merces
1739 3558 1855 3604 tan-

247 3660 409 3714 quam
444 3643 768 3712 stipcndinm
803 3651 884 3695 est
911 3641 1274 3708 militantium,
1309 3658 1406 3710 per
1428 3658 1578 3696 arma
1610 3644 1852 3712 justitim,

247 3751 350 3790 non
382 3735 568 3790 solum
602 3734 839 3798 dextera,
874 3749 1058 3789 verum
1103 3743 1157 3788 et
1197 3734 1451 3800 sinistra;
1499 3750 1593 3804 per
1629 3735 1853 3805 gloriam

246 3827 455 3881 scilicet
490 3835 545 3879 et
585 3824 990 3894 ignobilitatem,
1025 3841 1121 3896 per
1147 3823 1418 3880 infamiam
1459 3836 1514 3881 et
1551 3826 1744 3881 bonam
1777 3827 1853 3882 fa-

248 3937 386 3975 mam
421 3919 490 3992 (Il
517 3917 638 3974 Cor.
669 3934 742 3982 vr,
775 3919 826 3985 7,
857 3918 936 3989 8).
1775 3962 1778 3966 .

316 4009 560 4067 CAPUT
604 4009 790 4064 XXIII.
830 4039 903 4050 —
929 4010 1023 4065 28.
1068 4010 1390 4065 Continentes
1439 4021 1770 4081 perseverent,
1808 4023 1855 4066 et

248 4107 361 4160 aliis
388 4104 734 4175 persuadeant
765 4105 1140 4158 continentiam.
1173 4104 1462 4160 Conclusio.
1494 4107 1644 4176 Agite
1676 4107 1854 4177 itaque

248 4217 467 4257 cursum
503 4208 760 4260 vestrum,
803 4207 858 4254 et
896 4207 1304 4269 perseveranter
1345 4200 1562 4262 Currite,
1611 4209 1667 4252 nt
1706 4215 1854 4254 com-

249 4292 639 4364 prehendatis;
681 4301 734 4346 et
773 4291 1021 4360 exemplo
1047 4292 1168 4345 vitae
1212 4290 1705 4361 exhortationisque
1734 4309 1853 4347 ser-

249 4400 407 4440 mone
456 4384 635 4452 rapite
681 4382 733 4435 in
766 4381 1012 4436 eumdem
1052 4397 1267 4436 cursum
1300 4392 1533 4436 vestrum
1563 4398 1850 4452 quascum-

249 4492 351 4548 que
378 4475 694 4546 potueritis.
725 4474 837 4528 Non
867 4489 961 4529 vos
986 4473 1054 4528 ab
1081 4473 1183 4529 hoc
1209 4473 1406 4537 studio,
1434 4489 1539 4544 quo
1567 4475 1759 4528 multas
1787 4474 1853 4529 ad

249 4569 576 4625 imitandum
620 4567 884 4631 excitatis,
925 4567 1132 4638 frangat
1177 4568 1390 4637 querela
1440 4582 1722 4634 vanorum,
1763 4566 1856 4637 qui

249 4661 436 4717 dicunt
486 4679 500 4714 :
551 4659 834 4728 Quomodo
896 4659 1151 4715 subsistet
1203 4674 1370 4728 genus
1423 4660 1748 4726 humanum,
1811 4661 1856 4715 si

251 4772 442 4811 omnes
486 4754 690 4809 fuerint
731 4753 1100 4809 continentes?
1138 4753 1297 4820 Quasi
1330 4762 1546 4822 propter
1587 4753 1728 4808 aliud
1772 4770 1858 4808 re-

248 4849 496 4903 tardetur
525 4847 628 4900 hoc
657 4848 930 4911 smculum,
965 4846 1066 4901 nisi
1107 4856 1163 4900 ut
1193 4847 1477 4916 impleatur
1505 4846 1854 4914 praadestina-

250 4949 335 4996 tus
363 4953 630 4995 numerus
658 4939 746 4992 ille
774 4947 1101 5005 sanctorum,
1135 4953 1238 5006 quo
1281 4938 1436 4992 citius
1465 4938 1703 5008 impleto,
1735 4953 1857 5007 pro-

249 5032 390 5088 fecto
430 5047 538 5087 nec
583 5031 842 5085 terminus
883 5031 1062 5085 surculi
1101 5029 1396 5085 differetur.
1435 5029 1544 5085 Nec
1589 5029 1719 5084 illud
1761 5044 1856 5085 vos

315 5166 331 5198 ι
354 5163 504 5224 aliti,
531 5161 604 5214 vel
638 5159 761 5212 male
781 5159 1030 5227 ﬁngendo.
1051 5161 1278 5212 leliores
1294 5168 1422 5222 Mss,
1444 5161 1590 5212 mala.

1439 493 1525 548 DE
1565 493 1742 549 ΒΟΝΟ
1786 493 2175 552 VIDUITATIS
2219 497 2438 553 LIBER.

3459 515 3564 570 450

1963 610 2200 664 retardet
2229 610 2296 666 ab
2319 611 2493 667 studio
2524 609 2876 682 persuadendi
2909 609 3026 676 aliis
3066 617 3263 677 bonum
3291 638 3551 695 vesnum,

1964 703 2007 756 si
2047 704 2255 758 dicatur
2300 706 2450 759 vobis
2483 723 2495 760 :
2523 706 2656 761 Cum
2701 719 2756 764 et
2801 713 2995 780 nuptiae
3036 713 3188 768 bona:
3235 715 3370 781 sint,
3418 734 3552 788 quo-

1964 795 2126 850 modo
2147 806 2304 852 erunt
2325 798 2503 852 omnia
2530 799 2669 854 bona
2699 801 2748 854 in
2773 802 2969 857 Christi
2993 819 3235 874 corpore,
3265 818 3318 863 et
3349 811 3550 879 majora

1963 887 2168 942 scilicet
2194 896 2248 943 et
2277 889 2504 955 minora,
2534 892 2576 944 si
2604 908 2794 947 onmes
2819 895 3160 951 continentiae
3202 899 3360 954 laude
3391 911 3552 970 atque

1963 994 2146 1036 amore
2177 982 2191 1012 ¹
2222 982 2532 1037 imitentur?
2576 984 2774 1051 Primo,
2820 987 2942 1056 quia
2981 991 3222 1044 conando
3272 1002 3328 1046 ut
3369 1010 3559 1050 omnes

1962 1074 2070 1127 sint
2101 1076 2458 1140 continentes,
2495 1084 2619 1131 tunc
2645 1087 2801 1132 erunt
2838 1079 2922 1132 vel
2958 1096 3157 1148 paucte.
3196 1082 3372 1151 Neque
3409 1086 3552 1139 enim

1962 1181 2133 1219 omnes
2159 1167 2365 1236 capiunt
2388 1167 2588 1221 verbum
2617 1168 2730 1222 hoc.
2763 1169 2866 1223 Sed
2889 1171 3138 1239 quoniam
3168 1173 3419 1241 scriptum
3447 1185 3553 1240 est,

1966 1248 2068 1324 Qui
2095 1269 2256 1330 potest
2299 1277 2497 1330 capere,
2539 1263 2705 1332 capiat
2741 1261 2957 1331 (Matth.
2987 1279 3098 1329 xu,
3143 1265 3230 1328 Η,
3266 1264 3390 1338 12);
3432 1277 3556 1322 tunc

1961 1350 2178 1419 capiunt
2215 1366 2333 1421 quae
2381 1361 2625 1421 possunt,
2667 1354 2712 1406 si
2752 1368 2853 1408 nec
2889 1354 2996 1407 illis
3025 1371 3143 1424 quae
3184 1372 3290 1409 non
3336 1359 3552 1427 capiunt

1963 1449 2217 1495 taceatur.
2251 1443 2470 1510 Deinde,
2501 1459 2600 1500 nec
2625 1445 2810 1500 timere
2834 1445 3092 1501 debemus
3122 1464 3188 1503 ne
3211 1449 3343 1503 forte
3369 1466 3558 1506 omnes

1962 1531 2198 1599 capiant,
2231 1541 2284 1586 et
2322 1533 2520 1602 aliquid
2545 1533 2612 1589 de
2642 1535 2939 1590 minoribus
2963 1535 3140 1602 bonis,
3175 1538 3226 1592 id
3260 1549 3342 1594 est
3372 1541 3560 1610 conju-

1959 1620 2094 1690 galis
2124 1621 2231 1674 vita
2251 1623 2293 1687 ’,
2319 1621 2518 1678 Christi
2547 1623 2688 1678 desit
2721 1624 2773 1677 in
2816 1639 3061 1694 corpore.
3100 1625 3158 1682 Si
3195 1629 3336 1682 enim
3367 1643 3557 1686 omnes

1962 1712 2229 1768 audierint
2254 1722 2310 1769 et
2337 1729 2524 1771 omnes
2553 1717 2814 1786 ceperint,
2847 1717 3143 1789 intelligere
3171 1720 3428 1777 debemus
3455 1723 3559 1779 hoc

1962 1802 2135 1872 ipsum
2182 1805 2347 1860 fuisse
2383 1807 2839 1876 praedestinatum,
2894 1818 2952 1864 ut
2988 1810 3285 1882 conjugalia
3319 1813 3455 1867 bona
3501 1813 3556 1870 in

1961 1893 2172 1950 illorum
2199 1913 2435 1952 numero.
2452 1898 2812 1953 membrorum
2837 1899 2946 1968 jam
2977 1901 3261 1967 sufﬁciant,
3293 1920 3411 1974 qua:
3451 1916 3556 1960 tam

1962 1986 2126 2040 multa
2173 2003 2239 2042 ex
2276 1988 2374 2043 hac
2402 1989 2506 2043 vita
2537 1990 2878 2044 transierunt.
2912 1991 3095 2062 Neque
3134 1994 3275 2047 enim
3321 2011 3478 2060 nunc,
3509 1997 3557 2052 si

1960 2090 2149 2133 omnes
2195 2077 2391 2133 fuerint
2436 2081 2808 2146 continentes,
2858 2081 3115 2137 honorem
3166 2085 3554 2141 continentium

1960 2167 2136 2222 daturi
2165 2178 2291 2223 sunt
2319 2172 2397 2224 eis
2433 2172 2520 2240 qui
2555 2171 2897 2226 tricenarium
2924 2173 3172 2239 fructum,
3203 2175 3247 2229 si
3285 2177 3336 2229 in
3365 2177 3557 2247 conju-

1960 2261 2064 2330 gali
2109 2261 2250 2315 bono
2289 2263 2404 2330 ipse
2452 2263 2763 2333 intelligitur
2785 2264 2826 2330 ³,
2863 2264 2972 2334 jam
3019 2265 3302 2321 dominicis
3347 2267 3557 2324 horreis

1961 2350 2253 2406 intulerunt
2298 2351 2406 2423 (Id.
2439 2369 2558 2417 xui,
2597 2353 2675 2424 8).
2725 2354 3006 2409 Habebunt
3051 2372 3180 2428 ergo
3222 2358 3331 2412 illic
3373 2361 3552 2414 omnia

1962 2440 2062 2495 ista
2094 2441 2230 2496 bona
2276 2458 2430 2496 suum
2459 2443 2659 2507 locum,
2700 2446 2908 2500 etiamsi
2959 2446 3211 2518 deinceps
3254 2450 3394 2504 nulla
3421 2451 3552 2506 velit
3617 2454 3624 2460 ’

1961 2533 2184 2598 nubere,
2213 2533 2294 2587 vel
2336 2549 2495 2588 nemo
2524 2534 2720 2590 ducere
2761 2552 3003 2592 uxorem.
3036 2539 3235 2593 Secure
3265 2540 3440 2610 itaque
3468 2541 3556 2596 in-

1961 2634 2097 2680 state
2126 2626 2318 2696 quibus
2347 2628 2589 2696 potestis,
2623 2637 2679 2681 ut
2701 2630 2829 2682 liant
2855 2630 2996 2699 quod
3018 2646 3109 2684 vos
3137 2633 3265 2685 estis
3289 2650 3301 2686 :
3324 2641 3378 2688 et
3404 2643 3557 2690 orate

1961 2720 2241 2788 vigilanter
2267 2730 2425 2790 atque
2453 2719 2748 2788 ferventer,
2780 2730 2837 2776 ut
2873 2722 3141 2792 adjutorio
3169 2723 3404 2780 dextera:
3456 2727 3564 2781 Ex-

1961 2813 2090 2866 celsi
2120 2821 2174 2866 et
2212 2811 2534 2866 abundantia
2566 2812 3078 2868 misericordissima
3108 2816 3294 2884 gratia:
3324 2817 3558 2886 Domini,

1962 2912 2016 2956 et
2040 2904 2394 2972 perseveretis
2421 2903 2476 2958 in
2516 2919 2583 2959 eo
2621 2904 2762 2974 quod
2793 2905 2945 2971 estis,
2990 2914 3042 2959 et
3085 2905 3372 2975 proficiatis
3403 2908 3468 2962 ad
3510 2908 3561 2963 id

1961 2995 2103 3065 quod
2133 2996 2302 3050 eritis.

2034 3088 2123 3142 29.
2159 3086 2360 3141 Deinde
2389 3087 2613 3142 obsecro
2639 3102 2736 3142 vos
2765 3102 2859 3158 per
2886 3087 3030 3142 illum
3056 3102 3086 3142 a
3112 3103 3217 3159 quo
3247 3098 3302 3144 et
3330 3089 3433 3145 hoc
3459 3088 3557 3145 do-

1963 3192 2093 3232 num
2137 3177 2455 3247 accepistis,
2504 3188 2556 3233 et
2599 3177 2759 3248 hujus
2802 3178 2928 3233 doni
2968 3180 3183 3248 prmmia
3212 3182 3476 3252 speratis,
3507 3191 3564 3238 ut

1962 3285 2051 3325 me
2091 3284 2301 3340 quoque
2340 3269 2671 3326 orationibus
2714 3271 2903 3326 \estris
2945 3272 3298 3328 memineritis
3325 3273 3564 3332 inserere

1963 3377 2083 3417 cum
2131 3371 2240 3417 tota
2283 3361 2575 3417 domestica
2623 3372 2797 3417 vestra
2847 3363 3104 3419 Ecclesia.
3149 3363 3559 3423 Ordinatissime

1963 3453 2160 3522 quippe
2203 3454 2446 3522 provenit
2491 3463 2548 3508 ut
2596 3454 2752 3508 matri
2787 3463 2978 3510 vestrae
3012 3454 3122 3525 jam
3161 3457 3458 3526 grandmvze
3495 3459 3566 3515 de

1963 3545 2204 3600 oratione
2248 3545 2530 3614 epistolam
2577 3546 2868 3601 scriberem
2914 3544 3027 3616 (a);
3068 3547 3136 3601 ad
3167 3547 3335 3616 ipsam
3367 3549 3565 3619 quippe

1965 3637 2197 3692 maxime
2238 3637 2469 3706 pertinet
2512 3637 2718 3692 orando
2759 3632 3074 3693 concertare
3110 3653 3204 3708 pro
3229 3641 3414 3706 vobis,
3443 3657 3564 3711 quae

1964 3728 2031 3783 de
2067 3744 2128 3784 se
2166 3731 2342 3783 minus
2372 3729 2597 3784 sollicita
2626 3739 2892 3800 estquam
2923 3729 2990 3785 de
3020 3730 3172 3785 vobis
3201 3749 3214 3783 :
3244 3742 3297 3786 et
3325 3741 3385 3786 ut
3412 3733 3480 3786 ad
3512 3741 3565 3789 te

1964 3824 2142 3895 potius
2172 3839 2330 3893 quam
2359 3823 2425 3877 ad
2459 3824 2599 3878 illam
2633 3823 2732 3877 hoc
2756 3823 2823 3877 de
2848 3823 3172 3878 continentia
3203 3824 3397 3878 viduali
3428 3841 3563 3894 opu-

1964 3918 2168 3971 sculum
2219 3916 2489 3979 facerem;
2538 3916 2662 3984 quia
2709 3915 2799 3970 tibi
2847 3930 3105 3984 superare
3147 3915 3321 3970 adhuc
3355 3927 3561 3984 restat,

1965 4012 2104 4083 quod
2149 4011 2259 4080 jam
2304 4021 2434 4064 tetas
2479 4009 2623 4062 illius
2663 4009 2954 4077 superavit.
2985 4007 3149 4078 Virgo
3172 4018 3349 4062 autem
3379 4019 3564 4064 sancta

1965 4108 2143 4178 proles
2173 4115 2348 4159 vestra
2373 4144 2388 4171 ,
2420 4104 2463 4158 si
2487 4102 2688 4173 aliquid
2716 4101 2781 4155 de
2811 4116 2905 4156 sua
2937 4100 3270 4171 professione
3293 4100 3566 4158 desiderat

1964 4216 2034 4257 ex
2065 4197 2338 4254 laboribus
2367 4196 2564 4250 nostris
2585 4237 2601 4262 ,
2629 4193 2788 4249 habet
2813 4193 3072 4264 grandem
3101 4193 3294 4248 librum
3325 4193 3392 4249 de
3420 4193 3564 4249 San-

1964 4301 2048 4345 cta
2083 4288 2394 4359 Virginitate
2415 4327 2427 4351 ,
2461 4301 2618 4356 quem
2651 4285 2809 4355 legat.
2840 4285 2915 4340 De
2940 4300 3045 4354 quo
3073 4284 3296 4355 legendo
3325 4286 3483 4340 etiam
3512 4295 3565 4341 te

1964 4396 2398 4438 commonueram
2420 4421 2434 4444 ,
2474 4379 2725 4449 quoniam
2762 4377 2927 4432 multa
2961 4377 3197 4432 continet
3230 4378 3444 4447 utrique
3470 4393 3566 4434 ne-

1965 4475 2195 4532 cessaria
2224 4472 2475 4534 castitati,
2504 4472 2605 4525 hoc
2630 4479 2731 4535 est,
2762 4469 3004 4539 virginali
3026 4478 3185 4538 atque
3207 4467 3422 4533 viduali,
3446 4484 3567 4538 quae

1966 4568 2056 4624 hic
2099 4575 2381 4637 propterea
2425 4563 2618 4635 partim
2660 4563 2888 4617 tenuiter
2913 4561 3092 4630 attigi,
3127 4561 3316 4629 partim
3347 4559 3566 4613 omnino

1969 4658 2323 4730 praetermisi,
2362 4657 2486 4728 quia
2524 4655 2596 4710 ibi
2628 4654 2899 4724 copiosius
2925 4651 3212 4723 diSputavi.
3246 4651 3569 4706 Perseveres

1967 4753 2019 4807 in
2046 4751 2216 4822 gratia
2241 4749 2464 4804 Christi.

2031 4893 2046 4923 ¹
2079 4892 2150 4939 sic
2171 4897 2279 4938 Mss.
2311 4895 2364 4938 At
2388 4887 2522 4943 editi,
2553 4884 2748 4934 laudem
2770 4890 2911 4947 atque
2934 4895 3163 4934 amorem.

2031 4957 2051 4986 ²
2077 4961 2150 5001 I-ir.
2179 4960 2231 5001 et
2255 4951 2422 5013 plures
2448 4947 2720 5013 sjss.,vitte.
2836 5007 2846 5013 _
2952 5003 2981 5013 η
3034 5005 3043 5013 ι
3202 5001 3212 5011 ,
3399 5001 3409 5012 ,
3450 5010 3457 5013 _

2008 5017 2052 5087 .3
2075 5022 2138 5064 tta
2175 5003 2278 5062 Mss.
2316 5019 2372 5061 At
2416 5003 2570 5069 editi,
2612 5008 2694 5072 qui
2736 5003 2981 5071 conjugali
3028 5005 3146 5055 bono
3194 5003 3346 5054 inesse
3391 5003 3566 5053 intelli-

2000 5086 2114 5127 tlttr.

1967 5092 2332 5222 gu(ltt’).t€pistola
2351 5154 2457 5214 150,
2487 5151 2547 5202 ad
2576 5153 2794 5201 Proham.

248 5336 3567 5372 ____________________________________________—__

329 5509 411 5568 In
443 5503 651 5567 libros
688 5501 764 5564 de
793 5501 1125 5582 Conjugiis
1159 5499 1551 5561 Adnlterinis
1588 5496 1729 5558 vide
1776 5495 1886 5557 lib.
1917 5493 1980 5557 2.
2015 5509 2150 5572 cap.
2194 5489 2294 5563 57,
2328 5485 2909 5560 Relractationum,
2962 5489 3109 5544 tom.
3142 5481 3203 5557 1,
3245 5477 3368 5542 col.
3411 5477 3569 5552 653,

250 5606 481 5676 verbis,
503 5603 745 5684 Scripsi
773 5603 933 5666 duos
970 5603 1194 5678 libros,
1224 5619 1415 5682 usque
1443 5597 1525 5660 ad
1553 5596 1758 5667 verba,
1807 5597 1964 5659 Mihi
1996 5593 2377 5671 scripseras.
2464 5587 2550 5650 M.
