4048 6498
210 370 312 425 ιόὗ

210 482 415 539 Deinde
447 496 575 540 eum
615 482 815 539 dictum
850 491 966 547 est,
997 481 1309 551 Quicumque
1338 478 1582 534 dimiserit
1607 490 1817 531 mrem

209 592 393 639 suam,
432 584 646 645 excepta
680 590 835 628 causa
874 572 1255 643 fornicationis,
1295 571 1416 642 facit
1439 587 1549 625 eam
1575 568 1816 623 maschari

212 665 424 734 (Matth.
454 680 523 731 ν,
553 665 647 733 52)
672 681 687 729 ;
719 664 989 735 quomodo
1013 663 1215 718 dictum
1244 661 1566 718 intellecturi
1593 673 1814 726 sumus,

214 756 312 811 nisi
362 755 697 826 prohibitum
747 769 868 809 esse
913 753 1119 810 homini
1159 752 1427 807 dimittere
1467 766 1723 817 uxorem,
1771 750 1814 804 si

216 847 360 901 nulla
410 862 574 901 causa
621 845 990 900 fornicationis
1031 844 1337 900 exstiterit?
1382 843 1448 898 Et
1486 842 1687 897 dictum
1737 849 1820 896 est

219 954 380 1009 quare
401 980 416 1005 ,
447 953 518 993 ne
545 938 749 993 scilicet
775 935 936 991 faciat
963 951 1081 992 eam
1113 934 1369 992 mmchari
1399 951 1415 990 :
1445 934 1630 1005 utique
1660 932 1813 997 ideo,

211 1034 334 1103 quia
373 1032 588 1086 etiamsi
629 1047 734 1085 non
774 1031 888 1100 ipsa
920 1029 1217 1095 dimiserit,
1255 1028 1350 1085 sed
1375 1029 1589 1083 dimissa
1616 1024 1814 1093 fuerit,

214 1126 315 1181 erit
340 1122 555 1178 moecha
576 1164 592 1187 ,
624 1122 670 1177 si
699 1120 961 1191 nupserit.

285 1214 517 1271 CAPUT
547 1214 633 1269 lll.
666 1244 728 1254 —
757 1213 922 1269 Locus
951 1213 1182 1285 Apostoli
1208 1212 1273 1267 de
1291 1212 1499 1266 muliere
1526 1225 1638 1281 qua:
1657 1227 1689 1264 a
1709 1212 1817 1264 viro

218 1308 505 1381 {micante
546 1306 795 1371 discedit,
846 1304 1226 1377 intelligendus.
1275 1304 1501 1372 Propter
1543 1302 1644 1356 hoc
1687 1315 1816 1371 ergo

220 1410 324 1454 tam
356 1414 611 1469 magnum
637 1399 866 1462 malum,
899 1412 1005 1452 non
1018 1398 1152 1451 licet
1173 1395 1374 1451 homini
1396 1395 1663 1449 dimittere
1683 1408 1817 1449 uxo-

218 1506 367 1555 rem,
399 1491 503 1545 nisi
531 1506 595 1545 ex
624 1504 782 1545 causa
810 1488 1197 1565 fornicationis,
1231 1488 1381 1542 Tune
1404 1488 1546 1542 enim
1574 1502 1677 1541 non
1702 1486 1818 1555 ipse

216 1585 537 1641 dimittendo
576 1583 700 1638 facit
737 1582 1070 1647 adulteram,
1114 1581 1210 1637 sed
1250 1580 1470 1636 dimittit
1494 1579 1815 1636 adulteram.

217 1676 355 1745 Quid
400 1677 444 1731 si
491 1691 620 1745 ergo
662 1674 841 1742 dicat,
889 1674 1105 1728 Dimitto
1138 1671 1353 1744 quidem
1393 1686 1613 1727 uxorem
1640 1685 1815 1726 meam

218 1771 336 1825 sine
380 1768 489 1823 ulla
530 1782 692 1823 causa
732 1765 1135 1829 fornicationis,
1181 1763 1275 1819 sed
1303 1762 1582 1818 continens
1608 1776 1820 1831 perma-

216 1859 403 1916 nebo?
446 1860 640 1914 ideone
673 1857 913 1913 dicemus
942 1872 1064 1912 eum
1097 1856 1314 1924 impune
1338 1852 1534 1909 fecisse
1561 1852 1703 1923 quod
1734 1852 1816 1907 fe-

216 1952 329 2008 cit?
372 1951 506 2021 Quis
545 1949 650 2005 hoc
686 1948 867 2004 dicere
904 1946 1154 2010 audebit,
1199 1945 1289 2015 qui
1329 1944 1662 1998 voluntatem
1708 1942 1816 1996 Do-

216 2043 345 2096 mini
390 2040 509 2096 haec
547 2040 771 2095 dicentis
809 2035 1092 2107 intelligit?
1121 2036 1382 2103 Quoniam
1411 2034 1817 2109 nec‘continen-

216 2136 306 2190 tim
331 2148 496 2188 causa
526 2130 723 2187 dimitti
747 2131 1026 2202 coniugem
1054 2129 1251 2198 voluit,
1281 2128 1372 2200 qui
1400 2128 1569 2183 solam
1597 2141 1816 2183 causam

216 2223 589 2279 fornicationis
618 2220 847 2293 excepit.

284 2317 340 2371 5.
384 2314 690 2369 Redeamus
723 2314 883 2384 igitur
908 2312 977 2368 ad
1012 2312 1125 2383 ipsa
1154 2312 1396 2383 Apostoli
1434 2311 1599 2367 verba
1625 2311 1814 2368 dicen-

216 2407 284 2461 tis
307 2448 322 2471 ,
358 2405 455 2459 llis
476 2416 643 2459 autem
666 2406 752 2475 qui
775 2414 893 2459 sunt
916 2405 969 2458 in
989 2405 1225 2475 conjugio
1255 2403 1495 2473 praecipio
1516 2446 1530 2467 ,
1557 2422 1658 2458 non
1685 2420 1775 2474 ego
1796 2445 1813 2469 ,

215 2500 303 2553 sed
322 2498 602 2564 Dominus,
626 2515 835 2554 uxorem
860 2515 891 2552 a
911 2500 1017 2553 viro
1039 2515 1139 2552 non
1161 2498 1415 2553 discedere
1442 2513 1461 2562 ;
1485 2501 1619 2569 quod
1648 2498 1692 2551 si
1715 2499 1817 2552 dis-

213 2590 457 2657 cesserit,
488 2606 693 2643 ntanere
728 2590 994 2659 innuptam
1024 2605 1044 2654 ;
1085 2599 1139 2644 et
1168 2603 1289 2643 eum
1334 2589 1477 2643 velut
1515 2588 1814 2658 interroge-

215 2698 364 2748 mus,
396 2692 451 2737 et
479 2690 731 2753 tanquam
762 2690 1077 2751 praesentem
1104 2680 1334 2751 quodam
1366 2680 1527 2735 modo
1567 2680 1814 2735 consula-

221 2790 343 2829 mus
370 2793 383 2827 :
410 2773 521 2829 Cur
545 2774 748 2839 dixisti,
788 2773 1063 2843 Apostole,
1103 2772 1238 2842 quod
1274 2772 1316 2826 si
1343 2772 1659 2836 discesserit,
1705 2787 1816 2825 ma-

216 2887 337 2923 nere
365 2870 636 2939 innuptam
665 2869 690 2921 ?
718 2868 938 2923 Licetne
963 2868 1271 2935 discedere,
1300 2883 1366 2921 an
1397 2882 1503 2922 non
1552 2867 1676 2922 licet
1702 2865 1727 2919 ?
1755 2865 1814 2921 Si

216 2976 320 3014 nou
351 2960 507 3025 licet,
537 2975 634 3014 cur
679 2959 924 3029 praecipis
962 2958 1257 3014 discedenti
1288 2967 1345 3012 ut
1393 2968 1607 3013 maneat
1654 2960 1816 3012 innu-

216 3053 357 3122 pta?
382 3054 438 3108 Si
470 3062 647 3106 autem
671 3051 831 3116 licet,
866 3049 1110 3120 profecto
1150 3058 1232 3104 est
1272 3049 1446 3118 aliqua
1500 3063 1659 3103 causa
1709 3063 1816 3119 qua

214 3146 397 3201 liccat.
428 3145 558 3199 Haec
584 3152 761 3198 autem
789 3143 1036 3213 inquisita
1066 3158 1170 3197 non
1202 3143 1489 3209 invenitur,
1524 3143 1623 3197 nisi
1654 3158 1813 3211 quam

214 3238 387 3292 solam
419 3235 667 3291 Salvator
704 3235 950 3305 excepit,
986 3235 1035 3289 id
1064 3245 1181 3299 est,
1232 3249 1392 3288 causa
1427 3234 1811 3289 fornicationis.

213 3330 293 3383 Ac
339 3343 439 3397 per
480 3327 581 3381 hoc
620 3339 727 3381 non
772 3326 1025 3396 praecepit
1076 3326 1364 3397 Apostolus
1403 3326 1719 3390 mulierem,
1768 3327 1815 3382 si

213 3418 548 3484 discesserit,
581 3431 799 3472 manere
828 3418 1122 3487 innuptam,
1146 3418 1246 3472 nisi
1272 3433 1391 3488 quas
1419 3418 1504 3472 illa
1529 3433 1688 3473 causa
1714 3418 1817 3472 dis-

212 3512 361 3567 cedit
404 3526 437 3565 a
466 3510 602 3577 viro,
628 3525 733 3580 qua
764 3510 876 3565 sola
907 3511 954 3565 ei
982 3511 1181 3566 licitum
1210 3519 1294 3566 est
1319 3511 1596 3567 discedere
1621 3528 1651 3565 a
1676 3514 1812 3567 viro.

214 3603 317 3659 Ubi
344 3602 490 3657 enim
530 3601 724 3655 dicitur
747 3642 760 3665 ,
810 3599 1065 3671 Prwcipio
1108 3618 1210 3655 non
1247 3601 1502 3656 discedere
1536 3619 1556 3667 ;
1596 3602 1731 3672 quod
1772 3603 1815 3656 si

212 3694 527 3758 discesserit,
550 3707 752 3745 manere
775 3692 1041 3763 innuptam
1064 3692 1243 3757 ;absit
1265 3703 1321 3747 ιιι
1343 3702 1527 3746 contra
1551 3691 1655 3747 hoc
1680 3709 1816 3762 pra}-

212 3794 431 3853 ceptum
470 3780 650 3850 faciat,
691 3797 812 3852 qua:
839 3782 918 3838 sic
951 3781 1177 3837 discedit
1221 3791 1280 3836 ut
1334 3782 1551 3851 innupta
1599 3796 1817 3851 perma-

215 3884 363 3931 neat.
409 3872 525 3929 Nisi
569 3888 697 3944 ergo
727 3873 813 3928 illa
860 3874 1189 3943 intelligatur
1234 3873 1319 3928 cui
1370 3873 1493 3929 licet
1537 3872 1815 3928 discedere

216 3968 235 4037 (
260 3982 368 4022 non
396 3974 578 4021 autem
609 3967 733 4022 licet
760 3965 861 4021 nisi
901 3965 1015 4021 viro
1044 3964 1367 4037 fornicante)
1392 4007 1407 4032 ,
1435 3964 1704 4035 quomodo
1724 3965 1816 4035 iu-

216 4058 373 4113 betur
416 4058 671 4128 innupta,
704 4057 749 4113 si
776 4057 1078 4113 discesserit
1110 4098 1123 4119 ,
1160 4056 1521 4127 permanere?
1560 4055 1689 4123 Quis
1734 4065 1817 4111 cst

215 4153 303 4222 qui
338 4151 484 4205 dicat
535 4168 550 4205 :
596 4150 652 4205 Si
699 4150 1011 4205 discesserit
1062 4150 1254 4204 mulier
1291 4165 1321 4203 a
1356 4149 1473 4205 viro
1501 4164 1605 4204 non
1634 4149 1815 4204 forni-

215 4257 375 4301 caute
398 4287 413 4307 ,
465 4245 685 4314 innupta
717 4252 1047 4314 permaneat,
1080 4258 1200 4297 cum
1232 4244 1281 4297 ei
1314 4243 1414 4297 nisi
1436 4258 1467 4296 a
1505 4244 1617 4298 viro
1648 4242 1816 4297 forni-

215 4346 375 4391 cante
432 4335 715 4391 discedere
757 4335 977 4390 omnino
1008 4351 1114 4390 non
1158 4336 1366 4389 liccat?
1394 4335 1597 4391 Sensus
1638 4335 1818 4405 itaque

218 4429 318 4493 iste
348 4440 475 4482 tuus
499 4435 756 4497 quantum
787 4426 1100 4483 adversetur
1144 4429 1357 4483 vinculo
1384 4428 1649 4500 coniugali
1676 4469 1691 4493 ,
1727 4428 1816 4484 ubi

220 4521 480 4573 Dominus
509 4533 612 4574 nec
649 4518 1035 4575 continentiam
1064 4519 1232 4575 voluit
1286 4521 1525 4590 suscipi,
1566 4521 1667 4575 nisi
1703 4522 1819 4592 pari

219 4610 586 4681 concordique
612 4625 876 4667 consensu
902 4653 915 4677 ,
947 4620 1075 4682 pulo
1113 4612 1255 4682 quod
1282 4612 1392 4683 iam
1424 4614 1707 4684 intelligas.

286 4701 524 4757 CAPUT
564 4700 653 4757 IV.
683 4732 755 4741 —
775 4702 829 4758 6.
862 4702 1136 4773 Apostolus
1159 4706 1291 4757 male
1312 4703 1600 4758 intellectus
1621 4705 1683 4758 de
1703 4721 1816 4758 mu—

223 4797 337 4851 liere
360 4796 428 4869 ob
446 4796 1031 4871 continentiwplacitum
1053 4796 1357 4851 discedente.
1383 4797 1488 4853 Sed
1512 4813 1623 4852 rem
1648 4799 1818 4867 ipsam

221 4889 377 4957 paulo
420 4887 665 4958 apertius
713 4887 1094 4957 proloqnamur
1116 4929 1130 4953 ,
1161 4898 1215 4942 et
1253 4889 1404 4958 quasi
1434 4889 1821 4943 constituamus

221 4993 340 5037 ante
389 4980 603 5037 oculos.
651 4981 792 5035 Ecce
831 4980 1032 5050 placuit
1059 4981 1385 5035 continentia
1431 4982 1672 5047 mulieri,
1706 4982 1821 5036 viro

224 5091 321 5131 non
356 5075 561 5145 placuit
594 5093 608 5128 :
642 5073 889 5129 discessit
926 5073 994 5127 ab
1023 5088 1090 5129 eo
1115 5074 1327 5141 mulier,
1354 5084 1408 5129 et
1451 5076 1614 5144 copit
1642 5076 1822 5131 vivere

221 5169 578 5228 continenter.
610 5166 724 5235 ipsa
746 5166 951 5220 scilicet
970 5174 1115 5221 casta
1144 5181 1389 5221 mansura
1409 5208 1423 5230 ,
1461 5167 1554 5221 sed
1582 5166 1780 5222 factura
1803 5208 1818 5233 ,

218 5261 354 5329 quod
390 5260 657 5315 Dominus
689 5275 795 5313 non
822 5258 936 5313 vult
960 5301 975 5325 ,
1006 5258 1320 5312 adulterum‘
1338 5258 1507 5311 virum
1541 5274 1556 5322 ;
1585 5260 1672 5328 qui
1700 5274 1821 5313 cum

214 5367 272 5408 se
298 5369 405 5407 non
445 5352 796 5415 continuerit,
820 5352 1041 5405 alteram
1063 5358 1288 5419 quiet-ct.
1316 5350 1450 5416 Quid
1493 5365 1679 5405 sumus
1736 5351 1821 5404 di-

210 5445 349 5499 cturi
390 5442 629 5506 mulieri,
650 5442 750 5496 nisi
777 5441 918 5512 quod
946 5441 1072 5496 dicit
1104 5441 1354 5496 Ecclesize
1377 5458 1501 5495 sana
1531 5441 1768 5497 doctrina
1800 5442 1824 5496 ?

211 5536 401 5591 Redde
429 5535 675 5592 debitum
708 5534 846 5599 viro,
875 5550 942 5589 ne
967 5533 1093 5588 dum
1124 5543 1177 5589 tu
1204 5532 1400 5603 qua-ris
1428 5534 1568 5590 unde
1597 5534 1826 5605 amplius

211 5627 518 5697 bonoreris,
564 5628 659 5683 ille
701 5626 844 5682 unde
872 5625 1155 5681 damnetur
1184 5627 1436 5682 inveniat.
1472 5626 1581 5682 lloe
1604 5628 1746 5682 enim
1771 5637 1827 5683 et

213 5721 290 5775 illi
319 5722 634 5778 diceremus
655 5759 672 5786 ,
702 5718 745 5774 si
788 5729 837 5773 te
862 5720 1076 5774 nolente
1097 5721 1374 5776 continere
1399 5721 1673 5775 voluisset.
1706 5720 1824 5776 Non

214 5813 349 5871 enim
380 5814 555 5871 habes
603 5818 928 5882 potestatem
970 5812 1210 5882 corporis
1238 5812 1347 5878 tui,
1380 5812 1475 5869 sed
1517 5811 1609 5869 ille
1642 5812 1823 5869 :sicut

789 367 877 423 DE
922 363 1271 423 CONJUGIIS
1309 358 1783 421 ADULTERINIS,
1828 356 1887 411 S.
1934 356 2309 416 AUGUSTINI
2365 359 2571 416 LIBER
2610 360 2889 422 PRIMUS.

3420 371 3525 429 ιεςι

1931 487 2033 528 nec
2062 472 2150 530 ille
2182 474 2344 531 habet
2372 486 2686 546 potestatem
2713 480 2955 551 corporis
2975 482 3080 550 sui,
3109 484 3205 541 sed
3241 493 3315 541 tu.
3348 487 3524 544 Nolito

1928 565 2157 621 invicem
2186 566 2454 634 fraudare,
2482 571 2585 626 nisi
2614 587 2680 627 ex
2723 588 3012 630 consensu.
3048 574 3183 632 Cum
3224 576 3339 634 lucc
3362 589 3524 649 atque

1927 656 2232 726 huiusmodi
2260 661 2411 730 plura
2440 678 2559 732 qua:
2603 663 2670 717 ad
2713 664 2813 719 hoc
2850 669 3150 735 pertineant
3188 670 3521 736 dixerimus.

1925 749 2170 819 plaeetne
2201 752 2293 806 tibi
2334 761 2395 808 ut
2435 754 2588 809 nobis
2616 756 2807 810 mulier
2832 772 2895 811 ex
2934 758 3035 812 ista
3067 769 3153 815 tua
3182 763 3385 818 ratione
3436 780 3522 818 re-

1925 841 2188 910 spondeat
2221 843 2246 897 ?
2273 844 2386 914 Ego
2412 846 2725 915 Apostolum
2749 848 2908 902 audio
2930 849 3192 906 dicentem
3217 894 3233 919 ,
3268 853 3521 923 Principio

1924 932 2184 988 mulierem
2207 952 2239 988 a
2259 937 2367 991 viro
2387 953 2487 991 non
2525 939 2779 993 discedere
2809 942 2987 1012 ;quod
3010 943 3055 996 si
3088 943 3387 1011 discesserit,
3419 964 3521 1001 ma-

1924 1039 2041 1078 nere
2062 1024 2351 1097 innuptam,
2374 1038 2461 1081 aut
2482 1029 2587 1082 viro
2606 1046 2703 1084 suo
2725 1034 3045 1088 reconciliari
3074 1050 3093 1088 :
3121 1051 3245 1092 ecce
3267 1038 3513 1105 discessi,

1924 1114 2049 1196 nolo
2091 1118 2428 1173 reconciliari
2469 1120 2583 1174 viro
2608 1162 2622 1186 ,
2668 1122 2763 1177 sed
2805 1124 3024 1194 innupta
3066 1141 3374 1196 permaneo.
3404 1131 3520 1185 Non

1924 1205 2067 1261 enim
2101 1207 2214 1273 ait,
2245 1207 2300 1264 Si
2341 1208 2688 1277 discesserit,
2734 1228 2952 1270 manere
2990 1216 3300 1288 innuptam,
3348 1220 3519 1276 donec

1922 1298 2039 1351 viro
2072 1312 2171 1353 suo
2219 1302 2597 1358 reconcilietur
2625 1320 2639 1370 ;
2673 1304 2798 1366 sed,
2835 1322 3076 1372 manere,
3119 1309 3286 1379 inquit
3311 1351 3326 1371 ,
3365 1311 3519 1365 inmt-

1923 1398 2079 1458 ptam,
2108 1400 2194 1444 aut
2229 1394 2336 1445 viro
2366 1410 2456 1447 suo
2480 1396 2815 1450 reconciliari.
2845 1398 2975 1463 lloe,
3005 1399 3192 1470 inquit,
3226 1402 3400 1465 faciat.
3429 1413 3520 1457 aut

1922 1479 2051 1534 illud
2096 1499 2109 1535 :
2164 1498 2327 1537 unum
2369 1500 2400 1539 e
2428 1484 2638 1541 duobus
2684 1488 2988 1558 eligendum
3046 1494 3287 1560 permisit
3338 1510 3354 1559 ;
3409 1510 3518 1550 non

1920 1581 2100 1627 autem
2141 1574 2194 1628 in
2228 1574 2414 1629 horum
2459 1577 2686 1632 alterum
2731 1583 3008 1651 compulit.
3041 1583 3256 1640 Manere
3299 1587 3517 1657 innupta

1920 1664 2085 1734 eligo,
2118 1682 2181 1721 ac
2203 1666 2279 1722 sic
2300 1680 2621 1740 prmceptmu
2652 1673 2865 1744 impleo.
2905 1676 3144 1747 Corripe,
3192 1693 3385 1749 argue,
3433 1682 3520 1735 in-

1921 1770 2102 1827 crepa,
2135 1768 2284 1813 utere
2309 1776 2410 1830 qua
2442 1763 2670 1817 volueris
2699 1766 3012 1832 severitate,
3047 1769 3090 1822 si
3123 1785 3372 1839 uupsero.

1992 1847 2217 1905 CAPUT
2258 1850 2472 1908 V.—5.
2521 1852 2795 1923 Refutatur
2840 1857 2932 1911 illa
2977 1860 3325 1930 interpretatio
3374 1864 3517 1935 Apo-

1920 1939 2058 1995 stolt.
2101 1941 2236 2008 Quid
2265 1942 2390 2000 huic
2434 1949 2796 2004 contradicam
2830 1967 2844 2017 ;
2882 1953 2980 2007 nisi
3004 1994 3019 2019 ,
3065 1954 3379 2020 Apostolum
3410 1974 3518 2015 non

1921 2030 2062 2087 bene
2107 2033 2408 2105 intelligis?
2449 2036 2633 2108 Neque
2663 2040 2805 2094 enim
2853 2040 2941 2097 ille
2970 2047 3352 2116 praecepisset,
3402 2050 3445 2103 si
3485 2066 3517 2104 a

1920 2125 2037 2180 viro
2084 2125 2430 2193 discesserit,
2474 2130 2748 2198 innuptam
2800 2148 3017 2189 manere
3061 2137 3371 2206 mulierem,
3415 2140 3518 2196 nisi

1921 2232 2039 2273 eam
2076 2220 2163 2275 cui
2184 2220 2459 2277 discedere
2491 2224 2765 2291 licuisset,
2794 2226 2880 2279 illa
2912 2243 3013 2281 una
3042 2229 3285 2285 videlicet
3315 2247 3473 2286 causa
3497 2274 3516 2299 ,

1920 2325 2040 2380 qum
2065 2312 2136 2365 ibi
2168 2322 2447 2382 propterea
2473 2316 2628 2370 tacita
2654 2327 2767 2381 est,
2796 2318 2916 2386 quia
2948 2320 3222 2374 notissima
3250 2332 3332 2377 est
3353 2364 3368 2387 ,
3417 2324 3519 2379 hoc

1919 2409 2024 2468 est,
2050 2401 2434 2459 fornicationis.
2464 2405 2612 2461 Hanc
2631 2407 2773 2461 cnim
2798 2409 2968 2462 solam
2986 2410 3125 2464 Deus
3154 2414 3405 2483 magister
3423 2430 3517 2469 ex-

1919 2494 2081 2563 cepit,
2106 2510 2228 2549 cum
2251 2496 2318 2551 de
2343 2497 2655 2553 dimittenda
2679 2499 2993 2570 loqueretur
3019 2518 3185 2558 uxore
3216 2521 3231 2569 ;
3264 2505 3517 2576 deditque

1919 2584 2146 2656 intelligi
2172 2588 2333 2643 talem
2356 2588 2581 2645 formam
2604 2591 2764 2646 etiam
2792 2592 2844 2646 in
2877 2593 2991 2647 viro
3012 2610 3133 2650 esse
3162 2598 3475 2651 servandam
3501 2616 3512 2650 :

1918 2678 2173 2749 quoniam
2218 2695 2326 2735 non
2366 2681 2539 2736 solum
2583 2683 2776 2738 mulier
2822 2700 2927 2738 non
2975 2685 3135 2741 habet
3191 2697 3511 2757 potestatem

1920 2769 2163 2839 corporis
2196 2772 2312 2839 sui,
2350 2771 2445 2827 sed
2477 2771 2558 2827 vir
2587 2790 2602 2839 ;
2635 2773 2731 2829 sed
2761 2775 3009 2831 similiter
3036 2786 3092 2832 et
3115 2779 3195 2832 vir
3221 2795 3326 2834 non
3359 2779 3518 2835 habet

1921 2873 2240 2934 potestatem
2266 2866 2511 2936 corporis
2538 2867 2642 2933 sui,
2671 2868 2766 2923 sed
2793 2870 3006 2925 mulier.
3033 2870 3167 2925 Cum
3194 2887 3322 2941 ergo
3366 2882 3515 2927 tuum

1920 2956 2170 3011 maritum
2213 2972 2438 3028 arguere
2467 2958 2534 3013 de
2582 2959 2928 3016 fornicatione
2974 2978 3079 3017 non
3132 2965 3339 3033 possis,
3378 2983 3514 3036 quo-

1921 3046 2082 3101 modo
2106 3055 2261 3117 putas
2286 3049 2425 3119 quod
2460 3050 2527 3104 ab
2554 3065 2620 3105 eo
2645 3051 2875 3107 discedis
2917 3069 3023 3108 non
3067 3056 3314 3111 nubendo
3355 3073 3518 3112 excu-

1920 3154 2071 3206 sare,
2111 3155 2141 3194 a
2170 3157 2278 3211 quo
2320 3142 2413 3196 tibi
2455 3157 2560 3197 non
2609 3143 2734 3198 licet
2775 3146 2995 3201 omnino
3021 3146 3346 3204 discedere?
3382 3150 3515 3205 Cum

1922 3230 2038 3287 haec
2066 3247 2095 3285 a
2136 3232 2287 3287 nobis
2317 3234 2507 3288 mulier
2533 3233 2799 3300 audierit,
2843 3247 2973 3306 puto
3015 3239 3158 3307 quod
3208 3240 3346 3294 nolis
3393 3256 3513 3296 eam

1919 3324 2000 3380 sic
2024 3326 2351 3396 respondere
2377 3366 2392 3390 ,
2422 3337 2479 3381 ut
2502 3327 2643 3383 dicat
2688 3337 2968 3398 pr0pterea
3008 3344 3067 3386 se
3109 3346 3325 3386 manere
3353 3332 3515 3388 innu-

1920 3423 2064 3485 ptam
2085 3458 2101 3483 ,
2131 3418 2252 3487 quia
2282 3418 2398 3472 sine
2421 3419 2528 3473 ulla
2560 3421 2656 3473 viri
2688 3419 3038 3477 fornicatione
3064 3423 3344 3487 discessit;
3393 3440 3514 3479 nam

1920 3510 1965 3561 si
2014 3507 2103 3563 ille
2154 3506 2449 3563 fornicatus
2474 3519 2653 3573 esset,
2686 3526 2794 3565 non
2835 3513 3007 3567 solum
3055 3514 3156 3568 sibi
3196 3516 3512 3582 discedere,

1920 3614 2104 3654 verum
2131 3600 2291 3654 etiam
2328 3600 2531 3655 nubere
2559 3603 2817 3658 licuisset.

1990 3689 2217 3746 CAPUT
2243 3691 2326 3747 Vl.
2352 3717 2419 3732 ι-
2439 3693 2491 3747 6.
2517 3690 2761 3747 Pollentii
2779 3696 3043 3760 sententia,
3068 3696 3270 3751 mulieri
3289 3698 3352 3752 ab
3373 3700 3517 3754 adul-

1921 3791 2027 3837 tero
2055 3782 2332 3837 discedenti
2365 3785 2568 3855 nuptias
2592 3800 2707 3840 cum
2729 3786 2832 3839 alio
2874 3804 2975 3841 non
3002 3805 3111 3843 esse
3148 3801 3396 3859 prmcepto
3434 3808 3517 3846 ve-

1921 3874 2059 3941 titas,
2098 3873 2187 3927 sed
2212 3883 2407 3928 tantum
2437 3885 2642 3945 propter
2673 3876 2998 3946 approbrium
3025 3880 3279 3937 vitandas.
3307 3881 3515 3953 Nequa—

1919 3977 2079 4033 quam
2102 3962 2203 4018 hoc
2244 3963 2331 4018 illa
2359 3963 2599 4029 diceret,
2623 3980 2743 4021 eum
2780 3977 2835 4020 et
2874 3966 2988 4036 ipse
3012 3968 3086 4023 sis
3114 3971 3511 4026 verecundatns

1920 4055 2077 4110 istam
2103 4055 2422 4111 mulieribus
2441 4056 2570 4111 dare
2598 4057 2893 4113 licentiam.
2926 4059 3109 4115 Dixisti
3165 4061 3307 4116 enim
3339 4081 3353 4115 :
3392 4081 3410 4114 ι
3458 4062 3516 4119 Si

1928 4164 1949 4198 ι
1995 4146 2078 4200 vir
2105 4161 2325 4202 uxorem
2354 4146 2649 4203 adulteram
2673 4148 2937 4204 dimiserit
2960 4192 2973 4214 .
3002 4160 3056 4205 et
3082 4152 3239 4206 aliam
3269 4153 3479 4209 duxerit
3500 4196 3515 4217 .

1926 4256 1946 4291 σ
1993 4239 2187 4295 mulier
2216 4247 2423 4295 tantum
2454 4240 2800 4310 Opprobrium
2842 4242 3079 4298 habebit.
3108 4243 3164 4299 Si
3190 4252 3367 4299 autem
3397 4262 3517 4301 mn-
3614 4272 3625 4281 ι

1928 4348 1948 4382 ε
1995 4330 2096 4385 lier
2132 4346 2291 4401 supra
2317 4331 2457 4387 dicta
2492 4347 2649 4387 causa
2678 4333 2849 4387 virum
2894 4333 3178 4403 dimiserit,
3218 4337 3381 4391 etalii
3422 4354 3522 4393 nu-

1928 4438 1949 4474 s
1998 4421 2195 4491 pserit,
2230 4435 2336 4476 non
2366 4423 2451 4476 vir
2481 4431 2707 4488 tantum,
2738 4423 2832 4477 sed
2863 4435 2917 4479 et
2958 4427 3148 4481 mulier
3174 4429 3520 4497 Opprobrium

1929 4529 1947 4562 ι
1996 4511 2232 4567 habebit.
2272 4531 2292 4566 ι
2323 4512 2486 4582 Cujus
2514 4512 2796 4569 sentcntiae
2827 4524 2932 4569 tua:
2954 4516 3216 4572 rationem
3245 4518 3518 4573 reddens:

1929 4624 1949 4657 ι
1998 4607 2184 4663 Dicent
2208 4608 2372 4671 enim,
2404 4607 2600 4677 inquis,
2623 4623 2742 4663 eam
2769 4608 2891 4663 ideo
2912 4608 3248 4675 discessisse,
3278 4620 3335 4665 ut
3359 4612 3522 4667 alium

1931 4720 1949 4752 ι
1996 4701 2170 4755 virum
2198 4700 2301 4757 sibi
2331 4700 2719 4771 coniungeret,
2749 4703 2850 4757 etsi
2892 4704 3014 4759 talis
3043 4705 3179 4760 forte
3206 4704 3361 4760 fuerit
3387 4721 3523 4775 qua-

1930 4810 1950 4842 ι
1998 4792 2067 4846 lis
2110 4807 2141 4846 a
2181 4807 2289 4863 quo
2332 4792 2580 4848 discessit
2631 4809 2647 4860 ;
2696 4809 2955 4864 perquam
3005 4795 3163 4850 facile
3209 4796 3355 4851 enim
3394 4797 3525 4851 viris

1932 4901 1951 4934 ς
1996 4893 2112 4950 est,
2165 4883 2219 4936 in
2253 4883 2355 4937 hoc
2378 4884 2550 4939 morbi
2580 4884 2763 4939 vitium
2793 4886 3016 4940 irruere.
3046 4886 3102 4941 Si
3135 4895 3313 4940 autem
3360 4896 3413 4941 et
3442 4888 3524 4955 ip-

1933 4997 1951 5029 c
2000 4993 2117 5033 sum
2164 4976 2467 5041 dimiserit,
2518 4987 2574 5032 et
2614 4978 2703 5032 alii
2734 4979 3003 5047 nupserit,
3045 4978 3214 5047 magis
3252 4978 3527 5048 magisque

1932 5088 1952 5121 α
1999 5070 2180 5124 dicent
2224 5085 2344 5124 eam
2391 5069 2828 5123 numerositatem
2870 5069 3105 5121 virorum
3154 5069 3443 5138 appetisse.
3504 5089 3522 5121 ι

1927 5162 2038 5217 llae
2078 5161 2283 5216 reddita
2325 5162 2529 5215 ratione
2553 5158 2831 5214 concludis
2854 5200 2870 5225 ,
2918 5169 2972 5214 et
2998 5159 3179 5213 dicis:
3215 5178 3233 5212 ι
3275 5160 3369 5215 llis
3397 5176 3528 5231 ergo

1933 5274 1953 5308 ι
2001 5255 2342 5326 pertractatis
2371 5254 2453 5307 vel
2479 5253 2638 5307 etiam
2669 5251 2925 5306 discussis
2955 5294 2969 5319 ,
2998 5261 3214 5322 oportet
3244 5254 3526 5309 mulierem

1934 5366 1953 5399 ι
2000 5348 2175 5400 virum
2225 5346 2477 5409 tolerare,
2517 5353 2609 5397 aut
2656 5342 2931 5411 innuptam
2970 5357 3209 5398 manere.
3250 5362 3270 5395 ι
3320 5343 3528 5399 Bonum

1929 5440 2087 5510 plane
2138 5437 2333 5493 dedisti
2382 5436 2665 5490 consilium
2710 5434 3063 5501 mulieribus,
3095 5444 3151 5489 ut
3188 5451 3311 5491 cum
3357 5437 3530 5492 sciant

1929 5535 2032 5592 sibi
2058 5549 2177 5590 esse
2224 5532 2544 5602 permissum
2570 5570 2586 5596 ,
2630 5528 2678 5585 si
2697 5529 2976 5585 adulteros
3007 5530 3149 5585 viros
3179 5530 3477 5585 dimiserint
3507 5570 3523 5595 ,

1930 5627 2048 5682 aliis
2088 5622 2394 5695 coniugari,
2442 5637 2549 5677 non
2596 5630 2771 5677 tamen
2822 5620 3021 5677 faciant
3059 5629 3280 5692 pr0pter
3326 5636 3528 5690 oppro-

1931 5720 2104 5776 brium
2138 5735 2153 5785 ;
2184 5717 2278 5773 sed
2304 5717 2480 5788 potius
2511 5716 2742 5772 tolerent
2768 5716 2930 5770 etiam
2953 5715 3229 5770 adulteros
3255 5714 3418 5776 viros,
3460 5728 3530 5769 ne

1932 5811 2216 5867 vidcantur
2242 5809 2343 5865 hac
2366 5809 2654 5865 occasione
2674 5808 2855 5863 multis
2877 5807 3014 5863 velle
3037 5804 3272 5873 misceri,
3300 5819 3365 5861 eo
3386 5803 3529 5875 quod
