4048 6518
258 393 366 452 457

257 507 355 564 bos
379 508 547 576 enim,
578 509 706 567 licet
742 512 963 568 alterum
999 512 1172 568 altero
1206 515 1438 583 gravius,
1479 517 1718 607 moechos
1757 530 1838 587 ta-_

256 613 380 652 men
410 613 531 654 esse
554 603 951 670 cognoscimus.
976 601 1160 673 Neque
1187 605 1328 658 enini
1353 601 1736 679 quisquaniita
1763 619 1846 665 est

254 690 544 756 absurdus,
588 700 647 746 ut
684 692 951 748 mtechum
1001 703 1158 764 neget
1202 711 1322 775 esse
1346 699 1437 774 'qui
1467 698 1844 775 duxeritqeam

253 795 414 850 quam
455 783 685 837 maritus
715 794 932 854 propter
965 800 1182 867 causam
1220 785 1584 867 fornicationis
1627 791 1842 860 abiecit,

251 889 374 928 cum
406 874 677 930 moechum
709 876 850 931 dicat
875 892 996 932 eum
1036 880 1126 949 qui
1156 865 1368 936 cluserit
1394 897 1510 936 eam
1550 899 1668 953 qua:
1707 900 1845 954 prae-

259 973 339 1016 ter
367 979 588 1028 causam
624 957 995 1022 fornicationis
1033 968 1237 1037 abjecta
1282 959 1366 1024 est
1410 988 1422 1024 :
1470 973 1547 1042 sie
1588 974 1844 1052 ergo‘isti

250 1053 414 1109 ambo
449 1064 574 1110 sunt
613 1057 831 1113 mtbchi.
869 1045 1021 1114 Unde
1060 1077 1182 1115 cum
1221 1061 1468 1131 dicimus,
1511 1048 1841 1136 Quicumque

253 1143 537 1199 mulierem
568 1157 765 1216 praeter
787 1149 1000 1203 causam
1037 1149 1402 1207 fornicationis
1441 1169 1471 1207 a
1515 1156 1630 1210 viro
1656 1157 1839 1210 dimis-

251 1250 368 1290 sam
401 1236 640 1306 duxerit,
669 1232 1000 1308 merebatur;
1024 1241 1093 1297 de
1123 1258 1229 1298 uno
1253 1245 1466 1314 quidem
1497 1246 1734 1316 ipsorum
1760 1248 1841 1302 di-

249 1325 446 1392 cimus,
481 1343 577 1382 uee
612 1339 787 1384 tamen
827 1329 946 1385 ideo
984 1329 1242 1387 mtbchari
1288 1350 1545 1404 negamus
1586 1353 1706 1391 eum
1751 1339 1840 1407 qui

249 1431 369 1469 eam
397 1405 630 1481 duxerit,
659 1434 818 1489 quam
847 1429 1070 1491 propter
1096 1438 1310 1478 causam
1339 1412 1704 1503 fornieationis
1733 1445 1840 1512 tua:

250 1509 384 1561 ritus
418 1497 725 1565 dimiserit:
759 1501 829 1564 ita
868 1526 988 1566 eum
1033 1511 1191 1568 ambo
1220 1516 1327 1570 sint
1375 1509 1569 1572 maéchi
1598 1558 1613 1584 ,
1655 1528 1709 1573 et
1752 1508 1839 1574 ille

248 1599 455 1652 scilicet
481 1600 571 1668 qui
617 1600 878 1657 dimiserit
919 1604 1141 1659 uxorem
1186 1620 1336 1659 suam
1387 1617 1581 1677 prmter
1622 1624 1835 1665 causam

246 1687 620 1744 fornicationis
641 1701 692 1745 et
720 1692 879 1747 aliam
902 1692 1134 1758 duxerit,
1163 1702 1218 1749 et
1245 1685 1332 1750 ille
1360 1697 1448 1766 qtti
1478 1707 1694 1768 propter
1713 1694 1836 1754 cau-

246 1794 362 1832 sam
395 1769 764 1838 fornicationis
791 1798 960 1839 uxore
990 1784 1207 1839 dimissa
1248 1802 1307 1842 se
1344 1788 1497 1842 alteri
1546 1791 1835 1859 copulave—

245 1869 312 1923 rit
337 1886 352 1934 ;
387 1869 627 1940 profecto
655 1873 868 1942 quando
894 1874 962 1931 dc
991 1892 1097 1931 uno
1125 1893 1311 1933 eorum
1351 1879 1600 1951 legimus,
1627 1899 1736 1938 non
1762 1885 1833 1939 ita

245 1961 546 2032 intelligere
571 1963 850 2034 debemus,
877 1968 1024 2037 quasi
1056 1983 1120 2023 ex
1164 1969 1266 2024 hoc
1302 1970 1437 2026 alter
1469 1973 1713 2030 moechus
1739 1992 1833 2032 ne-

243 2060 400 2121 gatus
429 2053 518 2120 sit,
547 2055 690 2124 quod
720 2057 859 2112 alter
883 2072 1168 2127 expressus
1197 2060 1287 2114 sit.

317 2145 405 2199 10.
437 2145 542 2201 Sed
565 2147 608 2200 si
639 2147 739 2202 hoc
768 2151 1090 2220 evangelista
1113 2151 1412 2220 Slattltieus,
1435 2156 1556 2225 quia
1579 2147 1833 2227 expressa

243 2250 350 2288 una
381 2238 561 2306 specie
584 2237 806 2293 alteram
836 2243 1016 2308 tacuit,
1041 2240 1165 2298 facit
1191 2241 1259 2298 ad
1303 2235 1702 2318 intelligendum
1731 2246 1834 2305 dif-

247 2326 417 2389 ﬁcile;
448 2327 706 2397 munquid
735 2343 839 2384 non
871 2331 959 2385 alii
982 2327 1305 2402 generaliter
1330 2335 1558 2407 idipsum
1586 2339 1654 2394 ita
1683 2355 1834 2395 com-

243 2417 383 2486 plexi
415 2427 559 2484 sunt,
588 2430 646 2474 ut
673 2419 740 2476 dc
767 2418 991 2494 ulro'que
1040 2423 1222 2494 posset.
1265 2415 1522 2500 intelligi?
1557 2427 1688 2487 Nam
1740 2450 1829 2490 se-

240 2507 477 2561 cundum
513 2501 747 2565 Marcum
785 2511 864 2568 sic
892 2511 1144 2584 scriptum
1173 2523 1292 2572 es‘t':
1328 2518 1637 2592 Quicumque
1679 2523 1830 2578 diuti-

239 2600 362 2652 scrit
413 2605 622 2655 urerent
662 2610 830 2672 sitam,
877 2615 922 2659 et
970 2607 1178 2661 alterum
1230 2605 1478 2676 duxerit,
1527 2615 1831 2670 adulterium

239 2690 508 2745 cunnnitlit
533 2711 685 2762 super
709 2703 852 2760 eam;
882 2707 928 2752 et
953 2697 997 2753 si
1027 2699 1155 2753 uxor
1185 2701 1430 2758 dimiserit
1467 2705 1629 2760 virum
1659 2724 1826 2776 suum,

238 2789 282 2833 ct
308 2780 402 2833 alii
431 2785 676 2853 nupserit,
704 2788 978 2842 nia'cltatur
1011 2788 1200 2864 (Marc.
1227 2809 1281 2858 Χ,
1313 2795 1372 2850 il
1396 2807 1443 2850 et
1468 2796 1588 2873 12).
1620 2799 1826 2856 Secun-

237 2871 366 2926 tltutt
412 2873 606 2928 Lucam
635 2877 756 2932 sic:
803 2879 1106 2954 Onmt's_qui
1148 2882 1355 2940 dimittit
1401 2871 1606 2943 uxorem
1655 2909 1825 2958 suam,

236 2970 282 3014 ‘et
329 2963 544 3017 alteram
591 2965 751 3035 ducit,
801 2966 1104 3036 n'urcliatur;
1148 2986 1198 3032 et
1239 2977 1324 3047 qui
1353 2978 1612 3034 dimissam
1648 3000 1679 3037 a
1720 2969 1830 3042 uno

233 3051 412 3122 ducit,
469 3056 747 3113 nueclmtur
793 3059 812 3131 (
840 3059 963 3115 Luc.
1011 3078 1142 3134 xw,
1203 3068 1269 3123 18
1297 3069 1341 3138 ).
1391 3071 1493 3137 Qui
1544 3090 1673 3147 ergo
1725 3062 1825 3132 nos

231 3159 461 3213 smmis,
513 3157 573 3204 tit
617 3150 897 3220 dicamus,
953 3154 1051 3211 Est
1105 3157 1194 3229 qui
1252 3160 1591 3232 mmchatur,
1659 3183 1827 3227 uxore

230 3251 330 3291 sua
361 3238 582 3293 dimissa
612 3241 832 3297 alteram
864 3245 1084 3313 ducens,
1131 3253 1186 3305 et
1229 3260 1310 3306 est
1358 3254 1446 3322 qui
1480 3254 1581 3311 hoc
1621 3249 1824 3318 faciens

229 3343 335 3383 nou
365 3331 692 3400 mmehatur,
734 3339 854 3390 cum
885 3338 1232 3411 Evangelium
1262 3343 1404 3400 dicat
1432 3362 1646 3405 omnem
1681 3368 1822 3410 ma:-

234 3420 384 3478 t‘hari
421 3425 509 3492 qui
541 3423 641 3480 hoc
672 3425 831 3481 facit?
859 3428 1089 3487 Proinde
1119 3433 1162 3487 si
1193 3436 1513 3508 quicumque
1541 3439 1644 3496 hoc
1681 3440 1824 3499 fece-

229 3514 316 3581 rit,
368 3514 426 3568 id
455 3524 558 3579 est,
589 3518 765 3574 omnis
793 3521 882 3590 qui
911 3519 1013 3577 hoc
1038 3522 1248 3594 fecerit,
1290 3533 1348 3582 ut
1387 3545 1553 3586 uxore
1598 3546 1693 3587 sta
1735 3533 1820 3589 di-

225 3605 390 3660 missa
424 3607 645 3664 alteram
672 3609 850 3679 ducat,
878 3613 1213 3684 mmclt’atur;
1246 3619 1363 3675 sine
1391 3620 1722 3680 dubitatione
1749 3627 1820 3682 ibi

222 3707 342 3751 sunt
394 3698 578 3763 ambo,
608 3707 663 3754 et
700 3700 788 3770 qui
833 3713 1026 3772 pra-ter
1067 3706 1282 3762 causitm
1332 3710 1714 3782 fornicationis,
1765 3724 1820 3772 et

221 3789 305 3856 qui
359 3799 588 3860 propter
631 3807 844 3848 causam
889 3794 1254 3855 fornicationis
1296 3802 1514 3858 dimittit
1562 3803 1810 3863 usorem.

223 3879 328 3935 lluc
358 3891 453 3936 est
479 3882 620 3936 enim
641 3924 656 3950 ,
691 3883 998 3958 Quicumque
1035 3884 1278 3945 dimiserit
1304 3910 1323 3946 :
1351 3893 1452 3949 hoc
1488 3897 1589 3964 cst,
1628 3893 1806 3954 Omnis

215 3972 297 4039 qui
329 3973 570 4026 dimittit.

280 4063 526 4118 CAPUT
583 4063 649 4119 Χ.
705 4085 775 4106 —‘-
821 4068 909 4123 Η.
968 4067 1201 4126 Matt/uri
1249 4074 1388 4129 locus
1461 4077 1703 4135 tractatus
1760 4083 1815 4137 in

211 4155 350 4208 libris
422 4170 549 4222 (fuas
597 4157 715 4228 legit
772 4150 1093 4226 Pollentius',
1140 4166 1388 4232 quomodo
1448 4168 1646 4223 habeat.
1697 4169 1813 4228 Non

209 4254 388 4301 autem
428 4245 593 4318 (sicut
650 4250 829 4307 nescio
885 4265 1050 4322 quare
1107 4256 1200 4310 tibi
1253 4259 1423 4314 visum
1471 4266 1637 4334 est),
1691 4282 1812 4322 cum

214 4335 496 4408 Evangelii
556 4338 847 4394 secundum
904 4341 1208 4399 Matthzrum
1272 4349 1432 4404 verba
1476 4354 1810 4424 preferrem,

211 4430 540 4497 pra-termiSI
575 4430 716 4500 quod
746 4435 1000 4504 scriptum
1031 4446 1143 4502 est,
1188 4446 1236 4492 et
1280 4439 1437 4494 aliam
1482 4443 1716 4512 duxerit;
1757 4457 1812 4503 et

209 4517 282 4572 sic
309 4519 450 4586 dixi,
482 4521 760 4574 nunc/uitur
791 4539 809 4576 :
847 4524 941 4577 sed
984 4540 1045 4580 ea
1073 4527 1232 4581 verba
1274 4531 1423 4599 posui
1452 4545 1570 4603 qua:
1601 4537 1651 4590 in
1690 4541 1808 4593 ser-

209 4624 370 4666 moue
419 4610 524 4665 illo
563 4612 771 4681 prolixo
812 4614 1074 4684 leguntur,
1118 4629 1276 4688 quem
1323 4621 1579 4679 Dominus
1625 4625 1809 4685 habuit

208 4698 256 4752 in
287 4711 508 4754 monte.
544 4701 694 4755 llune
723 4703 864 4757 enim
897 4707 1227 4761 tractandum
1268 4717 1604 4782 susCCperam
1629 4757 1644 4782 ,
1688 4735 1806 4789 qua:

207 4791 363 4846 verba
396 4791 516 4845 illic
550 4792 618 4844 ita
647 4792 890 4862 leguntur
918 4803 973 4849 ιιι
1014 4798 1162 4866 posui
1189 4840 1204 4864 ,
1253 4799 1304 4855 id
1335 4811 1451 4870 est,
1487 4805 1806 4879 Quicumque

203 4883 455 4938 dimiserit
507 4899 715 4937 uxorem
763 4898 940 4954 suam,
982 4899 1190 4959 excepta
1233 4909 1386 4947 causa
1429 4896 1800 4967 fornicationis,

203 4977 318 5044 facit
344 4992 468 5030 eam
498 4976 778 5040 nunc/tari;
804 4988 848 5031 et
873 4980 958 5046 qui
983 4980 1204 5036 solutam
1232 5000 1264 5037 a
1294 4985 1400 5040 viro
1430 4987 1650 5054 duxerit,
1679 5008 1803 5047 mae-

202 5067 404 5122 cluuur.
459 5067 565 5124 libi
594 5068 694 5122 etsi
726 5071 977 5125 nonnulla
1017 5075 1340 5144 exemplaria
1366 5077 1544 5135 verbis
1573 5081 1803 5141 diversis

201 5159 457 5214 eumdem
500 5174 720 5212 sensum
761 5160 957 5215 habent
987 5163 1388 5235 interpretatum
1413 5211 1429 5234 ,
1473 5187 1578 5226 non
1625 5182 1803 5231 tamen

197 5253 259 5303 ab
287 5267 357 5306 eo
397 5251 549 5322 quod
585 5251 898 5322 intelligitur
925 5254 1250 5326 discrepant.
1299 5262 1417 5317 Alia
1460 5265 1657 5336 quippe
1704 5268 1797 5324 ha—

195 5341 341 5407 bent,
374 5344 700 5412 Quicumque
727 5344 972 5399 dttniserit
995 5363 1015 5401 :
1053 5349 1176 5416 alia,
1221 5351 1397 5406 Omnis
1420 5357 1506 5424 qui
1534 5359 1795 5414 dimiserit.
1839 5360 1860 5381 ³

195 5434 436 5507 Itemque
479 5435 608 5500 alia,
653 5447 860 5504 excepta
890 5455 1042 5494 causa
1069 5443 1460 5512 fornicationis:
1485 5450 1586 5503 alia
1608 5493 1622 5517 ,
1666 5470 1798 5522 pra:-

193 5537 264 5579 tcr
289 5545 512 5582 causam
543 5528 896 5597 fornicationis
920 5543 940 5586 :
967 5533 1092 5600 alia,
1121 5535 1220 5589 nisi
1244 5537 1304 5590 ab
1332 5556 1536 5596 causam
1565 5547 1795 5615 fornica-

188 5617 362 5672 tionis.
398 5619 540 5674 Itcm
581 5619 706 5684 alia,
752 5623 839 5691 qui
865 5624 1084 5678 solutam
1113 5643 1147 5681 ο
1175 5629 1280 5683 viro
1322 5632 1542 5702 duxerit,
1571 5641 1792 5694 nuce/ta-

188 5719 268 5760 tur
288 5725 307 5763 :
337 5711 471 5774 alia,
503 5713 591 5780 qui
630 5712 888 5768 dimissam
917 5733 948 5770 a
973 5719 1078 5773 uiro
1107 5721 1326 5790 duxerit,
1369 5729 1662 5785 mare/ratur.
1695 5730 1794 5788 Ubi

185 5798 313 5868 νυιο
355 5799 510 5870 quod
557 5800 738 5856 videas
784 5805 914 5860 nihil
946 5807 1206 5868 interesse
1234 5813 1300 5869 ad
1332 5823 1486 5874 unum
1521 5818 1791 5881 eamdem-

566 5891 841 5957 Pnuon.
884 5899 1010 5967 XL.-

1641 402 1842 460 LIBER
1881 406 2154 467 PRIMUS.

3444 450 3548 510 ‘58

1959 539 2063 638 quo
2110 535 2446 592 sententiam.
2487 540 2740 609 Quamvis
2767 547 2897 606 illud
2936 553 3202 626 ultimum;
3234 559 3284 616 id
3316 573 3421 632 est,
3451 569 3545 638 qui

3189 615 3201 626 .
3262 615 3281 616 η
3323 615 3421 632 ---,
3453 615 3538 638 τη-

1955 615 2215 682 dimissam
2259 643 2292 678 a
2339 630 2444 684 uiro
2487 633 2705 704 duxerit,
2728 643 3040 712 moechatur;
3080 649 3132 704 itt
3181 667 3246 707 eo
3289 669 3538 714 sermone

1952 722 2110 776 quem
2152 714 2407 776 Dominus
2437 722 2560 779 fecit
2601 728 2654 782 in
2699 744 2910 800 monte,
2959 743 3197 796 nonnulli
3239 747 3453 804 codices
3480 763 3541 807 et

1951 803 2108 864 grzeci
2137 813 2190 858 et
2217 806 2363 864 latini
2390 827 2494 868 non
2526 816 2773 875 habeant.
2801 823 2975 880 Credo
3001 842 3298 901 propterea,
3330 840 3451 907 quia
3482 853 3541 896 et

1950 888 2025 943 ibi
2054 894 2345 961 explicatus
2388 900 2476 958 hic
2504 919 2696 963 sensus
2745 915 2914 978 putari
2960 888 3163 986 petui-t,
3210 923 3262 977 in
3285 888 3366 979 ἐξ)
3394 931 3537 998 quod

1949 984 2193 1050 superius
2209 986 2407 1045 dictum
2427 1003 2529 1060 est,
2544 999 2665 1065 facit
2687 1016 2797 1054 eant
2819 1009 3076 1062 mace/tari.
3093 1009 3370 1077 Quomodo
3389 984 3531 1074 enim

1948 1069 2164 1130 dimissa
2189 1077 2246 1132 tit
2267 1083 2495 1151 moecha,
2523 1087 2623 1144 nisi
2650 1089 2740 1145 fiat
2758 1093 2848 1162 qui
2870 1111 2986 1150 eam
3019 1098 3236 1158 duxerit
3258 1109 3536 1166 moechus?

1964 1227 1967 1229 _
2020 1166 2378 1234 CAPUTXI.
2407 1207 2481 1219 ——
2519 1179 2607 1233 12.
2641 1183 2784 1241 Alius
2826 1185 3060 1244 Matt/uri
3100 1193 3242 1250 locus
3269 1199 3539 1256 subobscuo

1945 1272 2054 1332 rus,
2087 1261 2176 1325 sed
2216 1261 2280 1315 ab
2321 1270 2640 1338 evangelistis
2684 1274 2802 1328 aliis
2841 1280 3161 1348 explanatus.
3199 1287 3368 1344 Verba
3407 1308 3536 1347 vero

1945 1360 2064 1430 qu:e
2095 1348 2210 1420 ipse
2237 1356 2483 1424 posuisti,
2515 1361 2654 1416 unde
2695 1364 2786 1419 tibi
2819 1368 2988 1424 visum
3031 1383 3110 1428 est
3141 1388 3246 1430 non
3278 1381 3535 1437 mtechari

1946 1425 2069 1490 eum
2091 1440 2424 1514 quilpropter
2447 1463 2662 1506 causam
2691 1455 3054 1524 fornicationis
3078 1480 3294 1521 uxorem
3318 1469 3536 1527 dimise-

1945 1528 2014 1583 rit
2053 1539 2106 1584 et
2149 1533 2306 1590 aliam
2351 1538 2601 1610 duxerit,
2650 1546 2877 1611 obscure
2917 1554 3130 1621 quidem
3173 1560 3342 1627 posita
3387 1573 3530 1618 sunt.

1946 1619 2097 1677 Unde
2128 1641 2230 1681 non
2261 1629 2429 1686 miror
2468 1633 2519 1687 in
2559 1636 2638 1690 eis
2676 1619 3030 1711 intelligetidis
3075 1619 3321 1706 laborare
3363 1653 3534 1710 lecto-

1943 1728 2057 1768 rem
2084 1733 2096 1770 :
2127 1718 2222 1773 sed
2249 1735 2356 1776 non
2397 1738 2523 1781 sunt
2549 1727 2602 1782 in
2632 1745 2698 1784 eo
2729 1747 2975 1790 sermone
3006 1738 3244 1810 Domini,
3283 1745 3374 1812 qui
3409 1757 3536 1804 tunc

1942 1820 1970 1857 a
2000 1823 2086 1864 me
2117 1814 2461 1884 tractabatur,
2507 1823 2721 1889 quando
2749 1826 2834 1880 illa
2879 1834 3208 1902 conscripsi,
3248 1853 3367 1907 quae
3409 1855 3532 1897 cum

1941 1895 2150 1968 legeres
2179 1911 2230 1958 te
2255 1920 2560 1964 moverunt.
2593 1908 2731 1969 Alibi
2766 1917 2962 1988 quippe
2998 1895 3135 1977 idem
3162 1895 3444 1985 hiatiltmus
3469 1947 3532 1986 ea

1947 1988 2229 2047 Dominum
2274 1995 2476 2055 dixisse
2515 2007 2774 2075 narravit,
2808 2025 2914 2064 non
2943 2027 3062 2068 cum
3090 2015 3239 2072 illttm
3268 2023 3532 2089 prolixum

1941 2079 2142 2136 faceret
2187 2084 2248 2162 in
2280 2097 2462 2144 monte
2492 2106 2820 2164 sermonem,
2867 2102 2960 2156 sed
3005 2119 3126 2178 eum
3175 2108 3532 2183 interrogatus

1939 2181 2084 2252 esset
2110 2189 2141 2227 a
2172 2175 2455 2256 Pharisaais
2482 2191 2658 2239 utrum
2693 2187 2877 2257 liceret
2913 2209 2978 2247 ex
3010 2175 3344 2271 quacumque
3370 2220 3528 2260 causa

1939 2261 2208 2322 dimittere
2238 2285 2482 2327 uxorem.
2523 2275 2624 2332 Sec
2665 2281 2806 2348 quod
2847 2261 3362 2362 minusintelligitur
3388 2300 3530 2367 apud

1938 2354 2270 2435 Matthazum,
2309 2365 2447 2433 apud
2486 2368 2633 2433 alios.
2665 2375 3021 2445 evangelistas
3065 2354 3284 2456 intelligi
3331 2354 3526 2456 potest.

1936 2443 2272 2521 Quapropter
2312 2459 2759 2532 cum‘legerimus
2798 2443 2851 2519 in
2899 2468 3186 2540 Evangelia
3232 2480 3529 2541 secundum

1935 2536 2262 2609 )latthmum,
2289 2545 2610 2620 Quicumque
2633 2554 2878 2610 dimiserit
2908 2536 3116 2620 uxorem
3141 2566 3242 2620 nisi
3279 2567 3338 2622 ob
3364 2572 3527 2642 forni-

1936 2632 2208 2700 cationem,
2247 2645 2341 2691 aut
2374 2640 2515 2713 quod
2559 2646 2728 2726 magis
2767 2647 2819 2702 in
2863 2664 3040 2719 gricco
3080 2655 3292 2726 legitur,
3343 2632 3527 2730 prwter

1935 2737 2143 2777 causam
2171 2725 2542 2808 fornicationis,
2571 2721 2618 2787 et
2642 2736 2798 2816 aliam
2828 2740 3051 2815 duxerit,
3074 2749 3352 2809 mmclmtur
3373 2768 3393 2806 :
3415 2769 3522 2810 non

1933 2810 2196 2871 debemus
2225 2820 2481 2902 continuo
2521 2810 2710 2906 putare
2746 2810 2896 2885 illum
2943 2848 3049 2888 non
3089 2839 3387 2909 moecbari,
3431 2849 3523 2923 qui

1933 2913 2155 2976 propter
2182 2922 2397 2964 causam
2429 2911 2796 2987 fornicationis
2840 2921 3126 2990 dimiserit,
3158 2939 3212 2984 et
3237 2931 3393 2987 aliam
3423 2911 3524 2990 du-

1933 2998 2103 3064 xerit;
2150 3001 2244 3088 sed
2291 2990 2467 3085 adhuc
2520 3008 2812 3082 ambigere,
2844 3013 3014 3088 donec
3047 3009 3388 3092 Evangelium
3432 3042 3522 3082 se-

1934 3079 2166 3147 cundum
2189 3079 2323 3150 alios
2347 3079 2699 3170 evangelistas
2718 3118 2750 3159 a
2773 3085 2966 3174 quibus
2990 3108 3092 3166 hoc
3116 3099 3388 3173 narratum
3414 3105 3517 3189 est;

1933 3172 2295 3268 consulamus.
2323 3185 2462 3254 Quid
2489 3191 2534 3246 si
2564 3193 2708 3249 enim
2738 3199 3030 3254 secundum
3057 3201 3383 3280 Mattbmum,
3412 3228 3518 3268 non

1931 3260 2146 3344 quidem
2173 3260 2314 3347 quOd
2342 3279 2408 3334 ad
2432 3279 2569 3338 hanc
2594 3301 2707 3340 rem
2737 3289 2970 3358 pertinet
2998 3275 3197 3351 dictum
3219 3272 3302 3353 est
3327 3260 3516 3369 idtum,

1929 3365 2026 3422 sed
2056 3367 2126 3422 ita
2154 3385 2277 3439 pars
2305 3371 2448 3428 dicta
2472 3383 2573 3443 est,
2596 3387 2656 3432 ut
2677 3379 3062 3453 intelligeretur
3087 3403 3120 3458 a
3147 3376 3298 3460 parte
3327 3365 3516 3470 toium,

1927 3459 2068 3530 quod
2107 3468 2355 3534 tanquam
2401 3468 2748 3538 explanantes
2772 3473 2981 3546 Marcus
3010 3487 3064 3534 et
3096 3459 3289 3552 Lucas,
3321 3465 3375 3541 ut
3405 3459 3518 3542 cla;

1928 3559 2074 3606 reret
2100 3553 2253 3621 plena
2281 3560 2568 3627 sententia,
2599 3569 2769 3638 totum
2811 3565 2989 3623 dicere
3015 3571 3313 3630 maluerunt
3334 3577 3358 3638 ‘,'
3382 3579 3513 3636 Cum

1927 3639 2106 3712 itaque
2131 3644 2360 3713 primum
2387 3664 2495 3704 non
2520 3650 2826 3710 dubitantes
2849 3673 3034 3731 verum
3059 3677 3180 3730 esse
3203 3667 3347 3736 quod
3373 3673 3512 3740 apud

1923 3729 2229 3788 Mattlueum
2257 3736 2466 3806 legitur,
2490 3739 2812 3814 Quicumque
2848 3729 3094 3823 dimiserit
3133 3729 3340 3820 uxorem
3365 3729 3514 3816 suam

1924 3833 2130 3892 propter
2140 3841 2342 3880 causam
2359 3819 2725 3900 fornicationis,
2740 3844 2786 3888 et
2797 3837 2950 3890 aliam
2967 3819 3187 3910 duxerit,
3203 3848 3478 3904 mare/tatur
3491 3868 3514 3916 ;

1923 3905 2291 3982 quaesierimus
2329 3928 2507 3975 utrtt‘m
2547 3915 2750 3979 tantum
2792 3926 2892 3983 iste
2928 3905 3231 4005 mcechetur
3266 3937 3512 3999 ducendo

1921 3999 2163 4061 alteram"
2195 4024 2452 4096 uxoreml,
2510 4003 2601 4084 qui
2645 4027 2840 4086 praeter
2882 4036 3099 4096 causam
3143 4025 3512 4088 fornicationis

1922 4098 2152 4166 priorem
2185 4085 2468 4180 dimiserit,
2501 4120 2568 4159 an
2596 4109 2771 4164 onmis
2797 4112 2887 4182 qui
2916 4110 3132 4190 dimissa
3171 4134 3336 4188 uxore
3376 4125 3512 4181 alte-

1919 4201 2035 4242 t‘am
2067 4176 2296 4256 duxerit,
2335 4201 2393 4247 ut
2422 4193 2491 4249 ibi
2530 4195 2598 4250 sit
2624 4197 2782 4272 etiam
2811 4176 2900 4256 ille
2925 4185 3016 4274 qui
3043 4183 3392 4266 fornicantem
3429 4215 3513 4270 di-

1919 4278 2123 4334 miserit
2152 4298 2164 4334 :
2197 4297 2374 4338 nonne
2399 4287 2689 4342 secundum
2719 4290 2950 4371 Marcum
2979 4301 3388 4369 respondebitur
3414 4324 3512 4362 no-

1916 4368 2019 4434 bis,
2049 4359 2184 4438 Quid
2215 4377 2455 4443 quaeritis
2486 4387 2662 4434 utrum
2695 4382 2784 4438 ille
2810 4385 2878 4439 sit
2907 4359 3173 4459 moechus,
3203 4405 3258 4448 et
3284 4395 3374 4453 ille
3401 4415 3506 4456 non

1916 4461 2018 4515 sit?
2047 4461 2359 4534 Quicumque
2387 4468 2632 4525 dimiserit
2661 4489 2868 4528 uxorem
2896 4495 3062 4548 suam,
3086 4492 3134 4537 et
3157 4485 3314 4540 aliam
3341 4489 3508 4544 dume-

1914 4551 1998 4617 rit,
2026 4544 2330 4610 adulterium
2357 4553 2635 4633 committit.
2665 4549 2855 4646 Nonne
2884 4571 3044 4626 etiam
3072 4577 3366 4632 secundum
3395 4579 3504 4634 Lu-

1914 4657 2029 4696 cam
2074 4637 2279 4701 dicetur
2321 4650 2493 4718 nobis,
2535 4647 2672 4721 Quid
2713 4638 2980 4730 antbigitis
3025 4676 3200 4720 utrum
3268 4670 3358 4725 ille
3407 4673 3503 4740 qui

1916 4741 2133 4804 propter
2162 4742 2378 4794 causam
2425 4735 2790 4803 fornicationis
2836 4767 3055 4808 uxorem
3097 4756 3400 4827 dimiserit,
3446 4773 3504 4818 et

1913 4824 2069 4878 aliam
2115 4826 2358 4896 duxerit,
2407 4831 2512 4917 non
2563 4825 2896 4895 minitetur?
2937 4842 3116 4899 Omnis
3159 4851 3244 4917 qui
3291 4851 3501 4910 dimittit

1912 4917 2119 4967 uxorem
2147 4934 2310 4984 suam,
2339 4921 2385 4974 et
2416 4906 2554 4977 ducit
2578 4918 2809 4994 alteram,
2839 4934 3132 4992 matr/tatur.
3155 4906 3233 4994 Ᾰο
3253 4955 3352 5009 per
3371 4943 3503 5009 hoc.

1910 5005 2159 5072 quoniam
2189 5007 2266 5063 fas
2295 5007 2400 5064 non
2430 5022 2512 5067 est
2543 5023 2599 5068 ιιι
2638 5016 3023 5089 Evangelistas,
3051 5005 3292 5094 quamvis
3319 5032 3499 5089 diver-

1908 5094 1984 5148 sis
2007 5089 2184 5152 verbis
2214 5100 2279 5154 de
2309 5111 2410 5155 una
2439 5104 2498 5158 re
2526 5105 2825 5176 loquentes,
2849 5111 2916 5166 ah
2947 5128 3051 5167 uno
3081 5129 3239 5174 sensu
3275 5125 3494 5181 eadem-

1906 5199 2011 5254 que
2037 5191 2296 5244 sententia
2322 5188 2608 5250 dissentire
2631 5196 2897 5267 dicamus;
2923 5214 3086 5261 restat
3112 5218 3169 5262 ut
3188 5199 3493 5275 Matthmum

1905 5271 2272 5350 intelligamus”
2295 5298 2324 5337 a
2356 5279 2505 5354 parte
2537 5295 2703 5344 totum
2735 5291 3034 5362 significare
3061 5289 3313 5376 voluisse,
3341 5326 3492 5368 eam.
3531 5371 3535 5382 Ι

1904 5365 2026 5421 dem
2070 5369 2245 5426 tamen
2281 5376 2513 5430 tenuisse
2543 5382 2894 5448 sententiam,
2941 5397 2999 5442 ut
3043 5390 3316 5455 dimittens
3359 5371 3533 5458 uso:

1903 5475 2016 5514 rem
2045 5471 2098 5516 et
2136 5461 2358 5520 alteram
2399 5468 2600 5526 ducens
2624 5513 2640 5538 ,
2683 5489 2790 5531 non
2831 5470 3044 5546 quidam
3090 5475 3406 5561 t'noechetur,
3439 5497 3492 5552 id

1901 5562 2007 5613 est,
2037 5553 2124 5623 qui
2155 5565 2347 5624 printer
2371 5557 2776 5622 fornicationem
2803 5568 3083 5640 dimiserit,
3115 5581 3326 5648 quidam
3365 5600 3491 5641 vero
3552 5576 3579 5590 '-

1903 5654 2012 5699 n‘on
2040 5646 2358 5717 mmehetur,
2389 5651 2437 5706 id
2465 5663 2566 5720 est,
2594 5659 2685 5727 qui
2717 5657 2935 5732 propter
2963 5646 3368 5729 fornicationem
3409 5677 3492 5732 dt-

1899 5735 2124 5829 ntiserit,
2151 5740 2245 5795 sed
2276 5745 2452 5800 omnis
2476 5748 2567 5818 qui
2605 5749 2823 5810 dimittit
2852 5771 3076 5816 uxorem
3115 5776 3286 5834 suam,
3313 5780 3366 5823 et
3390 5769 3485 5826 diti

1897 5819 1971 5881 cit
1997 5828 2238 5902 alteram,
2265 5835 2522 5893 maritari
2550 5841 2766 5901 minime
2793 5845 3081 5904 dubitatur.
3225 5837 3228 5840 ’

2863 5939 3200 6026 (ouium;
