3986 6510
522 414 620 469 639

593 525 818 582 CAPUT
845 524 958 581 XII.
979 553 1050 566 --
1076 524 1163 577 i3.
1199 520 1383 574 Mulier
1405 518 1464 571 ob
1493 516 1873 587 fornicationem
1896 511 2106 565 dimissa

525 634 623 671 non
648 626 805 670 cessat
825 631 929 669 esse
954 629 1085 667 uxor
1110 613 1217 684 ejus
1238 611 1322 681 qui
1346 608 1554 663 dimisit.
1579 605 1710 660 Nam
1733 616 1788 659 et
1819 604 1945 657 illud
1966 599 2108 672 quod

524 710 685 763 etiam
711 705 1001 761 secundum
1025 712 1221 758 Lucam
1252 701 1514 771 sequitur,
1542 697 1642 763 Qui
1665 697 1925 750 dimissam
1951 710 1981 746 a
2005 693 2111 746 riro

526 798 684 863 ducit,
710 798 1006 858 mcecltatur,
1031 793 1299 865 quomodo
1325 802 1409 847 est
1437 790 1657 845 verum?
1679 785 1958 856 Quomodo
1980 799 2114 839 mte-

525 889 738 954 chatur,
778 887 880 940 nisi
910 886 1031 957 quia
1064 886 1152 939 illa
1181 900 1340 954 quam
1368 882 1535 945 duxit,
1570 896 1635 935 eo
1681 882 1890 933 vivente
1933 892 1961 930 a
2007 890 2114 945 quo

527 979 746 1034 dimissa
793 985 907 1040 est.
956 976 1131 1030 adhuc
1174 990 1307 1029 uxor
1348 974 1520 1027 aliena
1565 971 1682 1025 est?
1722 969 1777 1023 Si
1824 967 1965 1021 enim
2002 965 2112 1035 jam

529 1086 663 1137 sum,
695 1084 800 1124 non
828 1068 1016 1123 aliena:
1045 1068 1299 1121 miscetur
1326 1064 1498 1131 uxori,
1530 1064 1713 1132 utique
1743 1076 1847 1115 non
1875 1057 2112 1114 moecha-

528 1172 616 1219 tur
643 1181 655 1217 :
685 1163 984 1219 mcechatur
1007 1168 1181 1215 autem
1205 1176 1219 1223 ;
1249 1159 1423 1212 aliena
1450 1164 1530 1210 est
1568 1169 1697 1225 ergo
1724 1152 1812 1208 cui
1839 1152 2111 1207 miscetur.

536 1260 707 1315 Porro
738 1257 781 1312 si
813 1257 985 1311 aliena
1014 1264 1115 1320 est,
1148 1253 1247 1307 hoc
1274 1260 1376 1316 est,
1419 1250 1533 1320 ejus
1561 1264 1589 1303 a
1621 1262 1725 1319 quo
1754 1247 1970 1301 dimissa
1996 1252 2113 1309 est;

534 1350 742 1404 etiamsi
795 1353 1011 1418 propter
1054 1344 1421 1400 fornicationis
1475 1357 1689 1398 causam
1733 1340 1951 1395 dimissa
1995 1346 2114 1404 cst,

534 1441 769 1496 nondum
814 1439 1129 1494 dimittentis
1170 1453 1303 1491 uxor
1327 1450 1446 1490 esse
1476 1433 1725 1489 cessavit.
1761 1431 1819 1487 Si
1844 1438 2020 1485 autem
2051 1428 2116 1483 il-

536 1536 642 1590 lius
668 1549 787 1590 esse
816 1534 1073 1599 cessavit,
1099 1533 1209 1603 jam
1242 1530 1399 1599 hujus
1428 1538 1509 1583 est
1537 1527 1623 1582 cui
1650 1525 1803 1581 alteri
1831 1523 2042 1593 nupsit:
2066 1528 2120 1575 et

534 1626 579 1680 si
606 1625 763 1696 hujus
793 1636 894 1689 est,
923 1639 1029 1678 non
1056 1623 1297 1678 moechus
1329 1619 1649 1691 judicandus
1687 1628 1790 1684 est,
1828 1615 1922 1672 sed
1954 1614 2118 1669 mari-

536 1728 641 1773 tus.
668 1718 770 1773 Sed
802 1718 923 1787 quia
959 1732 1063 1770 non
1093 1732 1213 1771 cum
1253 1714 1499 1769 maritum
1541 1712 1671 1766 dicit
1711 1710 2005 1779 Scriptura,
2026 1704 2120 1761 sed

532 1809 835 1875 moechum;
879 1808 1052 1863 adhuc
1090 1810 1179 1863 illa
1208 1808 1350 1861 illius
1395 1816 1496 1871 est,
1536 1820 1567 1858 a
1611 1819 1719 1874 quo
1758 1803 1919 1858 etiam
1961 1814 2119 1855 causa

534 1901 904 1956 fornicationis
934 1900 1137 1970 objecta
1169 1909 1270 1955 est.
1303 1899 1371 1953 Et
1401 1898 1520 1953 ideo
1548 1909 1937 1967 quamcumque
1962 1894 2120 1948 etiam

534 1995 650 2064 ipse
676 1994 767 2049 illa
794 1994 1013 2048 dimissa
1042 1994 1188 2048 ducit
1213 2007 1459 2056 uxorem,
1501 1992 1622 2060 quia
1655 2005 1775 2043 cum
1807 1989 1980 2043 alieno
2007 2000 2121 2040 ma-

532 2085 641 2140 rito
671 2086 1001 2152 concumbit,
1033 2084 1274 2138 adultera
1303 2094 1404 2137 est.
1425 2081 1577 2137 Unde
1603 2089 1781 2134 autem
1806 2078 1919 2133 ﬁeri
1950 2084 2125 2147 potest

535 2185 596 2231 ut
631 2176 840 2232 adulter
863 2177 1021 2232 etiam
1056 2178 1167 2247 ipse
1198 2190 1303 2231 non
1332 2175 1422 2243 sit,
1448 2190 1569 2229 cum
1591 2181 1801 2229 constet
1820 2170 2123 2227 adulterare

533 2285 692 2343 quam
719 2270 911 2324 duxit?

606 2360 831 2415 CAPUT
860 2358 1069 2414 Xlll.——
1092 2361 1176 2414 Η.
1202 2359 1469 2413 Dimittere
1495 2356 1723 2426 inﬁdeles
1754 2356 1993 2427 conjuges
2023 2370 2124 2407 non

536 2454 685 2507 licere
722 2453 873 2507 sentit
918 2451 1241 2517 Pollentius;
1288 2452 1455 2513 licere,
1484 2450 1571 2504 sed
1600 2467 1700 2504 non
1728 2449 1963 2520 expedire
2004 2448 2125 2501 dicit

533 2543 865 2615 Augustinus.
911 2542 1026 2597 Jam
1058 2558 1199 2597 nunc
1238 2542 1365 2597 illud
1406 2541 1678 2596 videamus
1704 2540 1845 2610 quod
1872 2541 1945 2595 ait
1975 2540 2124 2609 Apo-

538 2638 711 2694 stolus
744 2678 759 2704 ,
789 2637 991 2692 Cceleris
1016 2647 1182 2691 autent
1209 2653 1298 2707 ego
1328 2636 1462 2703 dico,
1496 2652 1595 2689 non
1624 2632 1997 2689 Dominus:ad
2027 2632 2127 2687 im-

534 2733 679 2803 paria
705 2733 929 2797 scilicet,
963 2733 1064 2787 hoc
1093 2741 1196 2798 est,
1242 2731 1329 2786 ubi
1359 2746 1464 2785 non
1511 2730 1669 2785 ambo
1700 2728 1975 2784 christiani
2006 2725 2124 2783 fue-

535 2832 674 2886 rant,
722 2824 968 2894 conjugia
1011 2824 1262 2893 loquitur.
1312 2821 1464 2890 Quod
1509 2820 1636 2875 mihi
1666 2821 1838 2875 visum
1881 2827 1963 2874 est
2000 2833 2123 2873 cum

535 2915 806 2970 monendo
833 2914 1053 2969 dixisse.
1078 2916 1211 2981 Quia
1242 2915 1383 2968 cnim
1406 2916 1598 2982 conjnx
1629 2912 1802 2966 ﬁdelis
1824 2909 2125 2982 relinquere

536 3010 822 3077 conjugem
865 3006 1008 3061 licitc
1046 3007 1219 3076 potuit
1248 3005 1536 3069 inﬁdelem,
1579 3004 1697 3058 ideo
1724 3002 1835 3058 ﬁeri
1877 3004 1978 3057 hoc
2016 3017 2123 3057 non

538 3097 821 3162 Dominus,
853 3096 947 3151 sed
975 3096 1265 3166 Apostolus
1298 3095 1561 3165 prohibet.
1594 3094 1745 3161 Quod
1771 3093 1912 3149 enim
1942 3092 2126 3149 Domi-

535 3202 636 3241 nus
682 3188 972 3257 prohibet,
1025 3187 1139 3242 ﬁeri
1186 3186 1406 3241 omnino
1451 3200 1555 3240 non
1584 3185 1727 3240 licet.
1776 3184 1956 3239 Monet
1997 3196 2125 3254 ergo

538 3277 850 3347 Apostolus,
879 3292 985 3347 quo
1018 3278 1187 3347 possit
1218 3292 1336 3332 esse
1363 3277 1650 3331 multorum
1680 3276 1888 3331 occasio
1915 3275 2123 3330 lucran-

532 3368 747 3434 dorum,
786 3378 847 3423 ut
877 3370 1061 3424 lideles
1105 3369 1359 3439 conjuges
1400 3369 1455 3423 in
1497 3366 1862 3438 relinquendis
1893 3365 2121 3422 inﬁdeli-

536 3462 637 3515 bus
669 3461 932 3530 permissa
963 3461 1175 3515 licentia
1206 3476 1311 3515 non
1344 3468 1581 3515 utantur.
1614 3459 1731 3514 Tibi
1765 3467 1941 3513 autem
1974 3457 2119 3519 vidc-

535 3563 622 3607 tur
659 3552 903 3607 inlideles
940 3568 1153 3623 quoque
1193 3552 1391 3607 dimitti
1434 3567 1464 3606 a
1505 3551 1751 3606 ﬁdelibus
1798 3566 1905 3606 non
1936 3551 2120 3617 licere,

535 3645 659 3715 quia
700 3644 803 3699 hoc
840 3653 983 3698 vetat
1020 3644 1346 3714 Apostolus:
1389 3658 1510 3699 cum
1556 3658 1655 3714 ego
1702 3642 1874 3698 dicam
1922 3643 2117 3709 licere,

538 3736 658 3806 quia
698 3734 800 3790 hoc
830 3751 934 3790 non
974 3746 1119 3791 vetat
1163 3737 1455 3803 Dominus;
1501 3752 1609 3792 non
1638 3745 1815 3791 tamen
1846 3736 2118 3806 expedire,

535 3829 653 3897 quia
684 3828 785 3883 hoc
811 3844 877 3883 ne
909 3828 1020 3895 ﬁat,
1053 3838 1233 3897 monet
1262 3830 1550 3900 Apostolus
1576 3847 1589 3883 :
1636 3829 1726 3899 qui
1756 3828 1931 3884 reddit
1961 3829 2120 3883 etiam

531 3921 793 3975 rationem
824 3936 919 3975 cur
940 3920 1055 3976 ﬁeri
1088 3938 1192 3976 non
1214 3921 1488 3991 expediat,
1511 3922 1753 3991 quamvis
1780 3921 1955 3975 liccat.
1986 3920 2122 3986 Quid

528 4013 662 4065 enim
690 4013 807 4077 scis,
844 4013 1034 4082 inquit,
1076 4015 1277 4080 mulier,
1307 4015 1350 4067 si
1379 4015 1541 4067 virum
1568 4014 1759 4067 salvum
1800 4013 1996 4083 facies?
2034 4022 2121 4066 aut

528 4104 663 4158 unde
690 4104 808 4170 scis,
837 4106 932 4171 vir,
960 4106 1003 4158 si
1027 4121 1236 4158 uxorem
1259 4104 1450 4159 salvam
1478 4105 1668 4175 facies?
1689 4105 1822 4158 Cum
1848 4104 2006 4158 etiam
2040 4120 2120 4158 su-

530 4193 714 4263 perius
742 4193 987 4260 dixisset,
1022 4194 1383 4263 Sanctificatus
1421 4206 1493 4249 est
1532 4198 1662 4249 enim
1701 4198 1775 4250 vir
1818 4196 2037 4265 infidelis
2066 4198 2119 4250 in

530 4299 687 4337 uxore
712 4285 753 4348 ¹,
800 4292 846 4337 et
899 4286 1213 4353 sanctificata
1250 4294 1324 4339 est
1352 4288 1531 4341 mulier
1589 4288 1808 4357 inﬁdelis
1841 4288 1894 4342 in
1938 4293 2116 4359 fratre,

530 4375 636 4429 hoc
662 4385 764 4439 est,
794 4374 845 4429 in
875 4374 1200 4431 christiano:
1226 4378 1449 4448 alioquin
1479 4379 1575 4449 ﬁlii
1604 4382 1773 4447 vestri,
1806 4380 1993 4451 inquit,
2024 4382 2119 4434 im-

530 4468 709 4522 mundi
737 4478 931 4535 essent;
961 4487 1093 4524 nunc
1117 4480 1283 4526 autem
1306 4474 1465 4527 sancti
1493 4483 1608 4527 sunt
1636 4476 1656 4543 (
1677 4474 1697 4527 ι
1726 4473 1844 4528 Cor.
1876 4490 1948 4527 vtt
1967 4516 1980 4540 ,
2020 4473 2118 4529 12-

537 4560 664 4632 16).
696 4561 782 4617 Sic
848 4563 913 4616 ad
957 4563 1240 4619 lucrandos
1289 4566 1544 4637 conjuges
1588 4577 1643 4621 et
1689 4566 1826 4621 ﬁlios
1869 4566 2116 4635 Christo,

529 4655 690 4709 etiam
719 4656 982 4725 exemplis
1008 4672 1126 4726 qum
1172 4658 1282 4728 jam
1334 4670 1706 4728 provenerant,
1742 4660 1951 4716 videtur
1996 4661 2121 4716 lior-

533 4757 692 4801 tatus.
721 4746 829 4803 Cur
855 4763 981 4818 ergo
1011 4765 1115 4803 non
1143 4750 1391 4818 expediat
1415 4752 1573 4806 etiam
1600 4752 1841 4807 inﬁdeles
1867 4752 2119 4823 conjuges

530 4840 724 4895 dimitti
751 4855 781 4894 a
812 4840 1074 4907 fidelibus,
1104 4856 1263 4896 causa
1290 4841 1565 4897 evidenter
1591 4860 1849 4913 expressa
1877 4854 1977 4899 est.
2003 4845 2117 4900 Non

529 4935 670 4989 enim
709 4945 929 5006 propter
971 4936 1241 4990 vinculum
1284 4951 1405 4990 cum
1455 4936 1646 4990 talibus
1675 4936 1954 5007 conjugale
2000 4954 2117 4992 ser-

528 5029 789 5094 vandum,
844 5030 936 5083 sed
986 5038 1041 5084 ut
1078 5028 1420 5099 acquirantur
1458 5029 1510 5083 in
1558 5028 1892 5098 Christum’,
1939 5030 2118 5087 recedi

529 5120 595 5174 ab
622 5120 921 5174 inﬁdelibus
949 5120 1262 5191 c0njttgibus
1290 5121 1580 5191 Apostolus
1608 5128 1771 5176 vetat.

596 5210 820 5266 CAPUT
859 5212 996 5266 XIV.
1023 5244 1095 5253 —
1124 5213 1211 5268 15.
1242 5212 1408 5266 Multa
1434 5230 1533 5267 non
1548 5215 1697 5281 jussa
1731 5215 2025 5285 prwscripto
2047 5217 2117 5270 le-

527 5302 632 5370 gis,
664 5300 893 5372 facienda
913 5313 1027 5356 sunt
1052 5304 1263 5358 consilio
1292 5306 1571 5359 charitatis.
1600 5305 1759 5361 Multa
1790 5316 1913 5361 sunt
1937 5318 2115 5364 autem

528 5390 767 5447 facienda
793 5407 898 5445 non
938 5393 1156 5461 jubente
1202 5395 1350 5465 lege,
1399 5397 1492 5452 sed
1523 5398 1685 5453 libera
1733 5397 1991 5455 charitate
2020 5418 2032 5452 :
2065 5408 2118 5454 ct

530 5501 587 5539 ea
629 5492 753 5540 sunt
790 5484 843 5537 in
873 5487 1066 5539 nestris
1105 5486 1297 5541 ofﬁciis
1341 5488 1569 5558 gratiora
1592 5532 1606 5554 ,
1644 5506 1761 5561 qua:
1790 5506 1911 5545 cum
1933 5492 2119 5547 liceret

528 5576 683 5630 nobis
726 5574 885 5628 etiam
930 5590 1035 5628 non
1073 5576 1414 5645 impendere,
1451 5592 1629 5637 tamen
1671 5597 1830 5639 causa
1872 5584 2114 5640 dilectio-

530 5735 779 5841 “;‘Lovq
814 5729 866 5778 in
905 5740 1055 5782 uxore
1086 5729 1241 5796 fideli.
1276 5731 1448 5797 Abest,
1472 5734 1635 5800 ﬁdeli,
1660 5741 1722 5789 ab
1756 5742 1901 5794 editis
1936 5744 2042 5797 aliis
2065 5755 2116 5798 et

588 5861 607 5886 ³
638 5850 910 5903 solacditio
932 5858 1057 5917 Lov.,
1080 5854 1391 5917 acquirantur
1414 5858 1616 5912 Christo.

1475 403 1559 455 DE
1596 396 1944 455 CONJUGHS
1981 393 2459 455 ADULTERINIS.
2502 395 2557 451 S.
2601 393 2967 452 Αυουετικι

3699 400 3797 457 ιω

2221 509 2305 564 nis
2354 510 2726 580 impendimus.
2761 511 2913 567 Unde
2940 509 3084 582 prior
3109 511 3223 583 ipse
3261 512 3549 582 Dominus,
3606 528 3801 572 cumse

2222 602 2472 657 tributum
2499 618 2605 657 non
2633 602 2829 659 debere
2870 612 3221 660 monstrasset
3241 647 3256 673 ,
3289 605 3449 659 solvit
3492 614 3675 661 tamen
3695 648 3708 672 ,
3740 622 3801 663 ne

2224 697 2600 751 scandalizaret
2627 712 2720 751 eos
2749 696 2942 766 quibus
2971 697 3037 751 ad
3077 706 3331 753 aeternam
3359 698 3586 753 salutem
3615 714 3802 770 gerens

2218 785 2489 842 hominem
2516 788 2826 842 consulebat
2853 787 3065 859 (Matth.
3094 806 3202 844 xvtt
3222 832 3236 857 ,
3266 790 3484 861 25-26).
3514 790 3634 845 Jam
3684 808 3802 846 vero

2218 880 2504 949 Aposmlus
2531 881 2977 950 quemadmodum
3009 882 3106 936 ista
3134 883 3506 949 commendet,
3540 884 3659 953 ejus
3684 900 3796 939 ver-

2218 972 2284 1028 ba
2314 982 2592 1041 testantur,
2615 974 2702 1029 ubi
2724 974 2852 1028 dicit
2876 991 2889 1026 :
2918 974 3041 1028 Cum
3063 977 3194 1029 enim
3217 976 3339 1030 liber
3360 978 3455 1031 sim
3472 994 3535 1031 ea:
3556 979 3800 1045 omnibus,

2219 1066 2443 1118 omnium
2485 1081 2681 1119 servum
2707 1082 2783 1119 me
2809 1067 2933 1138 feci,
2983 1078 3035 1119 ut
3078 1069 3245 1137 plures
3275 1069 3644 1139 lucrifacerem.
3676 1070 3802 1126 Cum
3860 1128 3865 1135 ,

2219 1158 2377 1226 paulo
2416 1159 2658 1227 superius
2685 1158 2904 1213 dixisset
2934 1177 2945 1212 :
2978 1158 3240 1231 Numquid
3269 1179 3368 1217 non
3396 1163 3633 1219 habemus
3671 1176 3806 1235 pote—
3858 1172 3869 1193 ί

2221 1260 2399 1305 statem
2428 1251 2770 1305 manducandi
2795 1260 2842 1305 et
2874 1251 3113 1306 bibendi?
3144 1251 3405 1324 Numquid
3440 1272 3542 1309 non
3574 1256 3805 1310 habemus

2223 1342 2472 1395 licentiam
2512 1360 2736 1397 sororem
2796 1343 3057 1397 mulierem
3099 1345 3536 1413 circumducendi,
3581 1348 3709 1401 sicut
3763 1360 3806 1403 et

2222 1434 2385 1488 cwleri
2416 1434 2646 1503 Apostoli
2670 1476 2683 1501 ,
2713 1443 2757 1489 et
2782 1436 2965 1504 fratres
2993 1435 3228 1502 Domini,
3257 1447 3303 1491 et
3333 1438 3578 1508 Ccp/tas?
3605 1439 3686 1492 An
3720 1458 3805 1510 eg)

2223 1527 2361 1581 solus
2382 1538 2426 1581 et
2446 1528 2708 1581 Barnabas
2734 1545 2833 1583 non
2874 1529 3111 1583 habemus
3153 1540 3446 1602 potestatem
3478 1532 3573 1585 hoc
3600 1550 3808 1602 operan-

2224 1619 2315 1673 di?
2350 1619 2475 1687 Quis
2528 1622 2709 1674 militat
2746 1622 2850 1675 suis
2894 1622 3155 1691 stipendiis
3199 1624 3461 1692 unquam?
3502 1623 3631 1691 Quis
3666 1626 3809 1695 plan-

2226 1712 2344 1765 tavit
2369 1714 2595 1779 vineam,
2647 1722 2692 1767 et
2732 1713 2793 1767 de
2839 1715 3006 1782 fructu
3027 1716 3136 1785 ejus
3162 1733 3261 1769 non
3290 1717 3431 1771 edit?
3481 1718 3609 1784 Quis
3654 1720 3807 1788 pascit

2224 1820 2445 1875 gregem,
2476 1813 2521 1857 et
2550 1805 2609 1858 de
2635 1806 2765 1859 lacte
2789 1806 2953 1876 gregis
2980 1824 3079 1859 non
3104 1808 3355 1877 percipit?
3381 1809 3442 1861 Et
3470 1808 3629 1878 paulo
3660 1820 3805 1878 post:

2228 1896 2289 1950 Si
2314 1897 2434 1963 alii,
2477 1896 2675 1967 inquit,
2706 1900 2961 1969 potestatis
3010 1908 3183 1953 vestra:
3210 1902 3547 1971 participant,
3580 1920 3681 1956 non
3706 1920 3810 1955 ma-

2226 1987 2303 2057 gis
2340 1989 2465 2042 nos?
2503 1987 2611 2043 Sed
2646 2006 2744 2043 non
2774 2007 2945 2044 sumus
2985 1992 3065 2045 usi
3098 1992 3192 2045 hac
3227 2002 3499 2062 potestate,
3534 1995 3622 2047 sed
3648 1996 3810 2048 omnia

2228 2076 2531 2144 toleramus,
2572 2095 2633 2132 ne
2672 2078 2805 2149 quod
2851 2082 3259 2152 impedimentmn
3308 2085 3481 2139 demus
3540 2084 3810 2157 Evangelia

2228 2167 2433 2223 Christi.
2476 2170 2677 2225 Deinde
2718 2180 2836 2242 post
2866 2188 3069 2242 pauca:
3104 2173 3230 2238 Quae
3258 2192 3409 2246 ergo,
3453 2177 3654 2247 inquit,
3694 2180 3809 2231 mihi

2228 2276 2414 2313 merces
2442 2260 2533 2314 erit
2550 2262 2576 2314 ?
2607 2260 2673 2315 Ut
2700 2263 3046 2332 euangelizans
3068 2265 3175 2319 sine
3199 2277 3401 2335 sumptu
3424 2284 3611 2336 ponam
3641 2267 3808 2321 Eran-

2227 2354 2447 2424 gelium,
2491 2362 2545 2407 ut
2581 2371 2681 2408 non
2726 2355 2907 2409 abutar
2947 2368 3191 2427 potestate
3225 2376 3335 2412 mea
3374 2361 3426 2413 in
3470 2359 3808 2432 Eeangelioﬂ

2228 2446 2347 2502 Cor.
2387 2463 2470 2513 lx,
2515 2446 2698 2517 4-19).
2741 2445 3111 2519 Continuoque
3158 2450 3427 2521 subjuugit
3474 2454 3617 2522 quod
3663 2455 3811 2522 paulo

2228 2549 2349 2593 ante
2376 2539 2792 2593 commemoravi
2822 2558 2834 2593 :
2865 2538 2992 2595 Cum
3021 2542 3153 2595 enim
3197 2542 3321 2596 liber
3344 2544 3439 2597 sim
3465 2559 3529 2597 ca:
3566 2547 3807 2610 omnibus,

2227 2630 2449 2683 omnium
2476 2646 2554 2683 me
2591 2646 2785 2684 servum
2816 2631 2944 2701 feci,
2992 2640 3046 2685 ut
3070 2633 3239 2704 plures
3270 2634 3639 2702 lucrifacerem.
3688 2636 3809 2690 Item

2227 2720 2333 2775 alio
2357 2719 2476 2775 loco
2502 2721 2570 2776 de
2622 2722 2939 2792 quibusdam
2988 2740 3107 2793 qua:
3158 2724 3223 2779 ad
3277 2742 3454 2781 escam
3494 2730 3805 2799 pertinent:

2230 2810 2415 2865 Omnia
2434 2854 2448 2878 ,
2482 2812 2683 2882 inquit,
2718 2813 2844 2867 mihi
2876 2816 3014 2869 licita
3043 2826 3191 2883 sunt,
3220 2818 3309 2871 sed
3336 2836 3437 2873 non
3462 2822 3634 2873 omnia
3662 2839 3806 2893 expc-

2228 2903 2373 2958 diunt
2402 2920 2421 2959 :
2450 2906 2617 2958 omnia
2643 2906 2765 2959 mihi
2787 2905 2926 2961 licita
2965 2918 3083 2961 sunt
3104 2948 3117 2971 ,
3157 2910 3243 2962 sed
3282 2926 3371 2980 ego
3407 2913 3498 2965 sub
3528 2914 3715 2967 nullius
3738 2930 3810 2966 re-

2227 2999 2376 3063 digar
2399 3006 2659 3061 potestate.
2682 2996 2817 3053 Esca
2842 3000 3001 3052 ventri
3028 3009 3074 3053 et
3104 3011 3273 3054 venter
3298 3004 3422 3057 escis
3440 3046 3455 3069 ,
3487 3004 3628 3059 Deus
3652 3016 3808 3059 autem

2228 3088 2433 3141 ethunc
2472 3097 2517 3140 et
2550 3086 2642 3141 has
2679 3091 2934 3143 evacuabit
2960 3089 3071 3162 (Id.
3105 3107 3174 3155 vt,
3204 3091 3268 3145 12
3294 3104 3342 3147 et
3376 3094 3489 3166 i5).
3521 3096 3653 3151 Item
3695 3099 3808 3153 alibi

2227 3176 2296 3232 de
2330 3179 2435 3234 hoc
2474 3176 2589 3249 ipso
2622 3195 2635 3233 :
2673 3179 2857 3235 Omnia
2883 3182 3006 3235 mihi
3042 3186 3059 3214 ¹
3095 3183 3232 3236 licita
3257 3195 3373 3239 sunt
3396 3228 3412 3253 ,
3451 3188 3542 3241 sed
3571 3206 3673 3242 non
3710 3208 3810 3243 om-

2232 3268 2317 3322 nia
2337 3270 2609 3331 erpediunt
2639 3288 2657 3325 :
2688 3274 2858 3326 omnia
2898 3274 3020 3327 mihi
3046 3275 3185 3329 licita
3220 3286 3334 3330 sunt
3354 3320 3368 3343 ,
3401 3280 3491 3332 sed
3519 3299 3621 3333 non
3651 3284 3811 3334 omnia

2225 3363 2501 3433 ludificant.
2536 3362 2698 3417 Nemo
2736 3365 2870 3433 quod
2909 3383 3057 3421 suum
3088 3378 3159 3421 est
3203 3380 3427 3438 quazrat,
3463 3372 3553 3424 sed
3591 3373 3645 3425 id
3685 3374 3810 3443 quod

2227 3458 2437 3512 alterius
2474 3468 2565 3512 est.
2600 3459 2772 3529 Atque
2820 3470 2876 3514 ut
2919 3460 3227 3516 Ostende-ret
3276 3463 3412 3517 unde
3457 3464 3805 3533 loqueretur:

2232 3548 2422 3616 Omne,
2447 3550 2643 3620 inquit,
2674 3551 2811 3621 quod
2840 3552 2890 3605 in
2922 3552 3133 3607 macello
3176 3554 3335 3620 venit,
3367 3556 3671 3610 manducate
3691 3598 3705 3621 ,
3732 3558 3807 3609 nio

2228 3640 2302 3694 hil
2328 3642 2687 3713 interrogantes
2732 3652 2936 3713 propter
2975 3645 3329 3699 conscientiam
3359 3645 3470 3717 (Id.
3514 3663 3546 3701 χ
3566 3690 3579 3711 ,
3611 3648 3805 3717 9.2-9.5).

2227 3732 2293 3787 Et
2318 3742 2490 3788 tamen
2518 3735 2642 3789 alibi
2668 3735 2794 3789 dicit
2824 3753 2837 3789 :
2870 3734 2992 3789 Non
3020 3736 3332 3791 manducabo
3362 3755 3564 3791 carnem
3596 3743 3648 3791 in
3675 3757 3807 3792 (πων.

2226 3840 2345 3876 num
2367 3864 2380 3890 ,
2408 3833 2462 3878 ut
2487 3842 2586 3879 non
2615 3830 2824 3897 fratrem
2853 3843 3018 3880 meum
3045 3828 3380 3882 scandalizent
3410 3830 3518 3897 (Id.
3546 3846 3638 3885 vni
3661 3873 3674 3895 ,
3708 3833 3803 3901 15).

2226 3914 2463 3987 Itemque
2492 3918 2615 3971 alibi
2648 3935 2661 3970 :
2699 3918 2883 3971 Omnia
2908 3919 3109 3990 quidem
3141 3923 3327 3976 munda
3350 3963 3364 3987 ,
3396 3925 3485 3976 scd
3531 3927 3717 3978 malum
3743 3935 3808 3977 est

2226 4006 2416 4060 homini
2457 4009 2544 4079 qui
2572 4026 2661 4077 per
2680 4008 3005 4076 offensionem
3042 4013 3311 4066 ntanducat
3339 4013 3513 4083 (Rom.
3560 4032 3676 4081 xw,
3701 4014 3805 4087 ‘20).

2225 4098 2378 4165 Quod
2422 4110 2533 4168 est,
2569 4101 2753 4155 Omnia
2784 4102 2921 4156 licita
2946 4113 3098 4170 sunt;
3129 4106 3303 4176 ipsum
3333 4116 3449 4171 est,
3486 4108 3672 4161 Omnia
3708 4112 3808 4179 qui-

2226 4192 2339 4246 dem
2367 4194 2557 4247 munda
2582 4211 2601 4249 :
2623 4204 2676 4249 et
2716 4197 2858 4266 quod
2886 4207 2965 4251 est
2986 4239 3001 4265 ,
3042 4200 3131 4253 sed
3160 4217 3260 4254 non
3300 4203 3471 4254 omnia
3508 4205 3807 4273 arpcdiunl;

2225 4285 2399 4355 ipsum
2425 4294 2542 4353 est,
2580 4288 2669 4339 sed
2692 4289 2883 4341 malum
2917 4299 2989 4344 est
3029 4291 3223 4344 homini
3268 4294 3352 4361 qui
3378 4310 3468 4362 per
3488 4294 3807 4360 offensionem

2225 4376 2517 4429 manducat.
2568 4376 2642 4432 lta
2683 4379 2915 4433 ostendit
2954 4395 3016 4435 ea
3046 4396 3164 4451 qua:
3217 4382 3357 4436 licita
3404 4394 3566 4450 sunt,
3603 4386 3653 4439 id
3702 4396 3795 4450 est,

2226 4468 2371 4523 nullo
2414 4479 2681 4540 praecepto
2726 4470 2937 4526 Domini
2982 4473 3364 4542 prohibentur,
3414 4477 3558 4532 sicut
3602 4480 3809 4549 expedit

2224 4562 2402 4633 potius
2443 4578 2562 4618 esse
2619 4566 2926 4631 tractanda,
2982 4582 3086 4621 non
3141 4570 3451 4638 prmscripto
3491 4570 3661 4642 legis,
3721 4572 3808 4626 sed

2226 4659 2448 4713 consilio
2479 4660 2773 4716 charitatis.
2802 4661 2927 4716 11-.ee
2971 4671 3097 4716 sunt
3125 4680 3244 4732 qua:
3270 4664 3498 4734 amplius
3525 4678 3809 4737 erogantur

2226 4753 2438 4818 saucio,
2472 4752 2561 4822 qui
2591 4754 2857 4808 curandus
2899 4754 2964 4807 ad
3003 4755 3271 4810 stabulum
3300 4757 3622 4813 Samaritani
3678 4762 3808 4815 illius

2226 4844 2568 4899 miseratione
2614 4844 2899 4915 perductus
2948 4855 3029 4901 est
3054 4845 3203 4919 (Luc.
3233 4864 3266 4901 ι
3290 4891 3303 4911 ,
3352 4850 3561 4920 55-35).
3596 4851 3668 4905 Et
3700 4852 3809 4907 ideo

2225 4934 2473 4991 dicuntur
2502 4951 2607 4991 non
2633 4952 2664 4990 a
2706 4938 2934 4993 Domino
2962 4939 3175 5008 ρι’ωεὶρί
3194 4981 3209 5005 ,
3260 4942 3501 5010 quamvis
3537 4943 3767 4999 Domino
3792 4946 3809 4973 '

2224 5040 2541 5085 moneantur
2564 5029 2780 5097 oﬁ‘erri;
2810 5039 2865 5086 ut
2906 5042 3050 5087 tanto
3080 5033 3441 5103 intelligantur
3468 5052 3592 5093 esse
3622 5039 3809 5108 gratio-

2224 5138 2305 5189 ra,
2336 5132 2533 5193 quanto
2560 5124 2728 5195 magis
2757 5125 3109 5181 ostenduntur
3131 5127 3386 5183 indebita.

2296 5215 2519 5271 CAPUT
2557 5215 2674 5271 XV.
2702 5247 2773 5255 —
2795 5218 2880 5272 16.
2917 5216 3081 5271 Licita
3108 5220 3337 5286 quaedam
3366 5238 3481 5293 qui:
3518 5240 3621 5277 non
3664 5241 3808 5293 expe-

2225 5308 2388 5361 diunt.
2416 5306 2524 5363 Sed
2550 5324 2611 5362 ea
2641 5324 2759 5378 qua:
2788 5309 2838 5362 in
2873 5309 2956 5363 his
2986 5310 3118 5365 talia
3137 5320 3290 5378 sunt,
3321 5322 3378 5366 ut
3415 5317 3666 5383 quamvis
3710 5318 3805 5370 sint

2224 5401 2365 5455 licita
2390 5416 2494 5454 non
2543 5402 2863 5471 expediant,
2890 5420 2993 5457 non
3024 5404 3073 5457 in
3105 5405 3183 5459 eis
3212 5405 3315 5461 diei
3347 5416 3559 5476 potest,
3609 5410 3803 5465 Bonum

2223 5503 2306 5547 est
2352 5493 2483 5561 hoc,
2530 5494 2631 5549 sed
2670 5494 2797 5548 illud
2843 5496 3034 5550 melius
3068 5515 3079 5550 :
3108 5498 3245 5553 sicut
3285 5499 3488 5555 dictum
3533 5512 3647 5567 est,
3707 5501 3800 5568 Qui

2224 5586 2311 5640 dat
2362 5596 2572 5657 nuptum
2598 5579 2627 5653 ,’
2645 5588 2766 5641 bene
2805 5589 2926 5659 facit
2940 5604 2963 5655 ;
2988 5598 3035 5642 et
3063 5590 3149 5659 qui
3191 5607 3291 5644 non
3319 5592 3404 5645 dat
3432 5606 3643 5665 nuptum
3662 5636 3675 5658 ,
3710 5609 3804 5645 me-

2288 5751 2303 5781 ί
2340 5748 2605 5810 Particula,
2643 5749 2797 5810 mihi,
2826 5752 2915 5799 hoc
2955 5756 3007 5799 et
3040 5752 3257 5812 proximo
3306 5751 3428 5801 infra
3466 5752 3573 5803 loco
3612 5754 3744 5802 abest
3774 5758 3801 5799 ιι

2223 5820 2409 5922 Μθῗέίε
2432 5882 2534 5923 stas.
2562 5881 2617 5924 Αι
2640 5875 2774 5934 editi,
2800 5887 2831 5923 a
2862 5882 3057 5925 Damno
3084 5887 3101 5924 :
3125 5873 3283 5924 minus
3305 5876 3454 5927 bene.
