3986 6508
526 421 631 475 463

526 543 615 609 qui
643 553 747 593 non
795 537 953 592 habet
980 550 1179 591 veram.
1213 534 1335 589 Ideo
1363 542 1540 589 autem
1572 550 1673 589 nec
1695 532 1870 604 juberi
1916 532 2115 586 debue-

528 638 652 684 runt
693 628 873 683 fideles
910 628 978 681 ab
1032 626 1335 681 inﬁdelibus
1377 626 1612 694 separari
1637 669 1651 692 ,
1683 625 1806 695 quia
1845 639 1950 679 non
1982 638 2112 678 con-

528 732 607 777 tra
651 722 942 791 jussiouem
992 720 1201 775 Domini
1245 718 1489 775 Gentiles
1530 717 1740 774 fuerant
1782 717 1940 772 ambo
1985 730 2113 771 eon-

520 813 712 883 juneﬁ.

594 909 684 963 21.
728 909 987 975 Quoniam
1037 923 1164 978 ergo
1209 909 1277 963 ab
1331 902 1531 962 inﬁdeli
1578 904 1787 960 ﬁdelem
1832 900 2111 957 discedere

521 1015 624 1054 nec
648 1001 891 1069 prohibet
919 1016 1018 1055 nec
1042 1000 1193 1069 jubet
1223 1000 1483 1053 Dominus
1504 1039 1516 1062 ,
1560 996 1679 1051 ideo
1706 1005 1763 1049 ut
1801 1010 1907 1049 non
1938 993 2111 1047 disce-

522 1096 641 1161 dat,
682 1095 969 1163 Apostolus
998 1094 1153 1160 dicit,
1199 1108 1302 1147 non
1333 1091 1588 1145 Dominus
1636 1107 1653 1141 :
1696 1087 1899 1142 habens
1930 1086 2111 1154 utique

522 1189 779 1257 Spiritum
819 1184 1057 1243 Sanctum
1076 1229 1089 1251 ,
1118 1189 1169 1241 in
1211 1204 1316 1256 quo
1342 1186 1470 1241 dare
1496 1192 1676 1255 posset
1705 1183 1833 1238 utile
1863 1191 1916 1235 et
1957 1179 2110 1234 ﬁdele

512 1280 823 1333 consilium.
856 1278 1006 1334 Unde
1048 1294 1167 1333 cum
1196 1278 1416 1332 dixisset
1445 1276 1513 1331 de
1533 1276 1756 1330 muliere
1776 1316 1789 1337 ,
1838 1273 1990 1342 cujus
2030 1270 2111 1324 vir

498 1380 767 1425 tmortuus
808 1370 993 1435 fuerit,
1026 1368 1232 1423 Bentior
1265 1378 1433 1421 autent
1463 1369 1589 1433 erit,
1629 1367 1672 1421 si
1710 1367 1781 1420 sic
1826 1378 2112 1433 permanse-

524 1462 611 1527 rit,
644 1462 913 1514 secundum
940 1477 1105 1513 meum
1131 1458 1395 1513 consilium
1419 1476 1435 1523 ;
1463 1472 1528 1512 ne
1554 1458 1672 1528 quis
1702 1457 1801 1510 hoc
1830 1455 2111 1509 consilium

518 1564 774 1621 tanquam
830 1552 1149 1614 lnnnanum,
1195 1566 1304 1603 non
1343 1550 1576 1603 divinum
1604 1591 1619 1616 ,
1660 1546 2108 1603 contemnendum

526 1654 768 1715 putaret,
816 1645 1036 1713 adjecit,
1086 1642 1217 1696 Puto
1259 1653 1459 1708 autem,
1502 1650 1548 1694 et
1592 1658 1682 1711 ego
1724 1640 1971 1710 Spiritum
2014 1637 2111 1690 Dei

526 1736 703 1791 habeo.
749 1736 977 1790 Proinde
1026 1734 1425 1804 intelligendum
1462 1740 1579 1799 est,
1626 1732 1785 1785 etiam
1832 1731 1944 1800 ipsa
1993 1743 2109 1796 qua:

523 1844 629 1882 non
666 1845 693 1881 a
743 1829 967 1882 Domino
998 1827 1287 1896 jubentur,
1329 1825 1422 1880 sed
1452 1840 1480 1877 a
1525 1833 1710 1879 sancto
1757 1823 1872 1893 ejus
1914 1820 2110 1875 famulo

522 1922 723 1976 utiliter
746 1921 1067 1985 suadentur,
1098 1920 1286 1975 eodem
1321 1918 1547 1972 Domino
1592 1918 1887 1987 inspirante
1912 1914 2107 1969 suade-

516 2017 590 2070 ri.
620 2016 774 2070 Absit
798 2016 938 2069 enim
968 2025 1023 2069 ut
1057 2015 1333 2084 quisquam
1362 2012 1657 2067 catholicus
1677 2009 1904 2076 dixerit,
1935 2021 2108 2077 quan-

521 2108 594 2162 do
621 2107 807 2161 suadet
844 2107 1072 2176 Spiritus
1104 2116 1351 2170 sanctus,
1395 2120 1502 2159 non
1535 2104 1814 2157 Dominum
1845 2098 2103 2165 suadere;

520 2214 643 2251 cum
678 2209 731 2253 et
759 2199 870 2267 ipse
896 2198 1153 2252 Deminus
1198 2199 1298 2261 sit,
1328 2205 1381 2251 et
1408 2193 1780 2264 inseparabilia
1816 2192 1922 2247 sint
1944 2205 2107 2261 opera

523 2288 816 2342 Trinitatis.
855 2288 989 2342 Dicit
1034 2300 1244 2354 tamen,
1283 2286 1358 2340 De
1385 2285 1658 2356 virginibus
1701 2293 1868 2337 autem
1913 2298 2105 2352 prlece-

519 2389 661 2448 ptum
688 2378 895 2432 Domini
934 2379 1248 2444 non‘habeo,
1278 2378 1545 2432 consilium
1584 2386 1748 2430 autem
1773 2376 1859 2429 do.
1906 2374 2021 2429 Non
2049 2380 2108 2428 ut

518 2469 621 2525 hoc
648 2471 926 2526 consilium
953 2470 1185 2525 alienum
1213 2470 1581 2523 existimemus
1624 2483 1654 2521 a
1686 2466 1951 2532 Domino,
1982 2480 2104 2519 cum

518 2565 770 2616 continuo
818 2570 1069 2632 sequatur
1111 2570 1164 2616 et
1210 2561 1395 2615 dicat:
1425 2570 1660 2630 tanquam
1708 2557 2105 2612 misericordiam

512 2663 808 2707 consecutus
838 2670 868 2706 a
902 2653 1117 2707 Domino
1159 2661 1212 2705 ut
1245 2652 1410 2721 fidelis
1440 2668 1597 2705 essem
1625 2649 1669 2720 (l
1692 2649 1808 2704 Cor.
1845 2665 1916 2703 vn
1938 2691 1953 2715 ,
1992 2648 2061 2703 40
2084 2690 2101 2717 ,

513 2743 626 2815 25).
652 2744 953 2800 Secundum
986 2744 1152 2799 Deum
1183 2757 1312 2813 ergo
1337 2741 1429 2797 dat
1467 2742 1623 2796 ﬁdele
1648 2740 1927 2796 consilium
1957 2740 2009 2793 in
2038 2754 2104 2793 eo

511 2835 710 2906 Spiritu
728 2878 742 2904 ,
765 2836 833 2892 de
859 2851 964 2907 quo
986 2837 1060 2890 ait
1086 2852 1105 2890 :
1136 2833 1269 2889 Puto
1292 2844 1493 2901 autem,
1521 2843 1567 2888 et
1594 2848 1683 2904 ego
1713 2832 1966 2902 Spiritum
2005 2830 2105 2885 Dei

513 2930 690 2983 habeo.

582 3022 672 3074 22.
712 3021 1097 3077 Verumtamen
1138 3019 1281 3074 aliud
1312 3028 1394 3075 est
1424 3019 1632 3075 Domini
1668 3018 1905 3089 jubentis
1934 3018 2104 3089 impe-

510 3112 652 3166 rium
676 3153 690 3177 ,
714 3111 854 3165 aliud
885 3110 1130 3167 conservi
1159 3110 1451 3166 secundum
1480 3109 1899 3201 misericordiam
1926 3108 2104 3163 chari-

486 3216 487 3219 ‘
512 3204 666 3267 tatis,
695 3219 814 3273 quae
838 3213 920 3258 est
949 3204 1021 3258 illi
1049 3219 1079 3257 a
1111 3203 1337 3257 Domino
1383 3202 1635 3273 inspirata
1666 3210 1826 3272 atque
1868 3201 2062 3256 donata
2084 3243 2099 3270 ,

513 3294 672 3349 ﬁdele
699 3295 1000 3349 Consilium.
1026 3296 1101 3350 lbi
1124 3294 1266 3350 aliud
1298 3294 1475 3350 facere
1498 3311 1600 3351 non
1627 3295 1782 3362 licet,
1813 3294 1897 3350 hic
1921 3304 2101 3350 autem

501 3384 639 3439 licet
666 3401 681 3437 :
704 3384 775 3439 ita
806 3400 935 3439 sane
961 3394 1018 3438 ut
1046 3383 1218 3456 ipsum
1244 3385 1443 3441 licitum
1484 3387 1673 3456 partim
1700 3386 1915 3457 quidem
1939 3402 2104 3456 expe-

513 3478 645 3546 diat,
669 3480 859 3549 partim
880 3496 1014 3536 vero
1040 3497 1145 3537 non
1176 3484 1441 3553 expediat.
1469 3483 1698 3553 Expedit
1725 3493 1869 3547 tunc,
1889 3485 2102 3555 quando

513 3587 619 3627 non
657 3571 831 3627 solum
879 3588 972 3643 per
1010 3573 1300 3644 justitiam,
1328 3592 1448 3646 qua:
1490 3592 1671 3631 coram
1717 3578 1942 3632 Domino
1982 3588 2094 3646 est,

513 3663 856 3732 permittitur,
888 3665 980 3720 sed
1008 3666 1167 3720 etiam
1196 3665 1501 3721 hominibus
1527 3668 1727 3722 nullum
1766 3683 1829 3723 ex
1874 3667 1973 3724 hoc
2004 3670 2102 3723 im-

513 3754 875 3823 pedimentum
901 3757 1085 3811 salutis
1108 3757 1331 3812 infertur
1356 3758 1529 3813 :velut
1559 3774 1678 3812 cum
1704 3758 1795 3814 dat
1819 3760 2099 3815 consilium

514 3863 617 3902 non
650 3848 879 3903 nubendi
910 3850 1197 3920 Apostolus
1224 3850 1445 3920 virgini,
1479 3850 1619 3906 unde
1648 3862 1970 3921 przeceptum
2002 3854 2104 3908 Do-

510 3940 639 3993 mini
661 3955 719 3994 se
744 3957 852 3995 non
875 3941 1067 3996 habere
1090 3949 1350 4008 testatur;
1381 3943 1504 3998 licet
1530 3944 1671 3998 aliud
1694 3943 1890 4009 facere,
1922 3944 1973 3999 id
1995 3956 2098 4014 est,

504 4033 741 4099 nubere,
769 4043 822 4089 et
863 4035 1038 4090 minus
1078 4051 1236 4106 quam
1281 4037 1652 4106 continentia),
1677 4039 1873 4093 bonum
1924 4048 2101 4097 tamen

512 4132 697 4179 tenere
734 4129 1056 4195 nuptiarum.
1090 4126 1372 4198 ipsumque
1414 4129 1613 4183 licitum
1654 4131 1815 4185 etiam
1846 4132 2056 4202 expedit
2084 4150 2098 4187 :

502 4218 762 4286 quoniam
788 4218 840 4271 in
865 4220 1024 4273 vetita
1050 4229 1104 4274 et
1133 4220 1313 4275 illicita
1341 4221 1595 4277 ruituram
1624 4224 1799 4278 carnis
1823 4224 2103 4281 inﬁrmita-

484 4315 489 4321 '
516 4319 622 4363 tem
652 4309 730 4363 sic
767 4310 963 4379 excipit
992 4311 1269 4368 honestate
1299 4313 1571 4381 nubendi,
1598 4324 1657 4370 ut
1696 4316 1965 4371 neminem
1995 4316 2101 4371 im-

512 4399 691 4469 pediat
730 4400 795 4454 ad
845 4400 1099 4468 salutem;
1139 4405 1380 4473 quamvis
1432 4407 1599 4477 magis
1648 4408 1955 4477 expediret,
1987 4425 2104 4465 ma-

504 4494 700 4563 gisque
729 4492 1009 4549 honestum
1036 4506 1208 4563 esset,
1238 4498 1283 4553 si
1310 4499 1458 4569 virgo
1484 4500 1765 4555 consilium
1784 4544 1797 4566 ,
1828 4517 1933 4571 quo
1959 4516 2099 4573 prce-

511 4595 724 4656 ceptum
764 4602 882 4642 eam
924 4604 1029 4644 non
1075 4592 1379 4662 compellit,
1411 4594 1689 4663 arriperet.
1732 4594 1882 4649 Tunc
1919 4605 2097 4652 autem

511 4694 617 4733 non
657 4678 874 4747 expedit
908 4679 961 4734 id
999 4681 1138 4750 quod
1168 4682 1367 4737 licitum
1396 4693 1507 4750 est,
1536 4686 1748 4755 quando
1775 4688 2102 4756 permittitur

509 4770 724 4840 quidem
745 4812 760 4837 ,
791 4771 883 4826 sed
913 4788 1040 4828 usus
1069 4773 1233 4844 ipsius
1267 4777 1545 4845 potestatis
1586 4778 1707 4831 aliis
1748 4778 1901 4834 affert
1931 4781 2101 4851 impe-

507 4863 802 4919 dimentum
833 4864 1037 4919 salutis.
1061 4865 1207 4921 Sicut
1232 4877 1346 4933 est,
1383 4868 1523 4923 unde
1555 4869 1666 4940 jam
1691 4870 1781 4924 diu
1810 4870 2096 4942 loquimur,

507 4956 765 5011 discessio
808 4956 979 5012 fidelis
1009 4958 1250 5028 conjugis
1284 4959 1351 5013 ab
1392 4959 1623 5025 inﬁdeli,
1652 4976 1809 5031 quam
1840 4977 1943 5016 non
1972 4979 2095 5034 pro-

506 5047 656 5104 hibet
702 5049 955 5104 Dominus
1000 5060 1265 5121 praecepto
1306 5050 1471 5121 legis,
1499 5051 1623 5121 quia
1671 5066 1852 5106 coram
1884 5053 1973 5109 illo
2016 5054 2100 5110 in-

504 5138 645 5207 iusta
677 5155 782 5194 non
808 5148 922 5204 est;
955 5140 1050 5195 sed
1079 5142 1325 5210 prohibet
1350 5141 1638 5211 Apostolus
1668 5144 1893 5200 consilio
1922 5145 2100 5201 chari-

507 5232 633 5284 tatis
653 5270 668 5295 ,
697 5231 818 5299 quia
862 5231 1165 5287 inﬁdelibus
1207 5232 1362 5287 affert
1390 5232 1825 5302 impedimentum
1865 5237 2049 5292 salutis
2079 5256 2093 5293 :

507 5337 615 5376 non
646 5320 819 5374 solum
850 5323 969 5391 quia
1000 5324 1453 5391 perniciosissime
1479 5325 1907 5383 scandalizantur
1928 5329 2098 5384 oﬁ‘en-

507 5414 588 5477 si;
618 5426 807 5465 verum
833 5412 992 5466 etiam
1023 5414 1143 5483 quia
1173 5414 1225 5468 in
1252 5414 1355 5469 alia
1383 5417 1627 5488 conjugia
1655 5434 1777 5473 cum
1804 5421 2096 5478 ceciderint

506 5502 811 5558 viventibus
836 5503 913 5556 eis
935 5518 963 5556 a
990 5505 1182 5574 quibus
1207 5506 1566 5578 dimittuntur,
1594 5512 1906 5571 adulterinis
1946 5518 2095 5573 nexi-

507 5597 607 5653 bus
633 5595 867 5667 colligati
896 5594 1206 5653 difﬁcillime
1234 5600 1573 5659 resolvuntur
1604 5607 1643 5657 ³.

569 5792 1042 5864 {Aliquotatssqeb
1065 5792 1349 5864 inﬁdelitate
1372 5795 1650 5863 difficillime
1675 5805 1985 5860 resolvuntur.
2014 5814 2098 5864 Alii

502 5855 722 5908 melioris
745 5861 872 5903 nota:
890 5859 1079 5907 codices
1103 5855 1249 5907 editis
1267 5855 1590 5915 conseiitiunt.

1418 417 1502 472 DE
1541 416 1889 473 CONJL’GllS
1927 412 2408 483 ADULTERINIS,
2447 417 2503 474 S.
2548 419 2914 479 AUGUSTlNl
3698 435 3783 491 ιπι

2299 531 2523 591 CAPUT
2562 536 2703 591 XIX.
2734 569 2805 579 -—
2831 540 2920 594 25.
2954 541 3229 599 Consilium
3256 554 3355 601 rion
3381 540 3602 603 nubendi
3620 588 3635 616 ,
3665 551 3718 605 de
3732 569 3783 605 eo

2217 640 2324 679 esse
2346 630 2480 695 quod
2501 630 2718 699 amplius
2744 632 2944 701 expedit
2964 650 2983 697 ;
3010 644 3060 687 at
3093 638 3360 691 consilium
3391 650 3491 693 nan
3509 640 3782 695 dimittendi

2216 715 2498 786 inﬁdelem,
2534 720 2595 774 de
2633 738 2691 775 eo
2731 739 2836 776 esse
2880 727 3026 795 cujus
3070 731 3380 784 contrarium
3429 742 3532 786 non
3579 734 3779 803 expedit.

2218 802 2340 859 Ideo
2379 807 2497 874 hic,
2530 810 2619 863 ubi
2652 811 2702 865 id
2733 813 2873 882 quod
2906 815 3032 869 licet
3071 834 3174 872 non
3206 822 3451 890 expedit,
3482 834 3589 877 non
3630 832 3782 893 potest

2214 897 2318 953 dici
2340 941 2354 965 ,
2385 898 2441 955 Si
2467 901 2731 958 dimiserit
2760 905 3026 961 inﬁdelem
3052 950 3065 971 ,
3094 910 3229 965 bene
3254 912 3409 978 facit;
3438 915 3482 967 si
3517 931 3621 968 non
3647 916 3783 969 dimi.

2214 988 2340 1042 serit
2362 1030 2377 1055 ,
2410 992 2599 1046 melius
2620 993 2745 1050 facit
2767 1012 2781 1049 :
2804 997 2940 1051 sicut
2958 997 3157 1054 dictum
3180 1010 3262 1056 est
3281 1044 3295 1067 ,
3322 1003 3420 1067 Qui
3449 1005 3538 1057 dat
3566 1015 3780 1076 nuptum,

2214 1078 2335 1134 bene
2362 1084 2514 1153 facit;
2541 1093 2590 1137 et
2625 1087 2711 1155 qui
2741 1104 2842 1141 non
2876 1088 2965 1142 dat
2990 1102 3234 1160 nuptum,
3270 1096 3448 1149 melius
3487 1098 3630 1166 facit.
3658 1097 3782 1163 Quo-

2215 1172 2357 1227 niam
2384 1175 2514 1230 illud
2545 1193 2652 1232 non
2681 1180 2853 1234 solum
2894 1189 3179 1253 utrumque
3223 1188 3423 1255 pariter
3468 1188 3626 1254 licet;
3657 1190 3780 1245 unde

2213 1262 2281 1317 ad
2312 1264 2445 1318 nihil
2473 1266 2660 1321 horum
2708 1280 2972 1341 praecepto
3010 1274 3216 1328 Domini
3260 1278 3483 1347 quisque
3522 1279 3782 1349 compelli-

2215 1362 2334 1408 tur:
2360 1357 2453 1409 sed
2482 1358 2639 1411 etiam
2668 1368 2950 1431 utrumque
2975 1364 3187 1433 expedit
3208 1407 3221 1428 ,
3250 1366 3390 1420 aliud
3431 1369 3629 1434 minus,
3659 1370 3782 1424 aliud

2213 1449 2473 1517 amplius;
2506 1451 2646 1507 unde
2674 1452 2740 1506 ad
2771 1453 2822 1507 id
2860 1456 3000 1524 quod
3030 1458 3258 1527 amplius
3298 1461 3546 1529 expedit,
3580 1462 3785 1516 consilio

2214 1538 2451 1608 Apostoli
2472 1578 2487 1603 ,
2516 1544 2835 1613 quicumque
2863 1556 3035 1614 potest
3062 1562 3254 1616 capere
3274 1592 3288 1613 ,
3313 1562 3653 1618 provocatur.
3687 1554 3782 1608 lloe

2212 1639 2391 1684 autem
2421 1632 2508 1686 ubi
2547 1632 2614 1686 de
2639 1633 2956 1690 dimittenda
2984 1638 3067 1691 vel
3107 1654 3213 1693 non
3255 1640 3575 1696 dimittendo
3603 1644 3783 1699 inﬁdeli

2212 1722 2457 1792 conjugio
2481 1726 2754 1794 quaeritur,
2785 1738 3067 1798 utrumque
3114 1729 3326 1799 quidem
3363 1734 3566 1801 pariter
3596 1734 3781 1789 licitum

2211 1822 2293 1867 est
2318 1828 2413 1882 per
2432 1814 2690 1883 justitiam
2713 1833 2832 1887 quae
2852 1833 3033 1873 coram
3060 1820 3284 1877 Domino
3306 1832 3417 1889 est,
3442 1833 3497 1878 et
3523 1824 3645 1880 ideo
3670 1826 3784 1881 nihil

2212 1905 2402 1961 horum
2452 1909 2705 1964 Dominus
2747 1912 2999 1980 prohibet
3024 1930 3036 1966 :
3061 1915 3155 1969 sed
3186 1931 3291 1969 non
3322 1926 3609 1988 utrumque
3638 1931 3784 1988 expc8

2210 1996 2323 2065 dit,
2357 2009 2573 2068 prapter
2602 2000 2934 2057 inﬁrmitates
2977 2004 3251 2060 hominum
3274 2049 3288 2071 ,
3318 2018 3372 2062 et
3414 2009 3535 2064 ideo
3577 2010 3630 2064 id
3655 2012 3781 2081 quod

2210 2106 2319 2146 non
2346 2094 2591 2163 expedit,
2620 2096 2907 2165 Apostolus
2934 2098 3184 2168 prohibet
3208 2117 3223 2165 ;
3249 2099 3411 2154 dante
3437 2102 3538 2155 sibi
3574 2102 3782 2157 Domino

2210 2183 2431 2238 liberum
2461 2187 2773 2254 prohibendi
2804 2189 3141 2259 locum,quia
3165 2205 3338 2260 neque
3365 2191 3414 2244 id
3444 2192 3589 2262 quod
3616 2201 3783 2248 mouet

2210 2275 2499 2345 Apostolus
2520 2316 2536 2343 ,
2569 2277 2814 2346 prohibet
2838 2278 3097 2334 Dominus
3117 2321 3131 2346 ,
3164 2296 3337 2349 neque
3365 2281 3415 2335 id
3439 2283 3583 2353 quod
3616 2286 3783 2353 pronis

2209 2366 2300 2422 bet
2328 2367 2643 2436 Apostolus,
2670 2369 2822 2438 jubet
2851 2371 3124 2426 Dominus.
3170 2372 3325 2438 Quod
3370 2375 3470 2429 nisi
3515 2376 3588 2429 ita
3616 2388 3781 2441 esset,

2208 2475 2380 2531 neque
2403 2469 2588 2515 contra
2612 2463 3023 2532 prohibitionem
3054 2466 3261 2520 Domini
3290 2467 3579 2536 Apostolus
3600 2467 3783 2541 aliquid

2207 2563 2482 2622 moueret,
2510 2570 2685 2625 neque
2708 2565 2893 2612 contra
2920 2556 3215 2627 jussionem
3243 2558 3361 2628 ejus
3384 2561 3583 2631 aliquid
3617 2562 3784 2632 probi-

2205 2647 2374 2703 beret.
2409 2649 2639 2704 Proinde
2667 2649 2719 2703 iu
2743 2650 2827 2705 bis
2849 2650 3053 2705 duabus
3078 2653 3282 2718 causis,
3313 2668 3416 2707 una
3450 2654 3519 2708 de
3547 2655 3783 2710 nubendo

2206 2743 2288 2797 vel
2333 2758 2439 2796 non
2470 2743 2757 2809 nubendo,
2786 2744 2953 2800 altera
2992 2745 3060 2800 de
3104 2745 3304 2800 inﬁdeli
3349 2747 3581 2817 conjuge
3609 2748 3784 2803 dimit-

2206 2837 2366 2892 teudo
2388 2837 2469 2892 vel
2494 2853 2598 2893 non
2619 2837 2934 2893 dimittendo
2953 2878 2968 2903 ,
3002 2839 3199 2907 aliquid
3227 2840 3401 2895 simile
3426 2852 3509 2895 est
3538 2841 3591 2896 in
3620 2842 3783 2897 verbis

2207 2928 2445 2998 Apostoli
2468 2971 2482 2994 ,
2515 2928 2714 2998 aliquid
2743 2928 3024 2984 dissimile.
3048 2929 3231 2984 Simile
3251 2931 3466 3000 quidem
3499 2932 3631 2987 illud
3651 2933 3780 3003 quod

2205 3030 2259 3075 et
2288 3019 2358 3074 ibi
2386 3020 2550 3087 dicit,
2581 3020 2903 3092 Praceptum
2943 3020 3151 3076 Domini
3180 3041 3280 3078 non
3310 3024 3496 3091 habeo,
3526 3028 3783 3081 consilium

2204 3123 2370 3167 autem
2400 3114 2503 3179 do;
2532 3122 2583 3169 et
2609 3113 2696 3168 hic
2725 3114 2870 3182 dicit,
2892 3114 3004 3186 Ego
3028 3115 3142 3169 dico
3161 3157 3177 3183 ,
3205 3134 3307 3171 non
3331 3117 3603 3174 Dominus.
3628 3120 3786 3189 Quale

2202 3212 2287 3260 Est
2330 3205 2471 3259 enim
2492 3247 2508 3268 ,
2542 3203 2858 3277 Prmceptum
2904 3206 3112 3260 Domini
3155 3224 3256 3261 non
3310 3209 3508 3275 habeo;
3540 3212 3647 3267 tale
3674 3220 3783 3278 est,

2207 3294 2327 3349 Non
2342 3296 2464 3349 dicit
2483 3294 2727 3351 Dominus
2749 3312 2769 3351 :
2788 3306 2843 3352 et
2858 3298 3013 3366 quale
3034 3306 3136 3365 est,
3154 3300 3420 3353 consilium
3437 3302 3539 3367 do;
3571 3303 3675 3358 tale
3690 3314 3783 3369 est,

2204 3405 2295 3458 ego
2323 3390 2456 3442 dico.
2482 3388 2613 3443 lllud
2629 3398 2805 3444 autem
2834 3390 3092 3445 dissimile
3118 3400 3219 3455 est,
3238 3393 3359 3462 quia
3381 3392 3451 3448 de
3474 3394 3720 3451 nubendo
3735 3403 3786 3450 et

2205 3495 2312 3535 non
2337 3479 2586 3535 nubendo
2604 3489 2779 3550 patest
2799 3480 2930 3548 dici,
2959 3481 3062 3537 hoc
3090 3482 3225 3537 bene
3254 3483 3390 3551 ﬁeri,
3412 3485 3545 3539 illud
3571 3487 3778 3551 melius;

2205 3574 2456 3644 quoniam
2481 3583 2769 3644 utrumque
2789 3574 3024 3644 expedit,
3046 3575 3221 3629 minus
3236 3575 3401 3641 aliud,
3422 3579 3598 3648 magis
3612 3578 3745 3633 aliud
3766 3596 3779 3632 :

2204 3673 2259 3719 at
2289 3680 2415 3720 vero
2442 3664 2509 3719 de
2535 3665 2762 3735 conjuge
2790 3667 2988 3721 infideli
3018 3664 3337 3723 dimittendo
3363 3671 3446 3724 vel
3478 3686 3588 3725 non
3617 3671 3784 3726 diruit-

2206 3756 2366 3811 tendo
2391 3798 2405 3823 ,
2428 3758 2684 3826 quoniam
2717 3773 2879 3811 unum
2910 3756 3101 3811 horum
3134 3772 3239 3811 non
3260 3760 3478 3829 expedit
3497 3802 3510 3821 .
3536 3762 3679 3816 aliud
3700 3774 3785 3817 ex—

2203 3849 2386 3920 pedit,
2417 3850 2522 3904 dici
2563 3866 2669 3904 non
2697 3860 2938 3921 oportet,
2972 3851 3074 3918 Qui
3099 3852 3349 3917 dimittit,
3384 3853 3525 3910 bene
3554 3856 3709 3921 facit;
3738 3862 3789 3912 et

2204 3943 2293 4010 qui
2323 3955 2428 3994 non
2457 3939 2705 4008 dimittit,
2738 3941 2927 3995 melius
2951 3942 3071 3995 facit
3099 3942 3229 3996 :scd
3255 3942 3359 3997 dici
3391 3956 3606 4014 oportet
3631 3988 3647 4014 ,
3678 3946 3788 4001 Non

2204 4032 2466 4097 dimittat;
2499 4033 2619 4102 quia
2658 4032 2759 4087 etsi
2797 4031 2953 4100 licet,
2982 4049 3085 4089 non
3117 4035 3351 4106 expedit.
3382 4036 3473 4092 Sic
3514 4054 3647 4110 ergo
3673 4054 3792 4111 pos-

2204 4139 2389 4179 sumus
2409 4124 2589 4179 dicere
2615 4125 2806 4179 melius
2829 4141 2947 4181 esse
2969 4127 3233 4182 infidelem
3268 4129 3553 4201 conjugcm
3584 4149 3689 4187 non
3712 4132 3791 4188 die

2203 4218 2417 4271 mittere
2437 4257 2450 4280 ,
2479 4217 2720 4286 quamvis
2748 4217 2903 4271 liceat
2924 4227 2977 4273 et
3007 4217 3305 4285 dimittere;
3339 4223 3792 4291 quemadmodum

2203 4318 2348 4365 recte
2374 4309 2603 4364 dicimus
2642 4309 2836 4364 melius
2879 4324 2999 4365 esse
3038 4310 3183 4381 quod
3224 4322 3278 4366 et
3307 4312 3432 4368 licet
3459 4323 3513 4369 et
3540 4315 3791 4386 expedit,

2203 4416 2362 4472 quam
2391 4402 2439 4456 id
2462 4402 2601 4472 quod
2635 4402 2789 4467 licet,
2825 4418 2924 4458 nec
2952 4404 3188 4473 expedit.

2274 4493 2499 4549 CAPUT
2526 4493 2646 4548 XX.
2692 4525 2764 4533 —
2791 4493 2881 4548 24.
2912 4494 2989 4549 De
3030 4497 3328 4567 conjugibus
3357 4497 3655 4567 inﬁdelibus
3698 4516 3795 4555 non

2202 4585 2513 4640 dimittendis
2560 4586 2825 4640 consilium
2875 4588 3105 4656 Apostoli
3150 4598 3271 4654 est,‘
3302 4608 3404 4645 non
3455 4602 3792 4664 praeceptum.

2204 4675 2459 4731 Monitum
2485 4678 2568 4731 hic
2593 4678 2690 4731 loci
2712 4678 2774 4732 de
2796 4696 2850 4733 re
2878 4678 3035 4734 libera
3059 4697 3164 4735 esse
3182 4723 3195 4745 ,
3219 4682 3323 4735 alia
3351 4692 3520 4737 tamen
3550 4702 3663 4740 esse
3688 4703 3797 4739 mo-

2202 4767 2311 4821 nita
2336 4766 2567 4837 Apostoli
2593 4768 2655 4821 de
2679 4784 2733 4821 re
2761 4770 3028 4839 imperata.
3058 4769 3152 4824 His
3177 4769 3244 4826 de
3272 4773 3450 4827 causis
3482 4768 3695 4829 factum
3724 4776 3803 4832 est

2202 4868 2261 4913 ut
2286 4874 2561 4929 exponens
2608 4860 2819 4915 Domini
2867 4873 3205 4929 sermonem,
3236 4872 3392 4934 quem
3424 4867 3702 4937 prolixum
3755 4870 3802 4923 iu

2202 4961 2385 5009 monte
2431 4953 2653 5022 habuit,
2684 4955 2773 5009 ubi
2820 4964 3037 5010 ventum
3083 4965 3166 5012 est
3210 4958 3277 5012 ad
3323 4960 3691 5029 quaéstionem
3740 4962 3805 5016 de

2202 5045 2518 5115 conjugibus
2543 5046 2874 5102 dimittendis
2904 5048 2984 5102 vel
3013 5063 3117 5104 non
3148 5048 3477 5105 dimittendis
3497 5094 3515 5117 ,
3542 5052 3806 5110 adhibitis

2204 5140 2363 5193 etiam
2391 5140 2695 5209 apostolicis
2723 5140 3039 5196 testimoniis
3059 5184 3074 5209 ,
3096 5142 3328 5199 dicerem
3355 5146 3654 5201 consilium
3685 5162 3806 5203 esse

2202 5230 2471 5299 Apostoli,
2506 5247 2609 5287 non
2663 5241 2984 5302 praeceptum
3034 5234 3274 5301 Domini,
3307 5232 3396 5290 ubi
3444 5237 3556 5303 ait,
3590 5238 3807 5293 Ceteris

2202 5331 2371 5374 autem
2401 5338 2491 5392 ego
2513 5322 2654 5388 dico,
2680 5340 2780 5377 non
2808 5323 3058 5379 Dominus
3077 5367 3091 5390 ,
3134 5340 3357 5382 monens
3387 5344 3482 5385 eos
3508 5331 3603 5401 qui
3634 5331 3805 5386 habe-

2202 5422 2327 5471 rent
2379 5417 2634 5486 conjugcs
2686 5416 2960 5484 inﬁdeles,
3002 5428 3061 5473 ut
3104 5421 3501 5477 consentientes
3548 5422 3807 5478 habitare

2202 5521 2381 5561 secum
2403 5521 2521 5569 non
2535 5506 2882 5562 dimitterent.
2909 5507 3060 5576 Quod
3087 5511 3267 5581 utique
3290 5512 3409 5567 ideo
3438 5513 3803 5578 monendum,

2201 5615 2306 5655 non
2348 5599 2643 5669 jubendum
2691 5599 2820 5664 fuit,
2848 5603 2969 5671 quia
3017 5619 3121 5658 non
3165 5613 3310 5660 tanto
3342 5609 3585 5676 pondere
3612 5608 3809 5679 prohi-

2200 5693 2357 5746 bendi
2386 5702 2508 5747 sunt
2537 5692 2781 5748 homines
2809 5697 2982 5751 facere
3008 5696 3181 5763 licita,
3209 5701 3454 5768 quamvis
3486 5718 3595 5757 non
3624 5716 3801 5772 cxpeo

2199 5784 2346 5838 diant
2366 5826 2379 5846 ,
2410 5794 2607 5854 quanto
2637 5786 2869 5853 pondere
2914 5787 3263 5856 prohibentur
3292 5790 3496 5847 illicita.
3527 5793 3584 5848 Si
3612 5801 3804 5847 autem

2202 5875 2391 5929 alicubi
2424 5876 2712 5944 Apostolus
2753 5876 2912 5930 etiam
2946 5876 3030 5932 illa
3060 5894 3178 5948 qua:
3217 5879 3455 5951 jubenda
3480 5891 3648 5950 sunt,
3683 5896 3806 5935 mos
