4048 6502
302 511 407 570 «165

301 636 430 677 nere
471 619 721 691 dignatus
756 624 835 672 est
859 656 875 682 ,
903 614 1007 670 hoc
1053 613 1179 669 fecit
1208 610 1475 682 parcendo
1521 610 1538 641 ί
1577 606 1896 672 inﬁrmitati,

302 729 407 769 non
450 708 850 782 prtejudicando
894 705 1143 777 jussioni.
1186 702 1339 760 Unde
1384 703 1428 757 si
1476 701 1646 766 dixit,
1678 698 1799 752 Non
1846 706 1902 749 ut

302 801 615 875 confundam
641 815 727 854 vos
753 800 859 853 ltazc
887 798 1049 851 scribo
1072 838 1085 859 ,
1116 795 1205 849 sed
1234 803 1288 847 ut
1331 794 1464 863 ﬁlios
1493 808 1627 845 meos
1662 790 1904 844 charissi-

303 911 411 948 mos
454 908 636 946 moneo
676 891 734 961 (I
782 888 901 943 Cor.
932 904 1003 953 tv,
1036 886 1156 956 Ii);
1185 884 1310 955 quid
1354 883 1517 937 habet
1560 881 1901 952 qomstionis,

303 987 390 1041 ubi
413 985 518 1050 ait,
550 982 661 1054 Ego
690 983 805 1035 dico
825 1022 839 1045 ,
868 997 967 1033 non
1008 977 1297 1032 Dominus?
1327 976 1456 1031 Item
1503 975 1592 1029 ubi
1633 974 1739 1039 ait,
1771 971 1905 1025 Ecce

303 1094 394 1147 ego
427 1076 628 1129 Paulus
659 1076 774 1127 dico
798 1074 955 1135 vobis,
988 1071 1106 1141 quia
1125 1070 1170 1123 si
1194 1066 1650 1131 circumcidamini,
1674 1064 1904 1119 Christus

302 1169 439 1221 vobis
480 1166 609 1219 niltil
643 1164 864 1237 proderit
897 1161 1093 1234 (Colat.
1125 1176 1181 1225 v,
1207 1159 1304 1228 2);
1338 1156 1593 1227 numquid
1625 1158 1785 1210 etiam
1815 1154 1902 1209 hic

303 1259 472 1323 dixit,
504 1256 618 1329 Ego
656 1256 769 1309 dico
790 1296 802 1317 ,
832 1271 933 1307 non
977 1251 1269 1307 Dominus?
1296 1247 1412 1303 Non
1446 1255 1571 1302 sunt
1598 1248 1775 1316 itaque
1803 1246 1903 1299 ista

304 1351 500 1406 similia
520 1391 537 1417 ,
564 1349 688 1418 quia
718 1347 877 1401 etiam
903 1345 992 1399 illa
1041 1342 1333 1414 qtnejubet
1367 1341 1652 1403 Dominus,
1690 1352 1795 1391 non
1822 1344 1905 1390 est

304 1442 581 1509 indignum
607 1453 788 1508 neque
806 1435 1132 1491 contrarium
1152 1476 1165 1499 ,
1189 1434 1235 1486 si
1258 1430 1447 1487 eadem
1472 1437 1653 1483 monet
1679 1430 1907 1497 Apes-to-

305 1532 410 1586 lus.
443 1531 722 1584 Menenius
752 1528 894 1581 enim
924 1540 1058 1596 quos
1076 1525 1269 1578 charos
1300 1523 1560 1576 habemus
1582 1561 1596 1585 ,
1627 1528 1685 1573 ut
1710 1519 1908 1573 faciant

307 1621 836 1691 Dominiprmcepta,
866 1618 949 1672 vel
967 1618 1137 1687 jussa.
1171 1615 1305 1669 Cum
1335 1628 1463 1667 vero
1489 1613 1596 1676 ait,
1623 1610 1732 1681 Ego
1755 1610 1901 1675 dico,

306 1731 408 1768 non
438 1712 729 1776 Dominus;
759 1711 887 1764 satis
914 1707 1150 1763 ostendit
1175 1707 1457 1761 Dominum
1482 1720 1587 1758 non
1615 1703 1905 1773 prohibere

306 1804 449 1876 quod
468 1805 592 1874 ipse
633 1802 971 1872 prohibebat.
1006 1798 1375 1855 Prohibuisset
1398 1804 1579 1850 autem
1611 1795 1903 1861 Dominus,

307 1900 352 1953 si
381 1907 527 1952 esset
559 1895 823 1950 illicitum.
856 1894 996 1963 Ergo
1040 1889 1333 1946 secundum
1361 1903 1423 1943 ea
1453 1902 1573 1957 qua:
1616 1901 1777 1956 supra
1815 1885 1906 1941 diu

307 1991 580 2057 diximus,
622 1989 956 2056 multumque
1002 1983 1372 2048 versavimus,
1405 1981 1611 2035 licitum
1654 1988 1770 2035 erat
1810 1995 1907 2051 per

305 2082 605 2152 justitiam;
635 2079 727 2134 sed
756 2079 915 2133 etiam
948 2076 1151 2130 licitum
1181 2088 1289 2129 non
1314 2081 1431 2129 erat
1457 2070 1760 2127 faciendum
1784 2088 1907 2142 pru-

312 2182 430 2243 pter
457 2173 681 2226 liberam
711 2170 1160 2225 benevolentiam.

380 2265 612 2321 CAPUT
651 2266 794 2321 XXI.
834 2297 905 2306 —
944 2267 1032 2322 25.
1068 2267 1146 2321 De
1165 2266 1417 2338 conjugiis
1440 2282 1551 2320 cum
1578 2262 1905 2332 inﬁdelibus,

308 2356 558 2411 Pollentii
584 2356 832 2410 sententia
861 2356 1146 2410 discutitur.
1170 2350 1467 2412 Aliamesse
1490 2356 1818 2424 qutvstiouem
1839 2351 1904 2407 de

302 2450 412 2519 jam
452 2448 763 2520 conjunctis,
791 2448 948 2502 aliam
977 2448 1039 2503 de
1081 2448 1470 2522 conjungendis.
1514 2446 1593 2501 De
1624 2447 1739 2517 jam
1784 2461 1908 2499 con-

308 2543 496 2608 junctis
515 2584 530 2608 ,
561 2558 664 2595 non
694 2542 757 2595 de
791 2542 1071 2613 jungendis
1099 2543 1184 2613 agi
1224 2544 1279 2595 in
1304 2532 1437 2611 loco,
1473 2538 1713 2610 Apostoli
1733 2538 1906 2592 citato.

308 2635 505 2689 Illicita
530 2645 577 2689 et
607 2637 758 2690 vetita
783 2652 813 2688 a
843 2635 1060 2690 Domino
1090 2652 1349 2706 nunquam
1386 2634 1584 2704 expedit
1613 2637 1798 2704 (cicere.
1827 2630 1909 2686 Τιι

310 2737 491 2781 autem
523 2727 808 2796 cui‘placet
828 2769 843 2794 ,
867 2728 937 2781 ita
978 2710 1082 2781 non
1111 2726 1276 2782 licere
1304 2726 1447 2796 quod
1489 2740 1594 2780 non
1626 2732 1770 2779 vetat
1800 2723 1907 2778 Do-

310 2820 488 2874 minus
508 2860 524 2885 ,
548 2818 953 2888 sedApostolus
970 2861 985 2885 ,
1012 2818 1462 2888 quemadmodum
1490 2833 1593 2871 non
1618 2816 1743 2871 licet
1764 2814 1910 2886 quod

310 2922 456 2968 vetat
502 2913 798 2979 Dominus,
830 2928 951 2968 eum
1003 2927 1275 2982 exponere
1322 2910 1583 2966 voluisses
1629 2907 1756 2979 quid
1804 2907 1908 2963 sibi

308 3006 471 3061 vellet
497 3005 639 3076 quod
668 3005 778 3072 ait,
820 3005 927 3076 Ego
968 3006 1081 3059 dico
1101 3046 1116 3071 ,
1144 3020 1247 3058 non
1292 3003 1576 3069 Dominus,
1603 3017 1723 3057 cum
1770 3001 1909 3056 allo-

309 3109 570 3169 queretur
619 3098 806 3153 ﬁdeles
854 3098 1047 3168 quibus
1096 3104 1277 3153 essent
1322 3096 1580 3166 conjuges
1630 3093 1906 3159 inlideles;

308 3190 530 3253 dixisti,
565 3208 583 3241 ι
622 3189 756 3258 Quia
801 3190 1057 3243 Dominus
1100 3189 1263 3259 jussit
1309 3204 1377 3244 ne
1406 3186 1651 3258 conjugia
1692 3186 1910 3240 sibimet

315 3301 334 3334 ι
382 3281 613 3336 diversa:
658 3281 931 3350 religionis
961 3280 1376 3349 copularentur:
1410 3300 1429 3332 ι
1464 3290 1518 3334 et
1549 3280 1720 3349 ipsum
1752 3276 1909 3331 adhi-

308 3373 471 3428 buisti
517 3373 882 3427 testimonium
936 3372 1150 3426 Domini
1203 3371 1461 3436 dicentis,
1516 3370 1639 3425 Non
1692 3369 1910 3440 accipies

310 3482 522 3520 uxorem
554 3466 662 3534 ﬁlio
690 3475 775 3518 tuo
805 3481 836 3517 a
874 3465 1076 3533 filiabus
1113 3465 1512 3535 alienigenarum
1537 3506 1552 3530 ,
1577 3479 1639 3517 ne
1679 3462 1910 3515 traducat

311 3573 428 3610 eum
472 3567 583 3626 post
612 3557 736 3609 deos
780 3572 896 3609 suos
916 3597 933 3625 ,
958 3566 1003 3609 et
1044 3566 1215 3626 pereat
1254 3556 1426 3609 anima
1458 3557 1568 3625 ejus
1594 3554 1767 3625 (Deut.
1800 3569 1911 3619 \‘tt,

311 3647 365 3711 3,
393 3647 475 3707 4).
511 3645 777 3700 Addidisti
803 3646 964 3700 etiam
988 3647 1148 3701 verba
1172 3646 1412 3715 Apostoli
1435 3688 1450 3709 ,
1480 3646 1568 3700 ubi
1600 3645 1757 3709 dixit,
1790 3644 1911 3698 Mu-

312 3741 405 3794 lier
434 3740 647 3809 alligata
670 3748 761 3806 est,
780 3740 1023 3810 quamdiu
1041 3739 1114 3792 vir
1134 3739 1243 3808 ejus
1270 3738 1408 3792 vivit.
1446 3737 1597 3803 Quod
1620 3740 1661 3790 si
1685 3746 1913 3791 mortuus

312 3832 467 3903 fuerit
506 3832 582 3885 vir
610 3833 749 3901 ejus,
776 3832 985 3885 liberata
1024 3841 1094 3885 est
1118 3847 1136 3885 :
1158 3832 1239 3884 cui
1280 3831 1383 3885 vult
1421 3829 1605 3892 nubat,
1636 3838 1830 3882 tantum
1859 3828 1912 3882 in

312 3924 540 3979 Domino
580 3924 620 3995 (l
645 3923 765 3980 Cor.
795 3941 864 3979 vtt
883 3967 896 3990 ,
926 3923 1017 3997 59)
1046 3944 1058 3978 :
1085 3923 1227 3994 quod
1260 3923 1330 3977 ita
1367 3923 1653 3992 exposuisti
1680 3962 1694 3988 ,
1726 3930 1785 3976 ut
1814 3921 1915 3976 ad-

306 4017 595 4086 jungeres,
635 4033 654 4067 ι
690 4014 743 4069 Id
772 4024 855 4070 est
879 4014 1168 4069 christiano
1193 4016 1234 4069 ².
1273 4032 1295 4065 ι
1339 4012 1542 4067 Deinde
1580 4020 1794 4067 secutus
1817 4027 1913 4076 es,

314 4117 369 4161 et
413 4106 535 4160 aisti
563 4124 574 4158 :
605 4124 626 4157 ‹
662 4104 774 4159 Iloc
802 4112 884 4160 est
929 4121 1056 4173 ergo
1085 4103 1293 4165 Domini
1337 4112 1662 4175 praeceptum
1707 4111 1813 4156 tam
1859 4101 1914 4156 in

320 4216 339 4248 ‹
387 4196 569 4251 Veteri
620 4212 776 4266 quam
829 4197 885 4250 in
932 4196 1078 4251 Novo
1137 4195 1515 4259 Testamento,
1549 4204 1607 4249 ιιι
1650 4210 1755 4249 non
1811 4192 1916 4248 nisi

321 4306 339 4339 ι
389 4289 551 4343 unius
580 4288 849 4357 religionis
877 4295 931 4343 et
974 4287 1095 4342 ﬁdei
1131 4287 1377 4357 conjugis
1408 4288 1508 4342 sibi
1549 4295 1798 4341 maneant
1821 4302 1918 4341 co-

323 4398 342 4430 ι
390 4380 591 4450 palata.
626 4397 644 4430 ι
676 4378 731 4433 Si
764 4378 864 4434 hoc
888 4394 1014 4449 ergo
1036 4389 1117 4433 est
1138 4378 1349 4432 Domini
1373 4389 1696 4449 praeceptum
1727 4387 1833 4432 tam
1862 4377 1918 4434 in

317 4471 499 4527 Veteri
531 4471 874 4525 Testamento
914 4486 1072 4541 quam
1116 4470 1166 4524 in
1194 4469 1376 4536 Novo,
1406 4478 1461 4525 et
1502 4469 1603 4525 hoc
1626 4469 1775 4539 jubet
1806 4469 1917 4523 Do-

320 4564 498 4620 minus
519 4604 534 4629 ,
560 4561 661 4617 hoc
694 4561 849 4617 docet
878 4562 1165 4633 Apostolus
1185 4603 1201 4627 ,
1234 4569 1291 4616 ut
1317 4576 1422 4616 non
1462 4561 1563 4615 nisi
1604 4561 1760 4616 unius
1785 4560 1919 4614 reli-

321 4657 495 4728 gionis
516 4667 570 4711 et
596 4654 717 4710 ﬁdei
745 4664 997 4710 maneant
1026 4656 1268 4725 copulata
1299 4654 1576 4724 coniugia;
1601 4670 1765 4724 quare
1786 4668 1923 4709 con-

324 4759 403 4804 tra
449 4750 553 4804 hoc
602 4748 810 4801 Domini
857 4748 1102 4817 jossum,
1146 4758 1332 4801 contra
1380 4747 1679 4801 doctrinam
1728 4761 1918 4813 suam,

324 4848 508 4894 contra
538 4848 864 4908 prmceptnm
896 4837 1224 4893 Testamenti
1253 4837 1462 4892 Veteris
1488 4847 1543 4891 et
1568 4836 1700 4891 Novi
1725 4878 1737 4902 ,
1767 4837 1920 4907 jubet

325 4931 618 5001 Apostolus
644 4939 702 4984 ut
730 4930 954 4985 diversa:
986 4928 1107 4983 ﬁdei
1151 4928 1395 4999 eonjugia
1427 4938 1678 4983 maneant
1698 4927 1923 4998 copula-

325 5027 415 5080 ta?
441 5045 458 5077 ι
510 5025 644 5093 Quia
694 5024 925 5086 Paulus,
958 5023 1169 5093 inquis,
1212 5022 1459 5077 Gentium
1506 5022 1824 5092 praedicator
1866 5028 1923 5076 et

334 5138 351 5173 ι
398 5118 711 5189 apostolus,
755 5116 864 5184 jam
914 5116 968 5170 in
1018 5114 1266 5184 conjugio
1315 5114 1554 5183 positos,
1586 5129 1693 5167 non
1747 5113 1921 5167 solum

335 5229 355 5264 ι
398 5217 586 5267 monet
606 5250 620 5272 ,
650 5206 743 5262 sed
771 5206 929 5261 etiam
958 5205 1107 5275 jubet
1126 5246 1141 5272 ,
1173 5213 1229 5258 ut
1255 5204 1301 5259 si
1329 5220 1465 5259 unus
1493 5212 1585 5257 aut
1611 5218 1714 5257 una
1743 5218 1773 5257 a
1796 5218 1929 5259 con-

336 5322 355 5355 ‹
396 5302 616 5373 jugibus
664 5297 1013 5362 credidisset,
1046 5298 1273 5351 alterum
1301 5298 1383 5351 vel
1428 5297 1647 5349 alteram
1674 5310 1780 5350 non
1810 5309 1930 5351 cre-

336 5410 356 5445 ι
402 5392 648 5454 dentem,
682 5403 864 5444 secum
885 5396 1059 5442 tamen
1084 5387 1322 5441 habitare
1348 5386 1795 5450 consentientem,
1817 5399 1924 5446 non

338 5502 357 5536 ι
401 5484 720 5537 dimitteret.
758 5498 777 5532 ι
812 5479 904 5535 llis
940 5479 1116 5534 verbis
1143 5479 1248 5533 tuis
1290 5476 1432 5531 aliud
1473 5477 1608 5543 hoc,
1639 5476 1781 5531 aliud
1808 5490 1929 5531 esse

333 5575 461 5631 illud
486 5617 501 5641 ,
527 5575 658 5630 satis
688 5573 962 5628 evidenter
982 5571 1240 5627 ostendis.
1268 5569 1401 5625 Illud
1425 5546 1671 5624 enim'de
1691 5568 1773 5623 his
1798 5583 1931 5623 con.-

328 5669 488 5741 jugiis
515 5669 714 5738 agitur,
744 5682 863 5737 qua:
894 5666 993 5720 sibi
1024 5666 1268 5735 primitus
1305 5664 1639 5735 cepulantur,
1670 5677 1738 5718 ne
1763 5662 1932 5717 nubat

334 5760 535 5817 femina
566 5774 679 5815 non
717 5772 830 5812 sua:
854 5756 1129 5828 religionis
1154 5756 1269 5813 viro
1289 5797 1304 5825 ,
1336 5758 1420 5813 vel
1461 5757 1541 5812 vir
1572 5756 1727 5812 talem
1750 5754 1933 5811 .ducat

394 5893 411 5926 ¹
446 5898 549 5942 nuo
571 5898 707 5947 νείκη
730 5888 964 5953 parendo.

394 5956 429 6003 ι,
446 5954 551 6005 sola
581 5950 739 6019 editio
756 5958 888 6012 ιον..
914 5952 1059 6015 idque
1083 5950 1361 6005 christiano.

1666 490 1868 550 LIBER
1908 488 2177 547 PRIMUS.

3497 504 3605 563 ‘66

2013 622 2251 661 uxorem.
2288 627 2307 660 ι
2344 609 2402 664 Id
2428 612 2605 677 enim,
2644 630 2663 665 ι
2698 624 2756 669 ιιι
2794 615 2962 685 dicis,
3000 636 3019 669 ι
3048 617 3201 689 jubet
3237 621 3397 687 Deus,
3441 622 3603 680 docet

2023 716 2042 750 ι
2088 698 2410 767 Apostolus,
2458 713 2741 774 utrumque
2789 709 3034 778 praecipit
3085 709 3508 769 Testamentum.
3571 733 3592 768 ι

2011 788 2125 844 Hoc
2148 799 2323 845 autem
2348 792 2616 848 diversum
2642 811 2761 851 esse
2781 799 2898 867 quis
2918 800 3147 867 abnuat,
3180 802 3268 857 ubi
3297 803 3469 874 agitur
3488 819 3601 861 non

2010 881 2079 937 de
2122 884 2541 954 conjungendis,
2574 887 2668 941 sed
2708 888 2777 943 de
2818 892 3157 961 conjunctis?
3183 896 3356 951 Ambo
3403 898 3602 968 quippe

2010 974 2167 1027 unius
2197 975 2543 1046 ejusdemque
2592 976 2917 1035 inﬁdelitatis
2962 981 3175 1038 fuerunt
3212 987 3426 1055 quando
3464 1002 3601 1043 con-

2007 1064 2177 1134 juncti
2204 1076 2361 1131 snnt;
2395 1068 2489 1121 sed
2520 1068 2864 1140 Evangelium
2890 1086 3011 1126 cum
3040 1075 3293 1139 venisset,
3317 1077 3453 1132 alter
3482 1077 3600 1133 sine

2011 1155 2179 1210 altera
2200 1198 2214 1221 ,
2244 1158 2325 1211 vel
2369 1158 2535 1213 altera
2578 1160 2695 1214 sine
2722 1161 2894 1217 altero
2932 1164 3175 1219 credidit.
3203 1166 3258 1221 Si
3302 1182 3431 1237 ergo
3454 1170 3601 1224 aliud

2012 1257 2093 1301 est
2126 1247 2259 1313 hoc,
2288 1249 2429 1318 quod
2455 1250 2572 1305 sine
2601 1253 2851 1319 scrupulo
2880 1253 3044 1308 ullius-
3064 1255 3407 1311 dubitationis
3434 1274 3602 1330 appa-

2012 1347 2115 1405 ret,
2147 1355 2241 1393 cur
2268 1338 2478 1395 ﬁdelem
2505 1357 2624 1395 cum
2667 1342 2869 1398 inﬁdeli
2896 1346 2947 1399 in
2976 1346 3222 1417 conjugiu
3250 1363 3568 1417 permanere
3586 1392 3601 1415 ,

2013 1446 2118 1486 non
2148 1442 2201 1487 et
2223 1434 2480 1489 Dominus
2504 1435 2641 1490 sicut
2665 1436 2951 1505 Apostolus
2976 1438 3164 1507 jubet?
3189 1440 3300 1497 Nisi
3338 1440 3476 1497 forte
3502 1442 3603 1497 isto

2012 1522 2131 1577 loco
2156 1532 2340 1589 vacat,
2370 1526 2510 1596 quod
2540 1536 2644 1580 tam
2690 1527 2917 1583 ﬁdenter
2943 1528 3055 1599 ipse
3083 1530 3159 1584 ait
3187 1548 3199 1583 :
3232 1534 3307 1585 An
3345 1532 3495 1586 vultis
3517 1550 3606 1587 ex-

2014 1617 2349 1685 perimentum
2390 1618 2618 1688 accipere
2660 1620 2769 1691 ejus
2811 1622 2897 1688 qui
2942 1621 2995 1675 iu
3034 1638 3112 1676 me
3135 1624 3353 1692 loquitur
3378 1624 3606 1679 Christus

2014 1706 2081 1777 (ll
2114 1706 2233 1763 Cor.
2260 1724 2378 1775 xm,
2409 1709 2499 1778 3)?
2530 1710 2598 1764 Et
2627 1712 2809 1782 utique
2834 1713 3091 1769 Dominus
3120 1725 3203 1769 est
3228 1715 3489 1771 Christus.
3520 1716 3606 1772 ln-

2013 1800 2281 1871 tclligisne
2329 1802 2455 1872 quid
2502 1803 2820 1860 dicant?An
2874 1806 2924 1860 in
2975 1806 3076 1863 hoc
3122 1808 3456 1880 explanando
3502 1811 3605 1866 ali-

2012 1900 2213 1960 quanto
2241 1890 2550 1962 diligentius
2580 1893 2943 1951 immorabor?
2968 1938 2975 1943 ς
3235 1899 3239 1902 ’

2083 1981 2173 2041 26.
2216 1983 2448 2040 Attende
2468 2027 2482 2050 ,
2514 1995 2711 2042 utrem
2742 1988 2910 2061 ipsam
2940 2000 3190 2063 tanquam
3224 1994 3275 2050 in
3305 2006 3601 2065 conspectu

2013 2074 2457 2131 considerandam
2485 2078 2724 2148 planiore
2748 2095 2999 2139 sermone
3020 2100 3299 2153 ponamus.
3319 2089 3467 2144 Ecce.
3485 2104 3607 2145 eon-

2010 2165 2165 2236 juges
2217 2166 2360 2234 duo,
2406 2169 2564 2226 unius
2613 2171 2969 2240 inﬁdelitatis;
3002 2175 3070 2229 ita
3127 2177 3339 2236 luerunt
3390 2181 3607 2250 quando

2014 2258 2282 2327 conjuncti
2312 2268 2476 2313 sunt:
2504 2262 2649 2316 nulla
2677 2262 2753 2318 de-
2777 2264 2859 2319 his
2889 2267 3114 2336 quaestio
3154 2278 3263 2333 est,
3291 2285 3411 2339 quae
3436 2271 3606 2340 perti-

2015 2358 2140 2404 neat
2159 2349 2223 2403 ad
2253 2350 2397 2405 illam
2424 2351 2632 2407 Domini
2650 2353 2946 2423 jussioncm
2970 2358 3373 2429 doctrinamque
3392 2369 3609 2430 aposto-

2013 2439 2169 2495 licam
2198 2450 2252 2494 et
2278 2452 2600 2511 praeceptum
2629 2443 2958 2500 'l‘estamcnti
2989 2446 3275 2503 \‘cteriset
3301 2447 3433 2503 Novi
3454 2491 3468 2517 ,
3501 2465 3609 2519 quo

2014 2532 2325 2602 prohibetur
2370 2533 2540 2588 ﬁdelis
2568 2550 2689 2589 cmn
2736 2535 2938 2592 inﬁdeli
2985 2541 3239 2607 copulare
3277 2540 3604 2611 conjugium.

2013 2623 2132 2679 .lam
2177 2634 2301 2680 sunt
2345 2628 2631 2697 cunjttges,
2665 2628 2917 2685 ctadhuc
2960 2632 3121 2685 ambo
3162 2640 3287 2685 sunt
3331 2631 3604 2698 inﬁdeles;

2014 2716 2188 2773 adhuc
2220 2718 2353 2774 tales
2379 2729 2501 2774 sunt
2526 2719 2712 2789 quales
2753 2721 2963 2776 luerunt
2992 2734 3276 2792 antequam
3312 2722 3608 2793 jungeren-

2017 2821 2120 2878 tttr,
2154 2812 2441 2883 qualesque
2465 2814 2734 2883 conjuncti
2764 2825 2905 2869 sunt.
2935 2814 3085 2869 \‘cnit
3113 2815 3385 2886 Evangelii
3414 2816 3608 2887 prtedi-

2014 2917 2184 2974 calor,
2212 2908 2436 2963 credidit
2479 2923 2662 2963 eorum
2694 2920 2782 2963 aut
2810 2923 2947 2964 unus
2967 2950 2980 2972 ,
3011 2918 3105 2965 aut
3146 2924 3248 2963 una
3275 2925 3290 2975 ;
3319 2909 3414 2965 sed
3454 2910 3524 2965 ita
3551 2918 3613 2964 ut

2016 3000 2245 3056 inﬁdelis
2287 3015 2410 3056 cum
2455 3002 2595 3056 ﬁdeli
2630 3002 2869 3057 habitare
2909 3002 3228 3058 consentiat.
3275 3003 3435 3058 lubet
3464 3001 3611 3057 ﬁdeli

2018 3093 2275 3149 Dominus
2323 3109 2390 3150 ne
2445 3095 2712 3151 inﬁdelem
2761 3096 3022 3158 dimittat,
3051 3110 3120 3151 an
3175 3110 3282 3150 non
3330 3094 3519 3166 jubet?
3552 3094 3613 3151 Si

2015 3186 2250 3253 dixeris,
2289 3186 2483 3249 anet;
2514 3188 2763 3242 reclamat
2809 3187 3135 3256 Apostolus,
3180 3185 3295 3258 Ego
3336 3188 3482 3254 dico,
3508 3202 3613 3240 non

2016 3278 2289 3334 Dominus.
2315 3281 2370 3335 Si
2400 3281 2624 3345 dixeris,
2651 3282 2763 3336 Non
2789 3280 2973 3351 jubet;
3005 3295 3219 3335 causam
3246 3280 3481 3350 requiro.
3505 3278 3613 3334 Neu

2017 3388 2122 3444 que
2152 3374 2296 3427 illam
2325 3373 2452 3428 mihi
2484 3388 2837 3443 responsurus
2864 3388 2924 3428 es
2944 3414 2957 3433 .
2986 3388 3144 3442 quam
3178 3376 3280 3427 tuis
3311 3372 3497 3425 litteris
3524 3371 3609 3425 in-

2019 3465 2198 3523 didisti
2223 3506 2237 3530 ,
2275 3484 2292 3517 ι
2328 3466 2461 3534 Quia
2494 3466 2748 3520 Dominus
2789 3464 3037 3541 prohibet
3079 3465 3264 3519 ﬁdeles
3310 3462 3615 3517 inﬁdelibus

2025 3576 2045 3610 ι
2085 3557 2255 3628 jnngi.
2293 3576 2311 3609 ι
2349 3558 2443 3613 llic
2482 3557 2623 3612 enim
2670 3557 2817 3612 nullo
2858 3558 3019 3615 modo
3061 3568 3143 3613 est
3186 3557 3284 3612 ista
3312 3571 3470 3611 causa
3503 3573 3515 3610 :
3546 3555 3615 3611 de

2016 3648 2124 3720 jam
2149 3649 2350 3718 junctis
2390 3648 2677 3718 loquimur,
2712 3664 2816 3702 non
2858 3649 2925 3703 de
2966 3648 3271 3718 jungendis.
3308 3648 3363 3704 St
3395 3662 3523 3719 ergo
3555 3656 3610 3701 tu

2020 3754 2236 3796 causam
2269 3756 2375 3794 non
2419 3740 2677 3795 invenisti
2710 3724 2805 3794 cur
2845 3754 2948 3794 non
2996 3738 3135 3795 vetet
3169 3739 3424 3794 Dominus
3470 3737 3611 3808 quod

2020 3840 2164 3887 vetat
2190 3832 2509 3901 Apostolus;
2537 3831 2714 3886 cernis
2744 3830 2886 3885 enim
2928 3830 3035 3899 jam
3057 3871 3073 3895 ,
3107 3840 3161 3883 ut
3189 3830 3474 3895 existimo,
3506 3844 3613 3883 non

2021 3938 2145 3979 esse
2184 3924 2353 3994 ipsam
2395 3939 2553 3993 quam
2584 3938 2705 3980 esse
2747 3932 3063 3992 pntaveras:
3093 3921 3212 3977 \ide
3247 3936 3314 3977 ne
3346 3922 3482 3977 forte
3523 3922 3613 3976 illa

2023 4016 2093 4071 sit
2118 4030 2236 4085 qnze
2280 4015 2411 4069 mihi
2442 4015 2552 4070 visa
2584 4024 2699 4079 est,
2728 4024 2785 4067 et
2823 4023 2947 4068 tunc
2994 4014 3308 4084 proferenda
3331 4054 3345 4074 .
3374 4022 3427 4068 et
3475 4026 3615 4068 nunc

2023 4106 2388 4173 defendenda;
2421 4116 2479 4161 ut
2518 4106 2720 4171 scilicet
2752 4106 2882 4160 illud
2914 4102 3270 4174 intelligamus
3298 4104 3477 4158 dicere
3506 4102 3613 4156 Do-

2022 4201 2227 4256 minum
2253 4241 2269 4268 ,
2301 4184 2446 4269 quod
2475 4198 2634 4253 habet
2658 4212 2838 4253 coram
2868 4197 2959 4251 illo
2987 4197 3133 4251 nullo
3158 4196 3316 4252 modo
3344 4207 3611 4265 transgre-

2023 4289 2217 4345 dicnda
2261 4288 2464 4359 justitia
2489 4328 2506 4354 ,
2534 4288 2585 4343 id
2615 4298 2695 4343 cst
2718 4327 2734 4352 ,
2764 4286 2904 4358 quod
2947 4286 3017 4341 ita
3044 4286 3197 4356 jubet
3234 4295 3328 4340 attt
3354 4295 3527 4351 velat,
3560 4291 3619 4340 ut

2022 4380 2167 4437 aliud
2213 4378 2389 4436 facere
2417 4384 2636 4438 oumino
2667 4394 2772 4433 non
2821 4378 2978 4434 liceat
3005 4394 3020 4430 :
3049 4378 3189 4449 quod
3229 4389 3408 4433 autem
3436 4378 3621 4433 voleu-
3691 4425 3697 4432 .

2024 4475 2093 4530 tis
2122 4473 2374 4544 potestati
2417 4473 2487 4527 ita
2518 4471 2793 4541 permittit,
2826 4479 2885 4526 ut
2926 4485 3025 4526 nec
3066 4479 3253 4541 agatur
3277 4485 3375 4525 nec
3402 4478 3621 4539 praeter-

2024 4560 2267 4626 mittatur
2316 4569 2530 4634 illieite;
2570 4567 2641 4622 ibi
2685 4580 2963 4621 servorum
3008 4581 3228 4621 suorum
3267 4564 3494 4620 consilio
3538 4563 3620 4619 les

2025 4682 2149 4722 cum
2178 4666 2307 4722 dare
2326 4707 2343 4732 ,
2373 4673 2431 4721 ut
2458 4662 2511 4719 id
2543 4646 2718 4734 potius
2744 4660 3005 4717 suadeant
3033 4660 3174 4731 quod
3199 4659 3429 4716 viderint
3454 4671 3621 4727 expc-

2023 4760 2167 4839 dire.

2097 4850 2186 4905 27.
2236 4849 2505 4903 Tene-ator
2555 4846 2644 4901 hic
2686 4859 2814 4915 ergo
2858 4844 3104 4915 primitus
3149 4857 3212 4897 ac
3253 4839 3507 4905 maxime,
3553 4852 3622 4894 ne

2028 4942 2433 4997 committantur
2460 4939 2665 4994 illicita.
2707 4923 2809 4993 Ubi
2850 4948 3026 4992 autem
3057 4932 3256 5004 aliquid
3301 4933 3373 4986 ita
3416 4929 3619 4985 licitum

2029 5043 2132 5099 est,
2168 5042 2226 5088 ut
2257 5031 2403 5087 aliud
2432 5030 2610 5085 facere
2636 5045 2742 5083 non
2775 5029 2843 5083 sit
2873 5028 3136 5089 illicitum,
3170 5025 3265 5078 ﬁat
3291 5022 3430 5094 quod
3457 5037 3623 5093 expe-

2030 5129 2129 5194 dit,
2162 5126 2257 5180 veI-
2274 5125 2415 5197 quod
2448 5126 2616 5194 magis
2642 5120 2874 5191 expedit.
2916 5120 3011 5174 Illa
3039 5119 3197 5189 igitur
3224 5132 3342 5188 qua:
3364 5110 3624 5172 Doniintts

2032 5221 2103 5274 ita
2131 5218 2260 5273 dicit
2300 5226 2361 5271 ut
2386 5216 2670 5279 Dominus,
2703 5213 2753 5267 id
2795 5220 2909 5277 est,
2939 5225 3043 5265 non
3075 5210 3341 5265 monentis
3373 5209 3619 5277 consilio,

2032 5310 2127 5366 sed
2167 5308 2492 5364 dominantis
2536 5305 2780 5375 imperio,
2823 5320 2932 5359 non
2980 5302 3157 5359 facere
3196 5318 3303 5357 non
3345 5302 3530 5377 licet‘,
3566 5309 3624 5357 et

2036 5403 2156 5459 ideo
2181 5417 2282 5457 nec
2308 5399 2545 5469 expedit.
2577 5384 2832 5453 Deminus
2864 5397 3041 5467 itaque
3066 5396 3326 5466 prmcipit,
3354 5395 3621 5449 Mulierem

2034 5516 2067 5552 a
2107 5498 2213 5552 viro
2256 5512 2357 5549 non
2398 5491 2690 5555 discedere;
2731 5489 2865 5561 quod
2908 5490 2952 5543 si
2996 5489 3298 5555 discesserit,
3337 5503 3401 5544 ea
3440 5486 3626 5558 utique

2036 5604 2197 5645 causa
2242 5601 2344 5657 qua
2384 5568 2664 5639 discedere
2698 5582 2900 5636 licitum
2944 5591 3046 5648 est,
3090 5598 3293 5635 manere
3338 5581 3626 5648 innuptam,

2037 5690 2125 5735 aut
2166 5680 2273 5734 viro
2316 5694 2408 5731 suo
2437 5676 2758 5731 reconciliari
2785 5675 2802 5745 (
2819 5675 2837 5729 I
2865 5674 2981 5729 Cor.
3012 5689 3104 5738 vtt,
3135 5674 3203 5728 10
3231 5682 3278 5727 et
3305 5670 3415 5743 II).
3444 5670 3634 5727 Mulier

2038 5772 2182 5827 enim
2208 5768 2298 5825 sub
2328 5772 2434 5823 uiro
2453 5808 2469 5835 ,
2502 5769 2610 5821 vivo
2639 5768 2843 5833 marito,
2872 5766 3057 5835 juncta
3085 5774 3157 5818 est
3188 5764 3285 5835 legi
3303 5779 3323 5828 ;
3352 5771 3406 5817 et
3440 5762 3632 5817 virente

2042 5950 2071 6007 τ
2105 5885 2121 5918 ι
2157 5885 2231 5935 sic
2250 5890 2358 5937 ηδε.
2386 5887 2440 5934 At
2464 5882 2601 5946 editi,
2624 5882 2785 5946 facere
2806 5891 2899 5931 non
2922 5878 3048 5939 licet,
3067 5877 3245 5927 omisso
3268 5908 3282 5936 ,
3322 5885 3415 5924 non
3437 5904 3454 5934 ,
3494 5878 3631 5943 ante,

2062 5960 2220 5999 acere.

2062 5960 2220 5999 acere.
