  <div class='ocr_page' id='page_1' title='image "/cluster/home/n/w/nwhite01/storage/ocr_20150623/40-41/uc1.31175026811482/242.png"; bbox 0 0 4048 6518; ppageno 0'>
   <div class='ocr_carea' id='block_1_1' title="bbox 255 470 357 527">
    <p class='ocr_par' dir='ltr' id='par_1_1' title="bbox 255 470 357 527">
     <span class='ocr_line' id='line_1_1' title="bbox 255 470 357 527; baseline 0.02 -2"><span class='ocrx_word' id='word_1_1' title='bbox 255 470 357 527; x_wconf 67' lang='lat'><strong>469</strong></span> 
     </span>
    </p>
   </div>
   <div class='ocr_carea' id='block_1_2' title="bbox 252 584 1851 657">
    <p class='ocr_par' dir='ltr' id='par_1_2' title="bbox 252 584 1851 657">
     <span class='ocr_line' id='line_1_2' title="bbox 252 584 1851 657; baseline 0 -14"><span class='ocrx_word' id='word_1_2' title='bbox 252 585 592 643; x_wconf 83' lang='lat' dir='ltr'><strong>&#39;I‘estamenti</strong></span> <span class='ocrx_word' id='word_1_3' title='bbox 622 585 782 649; x_wconf 86' lang='lat' dir='ltr'><strong>Novi,</strong></span> <span class='ocrx_word' id='word_1_4' title='bbox 833 584 886 640; x_wconf 90' lang='lat' dir='ltr'><strong>in</strong></span> <span class='ocrx_word' id='word_1_5' title='bbox 931 584 1222 657; x_wconf 85' lang='lat' dir='ltr'><strong>Evangelio</strong></span> <span class='ocrx_word' id='word_1_6' title='bbox 1252 585 1334 641; x_wconf 88' lang='lat' dir='ltr'><strong>vel</strong></span> <span class='ocrx_word' id='word_1_7' title='bbox 1379 586 1501 642; x_wconf 91' lang='lat' dir='ltr'><strong>ullis</strong></span> <span class='ocrx_word' id='word_1_8' title='bbox 1543 588 1851 657; x_wconf 73' lang='lat' dir='ltr'><strong>apostolicis</strong></span> 
     </span>
    </p>
   </div>
   <div class='ocr_carea' id='block_1_3' title="bbox 255 677 1847 749">
    <p class='ocr_par' dir='ltr' id='par_1_3' title="bbox 255 677 1847 749">
     <span class='ocr_line' id='line_1_3' title="bbox 255 677 1847 749; baseline -0.001 -14"><span class='ocrx_word' id='word_1_9' title='bbox 255 680 475 735; x_wconf 88' lang='lat' dir='ltr'><strong>Litteris</strong></span> <span class='ocrx_word' id='word_1_10' title='bbox 528 678 648 734; x_wconf 84' lang='lat' dir='ltr'><strong>sine</strong></span> <span class='ocrx_word' id='word_1_11' title='bbox 698 677 1047 749; x_wconf 77' lang='lat' dir='ltr'><strong>ambiguitate</strong></span> <span class='ocrx_word' id='word_1_12' title='bbox 1094 677 1422 733; x_wconf 81' lang='lat' dir='ltr'><strong>declaratum</strong></span> <span class='ocrx_word' id='word_1_13' title='bbox 1476 694 1595 733; x_wconf 90' lang='lat' dir='ltr'><strong>esse</strong></span> <span class='ocrx_word' id='word_1_14' title='bbox 1646 680 1847 747; x_wconf 84' lang='lat' dir='ltr'><strong>recolo,</strong></span> 
     </span>
    </p>
   </div>
   <div class='ocr_carea' id='block_1_4' title="bbox 254 769 1846 842">
    <p class='ocr_par' dir='ltr' id='par_1_4' title="bbox 254 769 1846 842">
     <span class='ocr_line' id='line_1_4' title="bbox 254 769 1846 842; baseline -0.001 -16"><span class='ocrx_word' id='word_1_15' title='bbox 254 784 435 827; x_wconf 90' lang='lat' dir='ltr'><strong>utrum</strong></span> <span class='ocrx_word' id='word_1_16' title='bbox 469 771 733 826; x_wconf 86' lang='lat' dir='ltr'><strong>Dominus</strong></span> <span class='ocrx_word' id='word_1_17' title='bbox 760 770 1096 841; x_wconf 76' lang='lat' dir='ltr'><strong>prohibuerit</strong></span> <span class='ocrx_word' id='word_1_18' title='bbox 1126 769 1311 826; x_wconf 88' lang='lat' dir='ltr'><strong>ﬁdeles</strong></span> <span class='ocrx_word' id='word_1_19' title='bbox 1342 770 1648 826; x_wconf 91' lang='lat' dir='ltr'><strong>inﬁdelibus</strong></span> <span class='ocrx_word' id='word_1_20' title='bbox 1672 770 1846 842; x_wconf 87' lang='lat' dir='ltr'><strong>jungi.</strong></span> 
     </span>
    </p>
   </div>
   <div class='ocr_carea' id='block_1_5' title="bbox 255 862 1845 935">
    <p class='ocr_par' dir='ltr' id='par_1_5' title="bbox 255 862 1845 935">
     <span class='ocr_line' id='line_1_5' title="bbox 255 862 1845 935; baseline 0.002 -18"><span class='ocrx_word' id='word_1_21' title='bbox 255 864 510 933; x_wconf 86' lang='lat' dir='ltr'><strong>Quamvis</strong></span> <span class='ocrx_word' id='word_1_22' title='bbox 559 864 900 919; x_wconf 83' lang='lat' dir='ltr'><strong>beatissimus</strong></span> <span class='ocrx_word' id='word_1_23' title='bbox 948 862 1248 935; x_wconf 86' lang='lat' dir='ltr'><strong>Cyprianus</strong></span> <span class='ocrx_word' id='word_1_24' title='bbox 1296 863 1419 918; x_wconf 91' lang='lat' dir='ltr'><strong>inde</strong></span> <span class='ocrx_word' id='word_1_25' title='bbox 1467 880 1573 919; x_wconf 91' lang='lat' dir='ltr'><strong>non</strong></span> <span class='ocrx_word' id='word_1_26' title='bbox 1621 864 1845 931; x_wconf 86' lang='lat' dir='ltr'><strong>dubitet,</strong></span> 
     </span>
    </p>
   </div>
   <div class='ocr_carea' id='block_1_6' title="bbox 254 954 1849 1025">
    <p class='ocr_par' dir='ltr' id='par_1_6' title="bbox 254 954 1849 1025">
     <span class='ocr_line' id='line_1_6' title="bbox 254 954 1849 1025; baseline -0.002 -13"><span class='ocrx_word' id='word_1_27' title='bbox 254 972 352 1013; x_wconf 82' lang='lat' dir='ltr'><strong>nec</strong></span> <span class='ocrx_word' id='word_1_28' title='bbox 381 957 433 1010; x_wconf 91' lang='lat' dir='ltr'><strong>in</strong></span> <span class='ocrx_word' id='word_1_29' title='bbox 468 955 677 1010; x_wconf 84' lang='lat' dir='ltr'><strong>levibus</strong></span> <span class='ocrx_word' id='word_1_30' title='bbox 721 956 953 1024; x_wconf 81' lang='lat' dir='ltr'><strong>peccatis</strong></span> <span class='ocrx_word' id='word_1_31' title='bbox 996 955 1319 1022; x_wconf 85' lang='lat' dir='ltr'><strong>constituat,</strong></span> <span class='ocrx_word' id='word_1_32' title='bbox 1357 954 1584 1025; x_wconf 89' lang='lat' dir='ltr'><strong>jungerc</strong></span> <span class='ocrx_word' id='word_1_33' title='bbox 1613 971 1735 1010; x_wconf 91' lang='lat' dir='ltr'><strong>cum</strong></span> <span class='ocrx_word' id='word_1_34' title='bbox 1763 954 1849 1009; x_wconf 93' lang='lat' dir='ltr'><strong>in-</strong></span> 
     </span>
    </p>
   </div>
   <div class='ocr_carea' id='block_1_7' title="bbox 254 1045 1851 1115">
    <p class='ocr_par' dir='ltr' id='par_1_7' title="bbox 254 1045 1851 1115">
     <span class='ocr_line' id='line_1_7' title="bbox 254 1045 1851 1115; baseline 0 -14"><span class='ocrx_word' id='word_1_35' title='bbox 254 1047 500 1102; x_wconf 91' lang='lat' dir='ltr'><strong>ﬁdelibus</strong></span> <span class='ocrx_word' id='word_1_36' title='bbox 529 1046 801 1101; x_wconf 78' lang='lat' dir='ltr'><strong>vinculum</strong></span> <span class='ocrx_word' id='word_1_37' title='bbox 848 1045 1197 1111; x_wconf 86' lang='lat' dir='ltr'><strong>matrimonii,</strong></span> <span class='ocrx_word' id='word_1_38' title='bbox 1234 1055 1393 1115; x_wconf 90' lang='lat' dir='ltr'><strong>atque</strong></span> <span class='ocrx_word' id='word_1_39' title='bbox 1440 1046 1489 1101; x_wconf 91' lang='lat' dir='ltr'><strong>id</strong></span> <span class='ocrx_word' id='word_1_40' title='bbox 1538 1062 1661 1102; x_wconf 91' lang='lat' dir='ltr'><strong>esse</strong></span> <span class='ocrx_word' id='word_1_41' title='bbox 1707 1046 1851 1101; x_wconf 87' lang='lat' dir='ltr'><strong>dicat</strong></span> 
     </span>
    </p>
   </div>
   <div class='ocr_carea' id='block_1_8' title="bbox 255 1135 1851 1211">
    <p class='ocr_par' dir='ltr' id='par_1_8' title="bbox 255 1135 1851 1211">
     <span class='ocr_line' id='line_1_8' title="bbox 255 1135 1851 1211; baseline 0 -20"><span class='ocrx_word' id='word_1_42' title='bbox 255 1139 585 1210; x_wconf 88' lang='lat' dir='ltr'><strong>prostituere</strong></span> <span class='ocrx_word' id='word_1_43' title='bbox 614 1138 915 1193; x_wconf 85' lang='lat' dir='ltr'><strong>Gentilibus</strong></span> <span class='ocrx_word' id='word_1_44' title='bbox 954 1138 1195 1193; x_wconf 88' lang='lat' dir='ltr'><strong>membra</strong></span> <span class='ocrx_word' id='word_1_45' title='bbox 1223 1136 1421 1191; x_wconf 89' lang='lat' dir='ltr'><strong>Christi</strong></span> <span class='ocrx_word' id='word_1_46' title='bbox 1464 1137 1563 1211; x_wconf 91' lang='lat' dir='ltr'><strong>(a).</strong></span> <span class='ocrx_word' id='word_1_47' title='bbox 1595 1135 1701 1192; x_wconf 91' lang='lat' dir='ltr'><strong>Sed</strong></span> <span class='ocrx_word' id='word_1_48' title='bbox 1731 1137 1851 1208; x_wconf 85' lang='lat' dir='ltr'><strong>quia</strong></span> 
     </span>
    </p>
   </div>
   <div class='ocr_carea' id='block_1_9' title="bbox 253 1229 1855 1300">
    <p class='ocr_par' dir='ltr' id='par_1_9' title="bbox 253 1229 1855 1300">
     <span class='ocr_line' id='line_1_9' title="bbox 253 1229 1855 1300; baseline 0 -16"><span class='ocrx_word' id='word_1_49' title='bbox 253 1231 320 1285; x_wconf 90' lang='lat' dir='ltr'><strong>de</strong></span> <span class='ocrx_word' id='word_1_50' title='bbox 349 1231 414 1285; x_wconf 92' lang='lat' dir='ltr'><strong>iis</strong></span> <span class='ocrx_word' id='word_1_51' title='bbox 441 1230 531 1300; x_wconf 92' lang='lat' dir='ltr'><strong>qui</strong></span> <span class='ocrx_word' id='word_1_52' title='bbox 556 1229 667 1299; x_wconf 90' lang='lat' dir='ltr'><strong>jam</strong></span> <span class='ocrx_word' id='word_1_53' title='bbox 694 1229 966 1299; x_wconf 88' lang='lat' dir='ltr'><strong>conjuncti</strong></span> <span class='ocrx_word' id='word_1_54' title='bbox 995 1238 1121 1283; x_wconf 90' lang='lat' dir='ltr'><strong>sunt</strong></span> <span class='ocrx_word' id='word_1_55' title='bbox 1145 1230 1246 1283; x_wconf 90' lang='lat' dir='ltr'><strong>alia</strong></span> <span class='ocrx_word' id='word_1_56' title='bbox 1276 1231 1502 1300; x_wconf 75' lang='lat' dir='ltr'><strong>qumstio</strong></span> <span class='ocrx_word' id='word_1_57' title='bbox 1523 1240 1639 1296; x_wconf 92' lang='lat' dir='ltr'><strong>est;</strong></span> <span class='ocrx_word' id='word_1_58' title='bbox 1673 1230 1855 1285; x_wconf 89' lang='lat' dir='ltr'><strong>audia-</strong></span> 
     </span>
    </p>
   </div>
   <div class='ocr_carea' id='block_1_10' title="bbox 256 1320 1855 1393">
    <p class='ocr_par' dir='ltr' id='par_1_10' title="bbox 256 1320 1855 1393">
     <span class='ocr_line' id='line_1_10' title="bbox 256 1320 1855 1393; baseline 0 -17"><span class='ocrx_word' id='word_1_59' title='bbox 256 1330 341 1376; x_wconf 90' lang='lat' dir='ltr'><strong>tur</strong></span> <span class='ocrx_word' id='word_1_60' title='bbox 365 1329 421 1377; x_wconf 91' lang='lat' dir='ltr'><strong>et</strong></span> <span class='ocrx_word' id='word_1_61' title='bbox 448 1320 535 1376; x_wconf 89' lang='lat' dir='ltr'><strong>hic</strong></span> <span class='ocrx_word' id='word_1_62' title='bbox 560 1321 852 1389; x_wconf 86' lang='lat' dir='ltr'><strong>Apostolus</strong></span> <span class='ocrx_word' id='word_1_63' title='bbox 878 1320 1063 1375; x_wconf 91' lang='lat' dir='ltr'><strong>dicens</strong></span> <span class='ocrx_word' id='word_1_64' title='bbox 1095 1338 1107 1374; x_wconf 90' lang='lat'><strong>:</strong></span> <span class='ocrx_word' id='word_1_65' title='bbox 1140 1321 1202 1376; x_wconf 87' lang='lat' dir='ltr'><strong>Si</strong></span> <span class='ocrx_word' id='word_1_66' title='bbox 1225 1321 1338 1391; x_wconf 88' lang='lat' dir='ltr'><strong>quis</strong></span> <span class='ocrx_word' id='word_1_67' title='bbox 1367 1324 1527 1393; x_wconf 84' lang='lat' dir='ltr'><strong>frater</strong></span> <span class='ocrx_word' id='word_1_68' title='bbox 1551 1321 1698 1376; x_wconf 82' lang='lat' dir='ltr'><strong>habet</strong></span> <span class='ocrx_word' id='word_1_69' title='bbox 1726 1337 1855 1376; x_wconf 81' lang='lat' dir='ltr'><strong>uxo-</strong></span> 
     </span>
    </p>
   </div>
   <div class='ocr_carea' id='block_1_11' title="bbox 252 1412 1854 1484">
    <p class='ocr_par' dir='ltr' id='par_1_11' title="bbox 252 1412 1854 1484">
     <span class='ocr_line' id='line_1_11' title="bbox 252 1412 1854 1484; baseline 0.001 -15"><span class='ocrx_word' id='word_1_70' title='bbox 252 1432 358 1469; x_wconf 88' lang='lat' dir='ltr'><strong>rem</strong></span> <span class='ocrx_word' id='word_1_71' title='bbox 386 1414 646 1484; x_wconf 79' lang='lat' dir='ltr'><strong>inﬁdelem</strong></span> <span class='ocrx_word' id='word_1_72' title='bbox 666 1456 681 1479; x_wconf 94' lang='lat'><strong>,</strong></span> <span class='ocrx_word' id='word_1_73' title='bbox 711 1422 758 1467; x_wconf 89' lang='lat' dir='ltr'><strong>et</strong></span> <span class='ocrx_word' id='word_1_74' title='bbox 786 1413 892 1467; x_wconf 71' lang='lat' dir='ltr'><strong>hatc</strong></span> <span class='ocrx_word' id='word_1_75' title='bbox 924 1414 1171 1467; x_wconf 80' lang='lat' dir='ltr'><strong>consentit</strong></span> <span class='ocrx_word' id='word_1_76' title='bbox 1198 1412 1426 1468; x_wconf 82' lang='lat' dir='ltr'><strong>habitare</strong></span> <span class='ocrx_word' id='word_1_77' title='bbox 1453 1431 1568 1468; x_wconf 88' lang='lat' dir='ltr'><strong>cum</strong></span> <span class='ocrx_word' id='word_1_78' title='bbox 1596 1415 1719 1481; x_wconf 90' lang='lat' dir='ltr'><strong>illo,</strong></span> <span class='ocrx_word' id='word_1_79' title='bbox 1750 1430 1854 1470; x_wconf 78' lang='lat' dir='ltr'><strong>non</strong></span> 
     </span>
    </p>
   </div>
   <div class='ocr_carea' id='block_1_12' title="bbox 254 1504 1849 1576">
    <p class='ocr_par' dir='ltr' id='par_1_12' title="bbox 254 1504 1849 1576">
     <span class='ocr_line' id='line_1_12' title="bbox 254 1504 1849 1576; baseline 0 -17"><span class='ocrx_word' id='word_1_80' title='bbox 254 1506 481 1559; x_wconf 78' lang='lat' dir='ltr'><strong>dimittat</strong></span> <span class='ocrx_word' id='word_1_81' title='bbox 508 1505 652 1558; x_wconf 87' lang='lat' dir='ltr'><strong>illam</strong></span> <span class='ocrx_word' id='word_1_82' title='bbox 677 1520 696 1560; x_wconf 88' lang='lat'><strong><em>:</em></strong></span> <span class='ocrx_word' id='word_1_83' title='bbox 724 1512 769 1558; x_wconf 88' lang='lat' dir='ltr'><strong>et</strong></span> <span class='ocrx_word' id='word_1_84' title='bbox 794 1504 839 1557; x_wconf 87' lang='lat' dir='ltr'><strong>si</strong></span> <span class='ocrx_word' id='word_1_85' title='bbox 867 1521 969 1576; x_wconf 81' lang='lat' dir='ltr'><strong>qua</strong></span> <span class='ocrx_word' id='word_1_86' title='bbox 996 1505 1177 1558; x_wconf 84' lang='lat' dir='ltr'><strong>mulier</strong></span> <span class='ocrx_word' id='word_1_87' title='bbox 1204 1505 1352 1559; x_wconf 80' lang='lat' dir='ltr'><strong>habet</strong></span> <span class='ocrx_word' id='word_1_88' title='bbox 1380 1506 1541 1559; x_wconf 87' lang='lat' dir='ltr'><strong>virum</strong></span> <span class='ocrx_word' id='word_1_89' title='bbox 1566 1505 1849 1575; x_wconf 85' lang='lat' dir='ltr'><strong>inﬁdelem,</strong></span> 
     </span>
    </p>
   </div>
   <div class='ocr_carea' id='block_1_13' title="bbox 253 1596 1853 1662">
    <p class='ocr_par' dir='ltr' id='par_1_13' title="bbox 253 1596 1853 1662">
     <span class='ocr_line' id='line_1_13' title="bbox 253 1596 1853 1662; baseline 0.001 -12"><span class='ocrx_word' id='word_1_90' title='bbox 253 1610 298 1650; x_wconf 86' lang='lat' dir='ltr'><strong>et</strong></span> <span class='ocrx_word' id='word_1_91' title='bbox 334 1596 418 1650; x_wconf 85' lang='lat' dir='ltr'><strong>hic</strong></span> <span class='ocrx_word' id='word_1_92' title='bbox 453 1596 699 1650; x_wconf 76' lang='lat' dir='ltr'><strong>consentit</strong></span> <span class='ocrx_word' id='word_1_93' title='bbox 739 1596 969 1649; x_wconf 81' lang='lat' dir='ltr'><strong>habitare</strong></span> <span class='ocrx_word' id='word_1_94' title='bbox 1006 1612 1121 1649; x_wconf 87' lang='lat' dir='ltr'><strong>cum</strong></span> <span class='ocrx_word' id='word_1_95' title='bbox 1147 1596 1259 1662; x_wconf 89' lang='lat' dir='ltr'><strong>illa,</strong></span> <span class='ocrx_word' id='word_1_96' title='bbox 1301 1612 1402 1650; x_wconf 85' lang='lat' dir='ltr'><strong>non</strong></span> <span class='ocrx_word' id='word_1_97' title='bbox 1441 1596 1660 1650; x_wconf 84' lang='lat' dir='ltr'><strong>dimittat</strong></span> <span class='ocrx_word' id='word_1_98' title='bbox 1688 1598 1853 1652; x_wconf 82' lang='lat' dir='ltr'><strong>virum</strong></span> 
     </span>
    </p>
   </div>
   <div class='ocr_carea' id='block_1_14' title="bbox 254 1689 1850 1763">
    <p class='ocr_par' dir='ltr' id='par_1_14' title="bbox 254 1689 1850 1763">
     <span class='ocr_line' id='line_1_14' title="bbox 254 1689 1850 1763; baseline -0.001 -17"><span class='ocrx_word' id='word_1_99' title='bbox 254 1690 313 1763; x_wconf 85' lang='grc' dir='ltr'><strong>(ι</strong></span> <span class='ocrx_word' id='word_1_100' title='bbox 341 1689 463 1746; x_wconf 87' lang='lat' dir='ltr'><strong>Cor.</strong></span> <span class='ocrx_word' id='word_1_101' title='bbox 494 1705 591 1758; x_wconf 87' lang='lat' dir='ltr'><strong>vtt,</strong></span> <span class='ocrx_word' id='word_1_102' title='bbox 622 1690 711 1755; x_wconf 72' lang='lat'><strong>12,</strong></span> <span class='ocrx_word' id='word_1_103' title='bbox 741 1690 826 1754; x_wconf 80' lang='lat'><strong>15,</strong></span> <span class='ocrx_word' id='word_1_104' title='bbox 856 1689 947 1754; x_wconf 78' lang='grc'>25,</span> <span class='ocrx_word' id='word_1_105' title='bbox 978 1689 1070 1754; x_wconf 72' lang='grc'><strong>27,</strong></span> <span class='ocrx_word' id='word_1_106' title='bbox 1099 1690 1188 1757; x_wconf 79' lang='grc'><strong>58,</strong></span> <span class='ocrx_word' id='word_1_107' title='bbox 1216 1690 1341 1760; x_wconf 77' lang='grc'><strong>59).</strong></span> <span class='ocrx_word' id='word_1_108' title='bbox 1387 1690 1458 1745; x_wconf 83' lang='grc' dir='ltr'>Ει</span> <span class='ocrx_word' id='word_1_109' title='bbox 1482 1691 1559 1745; x_wconf 91' lang='lat' dir='ltr'><strong>sic</strong></span> <span class='ocrx_word' id='word_1_110' title='bbox 1582 1691 1850 1758; x_wconf 86' lang='lat' dir='ltr'><strong>audiatur,</strong></span> 
     </span>
    </p>
   </div>
   <div class='ocr_carea' id='block_1_15' title="bbox 253 1780 1853 1853">
    <p class='ocr_par' dir='ltr' id='par_1_15' title="bbox 253 1780 1853 1853">
     <span class='ocr_line' id='line_1_15' title="bbox 253 1780 1853 1853; baseline 0 -14"><span class='ocrx_word' id='word_1_111' title='bbox 253 1793 313 1839; x_wconf 88' lang='lat' dir='ltr'><strong>ut</strong></span> <span class='ocrx_word' id='word_1_112' title='bbox 334 1782 581 1853; x_wconf 83' lang='lat' dir='ltr'><strong>quamvis</strong></span> <span class='ocrx_word' id='word_1_113' title='bbox 609 1782 725 1837; x_wconf 92' lang='lat' dir='ltr'><strong>ﬁeri</strong></span> <span class='ocrx_word' id='word_1_114' title='bbox 757 1780 957 1836; x_wconf 90' lang='lat' dir='ltr'><strong>licitum</strong></span> <span class='ocrx_word' id='word_1_115' title='bbox 984 1780 1073 1847; x_wconf 84' lang='lat' dir='ltr'><strong>sit,</strong></span> <span class='ocrx_word' id='word_1_116' title='bbox 1107 1783 1231 1852; x_wconf 88' lang='lat' dir='ltr'><strong>quia</strong></span> <span class='ocrx_word' id='word_1_117' title='bbox 1258 1782 1363 1837; x_wconf 89' lang='lat' dir='ltr'><strong>hoc</strong></span> <span class='ocrx_word' id='word_1_118' title='bbox 1389 1799 1495 1837; x_wconf 91' lang='lat' dir='ltr'><strong>non</strong></span> <span class='ocrx_word' id='word_1_119' title='bbox 1523 1784 1651 1839; x_wconf 84' lang='lat' dir='ltr'><strong>dicit</strong></span> <span class='ocrx_word' id='word_1_120' title='bbox 1674 1784 1853 1839; x_wconf 84' lang='lat' dir='ltr'><strong>Domi-</strong></span> 
     </span>
    </p>
   </div>
   <div class='ocr_carea' id='block_1_16' title="bbox 252 1873 1852 1943">
    <p class='ocr_par' dir='ltr' id='par_1_16' title="bbox 252 1873 1852 1943">
     <span class='ocr_line' id='line_1_16' title="bbox 252 1873 1852 1943; baseline 0.001 -14"><span class='ocrx_word' id='word_1_121' title='bbox 252 1889 390 1939; x_wconf 85' lang='lat' dir='ltr'><strong>nus;</strong></span> <span class='ocrx_word' id='word_1_122' title='bbox 424 1890 531 1930; x_wconf 91' lang='lat' dir='ltr'><strong>non</strong></span> <span class='ocrx_word' id='word_1_123' title='bbox 577 1882 755 1928; x_wconf 91' lang='lat' dir='ltr'><strong>tamen</strong></span> <span class='ocrx_word' id='word_1_124' title='bbox 800 1873 912 1940; x_wconf 90' lang='lat' dir='ltr'><strong>ﬁat,</strong></span> <span class='ocrx_word' id='word_1_125' title='bbox 963 1874 1086 1943; x_wconf 89' lang='lat' dir='ltr'><strong>quia</strong></span> <span class='ocrx_word' id='word_1_126' title='bbox 1129 1888 1235 1928; x_wconf 93' lang='lat' dir='ltr'><strong>non</strong></span> <span class='ocrx_word' id='word_1_127' title='bbox 1279 1874 1514 1943; x_wconf 83' lang='lat' dir='ltr'><strong>expedit.</strong></span> <span class='ocrx_word' id='word_1_128' title='bbox 1546 1874 1662 1929; x_wconf 89' lang='lat' dir='ltr'><strong>Non</strong></span> <span class='ocrx_word' id='word_1_129' title='bbox 1707 1875 1852 1931; x_wconf 91' lang='lat' dir='ltr'><strong>enim</strong></span> 
     </span>
    </p>
   </div>
   <div class='ocr_carea' id='block_1_17' title="bbox 253 1963 1853 2034">
    <p class='ocr_par' dir='ltr' id='par_1_17' title="bbox 253 1963 1853 2034">
     <span class='ocr_line' id='line_1_17' title="bbox 253 1963 1853 2034; baseline 0.001 -14"><span class='ocrx_word' id='word_1_130' title='bbox 253 1966 437 2020; x_wconf 88' lang='lat' dir='ltr'><strong>omnia</strong></span> <span class='ocrx_word' id='word_1_131' title='bbox 480 1963 739 2033; x_wconf 87' lang='lat' dir='ltr'><strong>expedire</strong></span> <span class='ocrx_word' id='word_1_132' title='bbox 780 1978 899 2033; x_wconf 66' lang='lat' dir='ltr'><strong>qua:</strong></span> <span class='ocrx_word' id='word_1_133' title='bbox 948 1963 1089 2018; x_wconf 90' lang='lat' dir='ltr'><strong>licita</strong></span> <span class='ocrx_word' id='word_1_134' title='bbox 1134 1972 1278 2029; x_wconf 91' lang='lat' dir='ltr'><strong>sunt,</strong></span> <span class='ocrx_word' id='word_1_135' title='bbox 1312 1965 1650 2034; x_wconf 85' lang='lat' dir='ltr'><strong>apertissime</strong></span> <span class='ocrx_word' id='word_1_136' title='bbox 1695 1965 1853 2021; x_wconf 87' lang='lat' dir='ltr'><strong>docet</strong></span> 
     </span>
    </p>
   </div>
   <div class='ocr_carea' id='block_1_18' title="bbox 252 2052 1850 2127">
    <p class='ocr_par' dir='ltr' id='par_1_18' title="bbox 252 2052 1850 2127">
     <span class='ocr_line' id='line_1_18' title="bbox 252 2052 1850 2127; baseline 0.001 -16"><span class='ocrx_word' id='word_1_137' title='bbox 252 2055 549 2126; x_wconf 81' lang='lat' dir='ltr'><strong>Apostolus</strong></span> <span class='ocrx_word' id='word_1_138' title='bbox 591 2055 610 2124; x_wconf 92' lang='lat'>(</span> <span class='ocrx_word' id='word_1_139' title='bbox 645 2053 758 2119; x_wconf 84' lang='lat' dir='ltr'><strong>1d.,</strong></span> <span class='ocrx_word' id='word_1_140' title='bbox 792 2070 849 2120; x_wconf 85' lang='lat' dir='ltr'><strong>x,</strong></span> <span class='ocrx_word' id='word_1_141' title='bbox 903 2052 1018 2127; x_wconf 71' lang='lat'><strong>22),</strong></span> <span class='ocrx_word' id='word_1_142' title='bbox 1062 2055 1203 2110; x_wconf 89' lang='lat' dir='ltr'><strong>sicut</strong></span> <span class='ocrx_word' id='word_1_143' title='bbox 1244 2071 1404 2127; x_wconf 91' lang='lat' dir='ltr'><strong>supra</strong></span> <span class='ocrx_word' id='word_1_144' title='bbox 1448 2056 1560 2127; x_wconf 88' lang='lat' dir='ltr'><strong>jam</strong></span> <span class='ocrx_word' id='word_1_145' title='bbox 1604 2057 1850 2113; x_wconf 83' lang='lat' dir='ltr'><strong>ostendi-</strong></span> 
     </span>
    </p>
   </div>
   <div class='ocr_carea' id='block_1_19' title="bbox 252 2146 1848 2219">
    <p class='ocr_par' dir='ltr' id='par_1_19' title="bbox 252 2146 1848 2219">
     <span class='ocr_line' id='line_1_19' title="bbox 252 2146 1848 2219; baseline 0.002 -17"><span class='ocrx_word' id='word_1_146' title='bbox 252 2163 395 2203; x_wconf 82' lang='lat' dir='ltr'><strong>mus.</strong></span> <span class='ocrx_word' id='word_1_147' title='bbox 446 2147 677 2217; x_wconf 87' lang='lat' dir='ltr'><strong>Propter</strong></span> <span class='ocrx_word' id='word_1_148' title='bbox 714 2146 992 2216; x_wconf 89' lang='lat' dir='ltr'><strong>quodlibet</strong></span> <span class='ocrx_word' id='word_1_149' title='bbox 1040 2155 1217 2203; x_wconf 90' lang='lat' dir='ltr'><strong>tamen</strong></span> <span class='ocrx_word' id='word_1_150' title='bbox 1265 2148 1630 2204; x_wconf 83' lang='lat' dir='ltr'><strong>fornicationis</strong></span> <span class='ocrx_word' id='word_1_151' title='bbox 1658 2166 1848 2219; x_wconf 89' lang='lat' dir='ltr'><strong>genus,</strong></span> 
     </span>
    </p>
   </div>
   <div class='ocr_carea' id='block_1_20' title="bbox 251 2238 1849 2311">
    <p class='ocr_par' dir='ltr' id='par_1_20' title="bbox 251 2238 1849 2311">
     <span class='ocr_line' id='line_1_20' title="bbox 251 2238 1849 2311; baseline 0 -16"><span class='ocrx_word' id='word_1_152' title='bbox 251 2240 367 2295; x_wconf 88' lang='lat' dir='ltr'><strong>sive</strong></span> <span class='ocrx_word' id='word_1_153' title='bbox 395 2238 592 2303; x_wconf 86' lang='lat' dir='ltr'><strong>carnis,</strong></span> <span class='ocrx_word' id='word_1_154' title='bbox 634 2238 750 2293; x_wconf 87' lang='lat' dir='ltr'><strong>sive</strong></span> <span class='ocrx_word' id='word_1_155' title='bbox 774 2238 996 2308; x_wconf 89' lang='lat' dir='ltr'><strong>spiritus</strong></span> <span class='ocrx_word' id='word_1_156' title='bbox 1016 2279 1030 2302; x_wconf 93' lang='lat'><strong>,</strong></span> <span class='ocrx_word' id='word_1_157' title='bbox 1058 2239 1149 2293; x_wconf 91' lang='lat' dir='ltr'><strong>ubi</strong></span> <span class='ocrx_word' id='word_1_158' title='bbox 1192 2248 1248 2294; x_wconf 91' lang='lat' dir='ltr'><strong>et</strong></span> <span class='ocrx_word' id='word_1_159' title='bbox 1284 2239 1569 2295; x_wconf 78' lang='lat' dir='ltr'><strong>infidelitas</strong></span> <span class='ocrx_word' id='word_1_160' title='bbox 1595 2240 1849 2311; x_wconf 84' lang='lat' dir='ltr'><strong>intelligi-</strong></span> 
     </span>
    </p>
   </div>
   <div class='ocr_carea' id='block_1_21' title="bbox 253 2328 1849 2399">
    <p class='ocr_par' dir='ltr' id='par_1_21' title="bbox 253 2328 1849 2399">
     <span class='ocr_line' id='line_1_21' title="bbox 253 2328 1849 2399; baseline 0.001 -14"><span class='ocrx_word' id='word_1_161' title='bbox 253 2340 362 2396; x_wconf 89' lang='lat' dir='ltr'><strong>tur,</strong></span> <span class='ocrx_word' id='word_1_162' title='bbox 386 2338 444 2385; x_wconf 90' lang='lat' dir='ltr'><strong>et</strong></span> <span class='ocrx_word' id='word_1_163' title='bbox 470 2328 691 2384; x_wconf 90' lang='lat' dir='ltr'><strong>dimisso</strong></span> <span class='ocrx_word' id='word_1_164' title='bbox 711 2328 828 2383; x_wconf 92' lang='lat' dir='ltr'><strong>viro</strong></span> <span class='ocrx_word' id='word_1_165' title='bbox 848 2344 956 2384; x_wconf 91' lang='lat' dir='ltr'><strong>non</strong></span> <span class='ocrx_word' id='word_1_166' title='bbox 980 2328 1106 2384; x_wconf 89' lang='lat' dir='ltr'><strong>licet</strong></span> <span class='ocrx_word' id='word_1_167' title='bbox 1131 2328 1283 2384; x_wconf 88' lang='lat' dir='ltr'><strong>alteri</strong></span> <span class='ocrx_word' id='word_1_168' title='bbox 1310 2330 1530 2399; x_wconf 89' lang='lat' dir='ltr'><strong>nubere,</strong></span> <span class='ocrx_word' id='word_1_169' title='bbox 1553 2339 1607 2386; x_wconf 90' lang='lat' dir='ltr'><strong>et</strong></span> <span class='ocrx_word' id='word_1_170' title='bbox 1630 2331 1849 2387; x_wconf 89' lang='lat' dir='ltr'><strong>dimissa</strong></span> 
     </span>
    </p>
   </div>
   <div class='ocr_carea' id='block_1_22' title="bbox 252 2420 1850 2492">
    <p class='ocr_par' dir='ltr' id='par_1_22' title="bbox 252 2420 1850 2492">
     <span class='ocr_line' id='line_1_22' title="bbox 252 2420 1850 2492; baseline -0.001 -14"><span class='ocrx_word' id='word_1_171' title='bbox 252 2437 425 2479; x_wconf 87' lang='lat' dir='ltr'><strong>uxore</strong></span> <span class='ocrx_word' id='word_1_172' title='bbox 466 2437 573 2477; x_wconf 93' lang='lat' dir='ltr'><strong>non</strong></span> <span class='ocrx_word' id='word_1_173' title='bbox 622 2421 749 2476; x_wconf 88' lang='lat' dir='ltr'><strong>licet</strong></span> <span class='ocrx_word' id='word_1_174' title='bbox 786 2420 1008 2476; x_wconf 86' lang='lat' dir='ltr'><strong>alteram</strong></span> <span class='ocrx_word' id='word_1_175' title='bbox 1037 2420 1236 2477; x_wconf 88' lang='lat' dir='ltr'><strong>ducere</strong></span> <span class='ocrx_word' id='word_1_176' title='bbox 1266 2439 1279 2476; x_wconf 90' lang='lat'><strong>:</strong></span> <span class='ocrx_word' id='word_1_177' title='bbox 1309 2422 1560 2492; x_wconf 89' lang='lat' dir='ltr'><strong>quoniam</strong></span> <span class='ocrx_word' id='word_1_178' title='bbox 1590 2421 1850 2477; x_wconf 85' lang='lat' dir='ltr'><strong>Dominus</strong></span> 
     </span>
    </p>
   </div>
   <div class='ocr_carea' id='block_1_23' title="bbox 251 2512 1850 2583">
    <p class='ocr_par' dir='ltr' id='par_1_23' title="bbox 251 2512 1850 2583">
     <span class='ocr_line' id='line_1_23' title="bbox 251 2512 1850 2583; baseline -0.001 -12"><span class='ocrx_word' id='word_1_179' title='bbox 251 2514 399 2571; x_wconf 89' lang='lat' dir='ltr'><strong>nulla</strong></span> <span class='ocrx_word' id='word_1_180' title='bbox 426 2512 745 2583; x_wconf 77' lang='lat' dir='ltr'><strong>exceptione</strong></span> <span class='ocrx_word' id='word_1_181' title='bbox 772 2512 909 2568; x_wconf 80' lang='lat' dir='ltr'><strong>facta</strong></span> <span class='ocrx_word' id='word_1_182' title='bbox 935 2512 1084 2579; x_wconf 86' lang='lat' dir='ltr'><strong>dicit,</strong></span> <span class='ocrx_word' id='word_1_183' title='bbox 1134 2512 1197 2569; x_wconf 90' lang='lat' dir='ltr'><strong>Si</strong></span> <span class='ocrx_word' id='word_1_184' title='bbox 1232 2530 1360 2569; x_wconf 76' lang='lat' dir='ltr'><strong>uxor</strong></span> <span class='ocrx_word' id='word_1_185' title='bbox 1403 2514 1646 2569; x_wconf 75' lang='lat' dir='ltr'><strong>dimiserit</strong></span> <span class='ocrx_word' id='word_1_186' title='bbox 1684 2516 1850 2570; x_wconf 83' lang='lat' dir='ltr'><strong>virum</strong></span> 
     </span>
    </p>
   </div>
   <div class='ocr_carea' id='block_1_24' title="bbox 250 2605 1851 2677">
    <p class='ocr_par' dir='ltr' id='par_1_24' title="bbox 250 2605 1851 2677">
     <span class='ocr_line' id='line_1_24' title="bbox 250 2605 1851 2677; baseline 0.001 -16"><span class='ocrx_word' id='word_1_187' title='bbox 250 2623 421 2672; x_wconf 83' lang='lat' dir='ltr'><strong>suum,</strong></span> <span class='ocrx_word' id='word_1_188' title='bbox 450 2614 497 2661; x_wconf 91' lang='lat' dir='ltr'><strong>et</strong></span> <span class='ocrx_word' id='word_1_189' title='bbox 525 2606 614 2660; x_wconf 89' lang='lat' dir='ltr'><strong>alii</strong></span> <span class='ocrx_word' id='word_1_190' title='bbox 642 2606 891 2675; x_wconf 76' lang='lat' dir='ltr'><strong>nupserit,</strong></span> <span class='ocrx_word' id='word_1_191' title='bbox 918 2606 1221 2669; x_wconf 75' lang='lat' dir='ltr'><strong>moechatur;</strong></span> <span class='ocrx_word' id='word_1_192' title='bbox 1256 2615 1331 2673; x_wconf 90' lang='lat' dir='ltr'><strong>et,</strong></span> <span class='ocrx_word' id='word_1_193' title='bbox 1360 2605 1537 2661; x_wconf 87' lang='lat' dir='ltr'><strong>Omnis</strong></span> <span class='ocrx_word' id='word_1_194' title='bbox 1564 2607 1651 2677; x_wconf 90' lang='lat' dir='ltr'><strong>qui</strong></span> <span class='ocrx_word' id='word_1_195' title='bbox 1675 2607 1851 2663; x_wconf 67' lang='lat' dir='ltr'><strong>dintito</strong></span> 
     </span>
    </p>
   </div>
   <div class='ocr_carea' id='block_1_25' title="bbox 252 2699 1595 2767">
    <p class='ocr_par' dir='ltr' id='par_1_25' title="bbox 252 2699 1595 2767">
     <span class='ocr_line' id='line_1_25' title="bbox 252 2699 1595 2767; baseline -0.001 -13"><span class='ocrx_word' id='word_1_196' title='bbox 252 2702 313 2754; x_wconf 89' lang='lat' dir='ltr'><strong>tit</strong></span> <span class='ocrx_word' id='word_1_197' title='bbox 340 2716 553 2754; x_wconf 73' lang='lat' dir='ltr'><strong>uxorem</strong></span> <span class='ocrx_word' id='word_1_198' title='bbox 579 2716 745 2764; x_wconf 87' lang='lat' dir='ltr'><strong>suam,</strong></span> <span class='ocrx_word' id='word_1_199' title='bbox 774 2707 823 2753; x_wconf 88' lang='lat' dir='ltr'><strong>et</strong></span> <span class='ocrx_word' id='word_1_200' title='bbox 858 2699 997 2753; x_wconf 84' lang='lat' dir='ltr'><strong>ducit</strong></span> <span class='ocrx_word' id='word_1_201' title='bbox 1028 2699 1265 2767; x_wconf 76' lang='lat' dir='ltr'><strong>alteram,</strong></span> <span class='ocrx_word' id='word_1_202' title='bbox 1297 2699 1595 2754; x_wconf 75' lang='lat' dir='ltr'><strong>moechatur.</strong></span> 
     </span>
    </p>
   </div>
   <div class='ocr_carea' id='block_1_26' title="bbox 326 2790 1850 2865">
    <p class='ocr_par' dir='ltr' id='par_1_26' title="bbox 326 2790 1850 2865">
     <span class='ocr_line' id='line_1_26' title="bbox 326 2790 1850 2865; baseline 0.002 -18"><span class='ocrx_word' id='word_1_203' title='bbox 326 2790 417 2847; x_wconf 73' lang='grc'><strong>52.</strong></span> <span class='ocrx_word' id='word_1_204' title='bbox 465 2791 561 2846; x_wconf 91' lang='lat' dir='ltr'><strong>llis</strong></span> <span class='ocrx_word' id='word_1_205' title='bbox 606 2790 679 2846; x_wconf 90' lang='lat' dir='ltr'><strong>ita</strong></span> <span class='ocrx_word' id='word_1_206' title='bbox 724 2806 823 2861; x_wconf 93' lang='lat' dir='ltr'><strong>pro</strong></span> <span class='ocrx_word' id='word_1_207' title='bbox 866 2806 991 2846; x_wconf 91' lang='lat' dir='ltr'><strong>meo</strong></span> <span class='ocrx_word' id='word_1_208' title='bbox 1039 2791 1257 2847; x_wconf 89' lang='lat' dir='ltr'><strong>modulo</strong></span> <span class='ocrx_word' id='word_1_209' title='bbox 1307 2792 1647 2861; x_wconf 88' lang='lat' dir='ltr'><strong>pertractalis</strong></span> <span class='ocrx_word' id='word_1_210' title='bbox 1691 2801 1850 2865; x_wconf 82' lang='lat' dir='ltr'><strong>atque</strong></span> 
     </span>
    </p>
   </div>
   <div class='ocr_carea' id='block_1_27' title="bbox 254 2881 1848 2953">
    <p class='ocr_par' dir='ltr' id='par_1_27' title="bbox 254 2881 1848 2953">
     <span class='ocr_line' id='line_1_27' title="bbox 254 2881 1848 2953; baseline 0.002 -16"><span class='ocrx_word' id='word_1_211' title='bbox 254 2882 538 2948; x_wconf 88' lang='lat' dir='ltr'><strong>discussis,</strong></span> <span class='ocrx_word' id='word_1_212' title='bbox 585 2881 939 2951; x_wconf 72' lang='lat' dir='ltr'><strong>qurestionem</strong></span> <span class='ocrx_word' id='word_1_213' title='bbox 972 2890 1149 2938; x_wconf 88' lang='lat' dir='ltr'><strong>tamen</strong></span> <span class='ocrx_word' id='word_1_214' title='bbox 1178 2882 1246 2937; x_wconf 89' lang='lat' dir='ltr'><strong>de</strong></span> <span class='ocrx_word' id='word_1_215' title='bbox 1274 2883 1533 2953; x_wconf 88' lang='lat' dir='ltr'><strong>conjugiis</strong></span> <span class='ocrx_word' id='word_1_216' title='bbox 1576 2884 1848 2941; x_wconf 85' lang='lat' dir='ltr'><strong>obscuris-</strong></span> 
     </span>
    </p>
   </div>
   <div class='ocr_carea' id='block_1_28' title="bbox 251 2973 1851 3044">
    <p class='ocr_par' dir='ltr' id='par_1_28' title="bbox 251 2973 1851 3044">
     <span class='ocr_line' id='line_1_28' title="bbox 251 2973 1851 3044; baseline 0.004 -15"><span class='ocrx_word' id='word_1_217' title='bbox 251 2974 445 3029; x_wconf 85' lang='lat' dir='ltr'><strong>simam</strong></span> <span class='ocrx_word' id='word_1_218' title='bbox 493 2981 549 3028; x_wconf 89' lang='lat' dir='ltr'><strong>et</strong></span> <span class='ocrx_word' id='word_1_219' title='bbox 600 2973 1079 3044; x_wconf 88' lang='lat' dir='ltr'><strong>implicatissimam</strong></span> <span class='ocrx_word' id='word_1_220' title='bbox 1128 2989 1249 3030; x_wconf 91' lang='lat' dir='ltr'><strong>esse</strong></span> <span class='ocrx_word' id='word_1_221' title='bbox 1294 2990 1401 3030; x_wconf 92' lang='lat' dir='ltr'><strong>non</strong></span> <span class='ocrx_word' id='word_1_222' title='bbox 1470 2977 1674 3032; x_wconf 91' lang='lat' dir='ltr'><strong>nescio.</strong></span> <span class='ocrx_word' id='word_1_223' title='bbox 1738 2976 1851 3035; x_wconf 88' lang='lat' dir='ltr'><strong>Nec</strong></span> 
     </span>
    </p>
   </div>
   <div class='ocr_carea' id='block_1_29' title="bbox 251 3065 1847 3141">
    <p class='ocr_par' dir='ltr' id='par_1_29' title="bbox 251 3065 1847 3141">
     <span class='ocr_line' id='line_1_29' title="bbox 251 3065 1847 3141; baseline 0.004 -21"><span class='ocrx_word' id='word_1_224' title='bbox 251 3065 427 3120; x_wconf 83' lang='lat' dir='ltr'><strong>audeo</strong></span> <span class='ocrx_word' id='word_1_225' title='bbox 456 3065 699 3135; x_wconf 90' lang='lat' dir='ltr'><strong>proﬁteri</strong></span> <span class='ocrx_word' id='word_1_226' title='bbox 743 3081 931 3122; x_wconf 89' lang='lat' dir='ltr'><strong>omnes</strong></span> <span class='ocrx_word' id='word_1_227' title='bbox 969 3067 1119 3122; x_wconf 91' lang='lat' dir='ltr'><strong>sinus</strong></span> <span class='ocrx_word' id='word_1_228' title='bbox 1156 3067 1295 3137; x_wconf 87' lang='lat' dir='ltr'><strong>ejus,</strong></span> <span class='ocrx_word' id='word_1_229' title='bbox 1324 3068 1410 3125; x_wconf 89' lang='lat' dir='ltr'><strong>vel</strong></span> <span class='ocrx_word' id='word_1_230' title='bbox 1440 3070 1494 3124; x_wconf 91' lang='lat' dir='ltr'><strong>in</strong></span> <span class='ocrx_word' id='word_1_231' title='bbox 1534 3069 1635 3125; x_wconf 91' lang='lat' dir='ltr'><strong>hoc</strong></span> <span class='ocrx_word' id='word_1_232' title='bbox 1662 3085 1847 3141; x_wconf 89' lang='lat' dir='ltr'><strong>opere,</strong></span> 
     </span>
    </p>
   </div>
   <div class='ocr_carea' id='block_1_30' title="bbox 251 3154 1849 3230">
    <p class='ocr_par' dir='ltr' id='par_1_30' title="bbox 251 3154 1849 3230">
     <span class='ocr_line' id='line_1_30' title="bbox 251 3154 1849 3230; baseline 0.004 -21"><span class='ocrx_word' id='word_1_233' title='bbox 251 3155 338 3210; x_wconf 85' lang='lat' dir='ltr'><strong>vel</strong></span> <span class='ocrx_word' id='word_1_234' title='bbox 378 3156 431 3209; x_wconf 91' lang='lat' dir='ltr'><strong>in</strong></span> <span class='ocrx_word' id='word_1_235' title='bbox 463 3156 570 3209; x_wconf 90' lang='lat' dir='ltr'><strong>alio</strong></span> <span class='ocrx_word' id='word_1_236' title='bbox 598 3171 686 3211; x_wconf 91' lang='lat' dir='ltr'><strong>me</strong></span> <span class='ocrx_word' id='word_1_237' title='bbox 729 3154 905 3211; x_wconf 90' lang='lat' dir='ltr'><strong>adhuc</strong></span> <span class='ocrx_word' id='word_1_238' title='bbox 933 3157 1249 3227; x_wconf 86' lang='lat' dir='ltr'><strong>explicasse,</strong></span> <span class='ocrx_word' id='word_1_239' title='bbox 1300 3159 1383 3213; x_wconf 89' lang='lat' dir='ltr'><strong>vel</strong></span> <span class='ocrx_word' id='word_1_240' title='bbox 1428 3160 1538 3229; x_wconf 84' lang='lat' dir='ltr'><strong>jam</strong></span> <span class='ocrx_word' id='word_1_241' title='bbox 1582 3175 1762 3230; x_wconf 84' lang='lat' dir='ltr'><strong>posse,</strong></span> <span class='ocrx_word' id='word_1_242' title='bbox 1804 3163 1849 3216; x_wconf 88' lang='lat' dir='ltr'><strong>si</strong></span> 
     </span>
    </p>
   </div>
   <div class='ocr_carea' id='block_1_31' title="bbox 252 3246 1851 3317">
    <p class='ocr_par' dir='ltr' id='par_1_31' title="bbox 252 3246 1851 3317">
     <span class='ocr_line' id='line_1_31' title="bbox 252 3246 1851 3317; baseline 0.004 -15"><span class='ocrx_word' id='word_1_243' title='bbox 252 3262 471 3317; x_wconf 88' lang='lat' dir='ltr'><strong>urgear,</strong></span> <span class='ocrx_word' id='word_1_244' title='bbox 513 3248 803 3317; x_wconf 71' lang='lat' dir='ltr'><strong>explicare.</strong></span> <span class='ocrx_word' id='word_1_245' title='bbox 835 3246 973 3304; x_wconf 83' lang='lat' dir='ltr'><strong>Illud</strong></span> <span class='ocrx_word' id='word_1_246' title='bbox 1020 3258 1198 3304; x_wconf 90' lang='lat' dir='ltr'><strong>autem</strong></span> <span class='ocrx_word' id='word_1_247' title='bbox 1244 3250 1387 3305; x_wconf 91' lang='lat' dir='ltr'><strong>unde</strong></span> <span class='ocrx_word' id='word_1_248' title='bbox 1429 3266 1518 3306; x_wconf 90' lang='lat' dir='ltr'><strong>me</strong></span> <span class='ocrx_word' id='word_1_249' title='bbox 1564 3250 1750 3307; x_wconf 89' lang='lat' dir='ltr'><strong>itidem</strong></span> <span class='ocrx_word' id='word_1_250' title='bbox 1794 3252 1851 3309; x_wconf 79' lang='lat' dir='ltr'><strong>in</strong></span> 
     </span>
    </p>
   </div>
   <div class='ocr_carea' id='block_1_32' title="bbox 250 3339 1848 3408">
    <p class='ocr_par' dir='ltr' id='par_1_32' title="bbox 250 3339 1848 3408">
     <span class='ocr_line' id='line_1_32' title="bbox 250 3339 1848 3408; baseline 0.004 -14"><span class='ocrx_word' id='word_1_251' title='bbox 250 3340 358 3394; x_wconf 86' lang='lat' dir='ltr'><strong>alia</strong></span> <span class='ocrx_word' id='word_1_252' title='bbox 389 3339 589 3394; x_wconf 89' lang='lat' dir='ltr'><strong>scheda</strong></span> <span class='ocrx_word' id='word_1_253' title='bbox 619 3339 1008 3399; x_wconf 87' lang='lat' dir='ltr'><strong>consulendum</strong></span> <span class='ocrx_word' id='word_1_254' title='bbox 1037 3341 1376 3408; x_wconf 84' lang='lat' dir='ltr'><strong>existimasti,</strong></span> <span class='ocrx_word' id='word_1_255' title='bbox 1408 3358 1653 3399; x_wconf 89' lang='lat' dir='ltr'><strong>seorsum</strong></span> <span class='ocrx_word' id='word_1_256' title='bbox 1683 3345 1848 3400; x_wconf 89' lang='lat' dir='ltr'><strong>etiam</strong></span> 
     </span>
    </p>
   </div>
   <div class='ocr_carea' id='block_1_33' title="bbox 250 3433 1848 3509">
    <p class='ocr_par' dir='ltr' id='par_1_33' title="bbox 250 3433 1848 3509">
     <span class='ocr_line' id='line_1_33' title="bbox 250 3433 1848 3509; baseline 0.007 -23"><span class='ocrx_word' id='word_1_257' title='bbox 250 3448 353 3503; x_wconf 90' lang='lat' dir='ltr'><strong>ego</strong></span> <span class='ocrx_word' id='word_1_258' title='bbox 381 3433 618 3489; x_wconf 88' lang='lat' dir='ltr'><strong>enodare</strong></span> <span class='ocrx_word' id='word_1_259' title='bbox 646 3449 913 3500; x_wconf 89' lang='lat' dir='ltr'><strong>curarem,</strong></span> <span class='ocrx_word' id='word_1_260' title='bbox 946 3438 990 3491; x_wconf 88' lang='lat' dir='ltr'><strong>si</strong></span> <span class='ocrx_word' id='word_1_261' title='bbox 1027 3436 1160 3491; x_wconf 90' lang='lat' dir='ltr'><strong>mihi</strong></span> <span class='ocrx_word' id='word_1_262' title='bbox 1186 3436 1329 3492; x_wconf 88' lang='lat' dir='ltr'><strong>aliud</strong></span> <span class='ocrx_word' id='word_1_263' title='bbox 1357 3453 1518 3509; x_wconf 88' lang='lat' dir='ltr'><strong>quam</strong></span> <span class='ocrx_word' id='word_1_264' title='bbox 1551 3439 1647 3495; x_wconf 88' lang='lat' dir='ltr'><strong>tibi</strong></span> <span class='ocrx_word' id='word_1_265' title='bbox 1674 3441 1848 3497; x_wconf 90' lang='lat' dir='ltr'><strong>visum</strong></span> 
     </span>
    </p>
   </div>
   <div class='ocr_carea' id='block_1_34' title="bbox 250 3524 1849 3592">
    <p class='ocr_par' dir='ltr' id='par_1_34' title="bbox 250 3524 1849 3592">
     <span class='ocr_line' id='line_1_34' title="bbox 250 3524 1849 3592; baseline 0.007 -12"><span class='ocrx_word' id='word_1_266' title='bbox 250 3534 372 3589; x_wconf 89' lang='lat' dir='ltr'><strong>est,</strong></span> <span class='ocrx_word' id='word_1_267' title='bbox 405 3524 724 3581; x_wconf 81' lang='lat' dir='ltr'><strong>videretur:</strong></span> <span class='ocrx_word' id='word_1_268' title='bbox 772 3541 893 3580; x_wconf 90' lang='lat' dir='ltr'><strong>cum</strong></span> <span class='ocrx_word' id='word_1_269' title='bbox 934 3542 1068 3583; x_wconf 88' lang='lat' dir='ltr'><strong>vero</strong></span> <span class='ocrx_word' id='word_1_270' title='bbox 1109 3528 1296 3584; x_wconf 91' lang='lat' dir='ltr'><strong>eadem</strong></span> <span class='ocrx_word' id='word_1_271' title='bbox 1344 3530 1415 3584; x_wconf 83' lang='lat' dir='ltr'><strong>sit</strong></span> <span class='ocrx_word' id='word_1_272' title='bbox 1455 3531 1615 3586; x_wconf 91' lang='lat' dir='ltr'><strong>etiam</strong></span> <span class='ocrx_word' id='word_1_273' title='bbox 1666 3541 1849 3592; x_wconf 82' lang='lat' dir='ltr'><strong>nostra</strong></span> 
     </span>
    </p>
   </div>
   <div class='ocr_carea' id='block_1_35' title="bbox 247 3615 1666 3691">
    <p class='ocr_par' dir='ltr' id='par_1_35' title="bbox 247 3615 1666 3691">
     <span class='ocr_line' id='line_1_35' title="bbox 247 3615 1666 3691; baseline 0.004 -20"><span class='ocrx_word' id='word_1_274' title='bbox 247 3616 542 3680; x_wconf 82' lang='lat' dir='ltr'><strong>sententia,</strong></span> <span class='ocrx_word' id='word_1_275' title='bbox 572 3630 678 3670; x_wconf 91' lang='lat' dir='ltr'><strong>non</strong></span> <span class='ocrx_word' id='word_1_276' title='bbox 711 3615 838 3671; x_wconf 88' lang='lat' dir='ltr'><strong>hinc</strong></span> <span class='ocrx_word' id='word_1_277' title='bbox 862 3631 997 3686; x_wconf 92' lang='lat' dir='ltr'><strong>opus</strong></span> <span class='ocrx_word' id='word_1_278' title='bbox 1025 3625 1109 3673; x_wconf 89' lang='lat' dir='ltr'><strong>est</strong></span> <span class='ocrx_word' id='word_1_279' title='bbox 1136 3618 1334 3674; x_wconf 92' lang='lat' dir='ltr'><strong>diutius</strong></span> <span class='ocrx_word' id='word_1_280' title='bbox 1371 3619 1666 3691; x_wconf 88' lang='lat' dir='ltr'><strong>disputare.</strong></span> 
     </span>
    </p>
   </div>
   <div class='ocr_carea' id='block_1_36' title="bbox 320 3705 1851 3791">
    <p class='ocr_par' dir='ltr' id='par_1_36' title="bbox 320 3705 1851 3791">
     <span class='ocr_line' id='line_1_36' title="bbox 320 3705 1851 3791; baseline 0.005 -28"><span class='ocrx_word' id='word_1_281' title='bbox 320 3705 555 3764; x_wconf 77' lang='lat' dir='ltr'><strong>CAPUT</strong></span> <span class='ocrx_word' id='word_1_282' title='bbox 593 3707 788 3763; x_wconf 82' lang='lat' dir='ltr'><strong>XXVI.</strong></span> <span class='ocrx_word' id='word_1_283' title='bbox 816 3739 887 3750; x_wconf 91' lang='lat'><strong>-—-</strong></span> <span class='ocrx_word' id='word_1_284' title='bbox 912 3710 1001 3765; x_wconf 81' lang='lat'><strong>&#39;55.</strong></span> <span class='ocrx_word' id='word_1_285' title='bbox 1032 3709 1414 3791; x_wconf 69' lang='lat' dir='ltr'><strong>Catechumenis</strong></span> <span class='ocrx_word' id='word_1_286' title='bbox 1453 3714 1506 3768; x_wconf 88' lang='lat' dir='ltr'><strong>in</strong></span> <span class='ocrx_word' id='word_1_287' title='bbox 1531 3715 1709 3770; x_wconf 86' lang='lat' dir='ltr'><strong>ultimo</strong></span> <span class='ocrx_word' id='word_1_288' title='bbox 1735 3716 1851 3771; x_wconf 69' lang='lat' dir='ltr'><strong>vita</strong></span> 
     </span>
    </p>
   </div>
   <div class='ocr_carea' id='block_1_37' title="bbox 246 3800 1850 3877">
    <p class='ocr_par' dir='ltr' id='par_1_37' title="bbox 246 3800 1850 3877">
     <span class='ocr_line' id='line_1_37' title="bbox 246 3800 1850 3877; baseline 0.006 -23"><span class='ocrx_word' id='word_1_289' title='bbox 246 3818 317 3855; x_wconf 83' lang='lat' dir='ltr'><strong>an</strong></span> <span class='ocrx_word' id='word_1_290' title='bbox 360 3800 563 3854; x_wconf 86' lang='lat' dir='ltr'><strong>dandus</strong></span> <span class='ocrx_word' id='word_1_291' title='bbox 590 3800 884 3871; x_wconf 86' lang='lat' dir='ltr'><strong>Baptismus</strong></span> <span class='ocrx_word' id='word_1_292' title='bbox 920 3819 1023 3857; x_wconf 88' lang='lat' dir='ltr'><strong>non</strong></span> <span class='ocrx_word' id='word_1_293' title='bbox 1062 3804 1364 3873; x_wconf 77' lang='lat' dir='ltr'><strong>petentibus,</strong></span> <span class='ocrx_word' id='word_1_294' title='bbox 1412 3822 1503 3860; x_wconf 85' lang='lat' dir='ltr'><strong>nec</strong></span> <span class='ocrx_word' id='word_1_295' title='bbox 1545 3824 1638 3877; x_wconf 89' lang='lat' dir='ltr'><strong>pro</strong></span> <span class='ocrx_word' id='word_1_296' title='bbox 1679 3824 1733 3862; x_wconf 86' lang='lat' dir='ltr'><strong>se</strong></span> <span class='ocrx_word' id='word_1_297' title='bbox 1769 3825 1850 3863; x_wconf 75' lang='lat' dir='ltr'><strong>rs-</strong></span> 
     </span>
    </p>
   </div>
   <div class='ocr_carea' id='block_1_38' title="bbox 244 3891 1849 3972">
    <p class='ocr_par' dir='ltr' id='par_1_38' title="bbox 244 3891 1849 3972">
     <span class='ocr_line' id='line_1_38' title="bbox 244 3891 1849 3972; baseline 0.005 -25"><span class='ocrx_word' id='word_1_298' title='bbox 244 3891 504 3960; x_wconf 84' lang='lat' dir='ltr'><strong>spondere</strong></span> <span class='ocrx_word' id='word_1_299' title='bbox 545 3892 846 3946; x_wconf 79' lang='lat' dir='ltr'><strong>valentibus.</strong></span> <span class='ocrx_word' id='word_1_300' title='bbox 892 3893 1079 3965; x_wconf 86' lang='lat' dir='ltr'><strong>Opinio</strong></span> <span class='ocrx_word' id='word_1_301' title='bbox 1116 3894 1453 3966; x_wconf 87' lang='lat' dir='ltr'><strong>quorumdam</strong></span> <span class='ocrx_word' id='word_1_302' title='bbox 1498 3915 1689 3969; x_wconf 80' lang='lat' dir='ltr'><strong>negans</strong></span> <span class='ocrx_word' id='word_1_303' title='bbox 1727 3901 1849 3972; x_wconf 87' lang='lat' dir='ltr'><strong>reji-</strong></span> 
     </span>
    </p>
   </div>
   <div class='ocr_carea' id='block_1_39' title="bbox 247 3983 1847 4063">
    <p class='ocr_par' dir='ltr' id='par_1_39' title="bbox 247 3983 1847 4063">
     <span class='ocr_line' id='line_1_39' title="bbox 247 3983 1847 4063; baseline 0.006 -24"><span class='ocrx_word' id='word_1_304' title='bbox 247 3983 405 4049; x_wconf 76' lang='lat' dir='ltr'><strong>citur,</strong></span> <span class='ocrx_word' id='word_1_305' title='bbox 450 3999 543 4037; x_wconf 82' lang='lat' dir='ltr'><strong>nec</strong></span> <span class='ocrx_word' id='word_1_306' title='bbox 600 3992 769 4037; x_wconf 85' lang='lat' dir='ltr'><strong>tamen</strong></span> <span class='ocrx_word' id='word_1_307' title='bbox 825 3984 1119 4039; x_wconf 87' lang='lat' dir='ltr'><strong>damnatur.</strong></span> <span class='ocrx_word' id='word_1_308' title='bbox 1165 3986 1577 4044; x_wconf 83' lang='lat' dir='ltr'><strong>Calecliumenis</strong></span> <span class='ocrx_word' id='word_1_309' title='bbox 1626 4005 1756 4063; x_wconf 88' lang='lat' dir='ltr'><strong>ergo</strong></span> <span class='ocrx_word' id='word_1_310' title='bbox 1793 3992 1847 4048; x_wconf 91' lang='lat' dir='ltr'><strong>in</strong></span> 
     </span>
    </p>
   </div>
   <div class='ocr_carea' id='block_1_40' title="bbox 248 4073 1847 4143">
    <p class='ocr_par' dir='ltr' id='par_1_40' title="bbox 248 4073 1847 4143">
     <span class='ocr_line' id='line_1_40' title="bbox 248 4073 1847 4143; baseline 0.007 -16"><span class='ocrx_word' id='word_1_311' title='bbox 248 4074 411 4141; x_wconf 82' lang='lat' dir='ltr'><strong>hujus</strong></span> <span class='ocrx_word' id='word_1_312' title='bbox 457 4073 582 4128; x_wconf 71' lang='lat' dir='ltr'><strong>vita:</strong></span> <span class='ocrx_word' id='word_1_313' title='bbox 628 4074 819 4129; x_wconf 89' lang='lat' dir='ltr'><strong>ultimo</strong></span> <span class='ocrx_word' id='word_1_314' title='bbox 866 4075 1193 4143; x_wconf 90' lang='lat' dir='ltr'><strong>constitutis,</strong></span> <span class='ocrx_word' id='word_1_315' title='bbox 1244 4076 1291 4131; x_wconf 88' lang='lat' dir='ltr'><strong>si</strong></span> <span class='ocrx_word' id='word_1_316' title='bbox 1338 4079 1530 4133; x_wconf 90' lang='lat' dir='ltr'><strong>morbo</strong></span> <span class='ocrx_word' id='word_1_317' title='bbox 1575 4094 1669 4135; x_wconf 88' lang='lat' dir='ltr'><strong>seu</strong></span> <span class='ocrx_word' id='word_1_318' title='bbox 1719 4096 1847 4138; x_wconf 84' lang='lat' dir='ltr'><strong>casu</strong></span> 
     </span>
    </p>
   </div>
   <div class='ocr_carea' id='block_1_41' title="bbox 244 4164 1842 4242">
    <p class='ocr_par' dir='ltr' id='par_1_41' title="bbox 244 4164 1842 4242">
     <span class='ocr_line' id='line_1_41' title="bbox 244 4164 1842 4242; baseline 0.007 -24"><span class='ocrx_word' id='word_1_319' title='bbox 244 4165 431 4235; x_wconf 81' lang='lat' dir='ltr'><strong>aliquo</strong></span> <span class='ocrx_word' id='word_1_320' title='bbox 458 4164 539 4220; x_wconf 92' lang='lat' dir='ltr'><strong>sic</strong></span> <span class='ocrx_word' id='word_1_321' title='bbox 581 4166 827 4236; x_wconf 88' lang='lat' dir='ltr'><strong>oppressi</strong></span> <span class='ocrx_word' id='word_1_322' title='bbox 868 4167 1010 4235; x_wconf 85' lang='lat' dir='ltr'><strong>sint,</strong></span> <span class='ocrx_word' id='word_1_323' title='bbox 1043 4176 1104 4223; x_wconf 92' lang='lat' dir='ltr'><strong>ut</strong></span> <span class='ocrx_word' id='word_1_324' title='bbox 1146 4170 1387 4239; x_wconf 88' lang='lat' dir='ltr'><strong>quamvis</strong></span> <span class='ocrx_word' id='word_1_325' title='bbox 1426 4171 1605 4227; x_wconf 87' lang='lat' dir='ltr'><strong>adhuc</strong></span> <span class='ocrx_word' id='word_1_326' title='bbox 1642 4173 1842 4242; x_wconf 86' lang='lat' dir='ltr'><strong>vivant,</strong></span> 
     </span>
    </p>
   </div>
   <div class='ocr_carea' id='block_1_42' title="bbox 244 4256 1846 4335">
    <p class='ocr_par' dir='ltr' id='par_1_42' title="bbox 244 4256 1846 4335">
     <span class='ocr_line' id='line_1_42' title="bbox 244 4256 1846 4335; baseline 0.006 -24"><span class='ocrx_word' id='word_1_327' title='bbox 244 4264 437 4329; x_wconf 87' lang='lat' dir='ltr'><strong>petere</strong></span> <span class='ocrx_word' id='word_1_328' title='bbox 465 4256 567 4311; x_wconf 89' lang='lat' dir='ltr'><strong>sibi</strong></span> <span class='ocrx_word' id='word_1_329' title='bbox 599 4264 780 4313; x_wconf 87' lang='lat' dir='ltr'><strong>tamen</strong></span> <span class='ocrx_word' id='word_1_330' title='bbox 810 4258 1145 4328; x_wconf 88' lang='lat' dir='ltr'><strong>Baptismum</strong></span> <span class='ocrx_word' id='word_1_331' title='bbox 1174 4260 1258 4313; x_wconf 87' lang='lat' dir='ltr'><strong>vel</strong></span> <span class='ocrx_word' id='word_1_332' title='bbox 1286 4260 1351 4315; x_wconf 89' lang='lat' dir='ltr'><strong>ad</strong></span> <span class='ocrx_word' id='word_1_333' title='bbox 1387 4261 1714 4335; x_wconf 84' lang='lat' dir='ltr'><strong>interrogata</strong></span> <span class='ocrx_word' id='word_1_334' title='bbox 1756 4280 1846 4320; x_wconf 84' lang='lat' dir='ltr'><strong>re-</strong></span> 
     </span>
    </p>
   </div>
   <div class='ocr_carea' id='block_1_43' title="bbox 246 4348 1848 4424">
    <p class='ocr_par' dir='ltr' id='par_1_43' title="bbox 246 4348 1848 4424">
     <span class='ocr_line' id='line_1_43' title="bbox 246 4348 1848 4424; baseline 0.006 -22"><span class='ocrx_word' id='word_1_335' title='bbox 246 4348 519 4418; x_wconf 84' lang='lat' dir='ltr'><strong>spondere</strong></span> <span class='ocrx_word' id='word_1_336' title='bbox 545 4364 653 4403; x_wconf 90' lang='lat' dir='ltr'><strong>non</strong></span> <span class='ocrx_word' id='word_1_337' title='bbox 683 4350 925 4419; x_wconf 86' lang='lat' dir='ltr'><strong>possint;</strong></span> <span class='ocrx_word' id='word_1_338' title='bbox 968 4351 1138 4420; x_wconf 93' lang='lat' dir='ltr'><strong>prosit</strong></span> <span class='ocrx_word' id='word_1_339' title='bbox 1164 4352 1246 4407; x_wconf 89' lang='lat' dir='ltr'><strong>eis</strong></span> <span class='ocrx_word' id='word_1_340' title='bbox 1270 4353 1413 4424; x_wconf 93' lang='lat' dir='ltr'><strong>quod</strong></span> <span class='ocrx_word' id='word_1_341' title='bbox 1442 4369 1630 4410; x_wconf 90' lang='lat' dir='ltr'><strong>eorum</strong></span> <span class='ocrx_word' id='word_1_342' title='bbox 1660 4356 1713 4411; x_wconf 91' lang='lat' dir='ltr'><strong>in</strong></span> <span class='ocrx_word' id='word_1_343' title='bbox 1743 4356 1848 4411; x_wconf 90' lang='lat' dir='ltr'><strong>ﬁde</strong></span> 
     </span>
    </p>
   </div>
   <div class='ocr_carea' id='block_1_44' title="bbox 245 4440 1847 4521">
    <p class='ocr_par' dir='ltr' id='par_1_44' title="bbox 245 4440 1847 4521">
     <span class='ocr_line' id='line_1_44' title="bbox 245 4440 1847 4521; baseline 0.006 -26"><span class='ocrx_word' id='word_1_344' title='bbox 245 4440 546 4496; x_wconf 87' lang='lat' dir='ltr'><strong>christiana</strong></span> <span class='ocrx_word' id='word_1_345' title='bbox 585 4443 697 4513; x_wconf 91' lang='lat' dir='ltr'><strong>jam</strong></span> <span class='ocrx_word' id='word_1_346' title='bbox 728 4452 854 4498; x_wconf 88' lang='lat' dir='ltr'><strong>nota</strong></span> <span class='ocrx_word' id='word_1_347' title='bbox 884 4444 1133 4499; x_wconf 88' lang='lat' dir='ltr'><strong>voluntas</strong></span> <span class='ocrx_word' id='word_1_348' title='bbox 1162 4454 1266 4506; x_wconf 86' lang='lat' dir='ltr'><strong>est.</strong></span> <span class='ocrx_word' id='word_1_349' title='bbox 1301 4456 1359 4502; x_wconf 91' lang='lat' dir='ltr'><strong>ut</strong></span> <span class='ocrx_word' id='word_1_350' title='bbox 1386 4463 1453 4503; x_wconf 87' lang='lat' dir='ltr'><strong>eo</strong></span> <span class='ocrx_word' id='word_1_351' title='bbox 1480 4448 1642 4504; x_wconf 93' lang='lat' dir='ltr'><strong>modo</strong></span> <span class='ocrx_word' id='word_1_352' title='bbox 1668 4450 1847 4521; x_wconf 69' lang='lat' dir='ltr'><strong>bapti-</strong></span> 
     </span>
    </p>
   </div>
   <div class='ocr_carea' id='block_1_45' title="bbox 247 4534 1847 4612">
    <p class='ocr_par' dir='ltr' id='par_1_45' title="bbox 247 4534 1847 4612">
     <span class='ocr_line' id='line_1_45' title="bbox 247 4534 1847 4612; baseline 0.006 -24"><span class='ocrx_word' id='word_1_353' title='bbox 247 4541 461 4599; x_wconf 80' lang='lat' dir='ltr'><strong>zcutur,</strong></span> <span class='ocrx_word' id='word_1_354' title='bbox 491 4550 598 4604; x_wconf 91' lang='lat' dir='ltr'><strong>quo</strong></span> <span class='ocrx_word' id='word_1_355' title='bbox 626 4534 788 4589; x_wconf 91' lang='lat' dir='ltr'><strong>modo</strong></span> <span class='ocrx_word' id='word_1_356' title='bbox 828 4536 1165 4606; x_wconf 87' lang='lat' dir='ltr'><strong>baptizantur</strong></span> <span class='ocrx_word' id='word_1_357' title='bbox 1203 4538 1463 4607; x_wconf 83' lang='lat' dir='ltr'><strong>infantes,</strong></span> <span class='ocrx_word' id='word_1_358' title='bbox 1492 4556 1722 4612; x_wconf 86' lang='lat' dir='ltr'><strong>quorum</strong></span> <span class='ocrx_word' id='word_1_359' title='bbox 1752 4559 1847 4598; x_wconf 81' lang='lat' dir='ltr'><strong>vo-</strong></span> 
     </span>
    </p>
   </div>
   <div class='ocr_carea' id='block_1_46' title="bbox 249 4626 1847 4707">
    <p class='ocr_par' dir='ltr' id='par_1_46' title="bbox 249 4626 1847 4707">
     <span class='ocr_line' id='line_1_46' title="bbox 249 4626 1847 4707; baseline 0.007 -26"><span class='ocrx_word' id='word_1_360' title='bbox 249 4626 433 4682; x_wconf 87' lang='lat' dir='ltr'><strong>Iuntas</strong></span> <span class='ocrx_word' id='word_1_361' title='bbox 460 4628 608 4683; x_wconf 89' lang='lat' dir='ltr'><strong>nulla</strong></span> <span class='ocrx_word' id='word_1_362' title='bbox 638 4629 815 4685; x_wconf 85' lang='lat' dir='ltr'><strong>adhuc</strong></span> <span class='ocrx_word' id='word_1_363' title='bbox 837 4632 1009 4701; x_wconf 88' lang='lat' dir='ltr'><strong>patuit</strong></span> <span class='ocrx_word' id='word_1_364' title='bbox 1040 4634 1139 4707; x_wconf 90' lang='lat' dir='ltr'><strong>(b).</strong></span> <span class='ocrx_word' id='word_1_365' title='bbox 1182 4633 1296 4688; x_wconf 88' lang='lat' dir='ltr'><strong>Non</strong></span> <span class='ocrx_word' id='word_1_366' title='bbox 1342 4642 1519 4691; x_wconf 90' lang='lat' dir='ltr'><strong>tamen</strong></span> <span class='ocrx_word' id='word_1_367' title='bbox 1563 4644 1847 4707; x_wconf 84' lang='lat' dir='ltr'><strong>propterea</strong></span> 
     </span>
    </p>
   </div>
   <div class='ocr_carea' id='block_1_47' title="bbox 245 4717 1845 4798">
    <p class='ocr_par' dir='ltr' id='par_1_47' title="bbox 245 4717 1845 4798">
     <span class='ocr_line' id='line_1_47' title="bbox 245 4717 1845 4798; baseline 0.008 -28"><span class='ocrx_word' id='word_1_368' title='bbox 245 4717 510 4773; x_wconf 90' lang='lat' dir='ltr'><strong>damnare</strong></span> <span class='ocrx_word' id='word_1_369' title='bbox 566 4719 828 4777; x_wconf 88' lang='lat' dir='ltr'><strong>debemus</strong></span> <span class='ocrx_word' id='word_1_370' title='bbox 874 4738 969 4779; x_wconf 90' lang='lat' dir='ltr'><strong>eos</strong></span> <span class='ocrx_word' id='word_1_371' title='bbox 1017 4726 1109 4795; x_wconf 92' lang='lat' dir='ltr'><strong>qui</strong></span> <span class='ocrx_word' id='word_1_372' title='bbox 1159 4725 1396 4780; x_wconf 89' lang='lat' dir='ltr'><strong>timidius</strong></span> <span class='ocrx_word' id='word_1_373' title='bbox 1446 4736 1636 4797; x_wconf 91' lang='lat' dir='ltr'><strong>agunt,</strong></span> <span class='ocrx_word' id='word_1_374' title='bbox 1687 4743 1845 4798; x_wconf 91' lang='lat' dir='ltr'><strong>quam</strong></span> 
     </span>
    </p>
   </div>
   <div class='ocr_carea' id='block_1_48' title="bbox 247 4810 1845 4888">
    <p class='ocr_par' dir='ltr' id='par_1_48' title="bbox 247 4810 1845 4888">
     <span class='ocr_line' id='line_1_48' title="bbox 247 4810 1845 4888; baseline 0.007 -24"><span class='ocrx_word' id='word_1_375' title='bbox 247 4810 408 4865; x_wconf 87' lang='lat' dir='ltr'><strong>nobis</strong></span> <span class='ocrx_word' id='word_1_376' title='bbox 434 4811 651 4867; x_wconf 90' lang='lat' dir='ltr'><strong>videtur</strong></span> <span class='ocrx_word' id='word_1_377' title='bbox 687 4814 769 4883; x_wconf 93' lang='lat' dir='ltr'><strong>agi</strong></span> <span class='ocrx_word' id='word_1_378' title='bbox 810 4824 1059 4884; x_wconf 84' lang='lat' dir='ltr'><strong>oportere</strong></span> <span class='ocrx_word' id='word_1_379' title='bbox 1080 4860 1095 4885; x_wconf 96' lang='lat'><strong>,</strong></span> <span class='ocrx_word' id='word_1_380' title='bbox 1127 4833 1195 4873; x_wconf 92' lang='lat' dir='ltr'><strong>ne</strong></span> <span class='ocrx_word' id='word_1_381' title='bbox 1221 4818 1289 4874; x_wconf 89' lang='lat' dir='ltr'><strong>de</strong></span> <span class='ocrx_word' id='word_1_382' title='bbox 1329 4820 1555 4888; x_wconf 86' lang='lat' dir='ltr'><strong>pecunia</strong></span> <span class='ocrx_word' id='word_1_383' title='bbox 1580 4835 1845 4876; x_wconf 90' lang='lat' dir='ltr'><strong>conservo</strong></span> 
     </span>
    </p>
   </div>
   <div class='ocr_carea' id='block_1_49' title="bbox 245 4900 1847 4980">
    <p class='ocr_par' dir='ltr' id='par_1_49' title="bbox 245 4900 1847 4980">
     <span class='ocr_line' id='line_1_49' title="bbox 245 4900 1847 4980; baseline 0.009 -26"><span class='ocrx_word' id='word_1_384' title='bbox 245 4900 455 4955; x_wconf 87' lang='lat' dir='ltr'><strong>credita</strong></span> <span class='ocrx_word' id='word_1_385' title='bbox 507 4903 805 4971; x_wconf 87' lang='lat' dir='ltr'><strong>improbius</strong></span> <span class='ocrx_word' id='word_1_386' title='bbox 850 4922 1011 4975; x_wconf 89' lang='lat' dir='ltr'><strong>quam</strong></span> <span class='ocrx_word' id='word_1_387' title='bbox 1067 4909 1272 4963; x_wconf 91' lang='lat' dir='ltr'><strong>cautius</strong></span> <span class='ocrx_word' id='word_1_388' title='bbox 1325 4908 1568 4980; x_wconf 86' lang='lat' dir='ltr'><strong>judicare</strong></span> <span class='ocrx_word' id='word_1_389' title='bbox 1612 4913 1847 4968; x_wconf 85' lang='lat' dir='ltr'><strong>voluisse</strong></span> 
     </span>
    </p>
   </div>
   <div class='ocr_carea' id='block_1_50' title="bbox 242 4992 1848 5075">
    <p class='ocr_par' dir='ltr' id='par_1_50' title="bbox 242 4992 1848 5075">
     <span class='ocr_line' id='line_1_50' title="bbox 242 4992 1848 5075; baseline 0.009 -28"><span class='ocrx_word' id='word_1_390' title='bbox 242 4992 574 5064; x_wconf 74' lang='lat' dir='ltr'><strong>iudicemur.</strong></span> <span class='ocrx_word' id='word_1_391' title='bbox 604 4995 748 5051; x_wconf 87' lang='lat' dir='ltr'><strong>Satis</strong></span> <span class='ocrx_word' id='word_1_392' title='bbox 783 4998 979 5069; x_wconf 90' lang='lat' dir='ltr'><strong>quippe</strong></span> <span class='ocrx_word' id='word_1_393' title='bbox 1016 5000 1067 5054; x_wconf 94' lang='lat' dir='ltr'><strong>in</strong></span> <span class='ocrx_word' id='word_1_394' title='bbox 1109 5001 1301 5057; x_wconf 87' lang='lat' dir='ltr'><strong>talibus</strong></span> <span class='ocrx_word' id='word_1_395' title='bbox 1336 5004 1729 5075; x_wconf 90' lang='lat' dir='ltr'><strong>respiciendum</strong></span> <span class='ocrx_word' id='word_1_396' title='bbox 1764 5014 1848 5061; x_wconf 89' lang='lat' dir='ltr'><strong>est</strong></span> 
     </span>
    </p>
   </div>
   <div class='ocr_carea' id='block_1_51' title="bbox 247 5086 1848 5168">
    <p class='ocr_par' dir='ltr' id='par_1_51' title="bbox 247 5086 1848 5168">
     <span class='ocr_line' id='line_1_51' title="bbox 247 5086 1848 5168; baseline 0.007 -27"><span class='ocrx_word' id='word_1_397' title='bbox 247 5086 383 5141; x_wconf 87' lang='lat' dir='ltr'><strong>illud</strong></span> <span class='ocrx_word' id='word_1_398' title='bbox 414 5086 683 5158; x_wconf 79' lang='lat' dir='ltr'><strong>Apostoli,</strong></span> <span class='ocrx_word' id='word_1_399' title='bbox 716 5088 805 5143; x_wconf 92' lang='lat' dir='ltr'><strong>ubi</strong></span> <span class='ocrx_word' id='word_1_400' title='bbox 835 5089 963 5145; x_wconf 89' lang='lat' dir='ltr'><strong>dicit</strong></span> <span class='ocrx_word' id='word_1_401' title='bbox 992 5109 1004 5144; x_wconf 91' lang='lat'>:</span> <span class='ocrx_word' id='word_1_402' title='bbox 1041 5090 1391 5166; x_wconf 79' lang='lat' dir='ltr'><strong>Unusquisque</strong></span> <span class='ocrx_word' id='word_1_403' title='bbox 1418 5105 1643 5150; x_wconf 87' lang='lat' dir='ltr'><strong>nostrum</strong></span> <span class='ocrx_word' id='word_1_404' title='bbox 1670 5114 1763 5168; x_wconf 87' lang='lat' dir='ltr'><strong>pro</strong></span> <span class='ocrx_word' id='word_1_405' title='bbox 1793 5114 1848 5153; x_wconf 85' lang='lat' dir='ltr'><strong>se</strong></span> 
     </span>
    </p>
   </div>
   <div class='ocr_carea' id='block_1_52' title="bbox 203 5180 1845 5260">
    <p class='ocr_par' dir='ltr' id='par_1_52' title="bbox 203 5180 1845 5260">
     <span class='ocr_line' id='line_1_52' title="bbox 203 5180 1845 5260; baseline 0.009 -28"><span class='ocrx_word' id='word_1_406' title='bbox 203 5180 211 5195; x_wconf 83' lang='lat'><strong>&#39;</strong></span> <span class='ocrx_word' id='word_1_407' title='bbox 245 5181 499 5235; x_wconf 74' lang='lat' dir='ltr'><strong>rationem</strong></span> <span class='ocrx_word' id='word_1_408' title='bbox 528 5180 705 5235; x_wconf 85' lang='lat' dir='ltr'><strong>reddet</strong></span> <span class='ocrx_word' id='word_1_409' title='bbox 736 5181 844 5237; x_wconf 89' lang='lat' dir='ltr'><strong>Deo</strong></span> <span class='ocrx_word' id='word_1_410' title='bbox 872 5184 1051 5254; x_wconf 84' lang='lat' dir='ltr'><strong>(Rom.</strong></span> <span class='ocrx_word' id='word_1_411' title='bbox 1085 5201 1196 5251; x_wconf 86' lang='lat' dir='ltr'><strong>xtv,</strong></span> <span class='ocrx_word' id='word_1_412' title='bbox 1230 5184 1358 5260; x_wconf 74' lang='lat'><strong>12).</strong></span> <span class='ocrx_word' id='word_1_413' title='bbox 1402 5186 1518 5244; x_wconf 90' lang='lat' dir='ltr'><strong>Non</strong></span> <span class='ocrx_word' id='word_1_414' title='bbox 1559 5205 1687 5260; x_wconf 88' lang='lat' dir='ltr'><strong>ergo</strong></span> <span class='ocrx_word' id='word_1_415' title='bbox 1726 5205 1845 5245; x_wconf 83' lang='lat' dir='ltr'><strong>am-</strong></span> 
     </span>
    </p>
   </div>
   <div class='ocr_carea' id='block_1_53' title="bbox 247 5272 1839 5352">
    <p class='ocr_par' dir='ltr' id='par_1_53' title="bbox 247 5272 1839 5352">
     <span class='ocr_line' id='line_1_53' title="bbox 247 5272 1839 5352; baseline 0.009 -27"><span class='ocrx_word' id='word_1_416' title='bbox 247 5272 389 5342; x_wconf 87' lang='lat' dir='ltr'><strong>plius</strong></span> <span class='ocrx_word' id='word_1_417' title='bbox 416 5274 653 5330; x_wconf 85' lang='lat' dir='ltr'><strong>invicem</strong></span> <span class='ocrx_word' id='word_1_418' title='bbox 693 5274 1015 5345; x_wconf 77' lang='lat' dir='ltr'><strong>iudicemus.</strong></span> <span class='ocrx_word' id='word_1_419' title='bbox 1044 5278 1180 5335; x_wconf 91' lang='lat' dir='ltr'><strong>Sunt</strong></span> <span class='ocrx_word' id='word_1_420' title='bbox 1205 5281 1348 5335; x_wconf 92' lang='lat' dir='ltr'><strong>enim</strong></span> <span class='ocrx_word' id='word_1_421' title='bbox 1383 5283 1473 5352; x_wconf 92' lang='lat' dir='ltr'><strong>qui</strong></span> <span class='ocrx_word' id='word_1_422' title='bbox 1514 5284 1595 5339; x_wconf 90' lang='lat' dir='ltr'><strong>vel</strong></span> <span class='ocrx_word' id='word_1_423' title='bbox 1636 5284 1689 5339; x_wconf 92' lang='lat' dir='ltr'><strong>in</strong></span> <span class='ocrx_word' id='word_1_424' title='bbox 1735 5284 1839 5352; x_wconf 91' lang='lat' dir='ltr'><strong>his,</strong></span> 
     </span>
    </p>
   </div>
   <div class='ocr_carea' id='block_1_54' title="bbox 248 5365 1847 5445">
    <p class='ocr_par' dir='ltr' id='par_1_54' title="bbox 248 5365 1847 5445">
     <span class='ocr_line' id='line_1_54' title="bbox 248 5365 1847 5445; baseline 0.01 -28"><span class='ocrx_word' id='word_1_425' title='bbox 248 5365 333 5417; x_wconf 86' lang='lat' dir='ltr'><strong>vel</strong></span> <span class='ocrx_word' id='word_1_426' title='bbox 362 5365 525 5419; x_wconf 87' lang='lat' dir='ltr'><strong>etiam</strong></span> <span class='ocrx_word' id='word_1_427' title='bbox 560 5365 614 5420; x_wconf 92' lang='lat' dir='ltr'><strong>in</strong></span> <span class='ocrx_word' id='word_1_428' title='bbox 659 5366 777 5421; x_wconf 88' lang='lat' dir='ltr'><strong>aliis</strong></span> <span class='ocrx_word' id='word_1_429' title='bbox 803 5368 1193 5426; x_wconf 89' lang='lat' dir='ltr'><strong>observandum</strong></span> <span class='ocrx_word' id='word_1_430' title='bbox 1235 5380 1443 5443; x_wconf 89' lang='lat' dir='ltr'><strong>putant,</strong></span> <span class='ocrx_word' id='word_1_431' title='bbox 1475 5374 1615 5445; x_wconf 91' lang='lat' dir='ltr'><strong>quod</strong></span> <span class='ocrx_word' id='word_1_432' title='bbox 1647 5375 1847 5433; x_wconf 85' lang='lat' dir='ltr'><strong>dixisse</strong></span> 
     </span>
    </p>
   </div>
   <div class='ocr_carea' id='block_1_55' title="bbox 250 5451 1847 5539">
    <p class='ocr_par' dir='ltr' id='par_1_55' title="bbox 250 5451 1847 5539">
     <span class='ocr_line' id='line_1_55' title="bbox 250 5451 1847 5539; baseline 0.009 -30"><span class='ocrx_word' id='word_1_433' title='bbox 250 5451 539 5511; x_wconf 87' lang='lat' dir='ltr'><strong>Dominum</strong></span> <span class='ocrx_word' id='word_1_434' title='bbox 562 5456 811 5528; x_wconf 77' lang='lat' dir='ltr'><strong>legimus,</strong></span> <span class='ocrx_word' id='word_1_435' title='bbox 836 5458 1013 5517; x_wconf 85' lang='lat' dir='ltr'><strong>Nolite</strong></span> <span class='ocrx_word' id='word_1_436' title='bbox 1034 5472 1266 5518; x_wconf 88' lang='lat' dir='ltr'><strong>sanctum</strong></span> <span class='ocrx_word' id='word_1_437' title='bbox 1288 5463 1412 5521; x_wconf 88' lang='lat' dir='ltr'><strong>dare</strong></span> <span class='ocrx_word' id='word_1_438' title='bbox 1431 5465 1661 5535; x_wconf 82' lang='lat' dir='ltr'><strong>canibus,</strong></span> <span class='ocrx_word' id='word_1_439' title='bbox 1688 5484 1847 5539; x_wconf 81' lang='lat' dir='ltr'><strong>neque</strong></span> 
     </span>
    </p>
   </div>
   <div class='ocr_carea' id='block_1_56' title="bbox 310 5606 1104 5735">
    <p class='ocr_par' dir='ltr' id='par_1_56' title="bbox 310 5606 1104 5735">
     <span class='ocr_line' id='line_1_56' title="bbox 310 5606 1104 5735; baseline 0.02 -17"><span class='ocrx_word' id='word_1_440' title='bbox 310 5606 390 5735; x_wconf 67' lang='lat' dir='ltr'><strong>iii</strong></span> <span class='ocrx_word' id='word_1_441' title='bbox 415 5612 709 5724; x_wconf 57' lang='lat' dir='ltr'><strong>Emi“:</strong></span> <span class='ocrx_word' id='word_1_442' title='bbox 726 5610 1104 5735; x_wconf 54' lang='lat' dir='ltr'><strong>Eé’a‘éé’sué’ils‘</strong></span> 
     </span>
    </p>
   </div>
   <div class='ocr_carea' id='block_1_57' title="bbox 422 5673 1311 5744">
    <p class='ocr_par' dir='ltr' id='par_1_57' title="bbox 422 5673 1311 5744">
     <span class='ocr_line' id='line_1_57' title="bbox 422 5673 1311 5744; baseline 0.011 -23"><span class='ocrx_word' id='word_1_443' title='bbox 422 5673 528 5724; x_wconf 76' lang='lat' dir='ltr'><strong>vid.</strong></span> <span class='ocrx_word' id='word_1_444' title='bbox 557 5673 644 5724; x_wconf 88' lang='lat' dir='ltr'><strong>lib.</strong></span> <span class='ocrx_word' id='word_1_445' title='bbox 673 5675 703 5724; x_wconf 83' lang='grc'><strong>4</strong></span> <span class='ocrx_word' id='word_1_446' title='bbox 726 5675 959 5740; x_wconf 70' lang='grc' dir='ltr'><strong>εοηῖεεε.,</strong></span> <span class='ocrx_word' id='word_1_447' title='bbox 984 5673 1088 5738; x_wconf 77' lang='lat' dir='ltr'><strong>cap.</strong></span> <span class='ocrx_word' id='word_1_448' title='bbox 1116 5679 1164 5744; x_wconf 66' lang='lat'><strong>4,</strong></span> <span class='ocrx_word' id='word_1_449' title='bbox 1191 5693 1238 5731; x_wconf 89' lang='lat' dir='ltr'><strong>n.</strong></span> <span class='ocrx_word' id='word_1_450' title='bbox 1264 5680 1311 5731; x_wconf 93' lang='lat'><strong>8.</strong></span> 
     </span>
    </p>
   </div>
   <div class='ocr_carea' id='block_1_58' title="bbox 1650 469 2158 529">
    <p class='ocr_par' dir='ltr' id='par_1_58' title="bbox 1650 469 2158 529">
     <span class='ocr_line' id='line_1_58' title="bbox 1650 469 2158 529; baseline 0.006 -5"><span class='ocrx_word' id='word_1_451' title='bbox 1650 469 1853 527; x_wconf 77' lang='lat' dir='ltr'><strong>LIBER</strong></span> <span class='ocrx_word' id='word_1_452' title='bbox 1893 472 2158 529; x_wconf 68' lang='lat' dir='ltr'><strong>PIllIiUS.</strong></span> 
     </span>
    </p>
   </div>
   <div class='ocr_carea' id='block_1_59' title="bbox 3452 494 3556 551">
    <p class='ocr_par' dir='ltr' id='par_1_59' title="bbox 3452 494 3556 551">
     <span class='ocr_line' id='line_1_59' title="bbox 3452 494 3556 551; baseline 0.019 -2"><span class='ocrx_word' id='word_1_453' title='bbox 3452 494 3556 551; x_wconf 72' lang='grc'><strong>470</strong></span> 
     </span>
    </p>
   </div>
   <div class='ocr_carea' id='block_1_60' title="bbox 1969 590 3554 679">
    <p class='ocr_par' dir='ltr' id='par_1_60' title="bbox 1969 590 3554 679">
     <span class='ocr_line' id='line_1_60' title="bbox 1969 590 3554 679; baseline 0.015 -37"><span class='ocrx_word' id='word_1_454' title='bbox 1969 590 2284 659; x_wconf 76' lang='lat' dir='ltr'><strong>proieceritis</strong></span> <span class='ocrx_word' id='word_1_455' title='bbox 2325 595 2625 666; x_wconf 84' lang='lat' dir='ltr'><strong>margaritas</strong></span> <span class='ocrx_word' id='word_1_456' title='bbox 2657 610 2845 657; x_wconf 78' lang='lat' dir='ltr'><strong>vestras</strong></span> <span class='ocrx_word' id='word_1_457' title='bbox 2873 613 2990 658; x_wconf 87' lang='lat' dir='ltr'><strong>ante</strong></span> <span class='ocrx_word' id='word_1_458' title='bbox 3016 622 3196 676; x_wconf 86' lang='lat' dir='ltr'><strong>porcos</strong></span> <span class='ocrx_word' id='word_1_459' title='bbox 3219 606 3433 679; x_wconf 79' lang='lat' dir='ltr'><strong>(Matth.</strong></span> <span class='ocrx_word' id='word_1_460' title='bbox 3456 626 3554 678; x_wconf 83' lang='lat' dir='ltr'><strong>vlt,</strong></span> 
     </span>
    </p>
   </div>
   <div class='ocr_carea' id='block_1_61' title="bbox 1966 681 3559 770">
    <p class='ocr_par' dir='ltr' id='par_1_61' title="bbox 1966 681 3559 770">
     <span class='ocr_line' id='line_1_61' title="bbox 1966 681 3559 770; baseline 0.014 -36"><span class='ocrx_word' id='word_1_461' title='bbox 1966 681 2041 752; x_wconf 87' lang='lat'><strong>6).</strong></span> <span class='ocrx_word' id='word_1_462' title='bbox 2094 682 2163 738; x_wconf 83' lang='lat' dir='ltr'><strong>Et</strong></span> <span class='ocrx_word' id='word_1_463' title='bbox 2207 684 2305 739; x_wconf 92' lang='lat' dir='ltr'><strong>ista</strong></span> <span class='ocrx_word' id='word_1_464' title='bbox 2349 684 2639 743; x_wconf 89' lang='lat' dir='ltr'><strong>Salvatoris</strong></span> <span class='ocrx_word' id='word_1_465' title='bbox 2680 692 2842 748; x_wconf 87' lang='lat' dir='ltr'><strong>verba</strong></span> <span class='ocrx_word' id='word_1_466' title='bbox 2880 695 3174 752; x_wconf 78' lang='lat' dir='ltr'><strong>referentes</strong></span> <span class='ocrx_word' id='word_1_467' title='bbox 3202 699 3241 764; x_wconf 72' lang='grc' dir='ltr'><strong>ί,</strong></span> <span class='ocrx_word' id='word_1_468' title='bbox 3286 699 3559 770; x_wconf 83' lang='lat' dir='ltr'><strong>baptizare</strong></span> 
     </span>
    </p>
   </div>
   <div class='ocr_carea' id='block_1_62' title="bbox 1964 768 3661 860">
    <p class='ocr_par' dir='ltr' id='par_1_62' title="bbox 1964 768 3661 860">
     <span class='ocr_line' id='line_1_62' title="bbox 1964 768 3661 860; baseline 0.012 -33"><span class='ocrx_word' id='word_1_469' title='bbox 1964 787 2072 827; x_wconf 89' lang='lat' dir='ltr'><strong>non</strong></span> <span class='ocrx_word' id='word_1_470' title='bbox 2118 774 2314 831; x_wconf 88' lang='lat' dir='ltr'><strong>audent</strong></span> <span class='ocrx_word' id='word_1_471' title='bbox 2357 791 2452 833; x_wconf 92' lang='lat' dir='ltr'><strong>eos</strong></span> <span class='ocrx_word' id='word_1_472' title='bbox 2478 779 2569 849; x_wconf 90' lang='lat' dir='ltr'><strong>qui</strong></span> <span class='ocrx_word' id='word_1_473' title='bbox 2598 796 2694 851; x_wconf 90' lang='lat' dir='ltr'><strong>pro</strong></span> <span class='ocrx_word' id='word_1_474' title='bbox 2732 798 2791 838; x_wconf 89' lang='lat' dir='ltr'><strong>se</strong></span> <span class='ocrx_word' id='word_1_475' title='bbox 2832 786 3160 856; x_wconf 88' lang='lat' dir='ltr'><strong>respondere</strong></span> <span class='ocrx_word' id='word_1_476' title='bbox 3198 768 3556 860; x_wconf 79' lang='lat' dir='ltr'><strong>nequiverint,</strong></span> <span class='ocrx_word' id='word_1_477' title='bbox 3591 768 3606 831; x_wconf 69' lang='grc' dir='ltr'>ί</span> <span class='ocrx_word' id='word_1_478' title='bbox 3655 785 3661 791; x_wconf 84' lang='grc'><em>’</em></span> 
     </span>
    </p>
   </div>
   <div class='ocr_carea' id='block_1_63' title="bbox 1964 864 3604 942">
    <p class='ocr_par' dir='ltr' id='par_1_63' title="bbox 1964 864 3604 942">
     <span class='ocr_line' id='line_1_63' title="bbox 1964 864 3604 942; baseline 0.012 -26"><span class='ocrx_word' id='word_1_479' title='bbox 1964 878 2033 917; x_wconf 88' lang='lat' dir='ltr'><strong>ne</strong></span> <span class='ocrx_word' id='word_1_480' title='bbox 2092 864 2229 920; x_wconf 82' lang='lat' dir='ltr'><strong>forte</strong></span> <span class='ocrx_word' id='word_1_481' title='bbox 2290 869 2618 923; x_wconf 84' lang='lat' dir='ltr'><strong>contrarium</strong></span> <span class='ocrx_word' id='word_1_482' title='bbox 2682 883 2869 942; x_wconf 80' lang='lat' dir='ltr'><strong>gerant</strong></span> <span class='ocrx_word' id='word_1_483' title='bbox 2919 876 3209 932; x_wconf 82' lang='lat' dir='ltr'><strong>voluntatis</strong></span> <span class='ocrx_word' id='word_1_484' title='bbox 3255 880 3555 935; x_wconf 89' lang='lat' dir='ltr'><strong>arbitrium.</strong></span> <span class='ocrx_word' id='word_1_485' title='bbox 3599 904 3604 910; x_wconf 82' lang='grc'><strong>-</strong></span> 
     </span>
    </p>
   </div>
   <div class='ocr_carea' id='block_1_64' title="bbox 1965 954 3559 1038">
    <p class='ocr_par' dir='ltr' id='par_1_64' title="bbox 1965 954 3559 1038">
     <span class='ocr_line' id='line_1_64' title="bbox 1965 954 3559 1038; baseline 0.013 -32"><span class='ocrx_word' id='word_1_486' title='bbox 1965 954 2119 1021; x_wconf 85' lang='lat' dir='ltr'><strong>Quod</strong></span> <span class='ocrx_word' id='word_1_487' title='bbox 2150 954 2219 1010; x_wconf 92' lang='lat' dir='ltr'><strong>de</strong></span> <span class='ocrx_word' id='word_1_488' title='bbox 2263 959 2499 1026; x_wconf 89' lang='lat' dir='ltr'><strong>parvulis</strong></span> <span class='ocrx_word' id='word_1_489' title='bbox 2543 959 2647 1015; x_wconf 90' lang='lat' dir='ltr'><strong>dici</strong></span> <span class='ocrx_word' id='word_1_490' title='bbox 2693 978 2799 1017; x_wconf 91' lang='lat' dir='ltr'><strong>non</strong></span> <span class='ocrx_word' id='word_1_491' title='bbox 2845 973 3042 1034; x_wconf 82' lang='lat' dir='ltr'><strong>potest,</strong></span> <span class='ocrx_word' id='word_1_492' title='bbox 3072 967 3127 1021; x_wconf 90' lang='lat' dir='ltr'><strong>in</strong></span> <span class='ocrx_word' id='word_1_493' title='bbox 3168 969 3357 1038; x_wconf 91' lang='lat' dir='ltr'><strong>quibus</strong></span> <span class='ocrx_word' id='word_1_494' title='bbox 3381 970 3559 1027; x_wconf 88' lang='lat' dir='ltr'><strong>adhuc</strong></span> 
     </span>
    </p>
   </div>
   <div class='ocr_carea' id='block_1_65' title="bbox 1966 1044 3558 1117">
    <p class='ocr_par' dir='ltr' id='par_1_65' title="bbox 1966 1044 3558 1117">
     <span class='ocr_line' id='line_1_65' title="bbox 1966 1044 3558 1117; baseline 0.012 -20"><span class='ocrx_word' id='word_1_495' title='bbox 1966 1044 2189 1099; x_wconf 89' lang='lat' dir='ltr'><strong>rationis</strong></span> <span class='ocrx_word' id='word_1_496' title='bbox 2227 1046 2409 1101; x_wconf 92' lang='lat' dir='ltr'><strong>nullus</strong></span> <span class='ocrx_word' id='word_1_497' title='bbox 2448 1058 2532 1103; x_wconf 88' lang='lat' dir='ltr'><strong>est</strong></span> <span class='ocrx_word' id='word_1_498' title='bbox 2569 1065 2721 1109; x_wconf 92' lang='lat' dir='ltr'><strong>usus.</strong></span> <span class='ocrx_word' id='word_1_499' title='bbox 2752 1052 2855 1107; x_wconf 90' lang='lat' dir='ltr'><strong>Sed</strong></span> <span class='ocrx_word' id='word_1_500' title='bbox 2901 1069 3007 1109; x_wconf 90' lang='lat' dir='ltr'><strong>non</strong></span> <span class='ocrx_word' id='word_1_501' title='bbox 3035 1057 3206 1111; x_wconf 92' lang='lat' dir='ltr'><strong>solum</strong></span> <span class='ocrx_word' id='word_1_502' title='bbox 3246 1059 3558 1117; x_wconf 89' lang='lat' dir='ltr'><strong>incredibile</strong></span> 
     </span>
    </p>
   </div>
   <div class='ocr_carea' id='block_1_66' title="bbox 1963 1137 3555 1215">
    <p class='ocr_par' dir='ltr' id='par_1_66' title="bbox 1963 1137 3555 1215">
     <span class='ocr_line' id='line_1_66' title="bbox 1963 1137 3555 1215; baseline 0.012 -27"><span class='ocrx_word' id='word_1_503' title='bbox 1963 1143 2080 1201; x_wconf 90' lang='lat' dir='ltr'><strong>est,</strong></span> <span class='ocrx_word' id='word_1_504' title='bbox 2108 1150 2206 1191; x_wconf 90' lang='lat' dir='ltr'><strong>nec</strong></span> <span class='ocrx_word' id='word_1_505' title='bbox 2248 1137 2301 1192; x_wconf 92' lang='lat' dir='ltr'><strong>in</strong></span> <span class='ocrx_word' id='word_1_506' title='bbox 2334 1137 2440 1194; x_wconf 88' lang='lat' dir='ltr'><strong>ﬁne</strong></span> <span class='ocrx_word' id='word_1_507' title='bbox 2470 1140 2592 1194; x_wconf 68' lang='lat' dir='ltr'><strong>vitae</strong></span> <span class='ocrx_word' id='word_1_508' title='bbox 2627 1141 2783 1213; x_wconf 88' lang='lat' dir='ltr'><strong>hujus</strong></span> <span class='ocrx_word' id='word_1_509' title='bbox 2822 1146 3078 1215; x_wconf 89' lang='lat' dir='ltr'><strong>baptizari</strong></span> <span class='ocrx_word' id='word_1_510' title='bbox 3111 1150 3555 1207; x_wconf 88' lang='lat' dir='ltr'><strong>cateclnunenum</strong></span> 
     </span>
    </p>
   </div>
   <div class='ocr_carea' id='block_1_67' title="bbox 1962 1224 3552 1310">
    <p class='ocr_par' dir='ltr' id='par_1_67' title="bbox 1962 1224 3552 1310">
     <span class='ocr_line' id='line_1_67' title="bbox 1962 1224 3552 1310; baseline 0.012 -33"><span class='ocrx_word' id='word_1_511' title='bbox 1962 1224 2141 1292; x_wconf 86' lang='lat' dir='ltr'><strong>velle;</strong></span> <span class='ocrx_word' id='word_1_512' title='bbox 2188 1241 2374 1282; x_wconf 88' lang='lat' dir='ltr'><strong>verum</strong></span> <span class='ocrx_word' id='word_1_513' title='bbox 2430 1228 2589 1284; x_wconf 75' lang='lat' dir='ltr'><strong>etiam</strong></span> <span class='ocrx_word' id='word_1_514' title='bbox 2640 1232 2684 1286; x_wconf 91' lang='lat' dir='ltr'><strong>si</strong></span> <span class='ocrx_word' id='word_1_515' title='bbox 2734 1234 2981 1290; x_wconf 89' lang='lat' dir='ltr'><strong>voluntas</strong></span> <span class='ocrx_word' id='word_1_516' title='bbox 3028 1237 3145 1306; x_wconf 89' lang='lat' dir='ltr'><strong>ejus</strong></span> <span class='ocrx_word' id='word_1_517' title='bbox 3190 1238 3391 1295; x_wconf 90' lang='lat' dir='ltr'><strong>incerta</strong></span> <span class='ocrx_word' id='word_1_518' title='bbox 3445 1252 3552 1310; x_wconf 86' lang='lat' dir='ltr'><strong>est,</strong></span> 
     </span>
    </p>
   </div>
   <div class='ocr_carea' id='block_1_68' title="bbox 1961 1316 3553 1409">
    <p class='ocr_par' dir='ltr' id='par_1_68' title="bbox 1961 1316 3553 1409">
     <span class='ocr_line' id='line_1_68' title="bbox 1961 1316 3553 1409; baseline 0.013 -40"><span class='ocrx_word' id='word_1_519' title='bbox 1961 1316 2133 1370; x_wconf 90' lang='lat' dir='ltr'><strong>multo</strong></span> <span class='ocrx_word' id='word_1_520' title='bbox 2171 1318 2338 1374; x_wconf 91' lang='lat' dir='ltr'><strong>satius</strong></span> <span class='ocrx_word' id='word_1_521' title='bbox 2377 1328 2463 1374; x_wconf 86' lang='lat' dir='ltr'><strong>est</strong></span> <span class='ocrx_word' id='word_1_522' title='bbox 2505 1321 2708 1377; x_wconf 89' lang='lat' dir='ltr'><strong>nolenti</strong></span> <span class='ocrx_word' id='word_1_523' title='bbox 2744 1323 2873 1381; x_wconf 87' lang='lat' dir='ltr'><strong>dare</strong></span> <span class='ocrx_word' id='word_1_524' title='bbox 2912 1342 3069 1397; x_wconf 90' lang='lat' dir='ltr'><strong>quam</strong></span> <span class='ocrx_word' id='word_1_525' title='bbox 3094 1329 3292 1385; x_wconf 88' lang='lat' dir='ltr'><strong>volenti</strong></span> <span class='ocrx_word' id='word_1_526' title='bbox 3334 1346 3553 1409; x_wconf 71' lang='lat' dir='ltr'><strong>negare,</strong></span> 
     </span>
    </p>
   </div>
   <div class='ocr_carea' id='block_1_69' title="bbox 1961 1404 3557 1486">
    <p class='ocr_par' dir='ltr' id='par_1_69' title="bbox 1961 1404 3557 1486">
     <span class='ocr_line' id='line_1_69' title="bbox 1961 1404 3557 1486; baseline 0.012 -27"><span class='ocrx_word' id='word_1_527' title='bbox 1961 1404 2052 1460; x_wconf 92' lang='lat' dir='ltr'><strong>ubi</strong></span> <span class='ocrx_word' id='word_1_528' title='bbox 2078 1407 2208 1463; x_wconf 91' lang='lat' dir='ltr'><strong>velit</strong></span> <span class='ocrx_word' id='word_1_529' title='bbox 2249 1423 2318 1464; x_wconf 91' lang='lat' dir='ltr'><strong>an</strong></span> <span class='ocrx_word' id='word_1_530' title='bbox 2362 1410 2497 1465; x_wconf 88' lang='lat' dir='ltr'><strong>nolit</strong></span> <span class='ocrx_word' id='word_1_531' title='bbox 2538 1412 2617 1467; x_wconf 90' lang='lat' dir='ltr'><strong>sic</strong></span> <span class='ocrx_word' id='word_1_532' title='bbox 2655 1428 2762 1468; x_wconf 89' lang='lat' dir='ltr'><strong>non</strong></span> <span class='ocrx_word' id='word_1_533' title='bbox 2793 1426 3037 1486; x_wconf 90' lang='lat' dir='ltr'><strong>apparet,</strong></span> <span class='ocrx_word' id='word_1_534' title='bbox 3068 1428 3127 1473; x_wconf 90' lang='lat' dir='ltr'><strong>ut</strong></span> <span class='ocrx_word' id='word_1_535' title='bbox 3164 1404 3557 1479; x_wconf 39' lang='lat' dir='ltr'><strong>tamen&#39;credi—</strong></span> 
     </span>
    </p>
   </div>
   <div class='ocr_carea' id='block_1_70' title="bbox 1959 1496 3558 1579">
    <p class='ocr_par' dir='ltr' id='par_1_70' title="bbox 1959 1496 3558 1579">
     <span class='ocr_line' id='line_1_70' title="bbox 1959 1496 3558 1579; baseline 0.01 -27"><span class='ocrx_word' id='word_1_536' title='bbox 1959 1496 2121 1554; x_wconf 86' lang='lat' dir='ltr'><strong>bilius</strong></span> <span class='ocrx_word' id='word_1_537' title='bbox 2145 1498 2215 1554; x_wconf 89' lang='lat' dir='ltr'><strong>sit</strong></span> <span class='ocrx_word' id='word_1_538' title='bbox 2238 1515 2383 1565; x_wconf 91' lang='lat' dir='ltr'><strong>eum,</strong></span> <span class='ocrx_word' id='word_1_539' title='bbox 2411 1502 2455 1556; x_wconf 93' lang='lat' dir='ltr'><strong>si</strong></span> <span class='ocrx_word' id='word_1_540' title='bbox 2489 1513 2691 1573; x_wconf 90' lang='lat' dir='ltr'><strong>posset,</strong></span> <span class='ocrx_word' id='word_1_541' title='bbox 2722 1506 2860 1562; x_wconf 90' lang='lat' dir='ltr'><strong>velle</strong></span> <span class='ocrx_word' id='word_1_542' title='bbox 2884 1522 2944 1563; x_wconf 93' lang='lat' dir='ltr'><strong>se</strong></span> <span class='ocrx_word' id='word_1_543' title='bbox 2979 1509 3157 1579; x_wconf 90' lang='lat' dir='ltr'><strong>potius</strong></span> <span class='ocrx_word' id='word_1_544' title='bbox 3192 1510 3357 1566; x_wconf 76' lang='lat' dir='ltr'><strong>fuisse</strong></span> <span class='ocrx_word' id='word_1_545' title='bbox 3385 1511 3558 1568; x_wconf 90' lang='lat' dir='ltr'><strong>dictu-</strong></span> 
     </span>
    </p>
   </div>
   <div class='ocr_carea' id='block_1_71' title="bbox 1961 1590 3558 1673">
    <p class='ocr_par' dir='ltr' id='par_1_71' title="bbox 1961 1590 3558 1673">
     <span class='ocr_line' id='line_1_71' title="bbox 1961 1590 3558 1673; baseline 0.011 -30"><span class='ocrx_word' id='word_1_546' title='bbox 1961 1602 2081 1643; x_wconf 90' lang='lat' dir='ltr'><strong>rum</strong></span> <span class='ocrx_word' id='word_1_547' title='bbox 2121 1604 2183 1645; x_wconf 88' lang='lat' dir='ltr'><strong>ea</strong></span> <span class='ocrx_word' id='word_1_548' title='bbox 2220 1590 2567 1648; x_wconf 86' lang='lat' dir='ltr'><strong>Sacramenta</strong></span> <span class='ocrx_word' id='word_1_549' title='bbox 2610 1596 2908 1667; x_wconf 89' lang='lat' dir='ltr'><strong>percipere,</strong></span> <span class='ocrx_word' id='word_1_550' title='bbox 2938 1601 3053 1655; x_wconf 90' lang='lat' dir='ltr'><strong>sine</strong></span> <span class='ocrx_word' id='word_1_551' title='bbox 3072 1602 3273 1671; x_wconf 89' lang='lat' dir='ltr'><strong>quibus</strong></span> <span class='ocrx_word' id='word_1_552' title='bbox 3302 1602 3414 1673; x_wconf 90' lang='lat' dir='ltr'><strong>jam</strong></span> <span class='ocrx_word' id='word_1_553' title='bbox 3438 1616 3558 1661; x_wconf 80' lang='lat' dir='ltr'><strong>cre-</strong></span> 
     </span>
    </p>
   </div>
   <div class='ocr_carea' id='block_1_72' title="bbox 1958 1680 3178 1760">
    <p class='ocr_par' dir='ltr' id='par_1_72' title="bbox 1958 1680 3178 1760">
     <span class='ocr_line' id='line_1_72' title="bbox 1958 1680 3178 1760; baseline 0.008 -24"><span class='ocrx_word' id='word_1_554' title='bbox 1958 1680 2093 1737; x_wconf 91' lang='lat' dir='ltr'><strong>didit</strong></span> <span class='ocrx_word' id='word_1_555' title='bbox 2120 1698 2226 1737; x_wconf 91' lang='lat' dir='ltr'><strong>non</strong></span> <span class='ocrx_word' id='word_1_556' title='bbox 2262 1698 2321 1739; x_wconf 89' lang='lat' dir='ltr'><strong>se</strong></span> <span class='ocrx_word' id='word_1_557' title='bbox 2350 1693 2601 1755; x_wconf 90' lang='lat' dir='ltr'><strong>oportere</strong></span> <span class='ocrx_word' id='word_1_558' title='bbox 2640 1687 2709 1743; x_wconf 91' lang='lat' dir='ltr'><strong>de</strong></span> <span class='ocrx_word' id='word_1_559' title='bbox 2746 1704 2974 1760; x_wconf 91' lang='lat' dir='ltr'><strong>corpore</strong></span> <span class='ocrx_word' id='word_1_560' title='bbox 3010 1692 3178 1749; x_wconf 85' lang='lat' dir='ltr'><strong>exire.</strong></span> 
     </span>
    </p>
   </div>
   <div class='ocr_carea' id='block_1_73' title="bbox 2030 1772 3559 1853">
    <p class='ocr_par' dir='ltr' id='par_1_73' title="bbox 2030 1772 3559 1853">
     <span class='ocr_line' id='line_1_73' title="bbox 2030 1772 3559 1853; baseline 0.009 -26"><span class='ocrx_word' id='word_1_561' title='bbox 2030 1772 2256 1831; x_wconf 87' lang='lat' dir='ltr'><strong>CAPUT</strong></span> <span class='ocrx_word' id='word_1_562' title='bbox 2295 1774 2510 1829; x_wconf 78' lang='lat' dir='ltr'><strong>XXVII.</strong></span> <span class='ocrx_word' id='word_1_563' title='bbox 2528 1778 2702 1834; x_wconf 68' lang='grc'><strong>-54.</strong></span> <span class='ocrx_word' id='word_1_564' title='bbox 2726 1778 2794 1833; x_wconf 89' lang='lat' dir='ltr'><strong>Ut</strong></span> <span class='ocrx_word' id='word_1_565' title='bbox 2819 1780 3199 1853; x_wconf 87' lang='lat' dir='ltr'><strong>intelligendum</strong></span> <span class='ocrx_word' id='word_1_566' title='bbox 3225 1782 3417 1839; x_wconf 82' lang='lat' dir='ltr'><strong>dictum</strong></span> <span class='ocrx_word' id='word_1_567' title='bbox 3440 1783 3559 1841; x_wconf 66' lang='lat' dir='ltr'><strong>Doo</strong></span> 
     </span>
    </p>
   </div>
   <div class='ocr_carea' id='block_1_74' title="bbox 1957 1863 3559 1948">
    <p class='ocr_par' dir='ltr' id='par_1_74' title="bbox 1957 1863 3559 1948">
     <span class='ocr_line' id='line_1_74' title="bbox 1957 1863 3559 1948; baseline 0.01 -32"><span class='ocrx_word' id='word_1_568' title='bbox 1957 1863 2104 1931; x_wconf 88' lang='lat' dir='ltr'><strong>mini,</strong></span> <span class='ocrx_word' id='word_1_569' title='bbox 2150 1863 2236 1919; x_wconf 85' lang='lat' dir='ltr'><strong>Ne</strong></span> <span class='ocrx_word' id='word_1_570' title='bbox 2267 1865 2411 1921; x_wconf 86' lang='lat' dir='ltr'><strong>detur</strong></span> <span class='ocrx_word' id='word_1_571' title='bbox 2456 1877 2687 1922; x_wconf 86' lang='lat' dir='ltr'><strong>sanctum</strong></span> <span class='ocrx_word' id='word_1_572' title='bbox 2728 1871 2955 1926; x_wconf 83' lang='lat' dir='ltr'><strong>canibus.</strong></span> <span class='ocrx_word' id='word_1_573' title='bbox 2988 1872 3247 1931; x_wconf 87' lang='lat' dir='ltr'><strong>Siautem</strong></span> <span class='ocrx_word' id='word_1_574' title='bbox 3275 1874 3559 1948; x_wconf 87' lang='lat' dir='ltr'><strong>Dominus,</strong></span> 
     </span>
    </p>
   </div>
   <div class='ocr_carea' id='block_1_75' title="bbox 1958 1954 3557 2038">
    <p class='ocr_par' dir='ltr' id='par_1_75' title="bbox 1958 1954 3557 2038">
     <span class='ocr_line' id='line_1_75' title="bbox 1958 1954 3557 2038; baseline 0.009 -30"><span class='ocrx_word' id='word_1_575' title='bbox 1958 1954 2048 2010; x_wconf 90' lang='lat' dir='ltr'><strong>ubi</strong></span> <span class='ocrx_word' id='word_1_576' title='bbox 2092 1956 2186 2024; x_wconf 90' lang='lat' dir='ltr'><strong>ait,</strong></span> <span class='ocrx_word' id='word_1_577' title='bbox 2229 1955 2405 2012; x_wconf 81' lang='lat' dir='ltr'><strong>Nolite</strong></span> <span class='ocrx_word' id='word_1_578' title='bbox 2447 1958 2572 2015; x_wconf 88' lang='lat' dir='ltr'><strong>dare</strong></span> <span class='ocrx_word' id='word_1_579' title='bbox 2607 1972 2839 2017; x_wconf 89' lang='lat' dir='ltr'><strong>sanctum</strong></span> <span class='ocrx_word' id='word_1_580' title='bbox 2874 1966 3103 2035; x_wconf 88' lang='lat' dir='ltr'><strong>canibus,</strong></span> <span class='ocrx_word' id='word_1_581' title='bbox 3136 1966 3239 2023; x_wconf 89' lang='lat' dir='ltr'><strong>hoc</strong></span> <span class='ocrx_word' id='word_1_582' title='bbox 3266 1968 3409 2038; x_wconf 91' lang='lat' dir='ltr'><strong>quod</strong></span> <span class='ocrx_word' id='word_1_583' title='bbox 3447 1968 3557 2037; x_wconf 89' lang='lat' dir='ltr'><strong>isti,</strong></span> 
     </span>
    </p>
   </div>
   <div class='ocr_carea' id='block_1_76' title="bbox 1957 2048 3562 2129">
    <p class='ocr_par' dir='ltr' id='par_1_76' title="bbox 1957 2048 3562 2129">
     <span class='ocr_line' id='line_1_76' title="bbox 1957 2048 3562 2129; baseline 0.007 -27"><span class='ocrx_word' id='word_1_584' title='bbox 1957 2048 2258 2104; x_wconf 86' lang='lat' dir='ltr'><strong>cavendum</strong></span> <span class='ocrx_word' id='word_1_585' title='bbox 2285 2058 2494 2121; x_wconf 89' lang='lat' dir='ltr'><strong>putant,</strong></span> <span class='ocrx_word' id='word_1_586' title='bbox 2532 2053 2693 2109; x_wconf 89' lang='lat' dir='ltr'><strong>vellet</strong></span> <span class='ocrx_word' id='word_1_587' title='bbox 2726 2054 2967 2127; x_wconf 89' lang='lat' dir='ltr'><strong>intelligi,</strong></span> <span class='ocrx_word' id='word_1_588' title='bbox 3000 2073 3106 2113; x_wconf 88' lang='lat' dir='ltr'><strong>non</strong></span> <span class='ocrx_word' id='word_1_589' title='bbox 3137 2058 3251 2129; x_wconf 91' lang='lat' dir='ltr'><strong>ipse</strong></span> <span class='ocrx_word' id='word_1_590' title='bbox 3276 2074 3374 2114; x_wconf 92' lang='lat' dir='ltr'><strong>suo</strong></span> <span class='ocrx_word' id='word_1_591' title='bbox 3397 2059 3562 2115; x_wconf 90' lang='lat' dir='ltr'><strong>tradi-</strong></span> 
     </span>
    </p>
   </div>
   <div class='ocr_carea' id='block_1_77' title="bbox 1959 2138 3562 2221">
    <p class='ocr_par' dir='ltr' id='par_1_77' title="bbox 1959 2138 3562 2221">
     <span class='ocr_line' id='line_1_77' title="bbox 1959 2138 3562 2221; baseline 0.007 -28"><span class='ocrx_word' id='word_1_592' title='bbox 1959 2139 2059 2193; x_wconf 91' lang='lat' dir='ltr'><strong>tori</strong></span> <span class='ocrx_word' id='word_1_593' title='bbox 2089 2138 2323 2196; x_wconf 89' lang='lat' dir='ltr'><strong>dedisset</strong></span> <span class='ocrx_word' id='word_1_594' title='bbox 2347 2143 2487 2212; x_wconf 91' lang='lat' dir='ltr'><strong>quod</strong></span> <span class='ocrx_word' id='word_1_595' title='bbox 2516 2143 2567 2198; x_wconf 94' lang='lat' dir='ltr'><strong>in</strong></span> <span class='ocrx_word' id='word_1_596' title='bbox 2611 2158 2763 2201; x_wconf 88' lang='lat' dir='ltr'><strong>suam</strong></span> <span class='ocrx_word' id='word_1_597' title='bbox 2790 2147 2879 2203; x_wconf 91' lang='lat' dir='ltr'><strong>ille</strong></span> <span class='ocrx_word' id='word_1_598' title='bbox 2907 2148 3221 2219; x_wconf 89' lang='lat' dir='ltr'><strong>perniciem,</strong></span> <span class='ocrx_word' id='word_1_599' title='bbox 3261 2150 3377 2206; x_wconf 91' lang='lat' dir='ltr'><strong>sine</strong></span> <span class='ocrx_word' id='word_1_600' title='bbox 3404 2151 3562 2221; x_wconf 88' lang='lat' dir='ltr'><strong>culpa</strong></span> 
     </span>
    </p>
   </div>
   <div class='ocr_carea' id='block_1_78' title="bbox 1956 2228 3565 2311">
    <p class='ocr_par' dir='ltr' id='par_1_78' title="bbox 1956 2228 3565 2311">
     <span class='ocr_line' id='line_1_78' title="bbox 1956 2228 3565 2311; baseline 0.011 -29"><span class='ocrx_word' id='word_1_601' title='bbox 1956 2228 2155 2297; x_wconf 90' lang='lat' dir='ltr'><strong>dantis,</strong></span> <span class='ocrx_word' id='word_1_602' title='bbox 2179 2246 2303 2287; x_wconf 91' lang='lat' dir='ltr'><strong>cum</strong></span> <span class='ocrx_word' id='word_1_603' title='bbox 2325 2232 2501 2305; x_wconf 87' lang='lat' dir='ltr'><strong>dignis</strong></span> <span class='ocrx_word' id='word_1_604' title='bbox 2520 2234 2766 2308; x_wconf 88' lang='lat' dir='ltr'><strong>indignus</strong></span> <span class='ocrx_word' id='word_1_605' title='bbox 2787 2241 3012 2311; x_wconf 86' lang='lat' dir='ltr'><strong>accepit.</strong></span> <span class='ocrx_word' id='word_1_606' title='bbox 3045 2241 3194 2299; x_wconf 89' lang='lat' dir='ltr'><strong>Unde</strong></span> <span class='ocrx_word' id='word_1_607' title='bbox 3213 2258 3334 2298; x_wconf 90' lang='lat' dir='ltr'><strong>cum</strong></span> <span class='ocrx_word' id='word_1_608' title='bbox 3358 2243 3459 2299; x_wconf 90' lang='lat' dir='ltr'><strong>hoc</strong></span> <span class='ocrx_word' id='word_1_609' title='bbox 3482 2243 3565 2299; x_wconf 93' lang='lat' dir='ltr'><strong>di-</strong></span> 
     </span>
    </p>
   </div>
   <div class='ocr_carea' id='block_1_79' title="bbox 1957 2324 3564 2404">
    <p class='ocr_par' dir='ltr' id='par_1_79' title="bbox 1957 2324 3564 2404">
     <span class='ocr_line' id='line_1_79' title="bbox 1957 2324 3564 2404; baseline 0.009 -28"><span class='ocrx_word' id='word_1_610' title='bbox 1957 2331 2107 2378; x_wconf 86' lang='lat' dir='ltr'><strong>ceret</strong></span> <span class='ocrx_word' id='word_1_611' title='bbox 2150 2324 2450 2395; x_wconf 92' lang='lat' dir='ltr'><strong>Dominus,</strong></span> <span class='ocrx_word' id='word_1_612' title='bbox 2490 2328 2815 2386; x_wconf 88' lang='lat' dir='ltr'><strong>credendum</strong></span> <span class='ocrx_word' id='word_1_613' title='bbox 2854 2342 2937 2388; x_wconf 92' lang='lat' dir='ltr'><strong>est</strong></span> <span class='ocrx_word' id='word_1_614' title='bbox 2986 2333 3285 2404; x_wconf 88' lang='lat' dir='ltr'><strong>signiﬁcare</strong></span> <span class='ocrx_word' id='word_1_615' title='bbox 3330 2335 3564 2392; x_wconf 90' lang='lat' dir='ltr'><strong>voluisse</strong></span> 
     </span>
    </p>
   </div>
   <div class='ocr_carea' id='block_1_80' title="bbox 1958 2413 3563 2493">
    <p class='ocr_par' dir='ltr' id='par_1_80' title="bbox 1958 2413 3563 2493">
     <span class='ocr_line' id='line_1_80' title="bbox 1958 2413 3563 2493; baseline 0.01 -28"><span class='ocrx_word' id='word_1_616' title='bbox 1958 2413 2101 2483; x_wconf 84' lang='lat' dir='ltr'><strong>quod</strong></span> <span class='ocrx_word' id='word_1_617' title='bbox 2130 2415 2303 2472; x_wconf 89' lang='lat' dir='ltr'><strong>lucem</strong></span> <span class='ocrx_word' id='word_1_618' title='bbox 2347 2418 2716 2490; x_wconf 75' lang='lat' dir='ltr'><strong>intelligentia:</strong></span> <span class='ocrx_word' id='word_1_619' title='bbox 2759 2423 3050 2493; x_wconf 89' lang='lat' dir='ltr'><strong>spiritualis</strong></span> <span class='ocrx_word' id='word_1_620' title='bbox 3085 2425 3357 2481; x_wconf 89' lang='lat' dir='ltr'><strong>immunda</strong></span> <span class='ocrx_word' id='word_1_621' title='bbox 3399 2425 3563 2481; x_wconf 89' lang='lat' dir='ltr'><strong>corda</strong></span> 
     </span>
    </p>
   </div>
   <div class='ocr_carea' id='block_1_81' title="bbox 1958 2508 3562 2587">
    <p class='ocr_par' dir='ltr' id='par_1_81' title="bbox 1958 2508 3562 2587">
     <span class='ocr_line' id='line_1_81' title="bbox 1958 2508 3562 2587; baseline 0.009 -29"><span class='ocrx_word' id='word_1_622' title='bbox 1958 2519 2063 2559; x_wconf 93' lang='lat' dir='ltr'><strong>non</strong></span> <span class='ocrx_word' id='word_1_623' title='bbox 2089 2516 2321 2576; x_wconf 92' lang='lat' dir='ltr'><strong>portant.</strong></span> <span class='ocrx_word' id='word_1_624' title='bbox 2342 2508 2408 2564; x_wconf 89' lang='lat' dir='ltr'><strong>Et</strong></span> <span class='ocrx_word' id='word_1_625' title='bbox 2431 2510 2475 2564; x_wconf 92' lang='lat' dir='ltr'><strong>si</strong></span> <span class='ocrx_word' id='word_1_626' title='bbox 2497 2511 2755 2581; x_wconf 89' lang='lat' dir='ltr'><strong>portanda</strong></span> <span class='ocrx_word' id='word_1_627' title='bbox 2780 2512 2971 2568; x_wconf 90' lang='lat' dir='ltr'><strong>doctor</strong></span> <span class='ocrx_word' id='word_1_628' title='bbox 2993 2515 3289 2586; x_wconf 88' lang='lat' dir='ltr'><strong>ingesserit,</strong></span> <span class='ocrx_word' id='word_1_629' title='bbox 3310 2532 3431 2587; x_wconf 74' lang='lat' dir='ltr'><strong>quae</strong></span> <span class='ocrx_word' id='word_1_630' title='bbox 3453 2532 3562 2573; x_wconf 90' lang='lat' dir='ltr'><strong>non</strong></span> 
     </span>
    </p>
   </div>
   <div class='ocr_carea' id='block_1_82' title="bbox 1956 2600 3567 2678">
    <p class='ocr_par' dir='ltr' id='par_1_82' title="bbox 1956 2600 3567 2678">
     <span class='ocr_line' id='line_1_82' title="bbox 1956 2600 3567 2678; baseline 0.007 -26"><span class='ocrx_word' id='word_1_631' title='bbox 1956 2606 2104 2653; x_wconf 88' lang='lat' dir='ltr'><strong>recte</strong></span> <span class='ocrx_word' id='word_1_632' title='bbox 2128 2600 2414 2670; x_wconf 88' lang='lat' dir='ltr'><strong>accipiunt,</strong></span> <span class='ocrx_word' id='word_1_633' title='bbox 2440 2604 2564 2673; x_wconf 91' lang='lat' dir='ltr'><strong>quia</strong></span> <span class='ocrx_word' id='word_1_634' title='bbox 2602 2619 2710 2660; x_wconf 88' lang='lat' dir='ltr'><strong>non</strong></span> <span class='ocrx_word' id='word_1_635' title='bbox 2753 2606 2989 2675; x_wconf 92' lang='lat' dir='ltr'><strong>capiunt,</strong></span> <span class='ocrx_word' id='word_1_636' title='bbox 3014 2608 3099 2662; x_wconf 85' lang='lat' dir='ltr'><strong>vel</strong></span> <span class='ocrx_word' id='word_1_637' title='bbox 3124 2608 3567 2678; x_wconf 89' lang='lat' dir='ltr'><strong>reprehensionis</strong></span> 
     </span>
    </p>
   </div>
   <div class='ocr_carea' id='block_1_83' title="bbox 1955 2691 3562 2760">
    <p class='ocr_par' dir='ltr' id='par_1_83' title="bbox 1955 2691 3562 2760">
     <span class='ocr_line' id='line_1_83' title="bbox 1955 2691 3562 2760; baseline 0.004 -14"><span class='ocrx_word' id='word_1_638' title='bbox 1955 2691 2223 2746; x_wconf 83' lang='lat' dir='ltr'><strong>morsibus</strong></span> <span class='ocrx_word' id='word_1_639' title='bbox 2265 2692 2523 2760; x_wconf 90' lang='lat' dir='ltr'><strong>lacerant,</strong></span> <span class='ocrx_word' id='word_1_640' title='bbox 2568 2696 2652 2751; x_wconf 87' lang='lat' dir='ltr'><strong>vel</strong></span> <span class='ocrx_word' id='word_1_641' title='bbox 2692 2698 3087 2753; x_wconf 92' lang='lat' dir='ltr'><strong>contemnendo</strong></span> <span class='ocrx_word' id='word_1_642' title='bbox 3132 2699 3466 2754; x_wconf 90' lang='lat' dir='ltr'><strong>conculcant.</strong></span> <span class='ocrx_word' id='word_1_643' title='bbox 3505 2698 3562 2755; x_wconf 90' lang='lat' dir='ltr'><strong>Si</strong></span> 
     </span>
    </p>
   </div>
   <div class='ocr_carea' id='block_1_84' title="bbox 1958 2782 3563 2860">
    <p class='ocr_par' dir='ltr' id='par_1_84' title="bbox 1958 2782 3563 2860">
     <span class='ocr_line' id='line_1_84' title="bbox 1958 2782 3563 2860; baseline 0.004 -22"><span class='ocrx_word' id='word_1_644' title='bbox 1958 2783 2105 2838; x_wconf 91' lang='lat' dir='ltr'><strong>enim</strong></span> <span class='ocrx_word' id='word_1_645' title='bbox 2137 2782 2324 2839; x_wconf 88' lang='lat' dir='ltr'><strong>beatus</strong></span> <span class='ocrx_word' id='word_1_646' title='bbox 2350 2786 2662 2856; x_wconf 86' lang='lat' dir='ltr'><strong>Apostolus,</strong></span> <span class='ocrx_word' id='word_1_647' title='bbox 2687 2789 2930 2858; x_wconf 90' lang='lat' dir='ltr'><strong>quamvis</strong></span> <span class='ocrx_word' id='word_1_648' title='bbox 2956 2789 3008 2843; x_wconf 92' lang='lat' dir='ltr'><strong>in</strong></span> <span class='ocrx_word' id='word_1_649' title='bbox 3040 2788 3375 2860; x_wconf 88' lang='lat' dir='ltr'><strong>Christojam</strong></span> <span class='ocrx_word' id='word_1_650' title='bbox 3405 2804 3563 2845; x_wconf 89' lang='lat' dir='ltr'><strong>rena-</strong></span> 
     </span>
    </p>
   </div>
   <div class='ocr_carea' id='block_1_85' title="bbox 1957 2876 3558 2949">
    <p class='ocr_par' dir='ltr' id='par_1_85' title="bbox 1957 2876 3558 2949">
     <span class='ocr_line' id='line_1_85' title="bbox 1957 2876 3558 2949; baseline 0.004 -20"><span class='ocrx_word' id='word_1_651' title='bbox 1957 2876 2026 2931; x_wconf 90' lang='lat' dir='ltr'><strong>tis</strong></span> <span class='ocrx_word' id='word_1_652' title='bbox 2049 2916 2064 2941; x_wconf 93' lang='lat'><strong>,</strong></span> <span class='ocrx_word' id='word_1_653' title='bbox 2112 2884 2288 2932; x_wconf 83' lang='lat' dir='ltr'><strong>tamen</strong></span> <span class='ocrx_word' id='word_1_654' title='bbox 2327 2877 2501 2933; x_wconf 91' lang='lat' dir='ltr'><strong>adhuc</strong></span> <span class='ocrx_word' id='word_1_655' title='bbox 2528 2879 2797 2949; x_wconf 88' lang='lat' dir='ltr'><strong>parvulis,</strong></span> <span class='ocrx_word' id='word_1_656' title='bbox 2830 2880 2913 2935; x_wconf 90' lang='lat' dir='ltr'><strong>lac</strong></span> <span class='ocrx_word' id='word_1_657' title='bbox 2942 2880 3070 2936; x_wconf 91' lang='lat' dir='ltr'><strong>dicit</strong></span> <span class='ocrx_word' id='word_1_658' title='bbox 3095 2896 3155 2937; x_wconf 89' lang='lat' dir='ltr'><strong>se</strong></span> <span class='ocrx_word' id='word_1_659' title='bbox 3188 2880 3420 2946; x_wconf 91' lang='lat' dir='ltr'><strong>dedisse,</strong></span> <span class='ocrx_word' id='word_1_660' title='bbox 3449 2896 3558 2936; x_wconf 91' lang='lat' dir='ltr'><strong>non</strong></span> 
     </span>
    </p>
   </div>
   <div class='ocr_carea' id='block_1_86' title="bbox 1957 2966 3562 3044">
    <p class='ocr_par' dir='ltr' id='par_1_86' title="bbox 1957 2966 3562 3044">
     <span class='ocr_line' id='line_1_86' title="bbox 1957 2966 3562 3044; baseline 0.002 -21"><span class='ocrx_word' id='word_1_661' title='bbox 1957 2981 2137 3025; x_wconf 89' lang='lat' dir='ltr'><strong>escam</strong></span> <span class='ocrx_word' id='word_1_662' title='bbox 2162 2986 2176 3023; x_wconf 90' lang='lat'><strong>:</strong></span> <span class='ocrx_word' id='word_1_663' title='bbox 2207 2966 2443 3024; x_wconf 86' lang='lat' dir='ltr'><strong>Necdum</strong></span> <span class='ocrx_word' id='word_1_664' title='bbox 2468 2972 2601 3026; x_wconf 89' lang='lat' dir='ltr'><strong>enim</strong></span> <span class='ocrx_word' id='word_1_665' title='bbox 2639 2973 2909 3042; x_wconf 81' lang='lat' dir='ltr'><strong>poteratis,</strong></span> <span class='ocrx_word' id='word_1_666' title='bbox 2938 2973 3136 3044; x_wconf 89' lang='lat' dir='ltr'><strong>inquit,</strong></span> <span class='ocrx_word' id='word_1_667' title='bbox 3164 2974 3253 3029; x_wconf 88' lang='lat' dir='ltr'><strong>sed</strong></span> <span class='ocrx_word' id='word_1_668' title='bbox 3280 2990 3369 3027; x_wconf 87' lang='lat' dir='ltr'><strong>nec</strong></span> <span class='ocrx_word' id='word_1_669' title='bbox 3392 2973 3562 3028; x_wconf 85' lang='lat' dir='ltr'><strong>adhuc</strong></span> 
     </span>
    </p>
   </div>
   <div class='ocr_carea' id='block_1_87' title="bbox 1956 3059 3562 3137">
    <p class='ocr_par' dir='ltr' id='par_1_87' title="bbox 1956 3059 3562 3137">
     <span class='ocr_line' id='line_1_87' title="bbox 1956 3059 3562 3137; baseline 0.005 -25"><span class='ocrx_word' id='word_1_670' title='bbox 1956 3059 2159 3128; x_wconf 89' lang='lat' dir='ltr'><strong>quidem</strong></span> <span class='ocrx_word' id='word_1_671' title='bbox 2183 3062 2385 3131; x_wconf 86' lang='lat' dir='ltr'><strong>potestis</strong></span> <span class='ocrx_word' id='word_1_672' title='bbox 2408 3061 2588 3133; x_wconf 88' lang='lat' dir='ltr'><strong>(lCor.</strong></span> <span class='ocrx_word' id='word_1_673' title='bbox 2621 3078 2698 3129; x_wconf 81' lang='lat' dir='ltr'><strong>tu,</strong></span> <span class='ocrx_word' id='word_1_674' title='bbox 2729 3064 2809 3136; x_wconf 73' lang='lat'><strong>2);</strong></span> <span class='ocrx_word' id='word_1_675' title='bbox 2842 3064 3137 3135; x_wconf 90' lang='lat' dir='ltr'><strong>sidenique</strong></span> <span class='ocrx_word' id='word_1_676' title='bbox 3161 3065 3275 3137; x_wconf 91' lang='lat' dir='ltr'><strong>ipse</strong></span> <span class='ocrx_word' id='word_1_677' title='bbox 3298 3065 3562 3121; x_wconf 89' lang='lat' dir='ltr'><strong>Dominus</strong></span> 
     </span>
    </p>
   </div>
   <div class='ocr_carea' id='block_1_88' title="bbox 1957 3154 3560 3225">
    <p class='ocr_par' dir='ltr' id='par_1_88' title="bbox 1957 3154 3560 3225">
     <span class='ocr_line' id='line_1_88' title="bbox 1957 3154 3560 3225; baseline 0.001 -16"><span class='ocrx_word' id='word_1_678' title='bbox 1957 3154 2147 3210; x_wconf 87' lang='lat' dir='ltr'><strong>electis</strong></span> <span class='ocrx_word' id='word_1_679' title='bbox 2172 3155 2447 3225; x_wconf 83' lang='lat' dir='ltr'><strong>Apostolis</strong></span> <span class='ocrx_word' id='word_1_680' title='bbox 2470 3154 2627 3223; x_wconf 88' lang='lat' dir='ltr'><strong>dixit,</strong></span> <span class='ocrx_word' id='word_1_681' title='bbox 2655 3156 2835 3211; x_wconf 81' lang='lat' dir='ltr'><strong>Adhuc</strong></span> <span class='ocrx_word' id='word_1_682' title='bbox 2857 3158 3017 3212; x_wconf 91' lang='lat' dir='ltr'><strong>multa</strong></span> <span class='ocrx_word' id='word_1_683' title='bbox 3044 3158 3200 3212; x_wconf 89' lang='lat' dir='ltr'><strong>habeo</strong></span> <span class='ocrx_word' id='word_1_684' title='bbox 3222 3157 3357 3212; x_wconf 87' lang='lat' dir='ltr'><strong>vobis</strong></span> <span class='ocrx_word' id='word_1_685' title='bbox 3378 3157 3560 3225; x_wconf 84' lang='lat' dir='ltr'><strong>dicere,</strong></span> 
     </span>
    </p>
   </div>
   <div class='ocr_carea' id='block_1_89' title="bbox 1956 3238 3559 3315">
    <p class='ocr_par' dir='ltr' id='par_1_89' title="bbox 1956 3238 3559 3315">
     <span class='ocr_line' id='line_1_89' title="bbox 1956 3238 3559 3315; baseline 0.004 -23"><span class='ocrx_word' id='word_1_686' title='bbox 1956 3238 2049 3292; x_wconf 88' lang='lat' dir='ltr'><strong>sed</strong></span> <span class='ocrx_word' id='word_1_687' title='bbox 2104 3255 2206 3293; x_wconf 86' lang='lat' dir='ltr'><strong>non</strong></span> <span class='ocrx_word' id='word_1_688' title='bbox 2248 3240 2455 3309; x_wconf 87' lang='lat' dir='ltr'><strong>potestis</strong></span> <span class='ocrx_word' id='word_1_689' title='bbox 2502 3240 2594 3295; x_wconf 85' lang='lat' dir='ltr'><strong>illa</strong></span> <span class='ocrx_word' id='word_1_690' title='bbox 2632 3250 2835 3312; x_wconf 87' lang='lat' dir='ltr'><strong>portare</strong></span> <span class='ocrx_word' id='word_1_691' title='bbox 2874 3243 3026 3297; x_wconf 90' lang='lat' dir='ltr'><strong>modo</strong></span> <span class='ocrx_word' id='word_1_692' title='bbox 3058 3242 3238 3315; x_wconf 83' lang='lat' dir='ltr'><strong>(Joan.</strong></span> <span class='ocrx_word' id='word_1_693' title='bbox 3271 3260 3384 3309; x_wconf 88' lang='lat' dir='ltr'><strong>xvt,</strong></span> <span class='ocrx_word' id='word_1_694' title='bbox 3424 3240 3514 3315; x_wconf 73' lang='lat'><strong>12)</strong></span> <span class='ocrx_word' id='word_1_695' title='bbox 3545 3261 3559 3299; x_wconf 90' lang='lat'><strong>:</strong></span> 
     </span>
    </p>
   </div>
   <div class='ocr_carea' id='block_1_90' title="bbox 1956 3331 3564 3406">
    <p class='ocr_par' dir='ltr' id='par_1_90' title="bbox 1956 3331 3564 3406">
     <span class='ocr_line' id='line_1_90' title="bbox 1956 3331 3564 3406; baseline 0.002 -21"><span class='ocrx_word' id='word_1_696' title='bbox 1956 3339 2157 3401; x_wconf 86' lang='lat' dir='ltr'><strong>quanto</strong></span> <span class='ocrx_word' id='word_1_697' title='bbox 2201 3331 2379 3386; x_wconf 87' lang='lat' dir='ltr'><strong>minus</strong></span> <span class='ocrx_word' id='word_1_698' title='bbox 2418 3342 2643 3402; x_wconf 88' lang='lat' dir='ltr'><strong>possunt</strong></span> <span class='ocrx_word' id='word_1_699' title='bbox 2668 3331 2850 3401; x_wconf 78' lang='lat' dir='ltr'><strong>ferre,</strong></span> <span class='ocrx_word' id='word_1_700' title='bbox 2895 3349 3245 3406; x_wconf 74' lang='lat' dir='ltr'><strong>qumcumque</strong></span> <span class='ocrx_word' id='word_1_701' title='bbox 3273 3334 3341 3389; x_wconf 91' lang='lat' dir='ltr'><strong>de</strong></span> <span class='ocrx_word' id='word_1_702' title='bbox 3382 3335 3564 3390; x_wconf 85' lang='lat' dir='ltr'><strong>incor-</strong></span> 
     </span>
    </p>
   </div>
   <div class='ocr_carea' id='block_1_91' title="bbox 1954 3422 3518 3498">
    <p class='ocr_par' dir='ltr' id='par_1_91' title="bbox 1954 3422 3518 3498">
     <span class='ocr_line' id='line_1_91' title="bbox 1954 3422 3518 3498; baseline 0.002 -21"><span class='ocrx_word' id='word_1_703' title='bbox 1954 3436 2119 3492; x_wconf 89' lang='lat' dir='ltr'><strong>porea</strong></span> <span class='ocrx_word' id='word_1_704' title='bbox 2158 3423 2277 3479; x_wconf 89' lang='lat' dir='ltr'><strong>luce</strong></span> <span class='ocrx_word' id='word_1_705' title='bbox 2314 3422 2584 3491; x_wconf 89' lang='lat' dir='ltr'><strong>dicuntur,</strong></span> <span class='ocrx_word' id='word_1_706' title='bbox 2614 3424 2906 3481; x_wconf 59' lang='lat' dir='ltr'><strong>immundae</strong></span> <span class='ocrx_word' id='word_1_707' title='bbox 2944 3434 3154 3482; x_wconf 87' lang='lat' dir='ltr'><strong>mentes</strong></span> <span class='ocrx_word' id='word_1_708' title='bbox 3192 3426 3518 3498; x_wconf 85' lang='lat' dir='ltr'><strong>impiorum?</strong></span> 
     </span>
    </p>
   </div>
   <div class='ocr_carea' id='block_1_92' title="bbox 2027 3511 3565 3589">
    <p class='ocr_par' dir='ltr' id='par_1_92' title="bbox 2027 3511 3565 3589">
     <span class='ocr_line' id='line_1_92' title="bbox 2027 3511 3565 3589; baseline 0.002 -21"><span class='ocrx_word' id='word_1_709' title='bbox 2027 3511 2254 3569; x_wconf 87' lang='lat' dir='ltr'><strong>CAPUT</strong></span> <span class='ocrx_word' id='word_1_710' title='bbox 2292 3513 2535 3569; x_wconf 79' lang='lat' dir='ltr'><strong>XXVIII.</strong></span> <span class='ocrx_word' id='word_1_711' title='bbox 2563 3516 2748 3572; x_wconf 75' lang='lat'><strong>—55.</strong></span> <span class='ocrx_word' id='word_1_712' title='bbox 2788 3515 3083 3588; x_wconf 85' lang='lat' dir='ltr'><strong>Baptismus</strong></span> <span class='ocrx_word' id='word_1_713' title='bbox 3126 3517 3181 3571; x_wconf 90' lang='lat' dir='ltr'><strong>in</strong></span> <span class='ocrx_word' id='word_1_714' title='bbox 3222 3534 3345 3572; x_wconf 82' lang='lat' dir='ltr'><strong>casu</strong></span> <span class='ocrx_word' id='word_1_715' title='bbox 3376 3534 3565 3589; x_wconf 85' lang='lat' dir='ltr'><strong>prapo-</strong></span> 
     </span>
    </p>
   </div>
   <div class='ocr_carea' id='block_1_93' title="bbox 1955 3604 3564 3681">
    <p class='ocr_par' dir='ltr' id='par_1_93' title="bbox 1955 3604 3564 3681">
     <span class='ocr_line' id='line_1_93' title="bbox 1955 3604 3564 3681; baseline 0.002 -21"><span class='ocrx_word' id='word_1_716' title='bbox 1955 3604 2053 3660; x_wconf 80' lang='lat' dir='ltr'><strong>sito</strong></span> <span class='ocrx_word' id='word_1_717' title='bbox 2100 3605 2302 3660; x_wconf 89' lang='lat' dir='ltr'><strong>dandus</strong></span> <span class='ocrx_word' id='word_1_718' title='bbox 2353 3608 2721 3662; x_wconf 88' lang='lat' dir='ltr'><strong>catechumenis</strong></span> <span class='ocrx_word' id='word_1_719' title='bbox 2770 3608 2925 3663; x_wconf 86' lang='lat' dir='ltr'><strong>etiam</strong></span> <span class='ocrx_word' id='word_1_720' title='bbox 2987 3608 3277 3663; x_wconf 87' lang='lat' dir='ltr'><strong>adulterina</strong></span> <span class='ocrx_word' id='word_1_721' title='bbox 3325 3610 3564 3681; x_wconf 85' lang='lat' dir='ltr'><strong>conjugia</strong></span> 
     </span>
    </p>
   </div>
   <div class='ocr_carea' id='block_1_94' title="bbox 1956 3697 3563 3770">
    <p class='ocr_par' dir='ltr' id='par_1_94' title="bbox 1956 3697 3563 3770">
     <span class='ocr_line' id='line_1_94' title="bbox 1956 3697 3563 3770; baseline 0.002 -20"><span class='ocrx_word' id='word_1_722' title='bbox 1956 3697 2311 3751; x_wconf 85' lang='lat' dir='ltr'><strong>retinentibus.</strong></span> <span class='ocrx_word' id='word_1_723' title='bbox 2361 3697 2813 3753; x_wconf 83' lang='lat' dir='ltr'><strong>Reconciliationis</strong></span> <span class='ocrx_word' id='word_1_724' title='bbox 2847 3700 3105 3768; x_wconf 71' lang='lat' dir='ltr'><strong>pmnitenti</strong></span> <span class='ocrx_word' id='word_1_725' title='bbox 3133 3699 3319 3754; x_wconf 73' lang='lat' dir='ltr'><strong>danda:</strong></span> <span class='ocrx_word' id='word_1_726' title='bbox 3346 3700 3399 3753; x_wconf 92' lang='lat' dir='ltr'><strong>in</strong></span> <span class='ocrx_word' id='word_1_727' title='bbox 3429 3701 3563 3770; x_wconf 88' lang='lat' dir='ltr'><strong>peri-</strong></span> 
     </span>
    </p>
   </div>
   <div class='ocr_carea' id='block_1_95' title="bbox 1954 3787 3564 3845">
    <p class='ocr_par' dir='ltr' id='par_1_95' title="bbox 1954 3787 3564 3845">
     <span class='ocr_line' id='line_1_95' title="bbox 1954 3787 3564 3845; baseline 0.001 -3"><span class='ocrx_word' id='word_1_728' title='bbox 1954 3788 2072 3842; x_wconf 77' lang='lat' dir='ltr'><strong>culo</strong></span> <span class='ocrx_word' id='word_1_729' title='bbox 2101 3788 2278 3841; x_wconf 86' lang='lat' dir='ltr'><strong>mortis</strong></span> <span class='ocrx_word' id='word_1_730' title='bbox 2317 3788 2496 3842; x_wconf 86' lang='lat' dir='ltr'><strong>eadem</strong></span> <span class='ocrx_word' id='word_1_731' title='bbox 2521 3787 2674 3843; x_wconf 86' lang='lat' dir='ltr'><strong>ratio.</strong></span> <span class='ocrx_word' id='word_1_732' title='bbox 2705 3788 2813 3844; x_wconf 90' lang='lat' dir='ltr'><strong>Sed</strong></span> <span class='ocrx_word' id='word_1_733' title='bbox 2853 3798 2909 3843; x_wconf 92' lang='lat' dir='ltr'><strong>ut</strong></span> <span class='ocrx_word' id='word_1_734' title='bbox 2938 3804 3118 3845; x_wconf 88' lang='lat' dir='ltr'><strong>sermo</strong></span> <span class='ocrx_word' id='word_1_735' title='bbox 3151 3799 3334 3845; x_wconf 90' lang='lat' dir='ltr'><strong>noster</strong></span> <span class='ocrx_word' id='word_1_736' title='bbox 3362 3789 3428 3843; x_wconf 93' lang='lat' dir='ltr'><strong>ad</strong></span> <span class='ocrx_word' id='word_1_737' title='bbox 3461 3789 3564 3844; x_wconf 92' lang='lat' dir='ltr'><strong>hoc</strong></span> 
     </span>
    </p>
   </div>
   <div class='ocr_carea' id='block_1_96' title="bbox 1956 3879 3559 3951">
    <p class='ocr_par' dir='ltr' id='par_1_96' title="bbox 1956 3879 3559 3951">
     <span class='ocr_line' id='line_1_96' title="bbox 1956 3879 3559 3951; baseline 0.001 -18"><span class='ocrx_word' id='word_1_738' title='bbox 1956 3880 2135 3950; x_wconf 87' lang='lat' dir='ltr'><strong>potius</strong></span> <span class='ocrx_word' id='word_1_739' title='bbox 2160 3879 2458 3947; x_wconf 89' lang='lat' dir='ltr'><strong>claudatur,</strong></span> <span class='ocrx_word' id='word_1_740' title='bbox 2508 3880 2651 3936; x_wconf 91' lang='lat' dir='ltr'><strong>unde</strong></span> <span class='ocrx_word' id='word_1_741' title='bbox 2695 3880 2924 3951; x_wconf 89' lang='lat' dir='ltr'><strong>sumpsit</strong></span> <span class='ocrx_word' id='word_1_742' title='bbox 2968 3880 3278 3946; x_wconf 88' lang='lat' dir='ltr'><strong>exordium,</strong></span> <span class='ocrx_word' id='word_1_743' title='bbox 3305 3895 3406 3951; x_wconf 87' lang='lat' dir='ltr'><strong>ego</strong></span> <span class='ocrx_word' id='word_1_744' title='bbox 3449 3895 3559 3935; x_wconf 92' lang='lat' dir='ltr'><strong>non</strong></span> 
     </span>
    </p>
   </div>
   <div class='ocr_carea' id='block_1_97' title="bbox 1956 3971 3563 4042">
    <p class='ocr_par' dir='ltr' id='par_1_97' title="bbox 1956 3971 3563 4042">
     <span class='ocr_line' id='line_1_97' title="bbox 1956 3971 3563 4042; baseline -0.001 -15"><span class='ocrx_word' id='word_1_745' title='bbox 1956 3971 2132 4027; x_wconf 86' lang='lat' dir='ltr'><strong>solum</strong></span> <span class='ocrx_word' id='word_1_746' title='bbox 2159 3971 2293 4026; x_wconf 90' lang='lat' dir='ltr'><strong>alios</strong></span> <span class='ocrx_word' id='word_1_747' title='bbox 2320 3972 2759 4039; x_wconf 89' lang='lat' dir='ltr'><strong>catechumenos,</strong></span> <span class='ocrx_word' id='word_1_748' title='bbox 2786 3987 2972 4026; x_wconf 91' lang='lat' dir='ltr'><strong>verum</strong></span> <span class='ocrx_word' id='word_1_749' title='bbox 2999 3972 3160 4028; x_wconf 90' lang='lat' dir='ltr'><strong>etiam</strong></span> <span class='ocrx_word' id='word_1_750' title='bbox 3191 3972 3337 4042; x_wconf 90' lang='lat' dir='ltr'><strong>ipsos</strong></span> <span class='ocrx_word' id='word_1_751' title='bbox 3362 3972 3453 4041; x_wconf 90' lang='lat' dir='ltr'><strong>qui</strong></span> <span class='ocrx_word' id='word_1_752' title='bbox 3484 3972 3563 4026; x_wconf 89' lang='lat' dir='ltr'><strong>vi-</strong></span> 
     </span>
    </p>
   </div>
   <div class='ocr_carea' id='block_1_98' title="bbox 1956 4060 3562 4132">
    <p class='ocr_par' dir='ltr' id='par_1_98' title="bbox 1956 4060 3562 4132">
     <span class='ocr_line' id='line_1_98' title="bbox 1956 4060 3562 4132; baseline 0 -17"><span class='ocrx_word' id='word_1_753' title='bbox 1956 4061 2192 4117; x_wconf 90' lang='lat' dir='ltr'><strong>ventium</strong></span> <span class='ocrx_word' id='word_1_754' title='bbox 2225 4060 2488 4132; x_wconf 89' lang='lat' dir='ltr'><strong>conjugiis</strong></span> <span class='ocrx_word' id='word_1_755' title='bbox 2533 4061 2767 4132; x_wconf 91' lang='lat' dir='ltr'><strong>copulati</strong></span> <span class='ocrx_word' id='word_1_756' title='bbox 2816 4062 3053 4117; x_wconf 86' lang='lat' dir='ltr'><strong>retinent</strong></span> <span class='ocrx_word' id='word_1_757' title='bbox 3094 4060 3391 4116; x_wconf 90' lang='lat' dir='ltr'><strong>adulterina</strong></span> <span class='ocrx_word' id='word_1_758' title='bbox 3427 4076 3562 4115; x_wconf 91' lang='lat' dir='ltr'><strong>con-</strong></span> 
     </span>
    </p>
   </div>
   <div class='ocr_carea' id='block_1_99' title="bbox 1956 4153 3561 4226">
    <p class='ocr_par' dir='ltr' id='par_1_99' title="bbox 1956 4153 3561 4226">
     <span class='ocr_line' id='line_1_99' title="bbox 1956 4153 3561 4226; baseline -0.001 -17"><span class='ocrx_word' id='word_1_759' title='bbox 1956 4154 2159 4221; x_wconf 90' lang='lat' dir='ltr'><strong>sortia,</strong></span> <span class='ocrx_word' id='word_1_760' title='bbox 2213 4169 2334 4209; x_wconf 91' lang='lat' dir='ltr'><strong>cum</strong></span> <span class='ocrx_word' id='word_1_761' title='bbox 2385 4155 2566 4210; x_wconf 91' lang='lat' dir='ltr'><strong>salvos</strong></span> <span class='ocrx_word' id='word_1_762' title='bbox 2613 4156 2881 4226; x_wconf 77' lang='lat' dir='ltr'><strong>corpore&#39;</strong></span> <span class='ocrx_word' id='word_1_763' title='bbox 2933 4169 3041 4209; x_wconf 91' lang='lat' dir='ltr'><strong>non</strong></span> <span class='ocrx_word' id='word_1_764' title='bbox 3093 4153 3438 4210; x_wconf 89' lang='lat' dir='ltr'><strong>admittamus</strong></span> <span class='ocrx_word' id='word_1_765' title='bbox 3492 4153 3561 4220; x_wconf 86' lang='lat' dir='ltr'><strong>ad</strong></span> 
     </span>
    </p>
   </div>
   <div class='ocr_carea' id='block_1_100' title="bbox 1955 4247 3563 4318">
    <p class='ocr_par' dir='ltr' id='par_1_100' title="bbox 1955 4247 3563 4318">
     <span class='ocr_line' id='line_1_100' title="bbox 1955 4247 3563 4318; baseline -0.001 -15"><span class='ocrx_word' id='word_1_766' title='bbox 1955 4247 2320 4316; x_wconf 88' lang='lat' dir='ltr'><strong>Baptismum;</strong></span> <span class='ocrx_word' id='word_1_767' title='bbox 2351 4255 2531 4303; x_wconf 83' lang='lat' dir='ltr'><strong>tamen</strong></span> <span class='ocrx_word' id='word_1_768' title='bbox 2560 4248 2604 4302; x_wconf 89' lang='lat' dir='ltr'><strong>si</strong></span> <span class='ocrx_word' id='word_1_769' title='bbox 2626 4247 2893 4317; x_wconf 87' lang='lat' dir='ltr'><strong>desperati</strong></span> <span class='ocrx_word' id='word_1_770' title='bbox 2920 4247 3223 4318; x_wconf 88' lang='lat' dir='ltr'><strong>jacuerint,</strong></span> <span class='ocrx_word' id='word_1_771' title='bbox 3247 4262 3349 4305; x_wconf 86' lang='lat' dir='ltr'><strong>nec</strong></span> <span class='ocrx_word' id='word_1_772' title='bbox 3381 4261 3476 4317; x_wconf 90' lang='lat' dir='ltr'><strong>pro</strong></span> <span class='ocrx_word' id='word_1_773' title='bbox 3502 4261 3563 4301; x_wconf 89' lang='lat' dir='ltr'><strong>se</strong></span> 
     </span>
    </p>
   </div>
   <div class='ocr_carea' id='block_1_101' title="bbox 1954 4339 3559 4411">
    <p class='ocr_par' dir='ltr' id='par_1_101' title="bbox 1954 4339 3559 4411">
     <span class='ocr_line' id='line_1_101' title="bbox 1954 4339 3559 4411; baseline 0 -18"><span class='ocrx_word' id='word_1_774' title='bbox 1954 4339 2281 4409; x_wconf 85' lang='lat' dir='ltr'><strong>respondere</strong></span> <span class='ocrx_word' id='word_1_775' title='bbox 2305 4340 2594 4409; x_wconf 89' lang='lat' dir='ltr'><strong>potuerint,</strong></span> <span class='ocrx_word' id='word_1_776' title='bbox 2622 4339 2968 4410; x_wconf 79' lang='lat' dir='ltr'><strong>baptizandos</strong></span> <span class='ocrx_word' id='word_1_777' title='bbox 2996 4350 3149 4411; x_wconf 92' lang='lat' dir='ltr'><strong>puto,</strong></span> <span class='ocrx_word' id='word_1_778' title='bbox 3178 4348 3237 4394; x_wconf 89' lang='lat' dir='ltr'><strong>ut</strong></span> <span class='ocrx_word' id='word_1_779' title='bbox 3261 4341 3423 4395; x_wconf 90' lang='lat' dir='ltr'><strong>etiam</strong></span> <span class='ocrx_word' id='word_1_780' title='bbox 3455 4339 3559 4393; x_wconf 91' lang='lat' dir='ltr'><strong>hoc</strong></span> 
     </span>
    </p>
   </div>
   <div class='ocr_carea' id='block_1_102' title="bbox 1954 4433 3558 4505">
    <p class='ocr_par' dir='ltr' id='par_1_102' title="bbox 1954 4433 3558 4505">
     <span class='ocr_line' id='line_1_102' title="bbox 1954 4433 3558 4505; baseline -0.002 -15"><span class='ocrx_word' id='word_1_781' title='bbox 1954 4442 2235 4505; x_wconf 88' lang='lat' dir='ltr'><strong>peccatum</strong></span> <span class='ocrx_word' id='word_1_782' title='bbox 2258 4449 2383 4489; x_wconf 92' lang='lat' dir='ltr'><strong>cum</strong></span> <span class='ocrx_word' id='word_1_783' title='bbox 2407 4434 2617 4489; x_wconf 72' lang='lat' dir='ltr'><strong>cmteris</strong></span> <span class='ocrx_word' id='word_1_784' title='bbox 2654 4434 2869 4489; x_wconf 88' lang='lat' dir='ltr'><strong>lavacro</strong></span> <span class='ocrx_word' id='word_1_785' title='bbox 2910 4434 3329 4505; x_wconf 90' lang='lat' dir='ltr'><strong>regenerationis</strong></span> <span class='ocrx_word' id='word_1_786' title='bbox 3373 4433 3558 4487; x_wconf 85' lang='lat' dir='ltr'><strong>ablua-</strong></span> 
     </span>
    </p>
   </div>
   <div class='ocr_carea' id='block_1_103' title="bbox 1955 4523 3560 4591">
    <p class='ocr_par' dir='ltr' id='par_1_103' title="bbox 1955 4523 3560 4591">
     <span class='ocr_line' id='line_1_103' title="bbox 1955 4523 3560 4591; baseline -0.001 -12"><span class='ocrx_word' id='word_1_787' title='bbox 1955 4531 2066 4579; x_wconf 89' lang='lat' dir='ltr'><strong>tur.</strong></span> <span class='ocrx_word' id='word_1_788' title='bbox 2090 4524 2222 4591; x_wconf 84' lang='lat' dir='ltr'><strong>Quis</strong></span> <span class='ocrx_word' id='word_1_789' title='bbox 2245 4524 2389 4579; x_wconf 92' lang='lat' dir='ltr'><strong>enim</strong></span> <span class='ocrx_word' id='word_1_790' title='bbox 2417 4525 2565 4578; x_wconf 91' lang='lat' dir='ltr'><strong>novit</strong></span> <span class='ocrx_word' id='word_1_791' title='bbox 2584 4533 2759 4579; x_wconf 92' lang='lat' dir='ltr'><strong>utrum</strong></span> <span class='ocrx_word' id='word_1_792' title='bbox 2786 4524 3029 4580; x_wconf 78' lang='lat' dir='ltr'><strong>fortassis</strong></span> <span class='ocrx_word' id='word_1_793' title='bbox 3050 4524 3363 4581; x_wconf 81' lang='lat' dir='ltr'><strong>adulterina:</strong></span> <span class='ocrx_word' id='word_1_794' title='bbox 3382 4523 3560 4578; x_wconf 90' lang='lat' dir='ltr'><strong>carnis</strong></span> 
     </span>
    </p>
   </div>
   <div class='ocr_carea' id='block_1_104' title="bbox 1954 4613 3559 4684">
    <p class='ocr_par' dir='ltr' id='par_1_104' title="bbox 1954 4613 3559 4684">
     <span class='ocr_line' id='line_1_104' title="bbox 1954 4613 3559 4684; baseline 0 -15"><span class='ocrx_word' id='word_1_795' title='bbox 1954 4614 2207 4670; x_wconf 89' lang='lat' dir='ltr'><strong>illecebra</strong></span> <span class='ocrx_word' id='word_1_796' title='bbox 2237 4628 2407 4683; x_wconf 90' lang='lat' dir='ltr'><strong>usque</strong></span> <span class='ocrx_word' id='word_1_797' title='bbox 2427 4613 2495 4669; x_wconf 91' lang='lat' dir='ltr'><strong>ad</strong></span> <span class='ocrx_word' id='word_1_798' title='bbox 2522 4614 2855 4684; x_wconf 87' lang='lat' dir='ltr'><strong>Baptismum</strong></span> <span class='ocrx_word' id='word_1_799' title='bbox 2882 4624 3180 4671; x_wconf 88' lang='lat' dir='ltr'><strong>statuerant</strong></span> <span class='ocrx_word' id='word_1_800' title='bbox 3203 4615 3474 4671; x_wconf 90' lang='lat' dir='ltr'><strong>detineri?</strong></span> <span class='ocrx_word' id='word_1_801' title='bbox 3500 4614 3559 4670; x_wconf 89' lang='lat' dir='ltr'><strong>Si</strong></span> 
     </span>
    </p>
   </div>
   <div class='ocr_carea' id='block_1_105' title="bbox 1953 4706 3557 4779">
    <p class='ocr_par' dir='ltr' id='par_1_105' title="bbox 1953 4706 3557 4779">
     <span class='ocr_line' id='line_1_105' title="bbox 1953 4706 3557 4779; baseline -0.001 -17"><span class='ocrx_word' id='word_1_802' title='bbox 1953 4715 2132 4763; x_wconf 88' lang='lat' dir='ltr'><strong>autem</strong></span> <span class='ocrx_word' id='word_1_803' title='bbox 2162 4707 2230 4763; x_wconf 91' lang='lat' dir='ltr'><strong>ab</strong></span> <span class='ocrx_word' id='word_1_804' title='bbox 2258 4706 2348 4762; x_wconf 88' lang='lat' dir='ltr'><strong>illa</strong></span> <span class='ocrx_word' id='word_1_805' title='bbox 2386 4706 2760 4778; x_wconf 89' lang='lat' dir='ltr'><strong>desperatione</strong></span> <span class='ocrx_word' id='word_1_806' title='bbox 2798 4709 3026 4764; x_wconf 87' lang='lat' dir='ltr'><strong>recreati</strong></span> <span class='ocrx_word' id='word_1_807' title='bbox 3058 4708 3331 4779; x_wconf 90' lang='lat' dir='ltr'><strong>potuerint</strong></span> <span class='ocrx_word' id='word_1_808' title='bbox 3356 4708 3557 4773; x_wconf 87' lang='lat' dir='ltr'><strong>vivere,</strong></span> 
     </span>
    </p>
   </div>
   <div class='ocr_carea' id='block_1_106' title="bbox 1953 4798 3553 4869">
    <p class='ocr_par' dir='ltr' id='par_1_106' title="bbox 1953 4798 3553 4869">
     <span class='ocr_line' id='line_1_106' title="bbox 1953 4798 3553 4869; baseline -0.003 -15"><span class='ocrx_word' id='word_1_809' title='bbox 1953 4806 2045 4854; x_wconf 86' lang='lat' dir='ltr'><strong>aut</strong></span> <span class='ocrx_word' id='word_1_810' title='bbox 2070 4798 2422 4869; x_wconf 85' lang='lat' dir='ltr'><strong>facientquod</strong></span> <span class='ocrx_word' id='word_1_811' title='bbox 2444 4806 2766 4866; x_wconf 88' lang='lat' dir='ltr'><strong>statuerunt,</strong></span> <span class='ocrx_word' id='word_1_812' title='bbox 2784 4808 2875 4854; x_wconf 90' lang='lat' dir='ltr'><strong>aut</strong></span> <span class='ocrx_word' id='word_1_813' title='bbox 2896 4800 3067 4854; x_wconf 90' lang='lat' dir='ltr'><strong>edocti</strong></span> <span class='ocrx_word' id='word_1_814' title='bbox 3090 4798 3553 4868; x_wconf 82' lang='lat' dir='ltr'><strong>obtemperabunt,</strong></span> 
     </span>
    </p>
   </div>
   <div class='ocr_carea' id='block_1_107' title="bbox 1954 4886 3556 4961">
    <p class='ocr_par' dir='ltr' id='par_1_107' title="bbox 1954 4886 3556 4961">
     <span class='ocr_line' id='line_1_107' title="bbox 1954 4886 3556 4961; baseline -0.002 -16"><span class='ocrx_word' id='word_1_815' title='bbox 1954 4897 2047 4945; x_wconf 88' lang='lat' dir='ltr'><strong>aut</strong></span> <span class='ocrx_word' id='word_1_816' title='bbox 2068 4889 2137 4945; x_wconf 90' lang='lat' dir='ltr'><strong>de</strong></span> <span class='ocrx_word' id='word_1_817' title='bbox 2171 4890 2632 4960; x_wconf 87' lang='lat' dir='ltr'><strong>eontemptorihus</strong></span> <span class='ocrx_word' id='word_1_818' title='bbox 2671 4891 2761 4945; x_wconf 89' lang='lat' dir='ltr'><strong>ﬁet</strong></span> <span class='ocrx_word' id='word_1_819' title='bbox 2790 4890 2931 4961; x_wconf 93' lang='lat' dir='ltr'><strong>quod</strong></span> <span class='ocrx_word' id='word_1_820' title='bbox 2962 4892 3075 4945; x_wconf 91' lang='lat' dir='ltr'><strong>ﬁeri</strong></span> <span class='ocrx_word' id='word_1_821' title='bbox 3098 4890 3255 4944; x_wconf 90' lang='lat' dir='ltr'><strong>etiam</strong></span> <span class='ocrx_word' id='word_1_822' title='bbox 3285 4888 3351 4943; x_wconf 89' lang='lat' dir='ltr'><strong>de</strong></span> <span class='ocrx_word' id='word_1_823' title='bbox 3381 4886 3556 4957; x_wconf 87' lang='lat' dir='ltr'><strong>bapti-</strong></span> 
     </span>
    </p>
   </div>
   <div class='ocr_carea' id='block_1_108' title="bbox 1955 4981 3556 5053">
    <p class='ocr_par' dir='ltr' id='par_1_108' title="bbox 1955 4981 3556 5053">
     <span class='ocr_line' id='line_1_108' title="bbox 1955 4981 3556 5053; baseline -0.002 -14"><span class='ocrx_word' id='word_1_824' title='bbox 1955 4984 2087 5039; x_wconf 86' lang='lat' dir='ltr'><strong>zatis</strong></span> <span class='ocrx_word' id='word_1_825' title='bbox 2118 4984 2314 5039; x_wconf 91' lang='lat' dir='ltr'><strong>talibus</strong></span> <span class='ocrx_word' id='word_1_826' title='bbox 2356 4983 2540 5040; x_wconf 91' lang='lat' dir='ltr'><strong>debet.</strong></span> <span class='ocrx_word' id='word_1_827' title='bbox 2574 4983 2706 5051; x_wconf 72' lang='lat' dir='ltr'><strong>Qua:</strong></span> <span class='ocrx_word' id='word_1_828' title='bbox 2742 4994 2920 5039; x_wconf 86' lang='lat' dir='ltr'><strong>autem</strong></span> <span class='ocrx_word' id='word_1_829' title='bbox 2964 4982 3323 5053; x_wconf 82' lang='lat' dir='ltr'><strong>Baptismatis,</strong></span> <span class='ocrx_word' id='word_1_830' title='bbox 3366 4981 3556 5036; x_wconf 85' lang='lat' dir='ltr'><strong>eadem</strong></span> 
     </span>
    </p>
   </div>
   <div class='ocr_carea' id='block_1_109' title="bbox 1955 5074 3646 5148">
    <p class='ocr_par' dir='ltr' id='par_1_109' title="bbox 1955 5074 3646 5148">
     <span class='ocr_line' id='line_1_109' title="bbox 1955 5074 3646 5148; baseline -0.002 -15"><span class='ocrx_word' id='word_1_831' title='bbox 1955 5078 2408 5133; x_wconf 89' lang='lat' dir='ltr'><strong>reconciliationis</strong></span> <span class='ocrx_word' id='word_1_832' title='bbox 2433 5086 2515 5132; x_wconf 91' lang='lat' dir='ltr'><strong>est</strong></span> <span class='ocrx_word' id='word_1_833' title='bbox 2538 5092 2719 5144; x_wconf 90' lang='lat' dir='ltr'><strong>causa,</strong></span> <span class='ocrx_word' id='word_1_834' title='bbox 2743 5079 2787 5132; x_wconf 93' lang='lat' dir='ltr'><strong>si</strong></span> <span class='ocrx_word' id='word_1_835' title='bbox 2815 5076 2955 5132; x_wconf 84' lang='lat' dir='ltr'><strong>forte</strong></span> <span class='ocrx_word' id='word_1_836' title='bbox 2984 5077 3331 5148; x_wconf 75' lang='lat' dir='ltr'><strong>ptenitentem</strong></span> <span class='ocrx_word' id='word_1_837' title='bbox 3363 5074 3562 5131; x_wconf 84' lang='lat' dir='ltr'><strong>ﬁuien-</strong></span> <span class='ocrx_word' id='word_1_838' title='bbox 3586 5074 3607 5107; x_wconf 48' lang='grc' dir='ltr'><strong>ί</strong></span> <span class='ocrx_word' id='word_1_839' title='bbox 3623 5091 3646 5105; x_wconf 65' lang='grc' dir='ltr'>ν</span> 
     </span>
    </p>
   </div>
   <div class='ocr_carea' id='block_1_110' title="bbox 1954 5167 3555 5238">
    <p class='ocr_par' dir='ltr' id='par_1_110' title="bbox 1954 5167 3555 5238">
     <span class='ocr_line' id='line_1_110' title="bbox 1954 5167 3555 5238; baseline 0 -15"><span class='ocrx_word' id='word_1_840' title='bbox 1954 5167 2039 5223; x_wconf 70' lang='lat' dir='ltr'><strong>da:</strong></span> <span class='ocrx_word' id='word_1_841' title='bbox 2058 5169 2181 5223; x_wconf 74' lang='lat' dir='ltr'><strong>vita:</strong></span> <span class='ocrx_word' id='word_1_842' title='bbox 2201 5168 2496 5238; x_wconf 90' lang='lat' dir='ltr'><strong>periculum</strong></span> <span class='ocrx_word' id='word_1_843' title='bbox 2522 5169 2994 5238; x_wconf 73' lang='lat' dir='ltr'><strong>prmoceupaverit.</strong></span> <span class='ocrx_word' id='word_1_844' title='bbox 3019 5168 3128 5223; x_wconf 87' lang='lat' dir='ltr'><strong>Nec</strong></span> <span class='ocrx_word' id='word_1_845' title='bbox 3154 5169 3297 5237; x_wconf 91' lang='lat' dir='ltr'><strong>ipsos</strong></span> <span class='ocrx_word' id='word_1_846' title='bbox 3316 5168 3459 5225; x_wconf 91' lang='lat' dir='ltr'><strong>enim</strong></span> <span class='ocrx_word' id='word_1_847' title='bbox 3489 5184 3555 5225; x_wconf 85' lang='lat' dir='ltr'><strong>ex</strong></span> 
     </span>
    </p>
   </div>
   <div class='ocr_carea' id='block_1_111' title="bbox 1955 5259 3559 5331">
    <p class='ocr_par' dir='ltr' id='par_1_111' title="bbox 1955 5259 3559 5331">
     <span class='ocr_line' id='line_1_111' title="bbox 1955 5259 3559 5331; baseline 0.002 -17"><span class='ocrx_word' id='word_1_848' title='bbox 1955 5259 2058 5314; x_wconf 90' lang='lat' dir='ltr'><strong>hac</strong></span> <span class='ocrx_word' id='word_1_849' title='bbox 2085 5261 2191 5314; x_wconf 91' lang='lat' dir='ltr'><strong>vita</strong></span> <span class='ocrx_word' id='word_1_850' title='bbox 2219 5260 2336 5315; x_wconf 88' lang='lat' dir='ltr'><strong>sine</strong></span> <span class='ocrx_word' id='word_1_851' title='bbox 2362 5260 2523 5317; x_wconf 89' lang='lat' dir='ltr'><strong>arrha</strong></span> <span class='ocrx_word' id='word_1_852' title='bbox 2543 5274 2655 5315; x_wconf 77' lang='lat' dir='ltr'><strong>sua:</strong></span> <span class='ocrx_word' id='word_1_853' title='bbox 2684 5260 2831 5331; x_wconf 89' lang='lat' dir='ltr'><strong>pacis</strong></span> <span class='ocrx_word' id='word_1_854' title='bbox 2852 5262 2998 5317; x_wconf 84' lang='lat' dir='ltr'><strong>exire</strong></span> <span class='ocrx_word' id='word_1_855' title='bbox 3028 5262 3166 5318; x_wconf 92' lang='lat' dir='ltr'><strong>velle</strong></span> <span class='ocrx_word' id='word_1_856' title='bbox 3196 5262 3358 5319; x_wconf 89' lang='lat' dir='ltr'><strong>debet</strong></span> <span class='ocrx_word' id='word_1_857' title='bbox 3381 5270 3559 5320; x_wconf 86' lang='lat' dir='ltr'><strong>mater</strong></span> 
     </span>
    </p>
   </div>
   <div class='ocr_carea' id='block_1_112' title="bbox 1954 5352 2215 5409">
    <p class='ocr_par' dir='ltr' id='par_1_112' title="bbox 1954 5352 2215 5409">
     <span class='ocr_line' id='line_1_112' title="bbox 1954 5352 2215 5409; baseline -0.011 -1"><span class='ocrx_word' id='word_1_858' title='bbox 1954 5352 2215 5409; x_wconf 86' lang='lat' dir='ltr'><strong>Ecclesia.</strong></span> 
     </span>
    </p>
   </div>
   <div class='ocr_carea' id='block_1_113' title="bbox 2020 5441 2731 5505">
    <p class='ocr_par' dir='ltr' id='par_1_113' title="bbox 2020 5441 2731 5505">
     <span class='ocr_line' id='line_1_113' title="bbox 2020 5441 2731 5505; baseline 0.004 -15"><span class='ocrx_word' id='word_1_859' title='bbox 2020 5444 2039 5475; x_wconf 76' lang='grc' dir='ltr'>ί</span> <span class='ocrx_word' id='word_1_860' title='bbox 2076 5441 2267 5505; x_wconf 78' lang='lat' dir='ltr'><strong>Aliquot</strong></span> <span class='ocrx_word' id='word_1_861' title='bbox 2290 5448 2417 5505; x_wconf 63' lang='lat' dir='ltr'><strong>Mss,</strong></span> <span class='ocrx_word' id='word_1_862' title='bbox 2445 5450 2731 5495; x_wconf 80' lang='lat' dir='ltr'><strong>rererentes.</strong></span> 
     </span>
    </p>
   </div>
   <div class='ocr_carea' id='block_1_114' title="bbox 2019 5503 3555 5575">
    <p class='ocr_par' dir='ltr' id='par_1_114' title="bbox 2019 5503 3555 5575">
     <span class='ocr_line' id='line_1_114' title="bbox 2019 5503 3555 5575; baseline 0.008 -25"><span class='ocrx_word' id='word_1_863' title='bbox 2019 5503 2227 5575; x_wconf 47' lang='lat' dir='ltr'><strong>{Hicin</strong></span> <span class='ocrx_word' id='word_1_864' title='bbox 2251 5503 2395 5553; x_wconf 87' lang='lat' dir='ltr'><strong>editis</strong></span> <span class='ocrx_word' id='word_1_865' title='bbox 2416 5506 2665 5575; x_wconf 69' lang='lat' dir='ltr'><strong>superﬂuo</strong></span> <span class='ocrx_word' id='word_1_866' title='bbox 2700 5506 2862 5575; x_wconf 74' lang='lat' dir='ltr'><strong>fuerat</strong></span> <span class='ocrx_word' id='word_1_867' title='bbox 2898 5507 3142 5575; x_wconf 76' lang='lat' dir='ltr'><strong>additum,</strong></span> <span class='ocrx_word' id='word_1_868' title='bbox 3165 5509 3216 5575; x_wconf 73' lang='lat' dir='ltr'><strong>in</strong></span> <span class='ocrx_word' id='word_1_869' title='bbox 3254 5508 3329 5575; x_wconf 74' lang='lat' dir='ltr'><strong>his</strong></span> <span class='ocrx_word' id='word_1_870' title='bbox 3363 5522 3555 5575; x_wconf 79' lang='lat' dir='ltr'><strong>penna-</strong></span> 
     </span>
    </p>
   </div>
   <div class='ocr_carea' id='block_1_115' title="bbox 1954 5566 3554 5637">
    <p class='ocr_par' dir='ltr' id='par_1_115' title="bbox 1954 5566 3554 5637">
     <span class='ocr_line' id='line_1_115' title="bbox 1954 5566 3554 5637; baseline 0.004 -22"><span class='ocrx_word' id='word_1_871' title='bbox 1954 5571 2117 5637; x_wconf 75' lang='lat' dir='ltr'><strong>nentes</strong></span> <span class='ocrx_word' id='word_1_872' title='bbox 2141 5577 2157 5614; x_wconf 94' lang='lat'><strong><em>:</em></strong></span> <span class='ocrx_word' id='word_1_873' title='bbox 2181 5567 2401 5637; x_wconf 80' lang='lat' dir='ltr'><strong>itemque</strong></span> <span class='ocrx_word' id='word_1_874' title='bbox 2426 5566 2549 5637; x_wconf 79' lang='lat' dir='ltr'><strong>post,</strong></span> <span class='ocrx_word' id='word_1_875' title='bbox 2574 5574 2733 5619; x_wconf 87' lang='lat' dir='ltr'><strong>tamen</strong></span> <span class='ocrx_word' id='word_1_876' title='bbox 2755 5566 3091 5637; x_wconf 74' lang='lat' dir='ltr'><strong>sidesperati,</strong></span> <span class='ocrx_word' id='word_1_877' title='bbox 3116 5572 3167 5637; x_wconf 75' lang='lat' dir='ltr'><strong>in</strong></span> <span class='ocrx_word' id='word_1_878' title='bbox 3186 5571 3243 5623; x_wconf 90' lang='lat' dir='ltr'><strong>iis</strong></span> <span class='ocrx_word' id='word_1_879' title='bbox 3266 5566 3554 5636; x_wconf 81' lang='lat' dir='ltr'><strong>legebatur.</strong></span> 
     </span>
    </p>
   </div>
   <div class='ocr_carea' id='block_1_116' title="bbox 1957 5632 3555 5700">
    <p class='ocr_par' dir='ltr' id='par_1_116' title="bbox 1957 5632 3555 5700">
     <span class='ocr_line' id='line_1_116' title="bbox 1957 5632 3555 5700; baseline 0.004 -21"><span class='ocrx_word' id='word_1_880' title='bbox 1957 5632 2151 5700; x_wconf 73' lang='lat' dir='ltr'><strong>etintra</strong></span> <span class='ocrx_word' id='word_1_881' title='bbox 2165 5641 2217 5679; x_wconf 86' lang='lat' dir='ltr'><strong>se</strong></span> <span class='ocrx_word' id='word_1_882' title='bbox 2240 5632 2519 5700; x_wconf 73' lang='lat' dir='ltr'><strong>ptenitentes</strong></span> <span class='ocrx_word' id='word_1_883' title='bbox 2536 5642 2554 5693; x_wconf 93' lang='lat'><strong>;</strong></span> <span class='ocrx_word' id='word_1_884' title='bbox 2571 5643 2682 5694; x_wconf 67' lang='lat' dir='ltr'><strong>quae</strong></span> <span class='ocrx_word' id='word_1_885' title='bbox 2706 5632 2855 5683; x_wconf 89' lang='lat' dir='ltr'><strong>verba</strong></span> <span class='ocrx_word' id='word_1_886' title='bbox 2876 5639 3103 5684; x_wconf 85' lang='lat' dir='ltr'><strong>veterum</strong></span> <span class='ocrx_word' id='word_1_887' title='bbox 3121 5632 3355 5688; x_wconf 75' lang='lat' dir='ltr'><strong>libroruin</strong></span> <span class='ocrx_word' id='word_1_888' title='bbox 3387 5640 3555 5689; x_wconf 61' lang='lat' dir='ltr'><strong>sucu»</strong></span> 
     </span>
    </p>
   </div>
   <div class='ocr_carea' id='block_1_117' title="bbox 1956 5696 2469 5754">
    <p class='ocr_par' dir='ltr' id='par_1_117' title="bbox 1956 5696 2469 5754">
     <span class='ocr_line' id='line_1_117' title="bbox 1956 5696 2469 5754; baseline 0.006 -15"><span class='ocrx_word' id='word_1_889' title='bbox 1956 5696 2103 5740; x_wconf 83' lang='lat' dir='ltr'><strong>ritate</strong></span> <span class='ocrx_word' id='word_1_890' title='bbox 2126 5696 2469 5754; x_wconf 78' lang='lat' dir='ltr'><strong>expunxituus.</strong></span> 
     </span>
    </p>
   </div>
  </div>
