4048 6532
1722 335 1794 349 ονε-η

485 493 581 548 ιτι

1368 485 1455 545 DE
1493 479 1841 549 CQNJUGllS
1881 472 2351 537 ADULTERINIS,
2383 472 2452 529 S.
2491 472 2860 531 AUGUSTlNl

3660 476 3762 529 4τῖ

495 603 3735 635 mw

1406 725 1877 838 LIBER
1959 720 2810 829 SECUNDUS.

551 918 865 982 Redarguitnr
899 917 1162 982 Pollentina
1177 952 1192 975 ,
1217 914 1456 982 adulterio
1490 918 1663 982 putans
1686 908 1889 982 perinde
1912 904 2677 982 atquegmorteso‘lviconjugtum
2694 941 2718 982 ,ν
2736 918 2905 982 eoque
2923 907 3123 982 trabens
3146 906 3265 982 illud
3286 906 3497 982 apostoli
3519 906 3579 956 ad
3596 908 3757 957 Corin-

482 982 609 1031 thios
619 1019 631 1036 ,

894 962 1279 1040 inBi-iiiiis’fileiu
1304 962 1376 1025 vir
1398 962 1505 1040 ejus
1519 1010 1532 1033 ,
1580 962 1779 1040 liberata
1815 975 1883 1040 est
1904 981 1939 1040 ᾖ
1962 962 2278 1040 utmortuum
2304 967 2395 1040 boc
2420 962 2524 1038 loco
2547 962 2849 1040 velit'etiam‘
2886 962 3428 1040 a‘dulterutnhin'tieﬂigi.
3465 976 3760 1040 Argumenta

482 1028 662 1091 doinde
686 1028 799 1104 ejus
814 1028 1285 1105 reliqua’diluuutur,
1305 1046 1355 1088 ct
1378 1028 1640 1098 variaque:
1675 1032 1883 1088 suboriri
1902 1030 2041 1084 timet
2062 1028 2387 1089 incommoda,
2412 1029 2503 1089 nisi
2518 1028 2771 1091 repudiata
2792 1028 3012 1089 adultera
3033 1030 3217 1080 ducere
3236 1028 3440 1087 alteram
3471 1028 3574 1085 viro
3596 1028 3760 1089 liceat,

1850 1174 2330 1254 mes.»—

483 1108 773 1171 relutantur.

554 1337 781 1401 CARUT
820 1335 1100 1393 PRIMUM.
1128 1362 1199 1375 --
1226 1332 1277 1386 1.
1322 1329 1489 1400 Hujus
1518 1326 1631 1382 libri
1656 1324 1872 1388 occasio,
1904 1320 1985 1375 Ad
2008 1335 2071 1375 ea

483 1432 603 1498 qum
647 1427 775 1482 milii
821 1430 1135 1497 scripseras,
1183 1424 1345 1478 frater
1394 1420 1638 1489 religiose
1679 1414 1926 1481 Pollenti,
1962 1412 2073 1482 jam

486 1523 867 1591 rescripseram
897 1535 1003 1575 non
1034 1532 1252 1589 parvum
1278 1514 1548 1577 volumen,
1577 1510 1646 1564 de
1671 1508 1735 1563 iis
1772 1507 1862 1577 qui
1888 1505 2073 1559 viven-

486 1615 627 1669 tibus
648 1614 959 1684 conjugibus
976 1612 1085 1666 suis
1103 1611 1220 1664 aliis
1239 1608 1575 1677 copulantur.
1604 1599 1758 1670 Quod
1779 1613 1898 1653 cum
1919 1597 2077 1651 inno-

488 1704 677 1758 tuisset
729 1702 1008 1757 Dilectioni
1059 1703 1183 1765 tuae,
1243 1696 1488 1752 addidisti
1528 1694 1703 1762 aliqua
1742 1689 1809 1744 ad
1835 1686 2075 1743 libellum

486 1804 655 1859 tuum,
692 1782 850 1850 etiam
875 1795 957 1849 his
985 1810 1070 1849 me
1096 1790 1421 1861 respondere
1446 1784 1755 1841 desiderans
1788 1799 1801 1837 :
1833 1779 1927 1834 sed
1955 1793 2076 1833 cum

486 1886 664 1943 facere
694 1886 1055 1957 disponerem‘,
1091 1881 1335 1939 addendo
1369 1882 1423 1935 et
1449 1892 1549 1949 ego
1593 1875 1657 1929 ad
1699 1887 1898 1936 meum,
1929 1870 1999 1924 ita
2022 1877 2079 1922 ut

492 1968 796 2033 unusliber
819 1964 961 2034 esset
986 1977 1146 2033 etiam
1176 1970 1540 2043 responsionis
1569 1983 1703 2023 mea:
1723 2008 1737 2031 ,
1767 1969 1990 2033 repente
2017 1960 2081 2014 il-

488 2069 577 2125 lud
605 2071 806 2126 editum
850 2079 931 2126 est
955 2068 1095 2139 quod
1136 2050 1469 2121 absolveram
1510 2061 1678 2131 prius,
1720 2052 2080 2125 ﬂagitantibus

488 2146 761 2226 fratribus,
793 2171 846 2216 et
868 2141 1451 2216 nescientibus‘nostris
1469 2155 1485 2187 ¹
1514 2150 1654 2222 quod
1683 2147 1858 2203 adhuc
1881 2142 2081 2225 aliquid

490 2258 641 2308 esset
681 2238 1006 2309 addendum.
1041 2249 1174 2306 Hinc
1220 2249 1419 2303 factum
1450 2253 1531 2300 est
1560 2250 1618 2297 ut
1645 2241 1812 2295 altero
1838 2250 2081 2292 seorsum

488 2345 772 2413 opusculo,
803 2344 868 2399 ad
900 2360 961 2399 ea
992 2358 1108 2413 quin
1136 2338 1410 2404 addidisti,
1442 2332 1773 2405 respondere
1793 2327 2083 2398 compelle-

488 2450 596 2489 rer.
630 2434 744 2488 Non
762 2444 936 2489 autem
959 2448 1079 2504 qua:
1108 2428 1375 2493 addidisti,
1404 2426 1653 2495 adjuncta
1680 2429 1804 2477 sunt
1830 2419 1921 2473 fini
1947 2432 2082 2487 opu—

488 2527 621 2581 sculi
650 2526 754 2592 tui;
784 2526 900 2594 sed,
934 2503 1024 2579 ubi
1050 2524 1222 2589 visum
1251 2528 1353 2588 est,
1376 2517 1490 2589 ejus
1514 2503 1792 2585 interjeeta
1819 2517 1945 2567 sunt
1965 2523 2084 2565 cor-

489 2604 626 2688 pori.
748 2604 751 2607 7
1426 2626 1427 2629 ‘
1900 2606 1901 2609 “

497 2698 511 2724 ³
563 2704 790 2765 CAPUT
830 2708 894 2766 ll.
920 2740 993 2752 -——
1017 2710 1071 2762 2.
1114 2705 1356 2762 Pollentii
1388 2700 1665 2764 sententia,
1711 2697 1897 2751 nubere
1938 2690 2087 2746 alteri

490 2802 696 2856 vetitum
717 2818 822 2855 esse
849 2800 1057 2871 conjugi
1075 2840 1090 2864 ,
1113 2799 1158 2853 si
1194 2815 1226 2851 a
1252 2812 1352 2849 non
1378 2794 1680 2865 fornicante,
1708 2803 1811 2841 non
1848 2794 2016 2839 autem
2043 2782 2088 2835 si

492 2894 525 2945 a
555 2893 838 2962 fornicunte
864 2890 1169 2944 discesserit.
1205 2886 1469 2940 Mortuum
1495 2883 1547 2936 in
1579 2881 1689 2935 loco
1712 2874 1870 2930 Pauli
1897 2872 2089 2927 intelli-

492 2960 712 3050 gendam
741 2982 893 3035 etiam
921 2980 1255 3048 fornicantem
1285 2974 1452 3032 sentit.
1482 2971 1683 3026 Horum
1710 2967 1940 3036 primum
1959 2960 2088 3017 illud

493 3082 597 3137 est,
627 3073 709 3127 cui
740 3071 953 3142 quidem
983 3064 1212 3124 arbitror
1242 3063 1327 3121 me
1348 3062 1673 3133 respondere
1701 3058 1918 3123 debere,
1943 3052 2088 3126 quod

498 3167 551 3220 in
587 3166 667 3219 bis
693 3140 931 3233 Ap‘ostoli
962 3162 1161 3226 verbis,
1190 3160 1277 3215 ubi
1306 3158 1400 3221 ait,
1418 3154 1623 3211 theris
1642 3160 1810 3204 autem
1834 3164 1927 3220 ego
1953 3140 2085 3211 dico,

500 3250 602 3313 non
638 3256 900 3320 Doniinus,
934 3254 1192 3307 mulierem
1218 3267 1251 3304 a
1279 3250 1385 3303 viro
1411 3263 1515 3301 non
1554 3242 1843 3305 discedere;
1879 3237 2015 3312 quod
2046 3237 2092 3291 si

498 3330 803 3412 discesserit,
835 3361 1037 3399 manere
1065 3345 1352 3419 innuptam,
1382 3347 1469 3391 aut
1499 3336 1605 3389 viro
1634 3349 1725 3388 suo
1750 3327 2088 3394 reconciliari,

501 3458 606 3496 non
632 3434 783 3510 putas
805 3420 876 3493 ita
903 3437 1102 3492 dictum
1132 3449 1272 3499 esse,
1302 3416 1352 3486 si
1372 3416 1681 3491 discesserit,
1702 3434 1761 3509 ut
1784 3440 1814 3479 a
1842 3424 1958 3477 viro
1986 3421 2096 3476 fore

507 3534 721 3588 nicante
747 3528 1057 3606 discessisse
1099 3509 1441 3595 intelligatur,
1470 3535 1571 3590 qua
1600 3518 1714 3575 sola
1736 3506 1894 3572 causa
1924 3510 2095 3569 disce-

502 3625 631 3696 dere
670 3601 871 3679 licitum
913 3601 1028 3685 est;
1058 3618 1151 3673 sed
1194 3616 1368 3686 potius
1398 3615 1671 3695 existimas
1711 3623 1741 3662 a
1788 3606 2000 3678 pudico,
2040 3611 2096 3659 et

504 3714 625 3770 ideo
648 3714 850 3784 jussam
880 3726 1097 3765 manere
1133 3708 1407 3784 innuptam
1425 3743 1440 3769 ,
1460 3690 1464 3695 ’
1484 3704 1542 3755 ut
1565 3706 1748 3771 posset
1776 3698 1823 3751 ci
1850 3694 2093 3751 reconci-

503 3808 643 3873 liari,
672 3806 716 3861 si
740 3805 1013 3861 continere
1033 3802 1119 3856 ille
1154 3790 1526 3859 noluis‘set,‘ne
1545 3793 1712 3846 virum
1734 3787 1800 3844 ad
1828 3785 2098 3843 fornican-

504 3899 653 3966 dum,
692 3898 743 3953 id
771 3900 879 3961 est,"
901 3895 966 3949 ad
994 3894 1151 3948 aliam
1173 3906 1233 3948 se
1263 3890 1475 3944 vivente
1500 3883 1819 3946 ducendam,
1848 3882 1959 3951 ipsa
1986 3893 2095 3935 non

505 3990 842 4062 reconciliata
861 3985 1225 4055 compelleret.
1255 3980 1518 4037 Caeterum
1542 3976 1588 4031 si
1614 3990 1641 4029 a
1662 3974 1777 4028 viro
1800 3966 2096 4027 fornicante

508 4076 841 4143 discesserit,
883 4088 1037 4164 putas
1067 4076 1115 4130 ei
1142 4089 1248 4129 non
1294 4068 1510 4142 praecipi
1551 4073 1608 4121 ut
1632 4065 1850 4133 innupta
1880 4074 2095 4131 perma-

506 4166 631 4226 n'eat
660 4171 683 4226 ε’
698 4170 793 4225 sed
820 4151 922 4224 hoc
940 4184 1057 4225 eam
1080 4166 1275 4229 facere,
1317 4162 1363 4216 si
1391 4158 1673 4215 continens
1694 4164 1815 4210 esse
1838 4151 2093 4217 voluerit;

509 4252 693 4318 nonut
718 4256 970 4333 praecepti
996 4258 1241 4324 violatrix
1271 4251 1571 4327 inveniatur
1593 4262 1733 4312 esse,
1762 4246 1807 4301 si
1834 4238 2096 4314 nupserit.

509 4353 638 4421 Quae
665 4344 759 4407 tibi
789 4352 995 4406 videtur
1040 4349 1208 4404 forma
1247 4355 1301 4402 et
1338 4361 1369 4400 a
1410 4344 1530 4412 viro
1568 4354 1689 4397 esse
1717 4335 1999 4401 servanda,
2038 4342 2100 4389 ut

511 4442 732 4521 uxorem
762 4426 868 4497 non
899 4440 1148 4504 dimittat,
1180 4444 1403 4507 excepta
1432 4447 1591 4489 causa
1624 4426 2021 4490 fornicationis;
2053 4423 2099 4478 si

511 4516 687 4605 autem
710 4534 992 4603 dimiserit,
1020 4516 1372 4586 ma‘neat‘sine
1399 4522 1667 4593 conjugio,
1692 4528 1751 4575 ut
1776 4517 1984 4605 pudicas
2006 4530 2099 4570 re-

512 4600 1003 4694 conciliari‘jpossit
1040 4620 1213 4689 uxori,
1264 4617 1364 4672 nisi
1409 4616 1545 4669 forte
1582 4600 1964 4677 continentiam
2007 4604 2099 4659 illa

512 4717 796 4787 delegerit;
820 4731 887 4769 ne
913 4714 1094 4769 uxoris
1116 4720 1276 4767 casta:
1299 4705 1783 4765 reconciliationem
1806 4700 2095 4772 refugiens,

515 4806 631 4878 ipse
657 4808 800 4861 illam
841 4812 994 4875 cogat
1028 4802 1306 4867 mtecbari,
1348 4799 1394 4854 si
1432 4811 1554 4854 sese
1580 4811 1686 4851 non
1714 4793 1993 4848 continens
2015 4790 2099 4845 vi-

512 4907 670 4954 vente
710 4897 799 4952 illo
837 4894 1079 4967 nupserit
1115 4893 1266 4948 alteri
1299 4908 1313 4946 :
1346 4891 1390 4946 si
1430 4897 1609 4943 autem
1640 4886 1798 4941 fuerit
1837 4884 1906 4939 ab
1933 4896 2100 4938 uxore

514 4988 809 5065 fornicante
836 4989 1153 5059 disjunctbs,
1177 4985 1287 5055 jam
1314 4998 1436 5038 eum
1465 4980 1610 5034 nullo
1641 4984 1910 5050 przecepto
1952 4971 2011 5029 ut
2038 4988 2099 5051 se

512 5070 785 5140 Contineat
809 5081 1055 5147 detineri,
1080 5082 1180 5135 nec
1204 5077 1426 5133 Omnino
1460 5072 1737 5137 mtecbari,
1771 5070 1815 5124 si
1853 5068 1972 5122 viva
2011 5066 2099 5121 illa

510 5175 734 5229 alteram
771 5173 981 5229 duxerit
1032 5169 1321 5239 :quouiam
1362 5165 1413 5221 id
1444 5162 1587 5235 quod
1624 5162 1698 5216 ait
1722 5160 1861 5214 idem
1888 5165 2101 5227 aposto-

512 5265 619 5331 lus,
653 5264 838 5319 Mulier
857 5264 1067 5334 alligata
1093 5269 1185 5327 est,
1212 5257 1456 5329 quamdiu
1480 5256 1556 5309 vir
1578 5254 1688 5323 ejus
1711 5251 1865 5313 vivit;
1900 5246 2034 5317 quod
2057 5246 2101 5299 si

514 5367 740 5411 mortuus
763 5356 909 5425 fuerit
946 5355 1019 5406 vir
1048 5354 1180 5421 ejus,
1210 5350 1418 5405 liberata
1438 5354 1544 5411 est;
1592 5342 1671 5397 cui
1701 5343 1805 5396 vult
1847 5338 2003 5393 nubat
2039 5336 2101 5408 (Ι

469 5462 476 5474 ‘
516 5448 635 5502 Cor.
667 5460 760 5510 vn,
781 5444 868 5513 10,
901 5445 989 5514 li,
1010 5442 1076 5509 59
1096 5444 1150 5514 );
1182 5442 1258 5513 sic
1287 5436 1686 5514 intelligendum
1714 5432 2004 5500 existimas,
2042 5439 2103 5485 ut

516 5518 562 5593 si
586 5536 667 5591 vir
689 5511 847 5588 fuerit
868 5511 1175 5599 fornicatus,
1197 5511 1301 5600 pro
1324 5538 1533 5584 mortuo
1559 5511 1860 5595 deputetur,
1889 5532 1942 5578 et
1961 5537 2100 5593 uxor

520 5636 618 5699 pro
639 5634 882 5688 mortua;
914 5631 968 5677 et
992 5622 1112 5676 ideo
1133 5622 1289 5675 liceat
1321 5620 1540 5678 cuilibet
1584 5619 1814 5681 illorum,
1847 5624 2099 5689 tanquam

587 5742 603 5774 ⁸
642 5739 779 5797 Editi,
820 5733 1140 5799 ﬂagitantibus
1158 5732 1392 5799 [fratribus
1414 5732 1587 5783 nostris
1607 5738 1651 5781 et
1680 5728 2021 5799 nescientibus.
2047 5735 2103 5799 ᾼι

519 5809 628 5865 glss.
646 5790 1042 5865 vocem',_nbstris
1060 5834 1074 5855 ,
1099 5790 1336 5865 collocant
1359 5802 1494 5865 post,
1520 5800 1564 5843 et
1589 5790 1935 5865 nescientibus;
1975 5797 2029 5865 ut
2054 5791 2103 5865 in

520 5856 815 5925 bisquidem
830 5851 1134 5925 domesticos
1161 5864 1213 5925 et
1227 5851 1560 5925 convictores,
1588 5856 1634 5904 in
1656 5851 1973 5916 flagitantibus
1998 5852 2101 5915 fra-

522 5915 676 5990 tribus
696 5933 815 5971 vero
835 5927 1099 5971 extraneos
1122 5915 1466 5980 intelligamus.
1548 5915 1556 5918 ⁷
1659 5915 1662 5916 ⁷
1731 5915 1738 5916 '
2000 5928 2010 5935 κ

532 5996 587 6025 t‘.

2178 1327 2301 1390 post
2339 1327 2595 1386 mortem,
2627 1321 2699 1375 ita
2729 1328 2849 1391 post
2890 1319 3293 1377 fornicationem
3331 1318 3573 1390 conjugis
3601 1318 3761 1375 alteri

2178 1412 2433 1481 copulari.

2249 1503 2475 1560 CAPUT
2512 1504 2595 1558 Ill.
2624 1535 2694 1545 —
2714 1506 2767 1561 5.
2798 1504 3071 1577 Refellitur
3098 1504 3402 1560 Pollentius.
3429 1504 3633 1572 Quibus
3661 1506 3768 1560 tuis

2179 1597 2425 1652 sensibus
2450 1598 2799 1652 consideratis
2819 1640 2835 1665 ,
2867 1599 2962 1653 abs
2997 1608 3048 1654 te
3076 1613 3279 1668 quiero,
3302 1607 3485 1653 utrum
3513 1599 3776 1668 quicum—-

2181 1702 2285 1756 que
2313 1686 2525 1742 duxerit
2559 1680 2835 1744 mulierem
2868 1704 2987 1759 qua:
3017 1690 3131 1743 viro
3158 1687 3369 1758 alligata
3394 1703 3515 1743 esse
3539 1688 3762 1743 destite-

2181 1776 2284 1844 rit,
2330 1777 2536 1832 adulter
2577 1777 2853 1833 habendns
2899 1778 3011 1832 sit?-
3056 1777 3208 1846 Quod
3236 1777 3331 1831 tibi
3369 1778 3619 1833 existimo
3655 1792 3765 1831 non

2181 1867 2369 1923 videri.
2392 1867 2514 1923 ldeo
2531 1869 2672 1923 enim
2695 1869 2884 1923 mulier-
2903 1869 3091 1923 vivente
3110 1870 3215 1922 viro
3232 1867 3489 1922 vocabitur
3511 1867 3768 1931 adultera,

2183 1958 2227 2012 si
2255 1959 2402 2027 fuerit
2430 1976 2541 2012 cum
2567 1960 2668 2013 alio
2704 1961 2846 2026 viro;
2878 1959 3127 2030 quoniam
3161 1959 3371 2030 alligata
3394 1968 3496 2023 est,
3526 1960 3771 2027 quamdiu

2184 2049 2259 2102 vir
2286 2050 2395 2119 ejus
2427 2050 2563 2103 vivit.
2588 2049 2700 2105 Hoc
2720 2059 2897 2105 autem
2927 2050 3197 2104 vinculum
3231 2049 3276 2104 si
3311 2042 3371 2104 ei
3390 2064 3509 2105 cum
3535 2049 3651 2103 viro
3680 2050 3767 2102 vi—

2185 2150 2343 2194 vente
2388 2156 2493 2195 non
2539 2140 2717 2207 esset,
2764 2142 2880 2197 sine
2923 2141 3033 2195 ullo
3068 2140 3315 2195 adulterii
3356 2141 3579 2199 crimine
3614 2141 3771 2196 alteri

2186 2233 2428 2287 nuberet.
2455 2232 2687 2289 Proinde
2722 2234 2765 2289 si
2793 2234 3001 2304 alligata
3034 2243 3114 2288 est
3152 2231 3402 2303 quamdiu
3434 2232 3516 2286 vir
3539 2231 3657 2302 ejus
3685 2232 3782 2286 ἤτ’

2186 2323 2295 2391 vit,
2326 2324 2472 2378 nullo
2511 2325 2671 2379 modo
2697 2325 2802 2379 nisi
2841 2325 2958 2379 viro
2984 2320 3196 2379 mortuo
3223 2324 3397 2378 soluta
3426 2323 3653 2378 dicenda
3690 2333 3776 2379 est

2186 2415 2255 2469 ab
2284 2415 2384 2470 hoc
2409 2415 2639 2471 vinculo.
2679 2416 2847 2472 Porro
2877 2416 2927 2472 si
2962 2424 3134 2471 morte
3159 2416 3438 2486 cujuslibet
3465 2430 3651 2470 eorum
3694 2416 3779 2470 in-

2189 2516 2270 2562 ter
2293 2508 2540 2563 maritum
2571 2518 2628 2565 et
2653 2524 2872 2567 uxorem
2901 2508 3004 2565 hoc
3031 2510 3299 2565 vinculum
3321 2509 3564 2575 solvitur,
3597 2517 3651 2564 ct
3678 2525 3780 2579 pro

2188 2609 2361 2657 morte
2403 2601 2643 2657 habenda
2684 2610 2800 2667 est,
2844 2601 2984 2657 sicut
3026 2601 3196 2669 dicis,
3238 2602 3399 2657 etiam
3456 2599 3773 2666 fornicatio,

2190 2695 2375 2766 procul
2414 2694 2576 2750 dubio
2623 2695 2725 2751 crit
2770 2694 2838 2749 ab
2867 2695 2969 2749 hoc
2995 2702 3051 2750 et
3075 2694 3267 2749 mulier
3290 2694 3463 2749 soluta
3484 2733 3499 2759 ,
3545 2676 3773 2763 quando

2190 2786 2349 2843 fuerit
2372 2786 2648 2842 fornicata.
2675 2786 2857 2858 Neque
2877 2787 3021 2842 enim
3044 2786 3149 2842 dici
3192 2787 3388 2857 poterit
3415 2786 3531 2840 hinc
3557 2786 3772 2856 alligata

2191 2877 2340 2945 viro,
2373 2876 2587 2948 quando
2623 2877 2692 2933 ab
2722 2876 2810 2931 illa
2854 2876 3013 2932 fuerit
3041 2877 3123 2930 vir
3147 2876 3373 2931 solutus.
3416 2877 3492 2931 Ac
3529 2890 3625 2945 per
3676 2875 3782 2929 hoc

2192 2975 2537 3038 posteaquam
2582 2965 2891 3022 fornicando
2929 2966 3142 3036 alligata
3183 2966 3300 3019 viro
3329 2979 3448 3021 csse
3471 2964 3774 3028 destiterit,

2192 3058 2434 3130 quisquis
2462 3073 2578 3112 eam
2607 3057 2852 3122 duxerit,
2883 3056 3094 3111 adulter
3121 3070 3227 3111 non
3257 3056 3379 3111 erit.

2263 3148 2489 3205 CAPUT
2540 3147 2628 3203 IV.
2653 3177 2725 3189 —
2744 3147 3153 3202 fornicationem
3193 3164 3285 3217 pro
3326 3155 3483 3201 morte
3509 3146 3783 3217 con-iugale

2193 3239 2450 3295 vinculum
2475 3239 2696 3294 solvente
2732 3239 3005 3311 deputare,
3048 3254 3201 3309 quam
3228 3237 3525 3292 absurdum.
3562 3237 3632 3291 Et
3661 3237 3784 3291 vitio

2194 3347 2355 3403 quam
2385 3332 2454 3387 sit
2485 3330 2813 3399 absurdum,
2860 3340 2919 3385 ut
2958 3330 3079 3386 ideo
3125 3344 3229 3384 non
3273 3330 3340 3384 sit
3383 3328 3612 3395 adulter,
3657 3328 3785 3397 quia

2195 3423 2349 3479 duxit
2384 3422 2703 3479 adulteram.
2734 3422 2846 3478 lnto
2872 3436 3031 3490 vero,
3066 3420 3210 3491 quod
3247 3430 3329 3475 cst
3358 3419 3782 3481 monstruosius,

2196 3529 2297 3570 nec
2321 3515 2433 3586 ipsa
2464 3514 2659 3569 mulier
2683 3512 2785 3568 erit
2810 3512 3051 3568 adultera
3081 3529 3094 3565 :
3119 3510 3373 3582 quoniam
3404 3526 3508 3563 non
3548 3510 3651 3564 erit
3681 3524 3784 3579 pii-.-

2196 3608 2409 3663 steriori
2435 3607 2550 3661 viro
2575 3620 2710 3664 uxor
2737 3605 2943 3670 aliena,
2972 3603 3067 3659 sed
3112 3618 3229 3659 sua.
3266 3602 3454 3657 Soluto
3497 3601 3639 3655 enim
3688 3614 3789 3669 per

2197 3698 2519 3754 adulterium
2562 3698 2740 3766 priore
2762 3695 3027 3766 conjugali
3056 3694 3267 3749 vinculo
3286 3734 3301 3759 ,
3328 3692 3645 3761 cuicumque
3671 3691 3787 3760 jam

2199 3788 2441 3858 nupserit
2470 3787 2753 3857 conjugcm
2782 3801 2887 3841 non
2931 3785 3181 3851 babenti,
3228 3798 3334 3838 non
3372 3783 3614 3838 adultera
3659 3798 3790 3837 cum

2197 3880 2443 3935 adultero
2460 3920 2477 3953 η
2502 3878 2602 3934 sed
2619 3892 2759 3933 uxor
2786 3878 2888 3933 erit
2915 3876 3088 3946 potius
3112 3889 3235 3939 cum
3262 3873 3472 3929 marito.
3499 3873 3790 3940 Quomodo

2199 3985 2328 4042 ergo
2353 3971 2455 4025 erit
2486 3985 2693 4035 verum,
2728 3967 2916 4022 Mulier
2940 3968 3153 4037 alligata
3179 3975 3282 4031 est,
3309 3964 3549 4035 quamdiu
3577 3965 3651 4019 vir
3680 3965 3793 4034 ejus

2198 4062 2358 4119 vivit?
2380 4061 2520 4116 Ecce
2546 4061 2628 4114 vir
2654 4059 2774 4130 ejus
2792 4058 2954 4125 vivit,
2978 4058 3102 4128 quia
3123 4072 3223 4112 nec
3248 4056 3316 4110 de
3340 4070 3567 4126 corpore
3595 4069 3793 4109 exces-

2200 4154 2291 4220 sit,
2318 4167 2418 4211 nec
2446 4151 2731 4207 fornicatus
2758 4159 2841 4206 est
2864 4192 2877 4213 .
2901 4150 3043 4220 quod
3070 4164 3166 4220 pro
3189 4156 3362 4204 morte
3391 4148 3472 4202 vis
3496 4146 3783 4216 deputari;

2200 4253 2256 4300 et
2276 4253 2451 4300 tamen
2483 4243 2531 4298 ci
2553 4243 2743 4297 mulier
2764 4243 2975 4312 alligata
2996 4241 3107 4312 jam
3138 4256 3244 4296 non
3270 4249 3372 4295 est.
3398 4239 3585 4295 Nonne
3611 4248 3792 4305 attcn-r

2202 4335 2285 4390 dis
2304 4350 2463 4405 quam
2490 4334 2682 4389 sithoc
2704 4341 2890 4405 contra
2916 4333 3231 4404 Apostolunt
3260 4332 3525 4387 dicentem
3546 4372 3562 4397 ,
3597 4330 3651 4384 Μ
3660 4332 3795 4385 utier

2204 4427 2416 4499 alligata
2444 4435 2549 4493 est,
2578 4425 2822 4497 quamdiu
2851 4425 2926 4482 vir
2950 4425 3060 4495 ejus
3088 4424 3247 4478 vivit?
3269 4424 3350 4478 An
3380 4423 3515 4478 forte
3544 4421 3789 4477 dicturus

2202 4535 2261 4575 es
2285 4537 2300 4575 :
2325 4519 2465 4585 Vivit
2488 4519 2725 4590 quidem,
2756 4518 2849 4573 sed
2878 4518 2959 4572 vir
2977 4517 3093 4588 ejus
3112 4517 3224 4587 jam
3248 4532 3352 4572 non
3381 4526 3497 4580 est;
3526 4517 3783 4586 quoniam

2204 4623 2331 4668 tunc
2356 4628 2475 4669 esse
2501 4612 2724 4678 destitit,
2754 4610 2967 4682 quando
2990 4610 3079 4665 illa
3111 4625 3207 4680 per
3230 4608 3550 4664 adulterium
3594 4612 3789 4678 conju-

2204 4705 2323 4776 gale
2351 4703 2619 4759 vinculum
2646 4702 2837 4759 solvit?
2864 4700 3145 4769 Quomodo
3173 4700 3333 4770 igitur
3352 4700 3543 4753 vivente
3570 4700 3678 4752 viro
3704 4715 3793 4752 vo—

2204 4796 2399 4865 cabitur
2438 4794 2701 4861 adultera,
2730 4793 2775 4848 si
2797 4792 2949 4863 fuerit
2983 4807 3098 4846 cum
3137 4792 3240 4845 alio
3279 4790 3424 4859 viro;
3452 4788 3795 4859 quandoqui-

2204 4890 2327 4947 dem
2356 4889 2439 4948 vir
2462 4888 2578 4959 ejus
2613 4887 2704 4942 ille
2740 4886 2848 4957 jam
2881 4900 2987 4940 non
3014 4892 3131 4949 est,
3161 4882 3429 4953 conjugali
3455 4881 3671 4937 vinculo
3702 4897 3797 4951 per

2203 4983 2440 5040 mulieris
2483 4979 2802 5047 adulterium
2843 4978 2955 5049 jam
3002 4975 3214 5032 soluto?
3252 4976 3368 5044 Quo
3402 4974 3546 5030 enim
3576 4975 3799 5043 vivente

2205 5076 2341 5140 vim,
2375 5073 2475 5128 nisi
2506 5087 2624 5137 suo,
2654 5070 2933 5130 vocabitur
2958 5069 3230 5134 adultera,
3267 5068 3312 5121 si
3344 5065 3505 5121 fuerit
3534 5081 3662 5121 cum
3688 5066 3800 5120 alio

2204 5168 2358 5227 viro?
2388 5167 2457 5235 At
2484 5165 2530 5220 si
2557 5165 2640 5224 vir
2658 5164 2774 5233 ejus
2797 5178 2919 5219 esse
2942 5163 3031 5217 ille
3051 5162 3161 5232 jam
3195 5160 3399 5216 destitit
3423 5176 3438 5225 ;
3466 5175 3576 5214 non
3607 5160 3799 5229 utique

2204 5261 2417 5315 vivente
2446 5258 2560 5311 viro
2597 5256 2874 5332 vocabitur
2900 5253 3138 5308 adultera
3162 5294 3179 5320 ,
3226 5254 3273 5307 si
3316 5250 3479 5307 fuerit
3517 5266 3642 5306 cum
3689 5252 3801 5305 alio

2207 5353 2359 5419 viro;
2407 5350 2502 5408 sed
2542 5350 2745 5407 nullum
2788 5347 2995 5421 habens
3042 5347 3217 5405 virum
3246 5344 3495 5400 nubendo
3528 5343 3635 5398 erit
3672 5359 3796 5398 cum

2206 5459 2305 5502 suo
2329 5444 2463 5498 viro.
2492 5442 2605 5497 Hoc
2644 5442 2733 5511 qui
2776 5440 2957 5507 sentit,
2992 5453 3170 5493 nonne
3198 5436 3376 5493 cernis
3405 5450 3564 5505 quam
3607 5443 3800 5489 contra

2207 5535 2522 5607 Apostolum
2564 5532 2795 5588 sentiat?
2824 5530 2978 5599 Quod
3017 5529 3233 5611 quidem
3278 5542 3382 5611 non
3428 5527 3544 5597 ipse
3589 5526 3798 5589 sentis,

2207 5604 2299 5685 sed
2332 5628 2434 5687 hoc
2467 5626 2706 5694 sequitur
2735 5622 2825 5703 illa
2860 5637 2979 5699 quas
3030 5604 3216 5705 sentis.
3277 5604 3423 5701 Bluta
3467 5631 3597 5697 ergo
3641 5625 3801 5684 ante-

2208 5718 2482 5782 cedentia,
2528 5715 2573 5769 si
2616 5716 2697 5769 vis
2740 5727 2935 5768 cavere
2973 5712 3282 5783 sequentia;
3328 5718 3383 5765 et
3424 5708 3533 5763 noli
3575 5708 3792 5770 dicere,

2210 5819 2473 5864 mortuum
2516 5807 2689 5873 virum
2731 5805 2813 5860 vel
2854 5812 3116 5859 mortuam
3152 5802 3372 5873 usOrem
3410 5800 3514 5855 hoc
3542 5799 3665 5873 loco
3694 5796 3793 5863 de-

2211 5901 2339 5969 bct'e
2369 5897 2589 5969 intelligi
2615 5896 2773 5963 etiam
2802 5896 3172 5952 fornicantem.
3216 5882 3219 5887 ’
3444 5884 3451 5895 “’
