4048 6560
220 454 319 510 ὃτδ

288 567 340 621 4.
372 562 742 631 Quamobrem
784 562 1075 619 secundum
1126 556 1422 619 doctrinam
1471 568 1655 609 sanant
1700 552 1827 613 Mu-

218 660 311 712 lier
345 657 561 727 alligata
601 665 675 710 est
697 696 713 721 ,
738 655 982 727 quamdiu
1018 654 1094 707 vir
1127 655 1235 724 ejus
1268 653 1421 715 vivit;
1451 650 1501 704 id
1529 658 1611 705 est
1631 690 1648 716 ,
1693 664 1827 708 non-

229 749 355 803 dum
389 763 421 802 e
450 763 686 818 corpore
712 746 989 801 abscessit.
1022 745 1210 799 Mulier
1243 744 1387 799 enim
1421 743 1517 798 sub
1549 744 1653 796 viro
1675 784 1691 809 ,
1720 743 1829 795 vivo

229 843 411 895 marito
428 883 442 905 ,
461 840 650 912 juncta
670 850 743 894 est
762 840 861 910 legi
873 855 891 903 ;
919 839 1022 894 hoc
1046 847 1127 893 est
1146 878 1160 903 ,
1184 838 1490 906 incorpore
1511 835 1823 890 constituto.

229 936 289 991 Si
326 944 497 992 autem
523 941 753 993 mortuus
780 932 961 1002 fuerit,
995 930 1096 984 hoc
1117 939 1198 984 est
1222 972 1237 993 ,
1266 928 1334 983 de
1358 944 1586 999 corpore
1612 927 1824 991 exierit,

228 1037 466 1080 evacuata
494 1032 568 1079 est
597 1041 628 1077 a
655 1024 765 1094 lege
790 1024 915 1097 viri.
940 1021 1111 1093 Igitur
1145 1023 1335 1078 vivente
1374 1021 1480 1077 viro
1506 1061 1521 1084 ,
1568 1020 1828 1074 vocabitur

227 1118 481 1179 adultera,
513 1117 558 1171 si
588 1117 741 1187 fuerit
767 1130 883 1169 cum
908 1115 1010 1171 alia
1031 1115 1158 1168 viro.
1186 1112 1248 1168 Si
1273 1120 1442 1175 autem
1470 1123 1697 1170 mortuus
1717 1115 1832 1181 [ue-

228 1210 289 1261 rit
320 1209 395 1261 vir
422 1210 568 1280 ejus,
602 1208 815 1265 liberata
840 1216 912 1260 est
939 1222 972 1258 a
1001 1207 1112 1279 lege
1153 1206 1194 1271 ¹,
1243 1215 1299 1263 ut
1329 1221 1431 1262 non
1466 1205 1529 1258 sit
1554 1204 1824 1269 adultera,

226 1304 268 1355 si
302 1302 459 1373 fuerit
497 1317 614 1354 cum
651 1300 755 1354 alio
789 1302 895 1352 viro
923 1299 1191 1369 (Ront.vu
1211 1339 1226 1365 ,
1264 1296 1300 1351 9.
1327 1306 1371 1351 et
1402 1296 1479 1367 5).
1517 1296 1643 1351 Haec
1666 1295 1827 1350 verba

228 1395 475 1465 Apostoli
509 1394 666 1447 toties
690 1391 949 1461 repetita,
982 1391 1139 1445 toties
1175 1390 1475 1457 inculcata,
1505 1403 1627 1444 vera
1664 1396 1823 1455 sunt,

224 1486 340 1537 viva
370 1492 519 1548 sunt,
549 1498 680 1538 sana
719 1491 878 1549 sunt,
911 1482 1067 1552 plana
1092 1491 1236 1536 sunt.
1265 1481 1476 1536 Nullius
1503 1481 1603 1535 viri
1637 1488 1822 1551 poste-

226 1575 389 1629 rioris
422 1574 619 1628 mulier
645 1589 782 1628 uxor
806 1572 1133 1647 esseincipit
1151 1612 1167 1639 ,
1192 1572 1294 1626 nisi
1316 1572 1508 1642 prioris
1536 1586 1656 1627 esse
1686 1569 1828 1626 desi-

227 1669 385 1721 verit.
430 1666 567 1721 Esse
590 1674 768 1719 autem
799 1664 1010 1719 desinet
1038 1679 1173 1718 uxor
1202 1663 1396 1733 prioris
1419 1705 1435 1729 ,
1480 1663 1525 1718 si
1569 1663 1829 1723 moriatur

225 1757 308 1822 vir
334 1756 494 1826 ejus;
536 1772 647 1810 non
686 1756 731 1810 si
761 1754 1073 1810 fornieetur.
1118 1755 1288 1810 Licite
1330 1754 1511 1824 itaque
1542 1753 1830 1808 dimittitur

224 1848 425 1918 conqu
456 1848 528 1902 ob
553 1861 769 1905 causam
795 1846 1193 1911 fornicationis;
1222 1844 1316 1901 sed
1346 1854 1525 1900 manet
1550 1844 1827 1900 vinculum

225 1939 455 2019 prioris,
489 1947 711 2009 propter
736 1938 878 2008 quod
906 1938 964 1992 tit
994 1953 1118 1995 reus
1139 1937 1406 2003 adulterii,
1433 1937 1523 2008 qui
1545 1936 1825 1992 dimissam

224 2034 441 2091 duxerit
469 2036 635 2089 etiam
664 2033 734 2089 ob
762 2047 979 2087 causam
1008 2030 1397 2086 fornicationis.

292 2124 526 2181 CAPUT
558 2123 627 2180 V.
659 2124 985 2195 —Conjugii
1014 2123 1271 2177 vinculum
1300 2130 1460 2176 morte
1482 2122 1664 2176 resolvi
1680 2162 1695 2186 ,
1726 2137 1830 2175 non

226 2228 394 2282 autem
410 2218 749 2289 fornicatione
770 2225 815 2272 et
845 2216 1163 2287 separatione
1190 2215 1487 2286 conjugum.
1515 2214 1665 2269 Sicut
1683 2213 1827 2268 enim

228 2318 485 2365 manente
514 2310 567 2363 in
614 2324 675 2364 se
712 2308 1064 2364 Sacramenta
1108 2307 1566 2378 regenerationis,
1607 2321 1829 2361 excom-

227 2402 536 2463 ntunicatur
578 2400 894 2471 cujusquam
925 2416 1050 2455 reus
1079 2400 1354 2466 criminis,
1386 2414 1485 2455 nec
1516 2400 1606 2454 illo
1624 2398 1831 2458 Sacra-

228 2504 416 2548 mento
440 2502 613 2558 caret,
644 2492 856 2548 etiamsi
884 2508 1152 2563 nunquam
1175 2492 1551 2547 reconcilietur
1579 2491 1689 2546 Deo
1717 2490 1831 2547 :ita

228 2591 485 2651 manente
506 2584 558 2639 in
580 2598 641 2639 se
656 2583 870 2638 vinculo
886 2582 1103 2639 fmderis
1120 2582 1432 2653 conjugalis,
1448 2597 1589 2637 uxor
1604 2582 1828 2641 dimitti-

231 2684 314 2730 tur
334 2676 406 2730 ob
426 2690 645 2741 causam
669 2674 1035 2732 fornicationis
1055 2716 1069 2741 ,
1093 2690 1194 2731 nec
1218 2675 1422 2736 carebit
1462 2675 1554 2731 illo
1583 2675 1825 2741 vinculo,

230 2767 444 2834 etiamsi
478 2782 750 2839 nunquam
780 2768 1157 2827 reconcilietur
1195 2768 1344 2834 viro;
1372 2767 1577 2824 carebit
1612 2776 1825 2837 autem,

232 2859 277 2911 si
306 2867 556 2913 mortuus
582 2858 744 2921 fuerit
769 2859 851 2913 vir
876 2860 1011 2929 ejus.
1055 2858 1202 2915 Reus
1237 2874 1366 2916 vero
1394 2860 1832 2915 excommunica—

233 2960 317 3004 tus
338 2950 462 3006 ideo
489 2966 759 3021 nunquam
781 2950 986 3005 carebit
1009 2951 1430 3022 regenerationis
1460 2950 1829 3018 Sacramento,

230 3045 393 3109 etiam
423 3059 528 3097 non
562 3043 943 3100 reconciliatus
964 3086 979 3112 ,
1012 3045 1263 3115 quoniam
1294 3060 1567 3115 nunquam
1600 3044 1832 3099 moritur

234 3135 396 3201 Deus.
428 3134 694 3191 Remanet
732 3135 912 3206 itaque
952 3145 1042 3203 ut,
1073 3137 1119 3193 si
1148 3151 1337 3206 sapere
1362 3135 1655 3191 secundum
1688 3136 1835 3205 Apo-

233 3228 429 3293 stolum
461 3228 745 3296 volumus,
776 3244 881 3284 non
914 3229 1155 3284 dicamus
1188 3229 1362 3283 virum
1402 3229 1704 3283 adulterum
1736 3243 1833 3298 pro

236 3331 453 3376 mortuo
488 3322 853 3393 deputandum
874 3364 889 3386 ,
926 3330 980 3377 et
1018 3321 1139 3377 ideo
1169 3321 1331 3377 licere
1359 3320 1510 3375 uxori
1538 3320 1653 3390 ejus
1679 3319 1834 3376 alteri

234 3418 461 3481 nubere.
502 3418 760 3487 Quamvis
806 3417 950 3472 enim
1000 3417 1071 3471 sit
1118 3431 1264 3471 mors
1317 3414 1676 3481 adulterium,
1725 3428 1833 3469 non

233 3510 480 3580 corporis
498 3550 515 3580 ,
544 3509 640 3566 sed
669 3508 813 3580 quod
850 3508 1002 3579 pejus
1031 3516 1114 3563 est
1132 3548 1147 3574 ,
1174 3508 1367 3562 anima:
1395 3523 1408 3559 :
1438 3521 1544 3560 non
1575 3515 1754 3560 tamen
1778 3514 1835 3561 et

238 3602 305 3677 de
336 3602 440 3671 ista
467 3605 487 3633 ²
518 3612 691 3657 morte
740 3602 1056 3672 loquebatur
1084 3601 1371 3675 Apostolus
1392 3641 1405 3665 ,
1434 3616 1555 3654 eum
1586 3600 1833 3671 dicebat,

241 3696 393 3760 Quod
416 3696 464 3765 si
486 3707 715 3759 mortuus
740 3696 892 3767 fuerit
915 3696 990 3757 vir
1018 3696 1126 3765 ejus
1146 3737 1158 3759 ,
1189 3695 1271 3748 cui
1300 3694 1406 3748 vult
1434 3694 1621 3758 nubat;
1648 3693 1745 3749 sed
1768 3693 1837 3750 de

234 3790 325 3843 illa
351 3790 467 3843 sola
497 3804 599 3856 qua
624 3788 691 3849 de
725 3803 951 3859 corpore
986 3789 1187 3847 exitur.
1216 3787 1482 3856 Quoniam
1511 3787 1555 3842 si
1583 3802 1677 3857 per
1706 3801 1838 3842 cou-

230 3880 373 3949 jugis
398 3879 722 3955 adulterium
746 3879 1024 3955 conjugale
1050 3879 1274 3937 solvitur
1314 3879 1582 3935 vinculum
1605 3920 1621 3945 ,
1652 3878 1836 3949 sequi-

238 3984 323 4037 tur
351 3972 441 4027 illa
474 3974 804 4043 perversitas
826 4015 841 4040 ,
864 3988 1023 4043 quam
1050 3972 1343 4033 cavendam
1375 3988 1496 4028 esse
1515 3972 1834 4040 monstravi,

235 4076 293 4119 ut
320 4075 377 4121 et
405 4066 604 4120 mulier
633 4082 726 4136 per
752 4066 1136 4135 impudicitiam
1163 4066 1399 4126 solvatur
1428 4065 1532 4127 hoc
1571 4065 1786 4123 vinculo
1816 4080 1832 4119 :

236 4172 356 4226 qua:
384 4156 435 4211 si
459 4158 703 4222 solvitur,
736 4158 901 4213 libera
928 4159 1031 4216 erit
1050 4174 1081 4213 a
1104 4158 1221 4229 lege
1247 4158 1382 4223 viri;
1413 4168 1470 4214 et
1502 4157 1623 4213 ideo
1643 4198 1659 4224 ,
1690 4156 1836 4228 quod

237 4248 680 4319 insipientissime
728 4250 943 4314 dicitur,
989 4266 1097 4305 non
1150 4251 1255 4306 erit
1303 4248 1544 4306 adultera
1590 4250 1635 4304 si
1681 4250 1841 4311 fuerit

240 4354 363 4393 cum
406 4340 516 4394 alio
545 4342 697 4408 viro,
739 4342 861 4411 quia
909 4357 1004 4412 per
1043 4341 1366 4396 adulterium
1411 4342 1633 4397 liberata
1682 4348 1767 4397 est
1807 4355 1838 4395 a

241 4440 423 4510 priore
452 4437 586 4490 viro.
613 4434 766 4502 Quod
794 4435 837 4489 si
869 4434 939 4488 ita
962 4444 1047 4490 est
1072 4450 1105 4489 a
1127 4435 1349 4489 veritate
1373 4434 1585 4490 devium
1604 4474 1619 4500 ,
1644 4442 1701 4489 ut
1720 4434 1842 4489 nul-

240 4530 322 4586 lus
348 4531 426 4597 id,
455 4543 565 4582 non
590 4526 712 4581 dico
733 4525 1085 4591 christianos,
1114 4524 1210 4580 sed
1240 4525 1507 4601 humanus
1532 4539 1721 4580 sensus
1744 4524 1845 4579 ad-

239 4621 448 4684 mittat;
494 4618 735 4689 profecto
763 4617 943 4670 mulier
984 4618 1194 4687 alligata
1222 4626 1293 4671 est
1311 4657 1328 4684 ,
1361 4616 1602 4686 quamdiu
1628 4617 1704 4669 vir
1728 4616 1840 4688 ejus

243 4714 353 4766 sivit
380 4728 400 4766 :
435 4710 581 4783 quod
612 4719 670 4765 ut
712 4709 950 4780 apertius
974 4709 1149 4768 dicam
1172 4750 1186 4775 ,
1217 4709 1472 4781 quamdiu
1515 4710 1597 4764 vir
1622 4709 1741 4779 ejus
1785 4710 1842 4765 in

243 4821 469 4877 corpore
516 4813 621 4859 est.
667 4803 788 4858 Pari
834 4818 961 4874 ergo
1007 4802 1174 4861 forma
1228 4812 1283 4858 et
1319 4804 1402 4857 vir
1439 4803 1683 4875 alligatus
1725 4812 1838 4869 est,

243 4900 497 4971 quamdiu
530 4897 723 4953 mulier
753 4896 867 4967 ejus
898 4898 947 4950 in
970 4911 1198 4966 corpore
1220 4906 1322 4951 est.
1355 4895 1509 4953 Unde
1538 4897 1582 4950 si
1622 4896 1733 4950 vult
1761 4896 1844 4955 di-

245 4996 461 5050 mittere
491 4991 795 5046 adulteram
822 5032 837 5057 ,
871 5007 976 5045 non
1006 4990 1166 5050 ducat
1192 4990 1414 5045 alteram
1437 5032 1453 5057 ,
1495 5006 1562 5045 ne
1603 4990 1744 5061 quod
1789 4991 1841 5045 in

245 5087 329 5152 illa
360 5087 584 5156 culpat,
618 5085 734 5155 ipse
758 5084 1077 5139 committat.
1111 5082 1370 5140 Similiter
1398 5092 1452 5139 et
1479 5084 1668 5137 mulier
1692 5084 1737 5138 si
1764 5082 1846 5138 di-

246 5160 408 5233 mittit
447 5177 756 5232 adulterum
779 5218 795 5243 ,
836 5190 941 5231 non
965 5176 1065 5231 sibi
1094 5176 1309 5245 c0pulct
1332 5177 1556 5231 alterum
1590 5195 1603 5229 :
1632 5177 1841 5248 alligata

246 5260 326 5326 est
353 5276 524 5336 enim,
555 5269 812 5340 quamdiu
840 5269 921 5324 vir
946 5270 1061 5340 ejus
1090 5270 1250 5335 vivit;
1282 5284 1381 5325 nec
1409 5286 1438 5323 a
1465 5271 1582 5340 lege
1607 5270 1706 5324 viri
1742 5271 1844 5325 nisi

249 5365 443 5439 mortui
487 5363 768 5429 liberatur,
802 5369 991 5423 utnon
1018 5362 1088 5416 sit
1111 5360 1390 5428 adultera,
1428 5362 1474 5416 si
1516 5362 1677 5417 fuerit
1718 5378 1842 5419 cum

249 5458 350 5532 alio
376 5457 518 5512 viro.

313 5548 546 5617 CAPUT
580 5547 666 5604 Vl.
685 5576 759 5588 --
798 5548 853 5605 5.
891 5546 1256 5609 Reconciliatio
1278 5555 1387 5619 post
1402 5548 1708 5604 adulterium
1729 5567 1845 5606 cum

248 5644 463 5715 conjuge
489 5642 818 5712 resipiscente
843 5658 998 5713 quam
1022 5644 1318 5709 conueniens
1344 5643 1639 5699 christiano.
1685 5645 1839 5713 Quod

308 5777 497 5855 Lydia,
742 5779 813 5827 est
836 5788 867 5825 a
885 5773 989 5841 lege
1008 5775 1120 5828 viri.
1146 5785 1264 5839 Vox,
1283 5774 1394 5855 viri,
1414 5778 1507 5829 hoc
1528 5779 1635 5832 loco
1656 5794 1757 5855 non»
1771 5794 1851 5833 re-
1890 5832 1903 5843 ,

249 5840 504 5914 Win?!“
834 5907 871 5914 ,.
1379 5852 1391 5914 ς
1446 5902 1458 5914 .

258 5900 270 5935 ι
312 5902 333 5934 ι
364 5903 445 5973 διο
461 5901 665 5974 codices
686 5906 797 5956 uss.
824 5907 878 5953 Αι
902 5900 1040 5966 editi,
1062 5912 1157 5955 non:
1173 5906 1333 5959 trunca
1357 5903 1417 5956 de
1440 5902 1551 5985 ista.

1548 436 1747 505 unm
1784 431 2161 498 SECUNDUS.

3432 452 3536 512 473

1933 559 2111 606 autem
2148 550 2239 606 tibi
2266 550 2457 611 durum
2482 554 2706 622 videtur,
2738 566 2793 612 ut
2823 567 2942 627 post
2967 559 3288 625 adulterium
3333 579 3526 620 recon-

1932 646 2144 708 cilietur
2168 646 2379 717 coniugi
2418 650 2645 718 conjux;
2688 651 2732 705 si
2777 652 2911 707 fides
2953 654 3124 721 adsit,
3158 671 3265 710 non
3292 658 3393 711 erit
3420 656 3524 712 du-

1935 752 2073 791 rum.
2106 737 2212 792 Cur
2232 738 2373 792 enim
2399 739 2573 795 adhuc
2597 740 2917 811 deputamus
2946 744 3217 801 adulteros
3237 789 3251 814 ,
3284 763 3420 818 quos
3444 747 3527 805 vel

1935 829 2259 899 Baptismate
2284 832 2494 888 ablutos
2511 875 2526 899 ,
2558 834 2639 889 vel
2670 836 2981 905 pmnitentia
3008 839 3278 895 credimus
3297 857 3417 897 esse
3438 858 3525 898 sa—

1938 923 2126 975 natos?
2151 922 2276 977 llsec
2300 925 2523 979 crimina
2555 926 2607 979 in
2647 936 2828 982 vetere
2855 928 2949 989 Dei
2976 929 3091 1000 lege
3129 931 3288 986 nullis
3315 935 3522 988 saerili~

1936 1014 2033 1069 ciis
2066 1017 2487 1087 mandabantur,
2539 1034 2659 1089 qua:
2714 1020 2848 1074 Novi
2897 1021 3223 1078 Testamenti
3266 1027 3527 1096 sanguine

1934 1109 2049 1163 sine
2077 1108 2407 1166 dubitatione
2432 1112 2754 1169 mundantur
2775 1114 2792 1145 ³
2816 1131 2830 1167 :
2855 1122 2908 1168 et
2930 1114 3048 1169 ideo
3067 1123 3189 1169 tunc
3205 1118 3347 1170 omni
3366 1118 3517 1172 modr

1934 1202 2258 1272 prohibitum
2290 1213 2371 1259 est
2414 1204 2482 1259 ab
2510 1205 2615 1260 alio
2655 1192 3071 1262 contaminatam
3117 1208 3235 1262 viro
3282 1210 3511 1279 recipere

1935 1310 2191 1361 uxorem;
2237 1298 2481 1367 quamvis
2508 1298 2674 1359 David
2703 1297 2878 1354 Saulis
2923 1300 3122 1365 filiam,
3170 1317 3329 1371 quam
3377 1313 3528 1371 pater

1933 1386 2174 1456 ejusdem
2227 1388 2468 1450 mulieris
2505 1389 2574 1444 ab
2613 1405 2678 1444 eo
2721 1401 3024 1461 separatam
3074 1391 3296 1446 dederat
3338 1393 3490 1446 alteri

1932 1487 2183 1550 tanquam
2209 1479 2342 1535 Novi
2384 1481 2709 1541 Testamenti
2758 1482 3127 1552 prteligurator
3152 1483 3269 1543 sine
3309 1492 3530 1538 cuncta-

1933 1570 2079 1626 tione
2105 1571 2366 1641 receperit
2397 1570 2461 1643 (ιι
2484 1570 2612 1643 Reg.
2643 1587 2733 1637 ιιι,
2764 1572 2853 1643 14)
2887 1590 2905 1627 z
2938 1588 3077 1627 nunc
3102 1583 3279 1627 autem
3312 1583 3529 1643 postea-

1933 1677 2092 1732 quam
2137 1661 2379 1718 Christus
2420 1663 2493 1717 ait
2539 1663 2830 1730 adulteraz,
2881 1662 2991 1717 Nec
3031 1680 3121 1734 ego
3164 1673 3212 1718 te
3237 1664 3528 1731 damnabo;

1934 1753 2092 1819 vade,
2125 1753 2361 1825 deinceps
2398 1755 2505 1809 noli
2541 1770 2781 1826 peccare;
2822 1754 2943 1825 quis
2987 1771 3095 1809 non
3134 1756 3390 1827 intelligat
3430 1756 3531 1812 de-

1934 1844 2062 1900 bere
2103 1846 2376 1916 ignoscere
2404 1846 2653 1901 maritum
2679 1888 2695 1914 ,
2726 1845 2869 1917 quod
2912 1846 3059 1901 videt
3102 1846 3370 1918 ignovisse
3414 1848 3527 1903 Do-

1933 1938 2136 1993 minum
2166 1938 2476 2006 amborum,
2514 1953 2612 1993 nec
2635 1938 2747 2008 jam
2786 1952 2846 1993 se
2880 1937 3078 1993 debere
3120 1938 3414 1993 adulteram
3442 1938 3524 1993 di-

1934 2046 2080 2097 cere,
2109 2030 2263 2100 cujus
2306 2032 2616 2103 poenitentis
2644 2031 2849 2088 crimen
2887 2030 3071 2086 divina
3100 2030 3273 2087 credit
3302 2032 3526 2087 misera-

1935 2122 2079 2177 tione
2099 2122 2333 2178 deletum
2353 2124 2376 2177 ’ἒ

2005 2214 2233 2270 CAPUT
2271 2214 2383 2269 VII.
2404 2245 2477 2255 —
2498 2214 2549 2271 6.
2582 2215 2760 2271 Mariti
2779 2217 3038 2277 uenientes
3062 2215 3114 2269 in
3134 2230 3316 2275 uxores
3335 2214 3528 2270 adulle-

1934 2323 2039 2373 ras,
2065 2323 2180 2360 cum
2208 2307 2307 2370 sint
2330 2318 2377 2363 et
2396 2308 2497 2379 ipsi
2516 2308 2751 2362 adulleri.
2780 2307 2885 2371 Sed
2914 2308 3018 2363 hoc
3046 2307 3294 2369 videlicet
3328 2308 3522 2362 inlide-

1934 2398 2062 2459 lium
2112 2414 2301 2455 sensus
2342 2400 2624 2467 exhorret,
2658 2398 2728 2456 ita
2760 2408 2819 2455 ut
2860 2400 3098 2459 nonnulli
3142 2400 3367 2455 modica:
3398 2399 3547 2455 fidei,

1934 2491 2020 2546 vel
2051 2492 2227 2561 potius
2265 2491 2465 2553 inimici
2494 2507 2636 2551 verae
2681 2491 2840 2558 lidei,
2870 2491 3034 2555 credo
3056 2499 3355 2551 metuentes
3394 2506 3525 2561 pec-

1935 2583 2093 2639 candi
2142 2584 2512 2654 impunitatem
2558 2583 2672 2639 dari
2723 2584 3034 2649 mulieribus
3059 2583 3200 2653 suis,
3232 2582 3361 2645 illud
3386 2581 3529 2657 quod

1935 2674 2004 2731 de
2028 2675 2287 2731 adultera:
2313 2675 2636 2747 indulgentia
2663 2675 2925 2731 Dominus
2953 2674 3116 2740 fecit,
3146 2672 3422 2736 auferrent
3458 2672 3526 2738 de

1936 2767 2211 2824 codicibus
2240 2769 2352 2824 suis
2378 2767 2457 2842 (a)
2484 2786 2498 2823 :
2526 2770 2677 2839 quasi
2710 2768 3115 2839 permissionem
3143 2767 3399 2837 peccandi
3430 2767 3530 2821 tri-

1935 2862 2113 2923 buerit
2141 2862 2230 2932 qui
2260 2862 2427 2927 dixit,
2451 2860 2573 2916 Jam
2600 2863 2833 2933 deinceps
2859 2862 2965 2916 noli
3000 2876 3243 2931 peccare;
3274 2868 3365 2914 aut
3408 2859 3533 2914 ideo

1937 2967 2045 3009 non
2084 2953 2329 3009 debuerit
2352 2954 2544 3010 mulier
2570 2968 2601 3008 a
2640 2951 2848 3009 medico
2889 2953 3001 3008 Deo
3027 2951 3168 3007 illius
3197 2950 3402 3022 peccati
3444 2966 3531 3015 re-

1937 3047 2191 3105 missione
2218 3047 2426 3112 sanari,
2450 3063 2515 3100 ne
2536 3046 2935 3101 offenderentur
2957 3044 3146 3099 insani.
3178 3043 3359 3113 Neque
3381 3043 3527 3096 enim

1937 3140 2129 3211 quibus
2159 3138 2286 3194 illud
2310 3138 2504 3201 factum
2528 3138 2739 3193 Domini
2763 3137 3026 3205 displicet,
3052 3135 3149 3205 ipsi
3175 3134 3350 3206 pudici
3381 3143 3527 3199 sunt,

1938 3241 1994 3286 et
2019 3246 2114 3287 eos
2147 3246 2370 3287 severos
2406 3230 2620 3285 castitas
2648 3228 2772 3284 facit
2803 3246 2817 3282 :
2850 3227 2943 3284 sed
2972 3227 3149 3297 potius
3179 3241 3242 3280 ex
3274 3225 3367 3279 illo
3404 3234 3533 3278 sunt

1939 3322 2214 3382 hominum
2264 3336 2525 3391 numero,
2570 3321 2763 3393 quibus
2812 3320 3069 3375 Dominus
3116 3319 3224 3386 ait,
3275 3317 3376 3383 Qui
3421 3318 3531 3379 sine

1941 3423 2143 3484 peccato
2183 3422 2254 3468 est
2286 3422 2503 3471 vestrum
2522 3454 2537 3479 ,
2568 3413 2708 3484 prior
2731 3413 2784 3465 in
2812 3428 2925 3471 eam
2954 3410 3174 3481 lapidem
3191 3410 3378 3481 jaciat.
3410 3407 3527 3463 Nisi

1940 3505 2081 3575 quod
2112 3505 2187 3559 illi
2216 3505 2541 3565 conscientia
2574 3505 2741 3561 territi
2790 3510 3167 3567 recesserunt,
3218 3510 3274 3558 et
3316 3509 3524 3563 tentare

1940 3595 2212 3651 Christum
2234 3606 2393 3667 atque
2414 3596 2709 3654 adulteram
2732 3595 2975 3665 persequi
2998 3594 3323 3649 destiterunt
3346 3592 3527 3665 (Joan.

1939 3704 2061 3756 vni,
2086 3689 2271 3761 7-H):
2299 3689 2387 3745 isti
2408 3696 2587 3745 autem
2613 3673 2667 3744 et
2700 3689 2887 3760 aegroti
2924 3686 3191 3743 medicum
3234 3685 3533 3757 reprehen-

1941 3790 2104 3857 dunt,
2133 3800 2187 3846 et
2212 3791 2264 3846 in
2290 3789 2558 3844 adulteras
2589 3788 2816 3843 adulteri
2855 3787 3083 3841 szeviunt
3121 3803 3135 3838 :
3165 3784 3357 3855 quibus
3376 3783 3422 3837 si
3447 3783 3536 3838 di-

1941 3890 2173 3948 ceretur,
2222 3896 2329 3935 non
2370 3879 2511 3950 quod
2554 3879 2629 3933 illi
2676 3878 2992 3943 audierunt,
3039 3875 3139 3943 Qui
3172 3875 3292 3943 sine
3332 3882 3537 3943 peccato

1942 3984 2015 4028 est
2032 3989 2051 4038 ;
2071 3974 2191 4044 quis
2216 3973 2358 4027 enim
2386 3972 2503 4027 sine
2530 3969 2791 4040 peccato?
2820 3968 2913 4025 sed
2936 4010 2951 4035 ,
2983 3968 3083 4035 Qui
3121 3966 3237 4021 sine
3272 3965 3375 4019 isto
3407 3979 3536 4034 pec—

1942 4074 2064 4121 cato
2089 4074 2171 4120 est
2195 4106 2211 4132 ,
2254 4065 2393 4134 prior
2421 4064 2473 4117 in
2496 4064 2637 4117 illam
2658 4062 2881 4131 lapidem
2903 4061 3104 4124 mittat;
3138 4067 3247 4114 tum
3272 4072 3398 4112 vero
3425 4057 3536 4112 lor-

1944 4160 2082 4230 sitan
2119 4158 2446 4228 cogitarent,
2487 4156 2577 4227 qui
2618 4154 3031 4225 indignabantur
3064 4151 3206 4223 quod
3236 4150 3535 4205 adulteram

1944 4265 2050 4304 non
2078 4249 2385 4312 occiderent
2408 4290 2424 4315 ,
2465 4255 2660 4318 quanta
2692 4247 2797 4302 illis
2825 4246 2918 4302 Dei
2945 4242 3312 4301 misericordia
3340 4257 3531 4312 parce-

1945 4348 2111 4401 retur.
2142 4348 2201 4399 ut
2228 4339 2453 4403 adulteri
2483 4340 2748 4403 viverent.

2014 4431 2243 4489 CAPUT
2274 4432 2409 4488 Vlll.
2443 4463 2515 4474 —
2538 4434 2591 4491 7.
2638 4430 2747 4493 Viti
2790 4431 3010 4493 adulteri
3053 4430 3259 4502 gravius
3298 4427 3541 4498 puniendi

1944 4546 2098 4604 quam
2134 4527 2380 4582 adultera:
2423 4542 2623 4581 uxores.
2650 4523 2761 4578 Lex
2784 4522 3028 4583 Antonini
3052 4564 3067 4591 ,
3097 4523 3228 4576 uiros
3257 4520 3540 4592 impudicos

1934 4694 1937 4703 ’
2013 4711 2030 4741 ¹
2065 4709 2138 4759 sic
2162 4708 2312 4758 editio
2330 4713 2407 4758 Er.
2433 4706 2615 4757 nostris
2651 4705 2716 4754 ibi
2743 4703 2993 4766 plerisque
3028 4699 3391 4766 ac‘melioribus
3429 4704 3539 4766 sise.

1947 4758 2279 4821 consentiens.
2302 4776 2353 4818 At
2367 4778 2499 4828 l.ov.,
2520 4780 2629 4831 qme
2652 4758 2767 4817 Novi
2786 4758 3129 4816 restantentiin
3145 4760 3376 4826 sanguine
3398 4758 3541 4809 Citri-

1947 4834 2010 4885 sti
2029 4832 2132 4883 sine
2155 4831 2447 4883 dubitatione
2470 4828 2782 4882 mandantur.

2013 4916 2086 4978 (a)
2120 4922 2171 4964 In
2204 4916 2379 4978 graecis
2404 4912 2652 4978 plerisque
2686 4909 3052 4978 exemplaribus
3073 4920 3169 4978 non
3191 4904 3446 4977 legebatur
3466 4901 3545 4978 hi-

1949 4970 2098 5038 storia
2119 4978 2184 5027 de
2204 4970 2425 5027 adultera
2451 4970 2677 5038 muliere.
2706 4976 2814 5038 Ejus
2836 4970 2965 5038 nulla
2999 4970 3203 5038 mentio”
3227 4970 3273 5013 in
3297 4976 3543 5038 commcn-

1950 5028 2087 5091 tariis
2122 5039 2439 5102 Chrysostomi
2465 5045 2517 5086 et
2547 5028 2887 5102 'th’Oleylasli
2910 5034 2956 5102 in
2980 5028 3290 5102 evangelium
3313 5028 3540 5102 Joannis:

1951 5088 2146 5153 tametsi
2170 5088 2283 5149 alibi
2306 5088 2965 5162 clirysostomus,'scil_icet_in
2990 5088 3183 5162 bomilia
3205 5089 3294 5147 60,
3327 5101 3442 5162 eam
3469 5088 3545 5159 hi—

1952 5148 2147 5213 storiam
2166 5148 2421 5223 agnoscat."
2435 5148 2767 5223 Hieronymus,
2790 5158 2835 5223 in
2860 5153 3051 5223 dialogo
3074 5152 3309 5223 adversus
3327 5148 3546 5223 Pelagia-

1952 5173 2147 5213 storaam
2166 5173 2412 5223 agnoscat.
2435 5173 2608 5222 Hieron
2645 5173 2767 5215 mus,
2790 5173 2835 5204 In
2860 5173 3051 5214 Ulawgu
3074 5173 3309 5209 auvcrsus
3328 5173 3544 5220 Ινυωυὶίι-

1952 5240 2043 5276 nos
2064 5225 2277 5274 secundo
2297 5259 2310 5281 ,
2335 5223 2557 5271 meminit
2579 5173 2706 5286 illius
2729 5220 2776 5266 in
2802 5219 2905 5286 haec
2930 5217 3079 5286 verba
3100 5227 3111 5261 :
3147 5232 3171 5286 ἦ
3193 5187 3544 5286 ln_E_vang_dlto,

1962 5273 2090 5344 iuit,
2107 5273 2381 5336 VSceund'um
2404 5291 2637 5331 Joannem
2660 5282 2708 5344 in
2744 5278 2992 5344 multisnet
3029 5276 3203 5338 grumis
3221 5282 3272 5323 et
3290 5273 3450 5344 latinis
3466 5286 3546 5344 eos

1962 5368 1986 5397 ι
2006 5339 2193 5398 dicibus
2215 5347 2457 5401 invenitur
2479 5344 2544 5392 de
2565 5342 2784 5408 adultera
2818 5339 3037 5408 muliere
3066 5350 3176 5408 qua:
3197 5342 3435 5408 accusata
3472 5341 3550 5408 est.

1963 5396 1985 5458 ti
2007 5396 2422 5473 apudbominum.
2447 5423 2470 5450 ν
2495 5396 2729 5473 Eusebius
2760 5396 3550 5473 Caesariensis;E_cclesiasticz.e_‘

1955 5458 2117 5529 stoi'ia’.
2142 5471 2225 5521 lin.
2251 5471 2307 5525 5,
2333 5470 2456 5517 hanc
2489 5468 2555 5516 de
2591 5466 2811 5515 adultera
2850 5458 3095 5529 historiam
3132 5461 3301 5529 .Ioainii
3339 5458 3553 5529 additam

1956 5522 2071 5585 dicit
2102 5548 2165 5582 ex
2205 5522 2464 5593 Evangelio
2497 5530 2626 5593 quod
2672 5527 2947 5593 inscribitur
2990 5523 3257 5593 secundum
3298 5522 3549 5593 Hebraeos.

1956 5598 2079 5646 Fieri
2120 5597 2275 5658 potuit
2298 5585 2461 5658 tavmen
2483 5585 2613 5658 quod
2652 5590 2946 5658 augustiuus
2976 5588 3284 5658 suspicatur,
3320 5590 3396 5658 _ut_
3420 5585 3549 5658 qupd

1957 5642 2173 5722 primum
2191 5642 2251 5705 in
2270 5656 2477 5722 _.loannis
2500 5642 2770 5722 verioribus
2794 5642 3554 5722 exemplaribus_exstabat,:Ide-

1959 5702 2163 5770 l’rééitiiii
2186 5702 2247 5769 sit
2270 5702 2514 5778 hominum
2537 5715 2915 5778 imprudentium
2929 5702 3240 5778 temeritate,
3288 5719 3351 5756 ne
3374 5702 3551 5778 ptulieo

1958 5765 2450 5843 ribusﬁadulterisfin
2471 5765 2755 5843 quas'erant
2775 5777 3056 5843 severiores
3078 5765 3339 5843 saecularcs
3374 5765 3520 5843 leges
3534 5798 3549 5827 ,

1959 5844 2190 5906 peccandi
2236 5832 2431 5894 licentia
2465 5832 2516 5894 c't
2564 5838 2819 5909 impunitas
2864 5839 2912 5889 in
2953 5834 3212 5898 Evangelia
3256 5832 3367 5883 data
3412 5842 3553 5899 νυμ-

1960 5911 2116 5961 retur.
