3986 6552
556 470 657 527 475

557 600 696 656 neque
718 599 781 637 ac
802 582 1033 637 mulieres
1052 577 1285 633 dainnari
1312 577 1540 631 volentis.
1574 576 1805 631 Virorum
1827 571 2148 644 impudicitia

557 678 718 749 pejor.
748 674 855 731 Sed
876 690 994 731 cum
1020 673 1137 727 hrcc
1160 672 1239 727 eis
1263 670 1487 726 dicimus
1505 711 1518 735 ,
1542 685 1647 724 non
1674 670 1845 723 solum
1887 666 2018 720 nihil
2048 680 2146 766 vo.-

560 768 673 823 lunt
697 765 979 821 detrahere
999 762 1302 826 severitati;
1333 761 1425 816 sed
1455 761 1755 815 irascuntur
1777 760 1995 827 insuper
2015 760 2147 810 veri-

555 861 680 927 tati,
712 866 767 914 et
795 858 1085 928 loquuntur
1123 864 1282 925 atque
1324 852 1652 924 respondent
1703 869 1715 905 :
1758 849 1865 907 Sed
1911 863 2009 904 nos
2047 847 2147 902 viri

559 969 780 1021 sumus;
810 969 878 1008 an
917 968 1046 1009 vero
1072 966 1231 1007 sexus
1260 950 1428 1004 nostri
1454 949 1682 1018 dignitas
1704 946 1842 1001 hanc
1867 942 2152 999 sustinebit

562 1048 810 1118 injuriam
832 1086 847 1112 ,
876 1054 933 1099 ut
954 1060 1073 1098 cum
1098 1044 1216 1098 aliis
1255 1040 1466 1096 feminis
1496 1048 1691 1109 praeter
1717 1052 1908 1092 uxores
1936 1043 2149 1089 nostras

560 1140 607 1193 si
651 1137 775 1208 quid
820 1137 1189 1201 admittimus,
1239 1134 1293 1188 in
1342 1131 1554 1187 luendis
1598 1130 1771 1201 pceuis
1832 1126 2147 1183 mulieribus

562 1227 975 1299 comparemur?
996 1226 1155 1294 Quasi
1184 1240 1287 1279 non
1312 1232 1593 1294 propterea
1632 1221 1800 1292 magis
1827 1219 2055 1275 debeant
2081 1217 2151 1272 il-

564 1322 736 1376 licitas
791 1319 1250 1390 concupiscentias
1304 1317 1532 1371 viriliter
1586 1315 1835 1381 frenare,
1883 1313 2006 1383 quia
2050 1310 2152 1366 viri

568 1413 728 1469 sunt?
756 1413 909 1483 quasi
940 1427 1044 1466 non
1075 1419 1359 1482 propterea
1386 1408 1556 1478 magis
1582 1407 1811 1462 debeant
1839 1403 2152 1460 mulieribus

566 1506 678 1560 suis
718 1504 785 1560 ad
828 1504 1037 1559 virtutis
1081 1503 1240 1573 hujus
1280 1501 1580 1571 exemplum
1623 1514 1682 1556 se
1722 1498 1961 1569 praebere
1985 1539 1999 1565 ,
2030 1498 2153 1567 quia

565 1595 665 1650 viri
687 1604 804 1650 sunt
828 1594 851 1648 ?
878 1594 1026 1665 quasi
1054 1609 1159 1648 non
1207 1602 1489 1663 propterea
1518 1590 1693 1644 minus
1720 1589 1950 1645 debeant
1977 1603 2006 1641 a
2034 1587 2155 1642 libi-

565 1689 692 1744 dine
720 1689 989 1758 superari,
1018 1688 1139 1758 quia
1181 1688 1280 1742 viri
1321 1687 1489 1741 sunt?
1531 1685 1683 1756 quasi
1732 1699 1837 1739 non
1870 1690 2154 1753 propterea

567 1785 744 1839 minus
789 1783 1017 1838 debeant
1068 1782 1367 1837 lascivienti
1417 1780 1562 1836 carni
1613 1780 1851 1843 servire,
1883 1777 2006 1848 quia
2053 1775 2154 1830 viri

568 1876 729 1932 sunt?
755 1876 822 1931 Et
843 1884 1020 1930 tamen
1043 1875 1405 1946 indignantur,
1420 1873 1697 1928 siaudiant
1718 1872 1989 1926 adulteros
2011 1869 2155 1924 viros

571 1964 807 2037 pendere
846 1966 1052 2021 similes
1093 1966 1349 2021 adulteris
1377 1964 1586 2019 feminis
1615 1977 1833 2034 pmnas;
1861 1977 1983 2016 cum
2008 1967 2154 2014 tanto

566 2057 780 2128 gravius
809 2072 902 2112 eos
948 2057 1125 2127 puniri
1157 2057 1484 2127 oportuerit,
1530 2064 1727 2125 quanto
1770 2052 1938 2123 magis
1966 2050 2032 2105 ad
2063 2064 2156 2105 eos

570 2150 803 2219 pertinet
831 2158 884 2204 ct
904 2149 1098 2204 virtute
1124 2148 1340 2204 vincere
1363 2190 1377 2214 ,
1406 2157 1461 2203 et
1499 2146 1756 2217 exemplo
1783 2159 1971 2215 regere
2000 2142 2155 2198 femi-

570 2254 686 2293 nas.
708 2239 1023 2295 Christianis
1044 2239 1291 2310 equidem
1318 2239 1526 2309 loquor,
1545 2238 1633 2309 qui
1663 2236 1887 2293 fideliter
1913 2234 2152 2300 audiunt,

570 2328 737 2400 Caput
765 2330 990 2384 mulieris
1027 2332 1103 2384 vir
1147 2330 1365 2401 (Ep/tes.
1392 2346 1444 2397 v,
1472 2329 1564 2399 25)
1597 2346 1611 2381 :
1639 2328 1728 2384 ubi
1771 2343 1830 2383 se
1864 2332 2159 2397 agnoscunt

568 2423 764 2490 duces,
804 2423 920 2478 illas
945 2432 1123 2479 autem
1166 2423 1386 2482 comites
1411 2437 1530 2477 esse
1572 2421 1803 2487 debere;
1834 2429 1889 2475 et
1916 2419 2035 2475 ideo
2063 2433 2156 2473 ca-

566 2512 795 2567 vendum
822 2513 936 2567 viro
958 2514 1077 2569 illac
1101 2514 1177 2569 ire
1205 2514 1435 2569 vivendo
1455 2555 1468 2576 .
1501 2528 1603 2584 qua
1632 2514 1785 2567 timet
1810 2526 1876 2567 ne
1906 2526 2047 2566 uxor
2072 2525 2158 2565 se-

570 2613 764 2674 quatur
792 2604 1066 2660 imitando.
1092 2604 1198 2660 Sed
1221 2606 1305 2660 isti
1328 2604 1521 2676 quibus
1550 2603 1798 2675 displicet
1822 2611 1881 2657 ut
1909 2603 2050 2657 inter
2079 2600 2160 2656 vi-

565 2709 684 2748 rum
712 2703 765 2749 et
790 2710 1013 2751 uxorem
1044 2710 1139 2765 par
1178 2695 1444 2765 pudicitiae
1488 2694 1659 2750 forma
1684 2702 1945 2758 servetur,
1976 2701 2031 2748 et
2059 2707 2171 2763 po-_

568 2788 673 2841 tius
701 2787 935 2857 eligunt,
959 2788 1298 2858 maximeque
1319 2788 1371 2842 in
1395 2786 1496 2841 hac
1516 2802 1673 2841 causa
1696 2828 1711 2852 ,
1740 2784 1924 2840 mundi
1950 2784 2158 2854 legibus

566 2878 763 2933 subditi
793 2894 912 2934 esse
940 2895 1098 2949 quam
1128 2878 1349 2945 Christi,
1372 2880 1623 2949 quoniam
1646 2879 1764 2948 jura
1792 2879 2023 2933 forensia
2048 2891 2156 2933 non

568 2969 769 3024 eisdem
800 2970 991 3039 quibus
1015 2969 1241 3025 feminas
1265 2970 1534 3041 pudicitiae
1559 2970 1786 3024 nexibus
1808 2969 1956 3024 viros
1974 2968 2159 3025 viden-

572 3067 660 3111 tur
693 3057 1067 3127 obstringere;
1098 3059 1274 3128 legant
1300 3058 1427 3128 quid
1460 3060 1748 3129 imperator
1773 3058 2071 3115 Antoninus
2110 3058 2154 3125 ¹,

570 3165 680 3203 ηοη
707 3151 887 3220 utique
916 3150 1267 3217 Christianus,
1300 3151 1369 3205 de
1410 3152 1511 3207 hac
1557 3168 1616 3208 re
1658 3152 2033 3217 constituerit,
2063 3150 2155 3207 ubi

566 3241 791 3329 maritus
821 3256 1042 3295 uxorem
1079 3240 1144 3296 de
1183 3241 1429 3297 adulterii
1474 3242 1699 3298 crimine
1748 3258 2002 3299 accusare
2045 3259 2152 3299 non

567 3331 778 3396 sinitur,
803 3331 887 3385 cui
911 3332 1149 3387 moribus
1179 3334 1289 3388 suis
1314 3349 1422 3388 non
1449 3335 1674 3405 praebuit
1697 3336 1953 3391 castitatis
1974 3353 2155 3393 exem-

566 3422 713 3491 plum
735 3464 750 3488 ,
796 3422 868 3477 ita
917 3432 974 3477 ut
1012 3424 1170 3479 ambo
1196 3425 1535 3493 damnentur,
1565 3427 1609 3481 si
1638 3427 1798 3483 ambo
1826 3428 2022 3498 pariter
2051 3430 2155 3484 im-

567 3513 789 3583 pudicos
812 3514 1090 3571 conflictus
1138 3516 1252 3586 ipse
1296 3518 1603 3574 convicerit.
1648 3520 1780 3575 Nam
1828 3537 1985 3591 supra
2024 3522 2155 3578 dicti

566 3606 903 3675 imperatoris
929 3607 1042 3662 hazc
1067 3609 1228 3664 verba
1255 3617 1414 3678 sunt,
1454 3626 1572 3682 qua:
1600 3612 1737 3683 apud
1766 3612 2153 3683 Gregorianum

566 3696 813 3767 leguntur
857 3698 930 3769 (a)
964 3716 979 3752 :
1012 3698 1186 3767 Sane,
1219 3700 1418 3771 inquit,
1464 3719 1590 3757 mea:
1618 3704 1797 3758 littera:
1826 3704 1968 3759 nulla
2012 3713 2156 3775 parte

569 3804 736 3841 causa!
756 3790 1177 3859 prtejudicabunt.
1210 3790 1388 3862 Neque
1411 3794 1545 3847 enim
1569 3794 1612 3848 si
1637 3811 1785 3865 penes
1812 3804 1857 3849 te
1882 3796 2033 3865 culpa
2056 3798 2154 3867 [uit

563 3886 621 3929 ut
644 3879 1017 3934 matrimonium
1044 3881 1337 3949 solveretur,
1368 3893 1414 3938 et
1443 3886 1721 3939 secundum
1763 3887 1919 3958 legem
1954 3886 2152 3942 Iuliam

561 3967 793 4042 Eupasia
837 3988 967 4026 uxor
1023 3981 1110 4028 tua
1169 3974 1406 4042 nuberet,
1457 3987 1663 4047 propter
1707 3978 1800 4032 hoc
1851 3978 2152 4049 rescriptum

561 4081 726 4118 meum
755 4066 993 4120 adulterii
1022 4067 1265 4122 damnata
1291 4069 1412 4132 erit,
1443 4071 1540 4125 nisi
1565 4080 1756 4125 constet
1777 4088 1882 4125 esse
1910 4071 2150 4125 commis-

560 4171 689 4209 sum.
735 4154 1001 4211 Habebunt
1039 4167 1206 4212 autem
1249 4169 1366 4213 ante
1403 4162 1576 4216 oculos
1616 4164 1711 4216 hoc
1753 4163 2039 4232 inquirere,
2084 4179 2150 4216 an

562 4262 673 4299 cum
694 4256 747 4299 tu
773 4249 952 4317 pudice
980 4251 1165 4305 viveres
1188 4293 1204 4317 ,
1234 4252 1313 4305 illi
1340 4269 1534 4324 quoque
1572 4254 1727 4309 bonos
1753 4271 1917 4308 mores
1953 4254 2150 4308 colendi

562 4348 740 4391 auctor
762 4339 921 4408 fuisti.
954 4339 1286 4411 Periniquum
1314 4343 1445 4397 enim
1476 4344 1599 4397 milii
1624 4345 1821 4399 videtur
1842 4362 1949 4399 esse
1972 4355 2027 4398 ut
2049 4361 2148 4414 pu-

562 4429 788 4483 dicitiam
829 4432 906 4485 vir
948 4432 1010 4487 ab
1040 4450 1197 4489 uxore
1233 4437 1432 4508 exigat,
1465 4455 1615 4508 quam
1642 4441 1749 4510 ipse
1774 4457 1873 4494 non
1904 4439 2100 4493 exhibet
2128 4456 2147 4494 :

561 4537 673 4590 qua:
707 4540 784 4577 res
828 4534 987 4595 potest
1032 4535 1078 4581 ct
1115 4533 1277 4583 virum
1311 4531 1585 4599 damnare,
1632 4550 1733 4587 non
1763 4533 1824 4587 ob
1853 4550 2149 4605 compensa-

561 4614 746 4669 tionem
771 4622 929 4672 mutui
955 4621 1179 4677 criminis
1218 4641 1322 4678 rem
1352 4626 1482 4679 inter
1513 4637 1781 4696 utrumque
1808 4645 2108 4698 componere
2126 4671 2141 4697 ,

559 4708 635 4765 vel
657 4725 858 4764 causam
897 4714 1018 4784 facti
1044 4714 1235 4771 tollere.
1269 4716 1325 4773 Si
1357 4718 1471 4774 htcc
1498 4720 1829 4775 observanda
1854 4730 1980 4775 sunt
2020 4735 2149 4791 pro-

558 4809 675 4869 pter
700 4800 861 4858 decus
885 4813 1109 4861 terrente
1138 4807 1397 4875 civitatis;
1421 4821 1618 4880 quanto
1656 4813 1914 4867 castiores
1952 4811 2145 4883 qumrit

555 4895 788 4952 ctelestis
822 4899 989 4967 patria
1018 4908 1072 4955 et
1112 4903 1339 4959 societas
1370 4906 1734 4976 Angelnrum?
1760 4907 1889 4975 Qua:
1914 4924 2039 4962 cum
2072 4908 2145 4964 ita

551 4987 685 5054 sint,
716 4991 970 5061 numquid
1001 4991 1117 5048 ideo
1156 4994 1332 5049 minor
1358 5004 1441 5050 est
1464 5038 1478 5063 ,
1506 5011 1569 5051 ac
1599 5013 1706 5051 non
1752 5000 1928 5068 potius
1974 4999 2146 5070 major

550 5087 605 5134 et
634 5080 781 5149 pejor
806 5084 1039 5137 virorum
1064 5085 1392 5155 impudicitia
1416 5127 1432 5153 ,
1458 5088 1577 5157 quia
1608 5088 1749 5143 inest
1789 5091 1891 5144 illis
1913 5091 2143 5161 superba

550 5181 604 5226 et
648 5171 923 5231 licentiosa
966 5177 1261 5247 jactantia?
1304 5180 1419 5235 Non
1466 5181 1624 5250 igitur
1672 5183 1995 5240 exhorreaut
2040 5186 2142 5241 viri

549 5263 692 5331 quod
720 5265 972 5321 adultera:
1012 5266 1255 5325 Christus
1298 5270 1549 5340 ignovit:
1594 5273 1687 5328 sed
1735 5275 1912 5344 potius
1943 5291 2141 5344 cogno-

550 5363 703 5409 scant
741 5356 900 5411 etiam
943 5360 1231 5426 periculum
1275 5378 1427 5417 suum
1448 5404 1463 5428 ,
1495 5372 1549 5418 et
1575 5367 1733 5420 simili
1766 5368 1955 5422 morbo
1987 5368 2139 5423 labo-

548 5452 732 5499 rantes
760 5446 825 5499 ad
850 5448 1097 5504 eumdem
1123 5450 1452 5509 Salvatorem
1480 5458 1701 5526 supplici
1729 5459 1927 5528 pietate
1955 5460 2141 5515 confu-

616 5603 634 5632 ι
666 5600 834 5710 ,ξόίιὶἑῖ
867 5606 1151 5665 Erasmiana,
1208 5609 1431 5662 Antonius
1462 5624 1479 5661 :
1513 5612 1641 5664 male
1681 5623 1729 5668 et
1781 5618 2139 5683 refragantibus

616 5677 677 5710 ml
718 5676 776 5710 llS
838 5676 904 5710 SS.

547 5675 776 5711 omnmus
799 5675 904 5711 MSS.

611 5726 689 5794 (a)_
700 5726 986 5805 ,εΗ-θεοτίηηὶ
1011 5728 1099 5805 γῆς
1113 5728 1273 5802 aliqua
1294 5746 1420 5805 nunc
1434 5745 1696 5805 supersunt
1707 5739 1997 5805 fragmenta,
2010 5746 2138 5796 inter

546 5786 761 5862 quasilla
784 5788 999 5862 cernitur
1020 5786 1237 5862 antonini
1254 5786 1537 5862 constitutio
1547 5786 2136 5862 ⁸[οιὶᾱιέἦιῂἶῗξέῦῘῆξ-ξξ’ἑῖὲὲ
2172 5812 2185 5826 '

546 5847 636 5928 tullo
657 5851 765 5910 ipso
798 5852 1214 5928 qugustini‘lilp'o,
1241 5856 1644 5928 credimus-illuc
1657 5847 2137 5928 iiiijpéa'ﬁﬁsvpiig

547 5907 752 5960 hahetur
775 5908 917 5959 etiam
942 5913 1065 5975 apud
1088 5913 1352 5977 Llpianuin,
1377 5920 1399 5979 §
1423 5907 1498 5980 5.,
1516 5920 1598 5967 lib.
1631 5922 1683 5969 15
1703 5907 1761 5974 ii..-
1779 5907 1945 5977 adulti

1458 458 1545 513 DE
1582 453 1931 514 CONJUGIIS
1969 451 2453 521 ADULTERINIS,
2494 452 2550 509 S.
2595 451 2967 511 AUGUSTINI

3746 465 3843 523 476

2258 572 2435 639 giant;
2488 577 2543 625 et
2594 569 2736 640 quod
2784 570 2837 624 in
2882 569 2972 625 illa
3016 568 3216 625 factum
3268 569 3486 639 legunt,
3537 575 3702 632 etiam
3750 579 3845 635 sibi

2256 664 2614 717 necessarium
2666 675 2786 716 esse
2846 660 3132 729 fateantur,
3182 663 3573 723 adulteriorum
3634 684 3847 729 suorum

2255 753 2573 809 medicinam
2603 752 2931 823 suscipiant,
2963 753 3263 812 adulterare
3289 757 3403 827 jam
3427 759 3680 818 desinant
3699 806 3716 831 ,
3740 761 3850 819 lau-

2256 846 2387 902 dent
2423 847 2476 901 in
2516 861 2574 901 se
2620 846 2715 902 Dei
2744 847 3052 917 patientiam
3074 891 3089 916 ,
3116 860 3277 921 agant
3306 854 3674 922 paenitentiam
3694 898 3713 924 ,
3763 874 3849 914 su—

2255 946 2404 993 mant
2446 938 2828 1008 indulgentiam
2850 981 2864 1004 ,
2896 948 3103 996 mutent
3127 941 3195 997 de
3225 958 3383 1014 poena
3425 944 3757 1003 feminarum
3800 959 3850 1006 et

2256 1028 2325 1085 de
2350 1043 2441 1083 sua
2474 1029 2788 1099 impunitate
2809 1031 3151 1087 sententiam.

2327 1122 2555 1179 CAPUT
2582 1123 2671 1177 IX.
2689 1155 2761 1164 —
2779 1125 2833 1179 8.
2859 1124 3057 1181 Nolens
3082 1128 3403 1185 reconciliari
3430 1131 3673 1188 adulterat
3699 1136 3852 1190 uxori

2257 1230 2359 1269 non
2400 1222 2558 1284 potest
2602 1216 2749 1270 alteri
2792 1216 2999 1272 nubere.
3044 1218 3248 1286 Quibus
3294 1223 3645 1280 consideratis
3692 1236 3853 1297 atque

2261 1305 2517 1371 tractatis,
2551 1305 2596 1360 si
2651 1308 2952 1365 communis
2999 1310 3255 1377 conditio,
3286 1328 3574 1372 commune
3624 1319 3853 1388 malum,

2258 1408 2543 1451 commune
2591 1398 2914 1467 periculum,
2965 1415 3251 1458 commune
3292 1406 3512 1475 vulnus,
3552 1413 3857 1468 communis

2258 1485 2422 1552 salus,
2450 1486 2677 1543 ﬁdeliter
2704 1497 2758 1544 et
2785 1488 3059 1547 humiliter
3083 1494 3376 1564 cogitetur;
3406 1513 3510 1553 non
3532 1500 3636 1555 erit
3656 1503 3854 1573 turpis,

2258 1590 2431 1645 neque
2460 1576 2712 1645 difficilis,
2751 1580 2911 1635 etiam
2939 1591 3059 1651 post
3096 1593 3400 1656 perpetrata
3436 1596 3595 1659 atque
3626 1602 3857 1663 purgata

2258 1665 2516 1722 adulteria
2541 1670 2907 1727 reconciliatio
2933 1674 3242 1745 conjugum,
3263 1678 3354 1733 ubi
3384 1694 3477 1748 per
3495 1681 3673 1737 claves
3702 1685 3857 1755 regni

2258 1763 2517 1818 caelorum
2562 1779 2665 1819 non
2710 1765 2985 1822 dubitatur
3025 1768 3143 1824 fieri
3188 1773 3434 1828 remissio
3475 1786 3857 1845 peccatorum:

2260 1869 2365 1907 non
2392 1862 2448 1909 ut
2476 1865 2597 1925 post
2622 1856 2725 1911 viri
2764 1855 3050 1914 divortium
3077 1860 3319 1918 adultera
3344 1876 3640 1933 revocetur,
3666 1869 3774 1925 sed
3809 1881 3861 1927 ut

2260 1954 2382 2014 post
2407 1944 2603 2001 Christi
2629 1948 2957 2003 consortium
2989 1950 3228 2007 adultera
3256 1968 3360 2009 non
3390 1966 3629 2013 vocetur.
3653 1958 3859 2017 Verum

2260 2050 2386 2090 ecce
2416 2052 2524 2091 non
2555 2038 2665 2104 fiat,
2699 2054 2860 2094 nemo
2899 2043 3195 2112 compellit,
3231 2046 3356 2115 quia
3390 2046 3527 2103 forte
3563 2049 3653 2104 lex
3680 2052 3858 2122 aliqua

2262 2126 2420 2196 hujus
2450 2129 2634 2184 saeculi
2670 2138 2817 2185 vetat
2852 2132 3147 2188 secundum
3192 2144 3419 2192 terrena:
3461 2139 3689 2195 civitatis
3738 2158 3858 2199 mo-

2260 2217 2409 2283 dum,
2434 2219 2529 2274 ubi
2558 2221 2787 2292 cogitata
2816 2238 2921 2278 non
2949 2232 3032 2279 est
3059 2226 3279 2281 abolitio
3307 2230 3589 2285 criminum
3618 2248 3716 2303 per
3736 2250 3859 2290 san-

2260 2313 2474 2385 guinem
2502 2324 2767 2370 sanctum.
2798 2316 3133 2388 Suscipiatur
3167 2335 3295 2391 ergo
3325 2323 3670 2391 continentia,
3696 2342 3857 2395 quam

2261 2405 2407 2460 nulla
2439 2406 2523 2461 lex
2556 2407 2837 2477 prohibet;
2884 2410 2937 2464 in
2982 2410 3085 2467 alia
3132 2428 3238 2467 non
3278 2423 3433 2470 eatur
3467 2416 3751 2473 adulteria.
3800 2422 3859 2476 Et

2260 2496 2391 2566 quid
2420 2496 2487 2551 ad
2530 2513 2650 2565 nos,
2681 2500 2729 2553 si
2761 2515 2859 2555 nec
2893 2501 3080 2557 saltem
3109 2502 3287 2560 divina
3322 2506 3669 2565 miseratione
3696 2527 3856 2567 mun-

2261 2589 2381 2644 data
2427 2591 2620 2645 marito
2647 2594 3051 2650 reconcilietur‘
3078 2596 3341 2666 adultera,
3368 2599 3493 2655 dum
3535 2610 3718 2659 tamen
3750 2622 3852 2661 non

2261 2682 2616 2738 reconciliatis
2642 2683 2921 2749 adulteris,
2946 2703 3052 2742 non
3082 2688 3183 2743 alia
3227 2691 3356 2745 fiant
3382 2694 3537 2763 quasi
3566 2697 3852 2764 connubia,

2260 2787 2379 2842 qua:
2403 2774 2801 2841 convincuntur
2837 2791 2959 2833 esse
2997 2778 3297 2836 adulteria?
3338 2782 3530 2838 Mulier
3566 2787 3712 2841 enim
3742 2790 3855 2842 alli-

2260 2871 2379 2935 gata
2413 2873 2502 2930 est,
2531 2866 2776 2935 quamdiu
2805 2869 2881 2921 vir
2915 2872 3024 2940 ejus
3061 2872 3179 2925 vivit
3210 2872 3261 2944 (Ι
3281 2873 3401 2929 Cor.
3428 2892 3523 2942 vn,
3558 2877 3677 2948 59).
3721 2879 3854 2951 Ergo

2261 2966 2657 3026 consequenter
2699 2968 2755 3014 et
2798 2960 2880 3014 vir
2919 2962 3165 3033 alligatus
3211 2974 3323 3032 est,
3367 2969 3626 3037 quamdiu
3672 2973 3853 3028 mulier

2260 3047 2378 3118 ejus
2406 3049 2555 3104 vivit.
2602 3049 2730 3107 Haec
2772 3052 3005 3123 alligatio
3050 3056 3173 3112 facit
3199 3069 3257 3113 ut
3284 3059 3403 3115 aliis
3442 3063 3702 3135 conjungi
3749 3066 3853 3122 sine

2260 3138 2558 3195 adulterina
2581 3143 2919 3212 c0pulatione
2944 3162 3051 3202 non
3080 3150 3303 3218 possint.
3336 3150 3487 3207 Unde
3519 3169 3752 3212 necesse
3778 3166 3853 3213 est

2259 3244 2326 3285 cx
2353 3229 2561 3288 duobus
2604 3234 2921 3307 conjugibus
2956 3248 3186 3308 quatuor
3220 3242 3491 3299 adulteros
3538 3247 3682 3314 fieri,
3730 3250 3771 3303 si
3805 3260 3853 3306 et

2262 3319 2350 3376 illa
2373 3321 2525 3378 alteri
2564 3326 2827 3396 nupserit,
2856 3337 2911 3385 et
2936 3329 3026 3387 ille
3053 3332 3275 3388 alteram
3304 3334 3573 3393 duxerit’.
3605 3338 3853 3407 Quamvis

2258 3415 2400 3471 enim
2450 3418 2762 3475 sceleratius
2792 3422 3113 3491 mmchetur,
3146 3427 3235 3497 qui
3276 3442 3385 3483 non
3412 3444 3577 3486 causa
3624 3433 3851 3490 fornica-

2257 3506 2419 3562 tionis
2449 3523 2618 3566 uxore
2640 3511 2859 3568 dimissa
2892 3514 3113 3571 alteram
3137 3517 3314 3585 ducit;
3347 3521 3487 3591 quod
3510 3539 3688 3593 genus
3715 3526 3853 3582 adul-

2259 3600 2376 3656 terii
2399 3607 2838 3662 commemoravit
2867 3608 3177 3666 Matthzeus:
3198 3620 3378 3669 tamen
3410 3631 3518 3671 non
3544 3618 3725 3674 solum
3749 3622 3852 3691 ipse

2254 3693 2576 3761 mmchatur,
2605 3697 2722 3765 sed,
2769 3700 2926 3755 sicuti
2946 3711 3030 3757 est
3066 3704 3206 3774 apud
3251 3704 3505 3775 Marcum,
3543 3709 3855 3784 Quicumque

2256 3786 2508 3841 dimiserit
2548 3805 2760 3844 uxorem
2797 3809 2963 3859 suam,
3000 3804 3046 3849 et
3089 3797 3245 3851 aliam
3284 3798 3505 3865 duxerit,
3547 3804 3851 3860 adulterium

2256 3874 2520 3935 committit
2545 3900 2697 3954 super
2721 3901 2873 3952 eam;
2902 3897 2947 3942 et
2986 3890 3031 3943 si
3056 3906 3188 3944 uxor
3221 3892 3467 3948 dimiserit
3490 3896 3659 3950 virum
3687 3916 3851 3966 suum,

2255 3982 2301 4026 et
2325 3974 2417 4027 alii
2432 3976 2676 4045 nupserit,
2699 3978 2978 4034 mica/tatur
3005 3979 3195 4051 (Marc.
3225 3999 3285 4049 χ,
3315 3986 3373 4040 il
3403 3994 3451 4039 et
3474 3985 3600 4058 12);
3631 3998 3689 4043 et
3704 3991 3854 4045 sicuti

2255 4072 2338 4119 est
2365 4065 2503 4135 apud
2534 4066 2752 4136 Lucam,
2779 4069 2959 4125 Omnis
2999 4074 3084 4143 qui
3124 4074 3333 4129 dimittit
3368 4093 3580 4131 uxorem
3620 4097 3786 4144 suam,
3810 4091 3854 4135 et

2256 4156 2395 4210 ducit
2422 4159 2653 4225 alterum,
2678 4163 2961 4217 mwcltatur
2977 4182 2997 4229 ;
3029 4174 3075 4219 et
3099 4168 3187 4235 qui
3212 4168 3472 4223 dimissam
3492 4187 3525 4223 a
3544 4172 3655 4225 viro
3690 4174 3851 4229 duxe-

2254 4250 2340 4315 rit,
2372 4252 2651 4307 max/tatur
2694 4253 2841 4325 (Luc.
2880 4273 2989 4324 1m,
3038 4257 3148 4330 18).
3183 4261 3259 4316 De
3296 4262 3489 4332 quibus
3533 4266 3852 4322 testimoniis

2249 4341 2359 4412 jam
2390 4343 2520 4397 satis
2551 4344 2603 4397 in
2634 4344 2775 4400 libro
2808 4349 3086 4417 superiore
3109 4350 3360 4407 disserui.

2324 4435 2553 4492 CAPUT
2590 4436 2749 4491 X.—
2785 4439 2841 4495 9.
2882 4440 3316 4499 Incontinentium
3348 4448 3581 4517 querelas
3607 4451 3852 4506 adversus

2254 4527 2412 4598 legem
2449 4527 2636 4582 Christi
2678 4532 2891 4587 vetantis
2929 4534 3078 4587 alteri
3117 4537 3303 4591 nubere
3342 4538 3554 4593 dimissa
3592 4543 3847 4611 adultera,

2253 4618 2444 4688 frustra
2465 4620 2723 4692 objectari.
2748 4623 2808 4678 Si
2828 4625 3244 4682 incontinentium
3255 4632 3472 4699 querelae
3489 4633 3849 4701 admittuntur,

2253 4713 2587 4782 permittenda
2608 4715 2863 4771 adulteria
2896 4719 2949 4772 in
2976 4721 3151 4776 multis
3175 4723 3393 4778 casibus.
3421 4724 3624 4779 Iustior
3656 4728 3850 4783 ridebi—

2253 4814 2336 4858 tur
2370 4808 2573 4875 querela
2617 4808 2839 4864 mulieris
2871 4822 3051 4880 pra’ter
3096 4817 3480 4885 fornicationem
3524 4820 3756 4876 dimissa:
3797 4834 3846 4877 et

2252 4898 2437 4952 nubere
2462 4900 2611 4953 alteri
2638 4903 2903 4971 cupientis.
2946 4904 3049 4960 Sed
3084 4908 3379 4978 respondes
3418 4911 3550 4967 mihi
3580 4932 3592 4966 :
3628 4915 3851 4970 «Conti-

2258 5009 2277 5041 ι
2312 5000 2502 5047 uenter
2536 4993 2716 5049 vivere
2738 5011 3031 5064 paucorum
3062 5008 3176 5064 est;
3220 5010 3275 5055 et
3304 5003 3423 5057 ideo
3451 5007 3541 5074 qui
3572 5005 3851 5062 fornican—

2256 5100 2276 5135 ι
2311 5091 2392 5139 tes
2426 5084 2683 5156 conjuges
2708 5087 3048 5156 dimiserunt,
3078 5094 3329 5162 quoniam
3360 5112 3467 5150 non
3494 5110 3726 5165 possunt
3762 5117 3851 5156 re-

2255 5194 2276 5227 c
2309 5177 2604 5245 conciliari,
2648 5188 2852 5235 tantum
2885 5196 2945 5237 se
2985 5184 3169 5240 vident
3216 5188 3527 5255 periclitari,
3571 5200 3630 5247 ut
3675 5193 3848 5263 legem

2256 5286 2275 5320 ‹
2312 5268 2509 5325 Christi
2541 5286 2647 5327 non
2675 5272 2981 5343 humanam,
3014 5277 3106 5332 sed
3147 5278 3366 5337 feralem
3410 5286 3780 5353 pronuntient.
3824 5306 3843 5339 ι

2248 5363 2294 5418 Ο
2322 5364 2503 5431 frater,
2542 5376 2798 5435 quantum
2833 5368 2898 5422 ad
2942 5370 3341 5428 incontinentes
3371 5376 3621 5445 pertinet,
3652 5379 3847 5434 multas

2247 5457 2494 5525 querelas
2554 5458 2751 5514 habere
2797 5470 3055 5531 possunt,
3100 5466 3311 5534 quibus,
3362 5475 3422 5522 ut
3461 5468 3618 5537 dicis,
3670 5473 3842 5543 legem

2246 5547 2443 5602 Christi
2486 5548 2705 5604 feralem
2750 5556 3115 5620 pronuntient,
3164 5573 3271 5611 non
3318 5560 3627 5615 humanam.
3668 5563 3732 5618 Et
3758 5573 3843 5617 ta-

2244 5653 2366 5693 men
2418 5655 2523 5694 non
2564 5652 2783 5712 propter
2823 5644 2943 5701 illos
2983 5647 3328 5720 Evangelium
3376 5651 3577 5708 Christi
3615 5669 3842 5725 perver-

2309 5813 2325 5887 ξ
2361 5812 2496 5887 {id-ili,
2516 5815 2846 5887 reconcilietur
2868 5834 2900 5887 (ι
2929 5829 3063 5887 Deo.__
3086 5830 3133 5872 At
3153 5832 3255 5887 Mss.
3283 5838 3378 5875 non
3401 5826 3607 5887 addunt,
3640 5842 3673 5878 η
3716 5837 3837 5878 Dm.

2682 5886 2813 5953 lium,
2844 5883 2884 5933 si
2923 5892 2966 5934 ct
3009 5884 3095 5935 illa
3134 5874 3620 5953 adttllerorttttpsewril',
3643 5874 3841 5943 lvd—ille

2244 5934 2515 5987 adulteram
2540 5938 2748 5991 duxerit.
