4048 6496
187 410 282 467 ᾸἹἹ

188 536 318 585 tere.
360 521 448 577 vel
493 529 709 577 mutare
744 520 1025 577 debemus.
1071 518 1146 573 Te
1190 516 1390 589 quippe
1434 516 1546 571 sola
1597 530 1786 570 eorum

185 615 402 689 querela
431 624 747 685 permovet,
784 613 877 684 qui
917 612 1173 682 conjuges
1214 625 1373 665 causa
1423 606 1793 664 fornicationis

186 707 558 763 intercedente
584 706 890 771 dimittunt,
917 705 963 761 si
988 704 1119 759 alias
1146 702 1341 758 ducere
1386 716 1491 756 non
1515 701 1790 757 sinuntur:

184 802 437 872 quoniam
471 800 757 855 continere
779 812 1071 869 paucorum
1099 803 1199 862 est,
1232 804 1390 865 atque
1412 793 1480 851 ad
1507 792 1559 848 id
1596 792 1794 848 debent

188 892 343 947 laude
370 890 650 946 adhortari
676 931 692 955 ,
715 903 823 944 non
849 889 970 958 lege
999 885 1269 957 compelli.
1294 884 1477 956 Itaque
1505 884 1548 938 si
1571 883 1791 939 dimissa

176 985 428 1040 adultera
467 998 575 1037 non
607 981 821 1037 ducitur
862 980 1049 1043 altera,
1078 978 1277 1049 justam
1320 977 1617 1047 querelam,
1653 975 1793 1029 sicut

192 1091 372 1149 putas,
406 1077 629 1132 habebit
668 1075 945 1133 hominum
977 1070 1381 1128 incontinentia.
1429 1068 1536 1126 Sed
1571 1067 1791 1124 attende

189 1184 343 1240 quam
373 1167 527 1238 plura
558 1175 706 1233 sunt,
735 1165 821 1220 ubi
844 1164 889 1219 si
916 1162 1164 1235 querelas
1189 1159 1633 1216 incontinentium
1652 1158 1787 1214 veli-

190 1274 304 1313 mus
333 1257 655 1324 admittere,
684 1269 909 1312 necesse
935 1254 1089 1310 nobis
1113 1256 1218 1309 erit
1253 1250 1511 1307 adulteria
1546 1249 1787 1306 facienda

188 1352 555 1423 permitteret
586 1349 725 1418 Quid
754 1348 799 1403 si
828 1347 969 1403 enim
998 1346 1178 1417 aliquo
1204 1343 1459 1399 diuturno
1484 1352 1538 1399 et
1574 1343 1790 1397 insana-

186 1443 277 1498 bili
305 1441 501 1497 morbo
529 1439 775 1510 corporis
803 1447 1048 1493 teneatur
1075 1435 1270 1507 conjux
1293 1478 1309 1503 ,
1336 1449 1442 1506 quo
1471 1433 1788 1489 concubitus

186 1533 475 1605 impeditur
491 1532 606 1604 (a)?
642 1526 789 1602 quid,
817 1531 861 1586 si
889 1530 1186 1600 captivitas,
1220 1527 1305 1583 vel
1329 1528 1410 1582 vis
1427 1526 1600 1598 aliqua
1626 1540 1786 1596 sepa-

184 1636 284 1692 ret,
316 1626 388 1679 ita
439 1632 497 1678 ut
540 1622 677 1678 sciat
718 1622 900 1677 vivere
942 1620 1167 1675 maritus
1214 1632 1458 1685 uxorem,
1487 1617 1641 1687 cujus
1684 1616 1785 1671 sibi

182 1718 333 1789 copia
371 1715 717 1787 denegatur?
757 1728 1015 1770 censesne
1066 1710 1395 1767 admittenda
1442 1710 1785 1765 incontinen.

184 1812 310 1865 tium
358 1822 665 1872 murmura,
700 1815 757 1861 et
799 1802 1156 1877 permittenda
1203 1800 1504 1857 adulteria?
1547 1799 1685 1867 Quid
1728 1800 1785 1855 in

186 1904 283 1956 hoc
312 1902 434 1971 ipso
464 1898 610 1955 unde
639 1898 998 1968 interrogatus
1045 1903 1129 1951 est
1155 1892 1437 1959 Dominus,
1479 1890 1783 1962 respondit-

184 2008 282 2061 que
318 1991 439 2046 licri
470 2006 579 2045 non
611 1990 831 2057 debere,
858 1988 951 2044 sed
979 1986 1046 2041 ad
1072 1986 1321 2042 duritiam
1358 1984 1535 2040 cordis
1572 1985 1783 2040 illorum

184 2085 398 2157 Moysen
430 2084 745 2157 permisisse
772 2082 888 2139 dari
915 2081 1152 2137 libellum
1187 2078 1417 2150 repudii,
1451 2086 1504 2135 et
1527 2092 1784 2149 quacum.

182 2191 280 2246 que
308 2191 473 2231 causa
505 2175 776 2230 dimittere
800 2172 1120 2243 conjugem?
1147 2186 1326 2227 nonne
1364 2171 1451 2225 lex
1479 2170 1675 2225 Christi
1702 2170 1784 2225 in-

180 2266 585 2321 continentibus
625 2265 903 2335 displicet,
947 2264 1035 2335 qui
1085 2278 1282 2319 uxores
1329 2262 1610 2334 litigiosas,
1644 2262 1785 2333 inju-

179 2359 371 2425 riosas,
409 2358 749 2427 imperiosas,
786 2356 1109 2421 faStidiosas,
1142 2364 1197 2411 et
1223 2354 1290 2411 ad
1326 2354 1659 2411 reddendum
1688 2355 1783 2411 de-

177 2452 340 2506 hilum
370 2451 658 2523 conjugale
696 2451 1056 2517 difﬁcillimas,
1090 2448 1313 2521 repudio
1343 2448 1659 2520 interposito
1684 2448 1783 2504 ab-

174 2547 337 2617 jicere
368 2530 578 2613 volunt,
603 2554 658 2602 et
682 2546 876 2603 alteras
901 2544 1137 2600 ducere?
1176 2543 1294 2600 Jam
1322 2559 1473 2614 ergo,
1505 2543 1627 2614 quia
1652 2542 1782 2597 isto-

174 2654 287 2692 rum
321 2638 714 2693 incontinentia
758 2636 931 2707 legem
976 2635 1172 2691 Christi
1222 2635 1448 2703 horruit,
1480 2632 1548 2691 ad
1592 2648 1781 2691 eorum

174 2732 256 2785 lex
290 2730 494 2785 Christi
519 2730 802 2785 arbitrium
829 2727 1204 2784 commutanda
1234 2727 1355 2783 est?

243 2823 337 2881 lO.
380 2823 499 2878 Jam
530 2837 694 2894 porro
718 2822 763 2877 si
790 2822 1040 2876 maritum
1070 2821 1339 2890 relinquat
1367 2834 1521 2886 uxor,
1554 2818 1637 2874 vel
1667 2832 1780 2873 ma-

174 2915 306 2970 ritus
335 2930 583 2979 uxorem,
606 2931 711 2970 non
736 2929 896 2969 causa
927 2912 1312 2978 fornicationis,
1336 2910 1429 2966 sed
1458 2910 1632 2982 potius
1651 2924 1783 2965 con-

177 3007 437 3076 lincutim,
459 3008 636 3079 sitque
665 3007 1000 3062 incontinens
1019 3006 1101 3060 cui
1130 3004 1409 3075 repudium
1438 3012 1654 3075 propter
1680 3003 1782 3060 hoc

171 3099 363 3166 datur;
391 3115 578 3171 quzrro
605 3108 778 3155 utrum
812 3115 919 3154 non
956 3100 1058 3155 erit
1087 3098 1298 3153 adulter
1320 3098 1403 3154 vel
1441 3098 1705 3164 adultera,
1733 3098 1779 3154 si

171 3192 326 3245 alteri
358 3190 680 3261 copuletur?
718 3191 795 3256 Si,
821 3191 937 3246 Non
967 3195 1090 3258 erit,
1122 3190 1346 3258 dicitur;
1380 3191 1607 3245 Domino
1642 3205 1777 3245 con-

174 3284 479 3351 tradicitur,
524 3284 678 3355 cujus
708 3284 825 3339 hac
853 3284 1014 3340 verba
1043 3291 1169 3338 sunt
1195 3301 1207 3337 :
1240 3282 1448 3337 Dictum
1488 3290 1559 3338 est
1586 3292 1775 3349 autem,

176 3378 501 3447 Quicumque
537 3375 781 3431 dimiserit
807 3393 1019 3431 uxorem
1042 3392 1206 3443 suam,
1239 3375 1322 3429 det
1347 3375 1423 3430 illi
1444 3374 1669 3430 libellum
1698 3390 1779 3429 re-

173 3470 339 3536 pudii.
384 3466 499 3539 Ego
534 3476 705 3522 autem
745 3468 859 3521 dico
898 3467 1036 3522 vobis
1062 3467 1179 3537 quia
1217 3467 1380 3521 omnis
1417 3466 1503 3537 qui
1532 3467 1779 3522 dimiserit

172 3577 385 3615 uxorem
426 3578 595 3627 suam,
627 3569 837 3630 excepta
883 3576 1037 3615 causa
1079 3558 1453 3631 fornicationis,
1500 3560 1620 3630 facit
1665 3575 1778 3613 eam

171 3652 455 3715 nitur/tari;
496 3661 546 3706 et
580 3652 669 3724 qui
711 3652 972 3706 dimissam
1013 3650 1233 3717 duxerit,
1277 3650 1529 3704 adulterat
1555 3649 1772 3721 (Matth.

172 3762 223 3809 γ,
250 3745 518 3816 3let52).
567 3746 706 3800 Ecce
735 3745 953 3800 dimissa
1003 3753 1104 3811 est,
1148 3759 1255 3799 non
1303 3742 1539 3810 dimisit;
1572 3754 1625 3799 et
1652 3744 1776 3813 quia

171 3840 455 3895 continere
493 3854 787 3909 paucorum
819 3848 923 3905 est,
961 3838 1361 3894 incontinentiae
1391 3838 1553 3893 cessit
1592 3846 1645 3893 et
1674 3853 1776 3892 nu-

172 3935 313 4003 psit;
354 3941 410 3987 et
438 3942 616 3988 tamen
655 3932 867 3987 adulter
905 3931 1199 3987 adulteram
1245 3930 1415 3985 duxit.
1456 3929 1628 3986 Ambo
1670 3929 1771 3999 rei,

169 4025 330 4078 auibo
359 4023 653 4078 damnandi
691 4033 849 4089 sunt;
890 4032 945 4079 et
973 4039 1091 4095 qua:
1121 4023 1301 4093 nupsit
1338 4022 1459 4077 vivo
1486 4023 1699 4089 marito,
1722 4030 1778 4078 et

168 4117 257 4184 qui
301 4116 455 4169 duxit
484 4131 605 4170 eam
636 4115 788 4185 cujus
827 4116 958 4170 vivit
987 4115 1231 4170 maritus.
1272 4113 1537 4186 Numquid
1579 4114 1665 4171 hic
1692 4115 1774 4171 le-

169 4224 290 4277 gem
314 4208 518 4261 Christi
549 4208 777 4262 dicimus
803 4206 1170 4273 inhumanam,
1194 4221 1297 4276 qua
1324 4207 1665 4262 constituitur
1684 4222 1774 4262 rea

172 4300 303 4353 tanti
329 4298 573 4353 criminis
598 4307 757 4369 atque
786 4299 1021 4368 punitur,
1045 4313 1205 4369 quam
1229 4298 1310 4353 vir
1340 4298 1481 4353 nulla
1504 4299 1619 4368 ejus
1640 4315 1775 4368 prte-

170 4397 400 4452 t-edente
443 4396 795 4451 fornicatione
840 4394 1061 4457 dimisit,
1113 4403 1167 4449 et
1208 4395 1328 4463 quia
1379 4409 1669 4464 paucorum
1694 4402 1776 4448 est

174 4488 471 4549 continere,
501 4485 818 4541 dimittenda
846 4484 1104 4555 compulit
1132 4485 1371 4540 nubere?
1411 4484 1521 4540 Cur
1551 4501 1655 4539 non
1688 4484 1775 4539 hic

174 4579 406 4633 dicimus
432 4576 741 4633 habendum
773 4592 891 4632 esse
918 4590 1015 4646 pro
1045 4582 1277 4643 mortuo,
1300 4575 1390 4647 qui
1425 4576 1565 4631 male
1594 4574 1776 4631 dimit-

177 4670 337 4724 tendo
384 4670 532 4738 prior
561 4668 841 4737 conjugale
886 4668 1155 4723 vinculum
1188 4666 1366 4737 rupit?
1395 4666 1527 4721 Nam
1559 4682 1660 4738 qua
1690 4682 1777 4721 ra-

174 4761 319 4816 tione
362 4761 607 4815 dicturus
636 4775 695 4815 es
740 4774 863 4815 eum
912 4759 1119 4829 rupisse
1150 4758 1419 4814 vinculum
1469 4758 1769 4829 conjugale,

172 4854 258 4926 qui
306 4854 436 4907 licet
483 4853 553 4907 sit
600 4850 862 4914 moechus,
896 4865 1001 4905 non
1032 4849 1234 4905 dimisit
1280 4865 1535 4915 uxorem;
1565 4859 1618 4904 et
1651 4866 1775 4904 eum

176 4963 280 4999 non
327 4944 562 5013 rupisse,
592 4943 681 5013 qui
712 4943 872 5017 etiam
914 4951 1116 4998 castam
1144 4941 1346 4996 dimisit
1372 4940 1634 4997 uxorem?
1664 4940 1777 5012 Ego

176 5048 355 5092 autem
389 5036 512 5091 dico
562 5036 616 5090 in
666 5044 891 5105 utroque
936 5049 1155 5089 manere
1195 5033 1299 5089 hoc
1348 5032 1641 5099 vinculum,
1670 5048 1778 5104 quo

173 5130 371 5183 mulier
400 5128 613 5198 alligata
644 5134 746 5190 est,
788 5126 1040 5197 quamdiu
1072 5126 1157 5179 vir
1186 5126 1304 5196 ejus
1334 5125 1481 5193 vivit,
1508 5127 1620 5182 sive
1649 5141 1780 5182 con-

174 5221 378 5285 tinens,
406 5219 520 5272 sive
548 5216 791 5275 moechus
821 5233 835 5270 :
868 5226 923 5273 et
953 5216 1072 5272 ideo
1111 5217 1367 5271 mcechari
1398 5233 1516 5273 eam
1548 5232 1665 5289 qua:
1690 5216 1778 5272 di-

174 5312 340 5365 missa
366 5310 633 5382 nupserit,
662 5318 717 5364 et
749 5308 1004 5364 nuechari
1036 5324 1159 5363 eum
1188 5308 1279 5379 qui
1308 5307 1582 5363 dimissam
1609 5308 1780 5365 duxe-

238 5445 255 5508 ‘_
281 5444 388 5493 Sola
414 5443 568 5492 editio
590 5448 721 5502 hom,
740 5440 988 5508 adulteria
1008 5440 1174 5508 ﬂenda
1194 5442 1489 5508 permittere.

239 5506 312 5568 (α)
346 5513 539 5556 l-‘r'tstra
572 5506 832 5566 Opponitur
871 5506 1086 5567 Gregtirii
1112 5513 1143 5554 tl
1185 5506 1475 5568 rescriptum
1513 5506 1571 5555 ad
1596 5508 1781 5559 Bonifa-

176 5567 302 5615 cium
320 5567 557 5637 ‘El-istola
588 5568 661 5625 15,
687 5568 793 5615 sive
814 5568 939 5637 inter
959 5568 1280 5637 Itonil'acianas
1309 5567 1413 5627 I26,
1437 5578 1493 5637 et
1516 5570 1642 5618 male
1664 5571 1783 5637 alias

176 5630 393 5694 t.rt--,.-«_.rti
436 5636 488 5678 lIl
513 5638 690 5694 quarta
716 5643 727 5677 :
753 5630 883 5694 quod
904 5630 1102 5692 quidem
1139 5633 1406 5694 Gratianus,
1434 5632 1483 5679 in
1524 5640 1699 5693 qumst.
1724 5633 1776 5694 2,

176 5644 393 5689 hri-gum
436 5644 488 5678 ιιι
506 5644 690 5740 (quarta
716 5644 727 5677 :
753 5644 883 5690 quou
904 5644 1102 5692 quidem
1139 5644 1389 5679 tu'attanus
1434 5645 1483 5679 ιιι
1524 5644 1699 5693 (ιιιίιιδῑ.
1724 5644 1776 5694 2,

175 5702 281 5801 uel}.
304 5691 385 5751 52,
403 5702 531 5764 Quo.
566 5689 875 5763 proposes-ti,
900 5694 1057 5801 l‘jjicll.
1080 5701 1134 5743 ut
1158 5710 1178 5737 α
1203 5693 1502 5764 evangelicae
1522 5702 1573 5743 et
1597 5704 1787 5755 τινοςιο-

184 5771 207 5797 ι
250 5766 335 5801 lca
375 5754 617 5801 doctrinm
666 5762 860 5801 penitus
901 5767 926 5801 a
965 5767 1189 5801 versum:
1214 5771 1235 5799 ι
1285 5762 1512 5801 Baromus
1556 5770 1675 5801 vero
1721 5758 1782 5801 ad

184 5753 335 5802 «ηοω
375 5753 617 5804 doctrina:
659 5753 860 5813 penitus
901 5753 1189 5815 adversum;
1214 5771 1235 5799 ι
1285 5753 1512 5804 [ιαἰσοιιὶιις
1556 5753 1675 5805 vero
1721 5758 1782 5807 ad

176 5827 253 5862 au.
279 5815 390 5875 τω.
412 5817 591 5879 accipit
614 5815 664 5863 in
700 5814 953 5864 meliorem
977 5814 1198 5879 partem,
1248 5830 1340 5867 nec
1366 5819 1626 5881 Augustino
1664 5832 1781 5869 con-

174 5882 387 5929 trariant.

1544 401 1745 457 LIBER
1784 397 2165 457 SECUNDUS.

3399 413 3504 472 ΠΩ

1904 514 2000 581 rit,
2042 514 2155 570 sive
2193 530 2221 568 a
2271 516 2505 585 moecho,
2548 518 2661 575 sive
2700 536 2727 574 a
2772 524 3079 579 continente
3126 523 3343 582 dimissa
3390 526 3497 594 sit;

1900 606 2150 674 quoniam
2178 608 2359 663 mulier
2378 610 2590 680 alligata
2610 620 2701 677 est,
2723 615 2962 682 quamdiu
2988 618 3063 670 vir
3090 620 3202 688 ejus
3222 618 3361 673 vivit.
3387 619 3495 676 Sed

1900 712 2045 755 nunc
2085 699 2154 754 de
2195 701 2429 770 querelis
2476 703 2917 761 incontinentium
2966 708 3317 778 disputamus.
3359 712 3499 781 Quid

1899 792 2043 849 enim
2069 794 2280 851 videtur
2301 797 2498 867 justius
2528 798 2686 870 hujus
2722 802 2960 859 mulieris
2993 806 3233 875 querela,
3259 822 3379 876 qure
3412 806 3496 863 di-

1897 884 1969 941 cit
1994 904 2009 940 :
2038 887 2265 943 Dimissa
2293 905 2434 957 sum,
2459 906 2565 947 non
2595 892 2809 960 dimisi;
2851 902 2905 950 et
2930 897 3182 966 quoniam
3218 899 3496 955 continere

1896 990 2190 1046 paucorum
2218 988 2319 1048 est,
2349 998 2457 1037 non
2485 998 2573 1039 me
2605 985 2865 1053 continui,
2886 1002 2953 1042 ne
2983 982 3278 1044 fornicarer
3306 990 3491 1060 nupsi;

1894 1075 1951 1125 et
1996 1068 2147 1125 dicor
2194 1072 2491 1140 mmchata,
2534 1075 2657 1146 quia
2712 1078 2911 1148 nupsi?
2960 1079 3227 1150 Numquid
3277 1092 3494 1153 propter

1896 1158 2055 1230 hujus
2079 1164 2230 1233 quasi
2262 1164 2461 1236 justam
2484 1169 2778 1238 querelam,
2806 1172 2980 1242 legem
3007 1174 3347 1229 censebimus
3377 1190 3495 1228 mu-

1895 1253 2110 1310 tandam
2152 1272 2273 1314 esse
2300 1258 2556 1328 divinam,
2588 1271 2647 1317 ut
2675 1263 2831 1317 istam
2868 1280 2974 1321 non
3008 1264 3310 1333 iudicemus
3339 1266 3494 1323 adul-

1894 1348 2102 1402 teram?
2146 1350 2320 1406 Absit.
2374 1351 2481 1408 Sed
2529 1355 2880 1424 respondebis
2924 1372 3031 1413 non
3074 1374 3192 1415 eam
3244 1359 3493 1416 debuisse

1891 1436 2107 1505 dimitti,
2132 1441 2256 1511 quia
2301 1443 2669 1501 fornicationis
2719 1448 2865 1503 nulla
2915 1463 3073 1505 causa
3116 1459 3488 1521 praecesserat.

1893 1527 2092 1585 Verum
2139 1531 2320 1590 dicis:
2354 1550 2477 1593 nam
2520 1546 2799 1607 peccatum
2847 1540 3024 1598 mariti
3064 1541 3182 1612 ejus
3232 1541 3490 1598 Dominus

1891 1624 2175 1689 expressit,
2206 1625 2296 1680 ubi
2323 1627 2416 1691 ait,
2447 1627 2550 1694 Qui
2575 1629 2822 1685 dimiserit
2848 1647 3058 1686 uxorem
3092 1649 3259 1699 suam,
3281 1644 3490 1704 excepta

1891 1729 2046 1769 causa
2074 1717 2445 1787 fornicationis,
2474 1722 2599 1793 facit
2626 1738 2736 1778 eam
2778 1724 3037 1779 mwchari.
3086 1724 3191 1780 Sed
3233 1726 3490 1796 numquid

1890 1804 1989 1859 ista
2019 1805 2139 1862 ideo
2166 1810 2415 1867 nubendo
2443 1822 2629 1883 postea
2656 1829 2762 1870 non
2787 1816 3049 1886 peccavit,
3070 1818 3192 1888 quia
3220 1818 3367 1889 prius
3402 1818 3487 1873 di.

1888 1897 2151 1953 mittendo
2192 1899 2283 1955 ille
2322 1904 2598 1972 peccavit?
2624 1904 2763 1974 Quid
2802 1921 2931 1978 ergo
2961 1907 3013 1963 ei
3052 1907 3291 1979 prodest,
3335 1908 3481 1979 quod

1887 1988 1955 2045 de
1995 1990 2112 2062 lege
2142 1991 2339 2049 Christi
2372 1997 2565 2051 mulier
2598 1998 2938 2056 incontinens
2976 2002 3214 2073 queritur
3241 2043 3256 2069 ,
3296 2002 3399 2058 nisi
3429 2010 3487 2063 ut

1886 2095 2232 2139 murmurans
2257 2085 2508 2153 puniatur
2533 2089 2558 2144 ?

1957 2171 2186 2231 CAPUT
2224 2175 2317 2231 XI.
2357 2206 2433 2220 --
2470 2179 2558 2237 ll.
2604 2178 2830 2251 Objectio
2869 2181 2973 2237 alia
3012 2180 3258 2238 Pollcntii
3293 2193 3347 2238 ut
3384 2186 3489 2239 sal-

1886 2268 1983 2316 tent
2023 2264 2250 2333 ﬁliorum
2288 2268 2659 2339 gignendorum
2686 2288 2842 2327 causa
2879 2273 3028 2327 liceat
3056 2274 3269 2327 alteram
3308 2273 3490 2329 ducere

1885 2352 2096 2409 dimissa
2123 2357 2377 2412 adultera.
2409 2359 2527 2416 Jam
2560 2378 2703 2417 nunc
2744 2363 2906 2418 etiam
2937 2364 3027 2419 illa
3058 2363 3335 2419 videamus
3362 2381 3485 2439 qua:

1885 2446 1991 2502 alio
2019 2448 2139 2503 loco
2168 2449 2516 2523 interponens
2545 2454 2818 2523 addidisti,
2849 2470 3022 2527 neque
3060 2455 3128 2511 ad
3158 2472 3221 2512 ea
3260 2472 3486 2527 respnn~

1884 2538 2015 2596 dere
2042 2541 2254 2598 voluisti
2291 2561 2305 2599 :
2348 2544 2437 2600 ubi
2479 2555 2531 2602 te
2561 2556 2760 2616 movet,
2792 2557 2847 2603 ct
2890 2548 3165 2604 miscraris
3209 2549 3483 2605 hominem

1884 2630 1974 2703 qui
2001 2630 2200 2689 cubare
2226 2648 2346 2689 cum
2372 2634 2634 2705 adultera,
2664 2638 2874 2695 etiamsi
2917 2655 3024 2694 non
3071 2640 3482 2708 incontinentia,

1884 2730 2031 2779 certe
2062 2724 2289 2781 ﬁliorum
2332 2730 2788 2799 procreandorum
2839 2732 3157 2787 necessitate
3203 2732 3483 2803 compelli-

1883 2822 1992 2885 tur,
2030 2815 2077 2871 si
2120 2831 2228 2873 non
2254 2822 2302 2877 ci
2348 2820 2469 2875 licet
2500 2821 2578 2877 sic
2605 2836 2723 2876 eam
2759 2821 3050 2889 dimittere,
3085 2832 3144 2878 ut
3172 2838 3234 2878 ea
3270 2824 3486 2879 vivente

1882 2906 2108 2963 alteram
2137 2908 2316 2965 ducat.
2347 2911 2502 2967 Unde
2541 2921 2689 2969 recte
2726 2914 3045 2980 movereris,
3078 2914 3123 2969 si
3164 2914 3484 2971 adulterium

1883 3012 1991 3054 non
2020 3009 2184 3067 esset,
2217 3002 2462 3073 quamvis
2478 3002 2721 3060 adultera
2749 3004 2870 3061 viva
2911 3021 3102 3072 uxore,
3130 3006 3353 3061 alteram
3381 3007 3484 3062 du-

1883 3102 2027 3148 cere.
2057 3089 2115 3146 Si
2141 3100 2319 3149 autem
2350 3094 2671 3150 adulterium
2697 3104 2802 3164 est,
2834 3104 2893 3151 ut
2918 3111 2980 3151 ea
3008 3113 3127 3167 qua:
3152 3105 3277 3151 sunt
3302 3096 3485 3167 dispuw

1882 3191 1992 3240 tata
2019 3186 2338 3255 docuerunt,
2357 3190 2485 3261 quid
2512 3192 2824 3248 obtenditur
2851 3194 3304 3264 procreandorum
3326 3211 3485 3251 causa

1883 3275 2157 3333 ﬁliorum?
2198 3279 2313 3335 Non
2351 3282 2494 3337 enim
2541 3292 2829 3354 propterea
2869 3285 3189 3355 flagitiorum
3232 3296 3315 3342 est
3358 3304 3483 3357 per-

1882 3367 2142 3424 mittenda
2181 3370 2393 3426 licentia
2429 3389 2443 3427 :
2489 3383 2580 3427 aut
2609 3374 2770 3429 vero‘
2799 3381 2904 3428 tam
2936 3374 3231 3430 cavendum
3259 3386 3339 3431 est
3368 3378 3485 3432 sine

1883 3462 2115 3530 posteris
2145 3463 2304 3530 mori,
2340 3480 2500 3535 quam
2530 3465 2836 3537 eligendum
2877 3466 2931 3521 in
2960 3477 3234 3538 posterum
3268 3469 3485 3525 vivere?

1881 3555 2024 3626 quod
2075 3570 2181 3610 non
2222 3559 2471 3631 sinentur
2508 3557 2756 3626 adulteri,
2783 3574 2917 3630 quos
2968 3575 3191 3616 necesse
3232 3570 3315 3616 est
3361 3573 3484 3631 post

1884 3645 2110 3716 primam
2139 3656 2368 3702 mortem
2406 3649 2658 3705 secunda:
2687 3651 2875 3706 mortis
2900 3652 3197 3707 teternitate
3216 3652 3477 3711 damnari.

1880 3737 2016 3797 Nam
2072 3741 2525 3809 procreandorum
2578 3741 2811 3797 ﬁliorum
2845 3744 2946 3797 ista
2998 3745 3261 3810 causatio,
3318 3747 3482 3803 etiatu

1881 3846 1988 3886 non
2019 3831 2311 3899 adulteras,
2340 3832 2435 3889 sed
2485 3834 2815 3889 castissimas
2844 3833 3091 3901 feminas,
3118 3836 3164 3890 si
3193 3836 3330 3890 forte
3376 3838 3483 3894 sint

1882 3922 2115 3991 steriles,
2149 3925 2289 3994 cogit
2315 3923 2530 3992 dimitti,
2560 3932 2615 3979 et
2638 3924 2837 3980 alteras
2865 3924 2987 3980 duci
3018 3942 3031 3979 :
3065 3924 3207 3996 quod
3241 3926 3334 3981 tibi
3362 3926 3479 3981 exi-

1880 4016 2045 4073 stimo
2072 4033 2176 4072 non
2209 4017 2439 4087 placere.
3183 4086 3194 4096 .

1952 4111 2041 4166 12.
2082 4111 2415 4181 Quapmpter
2459 4110 2503 4166 si
2549 4125 2709 4166 causa
2756 4110 3155 4168 incontinentia:
3199 4126 3304 4166 non
3354 4121 3481 4169 sunt

1880 4202 2182 4259 excusanda
2222 4202 2483 4257 adulteria
2506 4244 2521 4268 ,
2554 4210 2754 4273 quanto
2782 4203 2959 4259 minus
2995 4213 3316 4259 excusantur
3350 4218 3480 4274 pro-

1880 4295 2237 4352 creandorum
2264 4310 2423 4351 cansa
2452 4295 2719 4351 ﬁliorum?

1950 4389 2179 4445 CAPUT
2217 4388 2332 4444 Xll.
2358 4418 2428 4431 --
2450 4389 2669 4461 Nuptias
2699 4391 2794 4446 hoc
2825 4402 3047 4462 tempore
3068 4392 3293 4463 ﬁliorum
3320 4408 3480 4451 causa

1878 4482 1942 4536 iis
1968 4493 2161 4537 tantum
2187 4484 2444 4555 eligendas
2473 4500 2606 4552 esse,
2636 4486 2724 4558 qui
2747 4503 2799 4541 se
2828 4489 3083 4542 continere
3111 4503 3212 4541 non
3243 4498 3471 4556 possunt.

1880 4572 1961 4628 llli
1990 4575 2185 4647 quippe
2214 4575 2544 4643 inﬁrmitati,
2575 4576 2678 4633 hoc
2717 4587 2797 4633 est
2819 4619 2834 4645 ,
2869 4579 3264 4634 incontinentia:
3309 4580 3475 4636 voluit

1880 4666 2171 4737 Apostolus
2200 4667 2471 4724 subveniri
2509 4668 2790 4726 honestate
2830 4672 3155 4743 nuptiarum.
3186 4672 3303 4726 Non
3335 4672 3481 4729 enim

1880 4759 1984 4825 ait,
2029 4759 2083 4815 Si
2131 4759 2267 4815 ﬁlios
2322 4776 2426 4815 non
2482 4761 2675 4830 habet,
2726 4763 2923 4829 nubat;
2980 4763 3112 4831 sed,
3165 4762 3227 4819 Si
3274 4780 3328 4816 se
3381 4780 3483 4817 non

1880 4852 2138 4917 continet,
2188 4850 2343 4905 nubat
2395 4851 2451 4920 (Ι
2497 4852 2619 4907 Cor.
2665 4869 2771 4919 vn,
2823 4851 2913 4926 9).
2964 4853 3218 4909 Filiorum
3266 4852 3481 4922 quidem

1830 4964 1831 4967 η
1880 4943 2173 5013 propagine
2211 4953 2589 5015 compensatur
2629 4945 2771 5016 quod
2803 4944 3200 5000 incontinentiae
3230 4943 3483 4999 nubendo

1882 5036 2107 5091 ceditur.
2140 5035 2273 5091 Nam
2302 5036 2485 5106 utique
2511 5036 2893 5092 incontinentia
2924 5037 3105 5090 vitium
3143 5046 3253 5103 est,
3292 5036 3480 5105 conju-

1882 5128 2025 5196 gium
2054 5137 2229 5181 autem
2276 5143 2381 5182 non
2411 5135 2494 5181 est
2533 5127 2753 5194 vitium;
2786 5136 2839 5182 et
2870 5126 2990 5181 ideo
3021 5127 3077 5181 ﬁt
3108 5143 3201 5196 per
3229 5126 3332 5181 hoc
3378 5126 3481 5183 bo-

1884 5234 2041 5281 num,
2092 5227 2149 5271 ut
2201 5217 2330 5272 illud
2382 5217 2592 5272 veniale
2632 5219 2701 5272 sit
2750 5216 2971 5272 malum.
3017 5216 3151 5273 Cum
3196 5218 3306 5273 sint
3352 5233 3481 5291 ergo

1886 5312 2082 5381 nuptiae
2110 5326 2267 5365 causa
2291 5310 2581 5381 generandi
2612 5310 2902 5377 institutze,
2937 5326 2999 5364 ea
3038 5326 3197 5367 causa
3227 5310 3424 5368 ﬁebant
3452 5330 3484 5370 a

1886 5402 2161 5467 Pati-ibus,
2192 5401 2282 5473 qui
2310 5409 2515 5456 tantum
2560 5402 2739 5456 officio
2767 5401 3061 5471 generandi
3104 5400 3318 5458 feminis
3338 5446 3355 5473 ,
3386 5404 3486 5461 sed

1887 5511 1993 5550 non
2038 5495 2239 5561 illicite,
2266 5494 2647 5549 miscebantur.
2699 5496 2831 5549 Erat
2869 5495 3012 5550 enim
3062 5505 3189 5553 tunc
3234 5496 3483 5570 qumdam

1888 5585 2211 5658 propagandi
2240 5584 2533 5641 necessitas
2558 5627 2572 5652 ,
2602 5602 2721 5657 qure
2750 5602 2895 5643 nunc
2930 5603 3036 5644 non
3075 5599 3155 5645 est
3184 5608 3197 5644 :
3230 5591 3482 5659 quoniam

1889 5691 2083 5751 tempus
2121 5678 2490 5751 amplectendi,
2520 5681 2655 5736 sicut
2683 5682 2935 5751 scriptum
2967 5692 3044 5737 est
3070 5725 3084 5745 ,
3119 5682 3261 5753 quod
3304 5683 3488 5754 utique

1889 5782 2015 5829 tunc
2034 5770 2157 5837 fuit;
2180 5780 2227 5826 et
2245 5781 2439 5842 tempus
2454 5774 2742 5828 continendi
2758 5773 2819 5827 ab
2837 5775 3072 5844 amplexu
3095 5774 3289 5847 tEccle.
3306 5788 3382 5841 ιιι,
3401 5773 3485 5846 5),

1957 5888 1971 5916 ³
2011 5890 2139 5948 Lov.,
2168 5890 2249 5937 aut
2276 5883 2393 5936 tiro.
2419 5887 2590 5939 ueteri
2614 5889 2826 5950 codices,
2850 5892 2933 5939 aut
2957 5899 3084 5939 cera.
