4048 6508
646 459 750 515 479

642 572 786 640 quod
816 588 958 629 nunc
998 583 1101 631 est.
1149 575 1226 632 De
1252 592 1357 648 quo
1400 587 1639 651 tempore
1682 585 1967 653 Apostolus
2007 588 2233 659 loquens

640 662 714 715 ait
740 681 754 716 :
786 662 864 717 De
888 675 1088 731 cancro,
1119 667 1323 736 fratres,
1356 679 1549 739 tempus
1577 674 1717 728 breve
1742 686 1812 729 est
1834 692 1855 737 ;
1882 678 2127 748 reliquum
2152 690 2228 735 est

639 761 694 803 ut
734 761 781 805 et
823 754 909 822 qui
954 755 1135 810 habent
1180 774 1382 826 uxores,
1429 771 1667 830 tanquam
1710 783 1809 820 non
1852 768 2088 825 habentes
2128 772 2231 826 sint

641 843 683 910 (l
717 843 835 899 Cor.
868 862 969 909 vu,
1000 846 1116 917 ΞΟ).
1145 848 1296 903 Unde
1343 867 1484 907 nunc
1525 856 1820 911 rectissime
1856 860 2079 928 dicitur,
2129 863 2228 935 Qui

639 946 801 1005 potest
830 954 1043 1008 capere,
1073 942 1240 1009 capiat
1275 942 1484 1014 (Matth.
1519 964 1609 1001 xxx
1630 990 1645 1013 ,
1683 949 1768 1021 12)
1799 970 1811 1004 :
1846 953 1935 1022 qui
1963 963 2140 1013 autem
2169 971 2228 1012 se

638 1041 745 1081 non
794 1028 1052 1094 continet,
1101 1032 1281 1085 nubat.
1334 1033 1483 1089 Tunc
1526 1053 1652 1107 ergo
1692 1042 1851 1096 etiam
1900 1045 2225 1101 continentia

636 1126 856 1186 prapter
883 1122 1311 1189 propagationem
1343 1125 1568 1181 ﬁliorum
1599 1128 1651 1183 in
1683 1134 1891 1203 nuptias
1929 1134 2227 1194 descende-

635 1209 726 1263 bat
750 1209 928 1265 ofﬁcio
960 1212 974 1242 ¹
1002 1230 1016 1266 :
1045 1229 1183 1268 nunc
1218 1224 1392 1268 autem
1426 1218 1688 1275 vinculum
1731 1224 1965 1290 nuptiale
1998 1226 2225 1281 inconti-

635 1303 832 1357 nentiaa
857 1306 1100 1360 subvenit
1124 1308 1277 1373 vitio;
1310 1319 1364 1362 ut
1389 1310 1457 1364 ab
1482 1313 1561 1367 eis
1587 1315 1675 1381 qui
1703 1332 1760 1369 se
1790 1332 1894 1372 non
1925 1321 2220 1390 continent,

636 1406 743 1446 non
772 1409 866 1462 per
893 1396 1267 1463 turpitudinem
1296 1409 1621 1469 stuprorum,
1647 1407 1739 1462 sed
1769 1424 1864 1477 per
1886 1410 2221 1469 honestatem

634 1482 1003 1553 conjugiorum
1025 1527 1040 1551 ,
1075 1487 1163 1541 ﬁat
1201 1494 1506 1561 propagatio
1536 1494 1785 1554 ﬁliorum.
1816 1500 1926 1562 Cur
1952 1518 2079 1571 ergo
2114 1519 2222 1560 non

630 1570 764 1626 dixit
778 1575 1079 1642 Apostolus,
1099 1577 1152 1632 Si
1177 1580 1312 1635 lilios
1336 1598 1439 1637 non
1458 1583 1634 1653 habet,
1652 1588 1850 1644 nubat?
1869 1591 1999 1658 Quia
2020 1570 2223 1653 scilicet

630 1658 734 1715 hoc
764 1670 1001 1733 tempore
1030 1670 1337 1730 continendi
1364 1673 1431 1729 ab
1446 1676 1722 1747 amplexu,
1756 1696 1861 1736 non
1887 1692 1969 1738 est
1997 1700 2219 1743 necesse

628 1751 767 1807 ﬁlios
804 1771 1116 1827 propagare.
1145 1760 1211 1813 Et
1236 1778 1402 1832 quare
1443 1764 1603 1833 dixit,
1636 1767 1698 1823 Si
1739 1786 1793 1824 se
1833 1788 1933 1826 non
1977 1780 2214 1845 continet,

627 1843 826 1899 nubat?
875 1846 1064 1917 Utique
1118 1862 1419 1920 propterea,
1465 1872 1533 1912 ne
1582 1874 1676 1928 per
1718 1861 2151 1925 incontinentiam
2195 1871 2217 1901 ²

625 1945 845 2005 cogatur
875 1938 1197 1997 adulterare.
1233 1942 1289 2005 Si
1330 1962 1457 2017 ergo
1488 1964 1546 2004 se
1575 1953 1844 2019 continet,
1875 1971 1974 2012 nec
2010 1959 2175 2016 nubat
2196 2003 2213 2029 ,

625 2040 725 2080 nec
748 2040 987 2097 generet.
1016 2032 1070 2087 Si
1098 2043 1275 2089 autem
1306 2050 1365 2091 se
1410 2054 1514 2093 non
1541 2044 1810 2113 continet,
1844 2047 1986 2103 licite
2012 2050 2212 2119 nubat,

623 2132 691 2171 nc
722 2121 946 2189 turpiter
989 2137 1228 2193 generet,
1270 2138 1364 2184 aut
1410 2135 1616 2202 turpius
1659 2140 2064 2199 coneumbendo
2106 2161 2213 2201 non

620 2219 858 2278 generet.
891 2214 1203 2287 Quanquam
1231 2220 1332 2276 hoc
1357 2226 1496 2294 quod
1525 2228 1767 2285 ultimum
1794 2233 1937 2303 dixi,
1970 2240 2211 2296 nonnulli

621 2297 817 2354 faciant
850 2304 1008 2359 etiam
1037 2307 1179 2364 licite
1206 2311 1491 2383 conjugati.
1532 2316 1716 2376 lllicite
1745 2297 1973 2395 namque
2014 2336 2068 2383 et
2097 2338 2208 2385 tur-

620 2390 759 2458 piter
803 2393 961 2449 etiam
1008 2413 1128 2453 cum
1179 2402 1411 2472 legitima
1461 2424 1626 2466 uxore
1669 2418 2075 2485 concumbitur,
2120 2422 2211 2479 ubi

621 2484 785 2549 prolis
826 2492 1105 2559 conceptio
1134 2493 1420 2554 devitatur.
1452 2500 1604 2568 Quod
1634 2503 1863 2563 faciebat
1884 2510 2037 2567 Onan
2070 2513 2209 2572 ﬁlius

616 2571 791 2640 Judar,
819 2587 872 2631 et
892 2582 1082 2637 occidit
1106 2584 1253 2641 illum
1278 2601 1493 2660 propter
1513 2594 1613 2650 hoc
1636 2596 1774 2654 Deus
1797 2600 1949 2672 (Gen.
1973 2620 2205 2677 xxxvm,

616 2661 792 2734 8-10).
825 2668 1142 2743 Propagatio
1180 2677 1355 2748 itaque
1386 2683 1655 2752 liliorum,
1688 2661 1815 2759 ipsa‘
1841 2702 1923 2747 cst
1953 2696 2123 2764 prima

613 2757 874 2811 naturalis
899 2770 952 2814 et
978 2762 1207 2833 legitima
1234 2783 1392 2830 causa
1417 2757 1720 2843 nuptiarum
1747 2797 1761 2834 :
1788 2795 1851 2836 ac
1992 2784 2093 2841 hoc
2113 2788 2206 2859 qui

613 2855 833 2914 propter
862 2849 1295 2915 incontinentiam
1325 2864 1682 2935 conjugantur
1704 2909 1721 2936 ,
1753 2886 1859 2927 non
1899 2874 1979 2933 sic
2006 2876 2206 2937 debent

615 2946 915 3007 temperare
943 2946 1142 3001 malum
1184 2965 1336 3006 suum
1358 2994 1373 3020 ,
1406 2965 1463 3010 ut
1494 2958 1687 3015 bonum
1719 2967 2077 3024 cxtermincnt
2104 2987 2203 3026 uu-

612 3028 860 3095 ptiarnm,
893 3034 944 3088 id
976 3045 1074 3101 est,
1108 3045 1450 3113 prepaginem
1479 3048 1727 3109 ﬁliorum.
1761 3057 1835 3112 Dc
1864 3059 2202 3119 incontinen-

612 3117 753 3173 tibus
795 3124 988 3193 quippe
1030 3128 1347 3198 loquebatur
1393 3138 1716 3211 Apostolus,
1763 3148 1852 3202 ubi
1899 3151 2016 3206 ait:
2076 3117 2201 3213 volo

608 3208 765 3279 igitur
780 3214 1010 3282 juniores
1039 3222 1253 3289 nubere,
1285 3226 1418 3293 [ilics
1451 3247 1740 3301 procreare,
1784 3247 2199 3314 matresfamilias

608 3316 734 3365 esse,
766 3305 958 3359 nullam
989 3312 1298 3375 occasionem
1323 3318 1446 3383 dare
1473 3324 1763 3382 adversario
1792 3333 2047 3389 maledicti
2072 3356 2198 3411 gra-

612 3390 681 3411 ,3-
754 3391 776 3411 ΐ
792 3410 795 3411 ν
971 3398 980 3408 ⁸

2072 3390 2115 3411 ν.
2141 3390 2164 3393 .-

608 3390 700 3443 tia.
738 3391 860 3446 Iam
903 3398 1033 3455 enim
1062 3416 1314 3461 convcrste
1352 3412 1583 3479 quoniam
1611 3428 1726 3471 sunt
1764 3430 1894 3477 retro
1922 3436 2034 3493 post
2060 3438 2198 3487 sata-

607 3497 726 3534 nam
757 3483 799 3551 (Ι
832 3484 962 3541 Tim.
989 3506 1047 3554 v,
1084 3492 1151 3549 14
1169 3504 1213 3547 et
1239 3497 1349 3566 15).
1388 3499 1520 3556 Cum
1562 3505 1737 3577 itaque
1781 3483 2011 3583 diccbat,
2071 3483 2195 3576 Volo

595 3573 831 3641 juniores
860 3579 1080 3644 nubere;
1111 3582 1211 3641 hoc
1242 3589 1420 3663 utique
1448 3573 1695 3662 mouebat
1727 3613 1944 3672 propter
1982 3608 2190 3666 ruinam

603 3661 1001 3724 incontinentia:
1042 3661 1377 3741 fulciendanj.
1419 3682 1521 3739 Sed
1563 3661 1808 3747 nerlortc
1847 3696 1914 3753 ab
1951 3698 2032 3754 eis
2077 3702 2191 3757 sola

602 3758 831 3811 carnalis
866 3765 1312 3834 concupiscentim
1360 3776 1681 3846 cogitaretur
1726 3785 2043 3857 inﬁrmitas,
2103 3793 2191 3855 cui

601 3853 967 3908 tantummodo
1001 3869 1144 3914 esset
1184 3876 1345 3932 opere
1385 3872 1634 3927 connubii
1678 3878 2041 3951 serviendum,
2085 3902 2188 3942 nu-

599 3940 827 4007 ptiarum
870 3956 1048 4004 autem
1089 3954 1171 4008 vel
1221 3967 1652 4020 contemneretur
1698 3971 1778 4025 vel
1829 3976 2190 4047 negligerctur

1880 4028 2055 4047 v-0"
2073 4028 2179 4039 π...

596 4028 827 4099 bonum;
850 4042 1102 4106 Continuo
1123 4045 1414 4116 subjunxit,
1443 4055 1578 4122 ﬁlios
1608 4076 1893 4129 procreare,
1922 4078 2188 4143 matresfa-

596 4121 661 4143 -..Σ
674 4122 757 4143 13.Δ
800 4141 809 4143 ρ
941 4131 977 4143 "
1024 4132 1034 4143 '
1250 4138 1281 4143 ““

594 4121 761 4177 utilius
787 4141 910 4180 esse.
937 4131 1036 4200 Qui
1064 4149 1190 4195 vero
1217 4138 1418 4208 eligunt
1441 4121 1746 4219 continere,
1778 4155 1976 4227 aliquid
2004 4121 2186 4233 utique

594 4211 783 4233 ωηηη,
998 4229 1006 4233 _

1732 4211 1743 4219 ν
1870 4211 1883 4227 ι
2012 4211 2180 4233 -“““ι⁷”“·

593 4211 785 4266 melius
814 4217 1012 4286 eligunt
1041 4238 1194 4291 quam
1225 4239 1305 4283 cst
1335 4236 1636 4302 nuptiarum
1668 4242 1863 4307 bonum
1886 4290 1900 4315 ,
1933 4249 2037 4307 hoc
2063 4264 2180 4322 est,

591 4304 865 4366 generatio
914 4306 1159 4377 ﬁliorum.
1204 4315 1356 4375 Unde
1397 4322 1441 4377 si
1481 4326 1690 4397 eligitur
1731 4304 2078 4407 continentia,
2124 4304 2184 4401 ui

1550 4385 1579 4397 ν
1740 4385 2078 4407 πη-,-.-......,
2126 4385 2181 4401 ι..

591 4385 733 4442 bono
779 4397 1080 4463 nuptiarum
1120 4406 1310 4463 melius
1346 4412 1543 4482 aliquid
1593 4435 1933 4495 capessatur;
1982 4444 2181 4503 quanto

590 4480 768 4546 potius
796 4488 1138 4546 custodienda
1168 4506 1267 4561 est,
1297 4510 1354 4554 ut
1382 4480 1699 4565 adulterium
1729 4480 2020 4587 caveatur;
2046 4526 2179 4589 Cum

1809 4570 1967 4587 --.νέες
2001 4570 2012 4577 υ
2050 4570 2174 4589 vuljl

588 4570 731 4625 enim
777 4574 999 4634 dixisset
1041 4584 1355 4662 Apostolus,
1406 4594 1557 4659 Quod
1596 4602 1641 4658 si
1686 4621 1739 4658 se
1781 4624 1881 4663 non
1933 4618 2174 4687 continet,

588 4660 745 4687 μυί-..ι
776 4680 791 4687 -
851 4666 964 4687 11]·
1134 4686 1140 4687 κ
1257 4681 1268 4687 ·
1412 4686 1419 4687 ί

1344 4660 1352 4662 ἡ
1934 4660 2174 4687 --......-.,

587 4660 791 4717 nubat:
839 4666 1025 4726 Melius
1069 4686 1142 4729 est
1187 4681 1359 4749 enim,
1409 4686 1611 4758 inquit,
1660 4696 1843 4753 nubere
1891 4720 2043 4774 quam
2096 4712 2177 4765 uri

587 4753 628 4774 Il
659 4752 721 4774 ρ-
749 4773 752 4774 ν
948 4765 996 4774 ιι·
1058 4766 1101 4774 -·
1221 4771 1252 4774 ’λ

585 4753 628 4823 (l
657 4752 773 4809 Cor.
808 4774 878 4813 vn
902 4803 916 4829 ,
947 4765 1022 4834 9).
1055 4766 1171 4823 Non
1202 4771 1370 4843 dixit,
1402 4752 1591 4841 Melius
1619 4796 1701 4841 est
1731 4752 1986 4850 mmcliari
2015 4814 2174 4873 quam

585 4858 686 4899 Ul‘l.

654 4937 883 4998 CAPUT
912 4945 1045 5001 ΧΙΙΙ.
1066 4953 1240 5008 -15.
1272 4956 1325 5009 Ν
1328 4960 1513 5017 olentes
1538 4971 1853 5028 reconciliari
1872 4982 2171 5054 conjugibus

581 5029 860 5097 adulteris,
893 5042 1251 5100 continentiam
1290 5054 1594 5111 custodiant.
1640 5060 1754 5118 Non
1792 5077 1875 5121 est
1918 5029 2073 5142 Iglttir
2100 5078 2167 5133 ad

581 5122 719 5142 “ne.
760 5139 774 5142 _
823 5126 834 5142 .
927 5139 935 5142 _

1918 5122 2063 5142 θα---
2100 5122 2167 5133 ,,,,

579 5122 720 5185 quod
752 5126 1097 5189 exhortemur
1125 5152 1217 5193 eos
1253 5144 1340 5211 qui
1388 5152 1717 5210 reconciliari
1758 5160 1943 5218 timent
1978 5171 2168 5239 conju.

580 5209 729 5239 ηἶΙιιηι
761 5216 947 5239 ..Ληιιμ
969 5224 1001 5239 -,
1170 5228 1181 5239 υ
1299 5234 1310 5239 -

579 5209 731 5275 gibus
759 5216 1009 5275 adulteris
1042 5209 1347 5293 pmnitendo
1376 5241 1594 5309 sanatis,
1628 5246 1726 5301 nisi
1758 5250 1822 5304 ad
1861 5209 2167 5316 custodien-

1580 5297 1593 5309 ι
1631 5297 1725 5301 η---
1759 5297 1822 5304 __
1863 5297 2164 5316 vuuun'ulbll-

582 5297 701 5351 dam
731 5306 1127 5367 continentiam.
1161 5319 1419 5387 Quoniam
1450 5334 1641 5389 mulier
1665 5338 1871 5411 alligata
1909 5353 2164 5417 quamdiu

582 5386 691 5417 ι4....
723 5396 951 5417 mani.”
1023 5405 1033 5415 -

1566 5386 1628 5389 κ--
1665 5386 1871 5411 ..-σιῠι-σιι
1910 5386 2162 5417 Ὶυιαιιιυιυ

526 5412 533 5447 ῃ
579 5386 692 5443 sive
723 5396 962 5453 moechus
992 5405 1106 5460 sive
1132 5421 1305 5468 castus
1334 5419 1415 5470 vir
1453 5423 1569 5491 ejus
1596 5429 1755 5496 vivit,
1792 5442 2092 5497 mmehatur
2118 5447 2162 5501 si

577 5475 725 5501 ..ιη-ε
759 5496 881 5501 -ην
957 5490 985 5501 ’ν
1182 5500 1185 5501 ν

1482 5475 1499 5491 ο
1531 5475 1565 5479 ,v
1607 5475 1755 5496 ....-,
1792 5475 2080 5497 ...υυωιιιιυι
2118 5475 2161 5501 δι

575 5475 726 5531 alteri
756 5490 1023 5554 nupserit;
1060 5506 1113 5549 et
1143 5500 1222 5553 vir
1248 5505 1492 5576 alligatus
1522 5523 1774 5584 quamdiu
1814 5529 1925 5583 sive
1954 5537 2161 5593 nitecha

1342 5566 1368 5576 ν
1530 5566 1774 5584 Τπαυς-..ι
1814 5566 1925 5583 υινυ
1954 5566 2161 5593 ιιιωυιιᾶι

576 5566 689 5623 sive
712 5582 857 5627 casta
884 5592 1014 5634 uxor
1036 5584 1150 5654 ejus
1176 5592 1323 5662 vivit,
1353 5604 1649 5677 mazchatur
1673 5615 1716 5668 si
1744 5618 1965 5678 alteram
1997 5626 2161 5685 duxe-

570 5748 1027 5873 dy'mcicrmancnsis
1066 5772 1171 5816 Mss.
1194 5804 1207 5829 ,
1265 5773 1316 5825 in
1356 5784 1631 5844 nuptiarum
1675 5795 1990 5858 descendebat
2056 5808 2157 5876 9/75-

632 5874 650 5903 ³
683 5873 986 5933 pcrbeicusls
1008 5888 1180 5955 codex,
1206 5907 1265 5946 ne
1284 5910 1478 5965 propter
1502 5907 1909 5989 incontinmtiam.

1546 467 1633 523 DE
1670 466 2013 529 CONJUGIIS
2049 472 2526 547 ADULTERINlS,
2569 482 2609 539 S
2667 485 3039 549 AUGUSTINI

3842 518 3942 576 480

2340 591 2430 646 rit.
2462 592 2586 650 Hmc
2614 611 2843 672 namque
2876 602 3117 678 alligatio
3144 610 3357 681 quando
3383 618 3597 693 quidem
3638 639 3750 689 non
3779 630 3937 686 solvi~

2339 692 2456 750 tur,
2491 687 2698 744 etiamsi
2740 706 2838 761 per
2869 696 3148 766 repudium
3191 705 3618 783 coujuxacasto,
3647 717 3880 790 conjuge
3916 724 3936 755 ί

2335 786 2651 845 separetur;
2705 783 2874 839 multo
2935 789 3110 853 miruts
3154 795 3407 867 solvitur,
3449 804 3493 858 si
3534 822 3643 861 non
3688 823 3936 880 separata

2338 870 2659 928 mmchetur.
2682 874 2759 930 Ac
2780 892 2876 952 per
2900 878 3002 936 hoc
3027 899 3131 939 non
3155 902 3272 943 eam
3300 893 3478 963 solvit,
3503 897 3606 952 nisi
3634 916 3785 971 mors
3805 919 3938 963 con-

2330 958 2502 1029 jugis,
2532 978 2637 1018 non
2665 964 2717 1020 in
2745 968 3062 1029 adulterium
3093 984 3425 1051 corruentis,
3457 988 3551 1043 scd
3589 991 3659 1047 de
3698 1008 3933 1065 corpore

2332 1055 2593 1109 exeuntis.
2625 1056 2960 1131 Quapropter
2985 1067 3029 1121 si
3062 1075 3343 1130 recesserit
3368 1079 3559 1135 mulier
3584 1084 3655 1139 ab
3684 1085 3934 1147 adultero

2330 1144 2480 1212 viro,
2510 1157 2562 1202 et
2588 1148 2637 1203 ei
2669 1155 2995 1211 reconciliari
3025 1176 3129 1215 non
3167 1166 3311 1229 vult,
3345 1182 3559 1228 maneat
3586 1176 3844 1248 innupta;
3878 1193 3932 1236 et

2331 1236 2377 1290 si
2403 1236 2668 1295 dimiserit
2693 1244 2774 1297 vir
2800 1246 3097 1306 adulteram
3127 1257 3428 1329 mulierem,
3456 1274 3509 1318 et
3533 1282 3650 1322 eam
3682 1286 3791 1325 non
3820 1274 3930 1329 vult

2330 1332 2571 1401 recipere
2614 1350 2713 1391 nec
2751 1348 2870 1408 post
2906 1346 3293 1419 paenitentiam,
3338 1360 3602 1415 custodiat
3640 1368 3928 1423 continen-

2329 1420 2496 1476 tiam:
2548 1428 2648 1481 etsi
2697 1444 2800 1484 non
2842 1447 2905 1487 ex
2943 1436 3215 1499 voluntate
3253 1444 3478 1515 eligendi
3512 1453 3735 1521 potioris
3775 1458 3924 1526 boni,

2325 1522 2472 1569 certe
2502 1530 2566 1571 cx
2601 1523 2921 1581 necessitate
2947 1529 3144 1586 vitandi
3188 1538 3472 1603 perniciosi
3503 1546 3651 1603 mali.
3693 1549 3775 1603 Ad
3823 1550 3929 1611 hoc

2326 1605 2668 1675 exhortarer,
2700 1614 2907 1671 etiamsi
2934 1634 3070 1685 uxor
3098 1634 3241 1691 esset
3276 1627 3327 1681 in
3359 1630 3613 1703 languore
3642 1638 3927 1699 insanabili

2322 1705 2482 1767 atque
2502 1699 2771 1767 diuturno,
2794 1708 3001 1765 etiamsi
3024 1713 3217 1776 alicubi
3242 1730 3385 1777 esset
3403 1699 3629 1796 corpore
3650 1746 3925 1804 separata,

2322 1802 2429 1856 quo
2458 1792 2679 1848 maritus
2708 1810 2813 1852 non
2854 1812 3034 1868 posset
3075 1808 3370 1869 accedere:
3412 1827 3685 1885 postremo
3723 1824 3791 1879 ad
3819 1826 3927 1884 hoc

2322 1878 2658 1951 exhortarer,
2684 1887 2894 1944 etiamsi
2918 1894 3109 1950 mulier
3136 1900 3322 1958 volens
3347 1906 3526 1966 vivere
3553 1915 3919 1987 continenter,

2319 1972 2563 2038 quamvis
2600 1986 2783 2033 contra
2814 1978 3147 2052 disciplinam
3173 2029 3188 2053 ,
3228 1994 3348 2061 quia
3379 2012 3483 2052 non
3511 2015 3575 2054 ex
3603 2017 3873 2063 consensu
3899 2053 3917 2075 ,

2319 2067 2498 2117 tamen
2538 2066 2787 2135 pudicum
2833 2075 3023 2142 pudica
3071 2079 3380 2141 dimitteret.
3416 2090 3551 2147 Puto
3584 2097 3727 2151 enim
3768 2100 3920 2157 chri-

2316 2149 2545 2207 stianum
2576 2158 2841 2215 neminem
2882 2165 3165 2236 reluctari,
3198 2174 3499 2236 adulterum
3542 2199 3661 2242 esse
3702 2191 3792 2259 qui
3832 2194 3919 2251 vel

2316 2240 2406 2297 diu
2436 2244 2747 2317 languente,
2779 2254 2863 2308 vel
2889 2254 2979 2311 diu
3007 2259 3227 2320 absente
3258 2268 3340 2322 vel
3370 2273 3707 2333 continenter
3734 2282 3918 2341 vivere

2314 2333 2561 2403 cupiente
2588 2353 2682 2395 sua
2711 2357 2897 2413 uxore,
2930 2348 3084 2406 alteri
3114 2358 3437 2416 commixtus
3463 2375 3545 2419 est
3572 2368 3804 2431 feminae.
3827 2374 3919 2435 Sic

2315 2437 2443 2495 ergo
2488 2437 2544 2482 et
2586 2430 2805 2489 dimissa
2850 2438 3125 2510 adultera,
3166 2448 3377 2507 adulter
3415 2465 3499 2511 est
3534 2475 3654 2515 cum
3700 2464 3913 2528 altera:

2312 2516 2563 2583 quoniam
2595 2536 2699 2576 non
2743 2524 2865 2590 ille,
2897 2540 2990 2585 aut
3031 2532 3158 2601 ille;
3200 2539 3294 2594 sed
3318 2582 3332 2606 ,
3368 2542 3546 2601 Omnis
3584 2553 3671 2620 qui
3700 2554 3915 2611 dimittit

2310 2618 2518 2661 uxorem
2537 2626 2703 2679 suam,
2723 2623 2769 2667 et
2788 2616 2926 2672 ducit
2946 2622 3179 2690 alterunt,
3204 2633 3481 2688 moechatur
3499 2639 3517 2707 (
3525 2616 3649 2693 Luc.
3666 2658 3775 2709 xw,
3796 2647 3912 2719 18).

2310 2694 2639 2719 Π.--....-ᾼ.κη
2676 2703 2711 2719 Α·
2910 2710 2921 2719 .
3032 2714 3063 2719 --
3132 2716 3143 2719 -

3504 2694 3516 2707 ι
3670 2694 3691 2695 ν
3716 2694 3775 2709 ην
3800 2694 3911 2719 "l'

2309 2694 2644 2769 QuaprOpter
2668 2703 2712 2757 si
2741 2720 2771 2759 a
2801 2710 3063 2782 conjugali
3096 2716 3303 2774 vinculo
3330 2722 3581 2783 immunis
3609 2734 3787 2790 minus
3811 2752 3911 2808 ap-

3769 2789 3778 2790 κ
3844 2789 3875 2808 τ

2309 2789 2505 2858 petitur
2523 2792 2624 2847 vita
2642 2806 2970 2868 sanctorum,
2993 2805 3347 2867 exhorreatur
3362 2830 3517 2884 poena
3536 2825 3906 2895 moechorum;

2307 2887 2362 2934 et
2407 2881 2597 2941 timore
2638 2887 2828 2951 saltem
2859 2890 3095 2950 l'rcnetur
3140 2881 3593 2980 concupiscentia,
3637 2914 3685 2977 si
3721 2932 3909 2980 amore

2305 2985 2413 3025 non
2434 2973 2649 3043 eligitur
2671 2982 3014 3040 continentia.
3041 2987 3095 3043 Si
3120 2991 3260 3046 enim
3285 2973 3373 3050 ubi
3399 3007 3482 3054 est
3511 3002 3689 3071 timor,
3716 3025 3908 3079 opere?

2305 3070 2391 3117 tur
2410 3064 2591 3132 labor;
2618 3069 2705 3125 ubi
2726 3080 2844 3127 erat
2871 3074 3039 3144 labor,
3064 3080 3163 3135 erit
3185 3092 3238 3137 et
3256 3100 3427 3142 amor.
3450 3090 3565 3147 Non
3596 3098 3741 3151 enim
3768 3116 3903 3155 con-

2303 3151 2573 3210 ﬁdendqu
2616 3167 2699 3215 est
2736 3161 2804 3217 de
2847 3168 3041 3222 nostris
3082 3172 3314 3241 viribus;
3367 3180 3458 3235 sed
3498 3186 3669 3241 oratio
3713 3190 3905 3263 adjun-

2301 3246 2473 3314 genda
2510 3251 2817 3335 conatibus,
2861 3265 2920 3311 ut
2964 3259 3181 3331 impleat
3225 3265 3408 3339 bonis,
3458 3275 3547 3343 qui
3590 3246 3828 3338 deterret
3870 3300 3902 3344 a

2300 3336 2477 3393 malis.

2370 3427 2596 3489 CAPUT
2636 3431 2774 3489 XIV.
2805 3440 2991 3495 -14.
3038 3442 3267 3515 Objectio
3315 3450 3458 3519 alia,
3506 3454 3603 3511 hac
3649 3466 3902 3519 sententia

2298 3518 2499 3577 excludi
2528 3522 2903 3594 benignitatem,
2938 3540 2992 3584 ut
3019 3536 3190 3589 mariti
3218 3541 3368 3595 velint
3395 3547 3568 3614 puniri
3597 3552 3896 3625 adulteras,

2297 3608 2479 3678 quibus
2521 3614 2732 3668 mortuis
2774 3618 2956 3674 ducere
3006 3624 3136 3679 alias
3185 3608 3406 3698 possint:
3452 3636 3898 3708 Respondeamus

2298 3697 2457 3751 etiam
2484 3700 2550 3754 ad
2591 3702 2741 3773 illud,
2773 3708 2860 3762 ubi
2890 3721 3041 3777 putas
3069 3697 3288 3775 maritos
3318 3723 3383 3777 ad
3416 3697 3713 3793 puniendus

2290 4063 2415 4116 mihi
2440 4066 2655 4136 videtur,
2679 4076 3022 4133 amantissime
3042 4094 3204 4151 pater,
3229 4087 3310 4142 hic
3336 4090 3534 4148 divinus
3558 4114 3664 4152 esse
3688 4118 3889 4172 sensus,

2287 4152 2374 4207 ubi
2391 4154 2672 4242 benignitas
2692 4173 2739 4217 et
2763 4166 2922 4235 pietas
2949 4173 3248 4231 excluditur.
3279 4179 3350 4234 Ita
3379 4182 3517 4239 istud
3544 4186 3698 4256 dicis,
3731 4152 3890 4262 quasi

3734 4239 3883 4262 1..-.-.

2288 4258 2569 4317 propterea
2605 4239 2780 4311 mariti
2826 4276 3044 4328 parcere
3082 4265 3313 4327 debeant
3341 4275 3598 4333 adulteris
3628 4281 3845 4343 feminis
3868 4331 3883 4355 ,

2285 4338 2409 4407 quia
2452 4340 2575 4397 licet
2612 4345 2690 4400 eis
2730 4350 2926 4406 alteras
2967 4354 3202 4424 ducere;
3236 4372 3295 4417 ut
3340 4366 3384 4420 si
3424 4383 3530 4423 non
3578 4372 3723 4438 licet,
3774 4393 3883 4435 non

2284 4444 2505 4505 parcant
2526 4446 2582 4491 ut
2610 4438 2787 4495 liceat.
2816 4444 3066 4510 Quinimo
3088 4464 3371 4524 propterea
3395 4459 3594 4518 debent
3622 4473 3885 4536 peccatri-

2284 4524 2433 4585 cibus
2463 4529 2705 4597 prrcbere
2727 4534 3168 4611 misericordiam,
3201 4558 3259 4601 ut
3286 4559 3340 4604 et
3367 4551 3464 4623 ipsi
3494 4570 3592 4623 pro
3616 4524 3729 4615 suis
3757 4576 3882 4631 pec-

2281 4616 2413 4671 catis
2457 4620 2874 4681 misericordiam
2926 4646 3338 4705 consequantur.
3384 4644 3449 4697 Et
3493 4648 3661 4702 multo
3706 4656 3876 4724 magis

2281 4706 2383 4763 hoc
2407 4710 2484 4766 eis
2512 4711 2808 4772 faciendum
2832 4729 2934 4787 est,
2966 4726 3053 4794 qui
3075 4726 3308 4785 dimissis
3336 4736 3590 4794 uxoribus
3620 4742 3878 4800 adulteris

2278 4801 2497 4870 cupiunt
2526 4805 2705 4863 vivere
2724 4812 3081 4872 continenter.
3113 4818 3284 4875 Tanto
3309 4825 3506 4894 quippe
3530 4829 3731 4887 debent
3755 4850 3878 4892 esse

2277 4893 2755 4969 misericordiores,
2781 4916 2978 4984 quanto
3006 4911 3190 4966 volunt
3215 4930 3334 4971 esse
3367 4923 3665 4979 sanctiores
3691 4943 3704 4979 :
3737 4936 3796 4982 ut
3822 4938 3876 4984 et

2275 4982 2342 5037 ad
2367 4987 2662 5045 castitatem
2690 4992 2741 5046 in
2771 4982 2829 5049 se
2852 4997 2979 5066 ipsis
3002 5004 3314 5060 servandam
3342 5007 3596 5067 divinitus
3619 5017 3875 5087 adjuveno

2276 5080 2383 5140 tur,
2410 5076 2535 5131 dum
2563 5082 2859 5139 castitatem
2886 5088 2953 5142 ab
2975 5094 3228 5149 uxoribus
3254 5098 3501 5155 violatam
3529 5120 3627 5159 nec
3651 5107 3752 5175 ipsi
3778 5111 3874 5164 hu-

2273 5167 2504 5223 manitus
2532 5171 2875 5232 ulciscuntur.
2905 5181 2970 5235 Et
2996 5186 3224 5243 maxime
3251 5205 3352 5245 vox
3379 5194 3467 5248 illa
3494 5196 3765 5256 dominica
3790 5212 3868 5258 est

2272 5258 2350 5311 eis
2400 5259 2451 5313 in
2495 5268 2805 5323 memoriam
2852 5277 3181 5333 revocanda:
3234 5281 3333 5347 Qui
3375 5286 3483 5340 sine
3525 5303 3732 5357 peccato
3775 5305 3863 5359 est,

2272 5351 2411 5419 prior
2439 5353 2491 5407 in
2519 5354 2663 5409 illaut
2692 5360 2911 5430 lapidem
2933 5367 3095 5436 jaciat
3120 5370 3299 5439 (Joan.
3334 5390 3427 5431 Vtu
3447 5421 3463 5445 ,
3492 5351 3567 5449 7).
3599 5383 3738 5452 Νοη,
3768 5351 3863 5452 Qui

2270 5444 2385 5499 sine
2417 5446 2531 5516 ipso
2570 5462 2788 5519 peccato
2818 5465 2934 5522 est,
2973 5462 3220 5529 quoniam
3256 5466 3525 5537 loquimur
3552 5473 3624 5529 de
3659 5478 3864 5546 pudicis

2266 5534 2397 5592 viris
2424 5540 2479 5605 ’;
2524 5541 2653 5611 sed,
2689 5543 2790 5611 Qui
2830 5548 2938 5602 sine
2979 5563 3180 5620 peccato
3220 5566 3330 5613 est:
3378 5562 3521 5631 quod
3565 5566 3611 5620 si
3645 5581 3766 5629 esse
3808 5584 3866 5625 se

2332 5753 2347 5785 ¹
2384 5756 2455 5805 sic
2470 5756 2694 5826 melioris
2714 5770 2844 5813 notae
2868 5772 2973 5817 Mss.
2998 5772 3054 5818 Αι
3072 5775 3202 5833 Lov.,
3227 5773 3409 5837 conjua;
3430 5790 3463 5831 α
3485 5785 3622 5836 casta
3636 5781 3857 5848 conjuge.

2373 5828 2549 5848 mm..-
2575 5829 2702 5848 η..-
2728 5837 2922 5848 --_..-_-

2264 5817 2549 5878 El‘-.Conjua:
2572 5829 2702 5877 ςαδιο
2723 5837 2941 5888 corpore,
3041 5817 3048 5818 ί
3077 5817 3090 5818 Π
3111 5817 3124 5820 ν
3145 5817 3154 5821 ν
3172 5817 3202 5833 Ἰ
3230 5817 3280 5825 ﬂ
3301 5817 3462 5910 ἶν’-..η
3485 5817 3694 5915 ‘w'fw
3717 5817 3743 5844 Ἰ

2328 5878 2348 5906 ³
2380 5880 2451 5915 Sin
2474 5881 2647 5915 molinc
2671 5892 2754 5915 tua:
2810 5895 2853 5915 υ
2877 5891 2991 5915 mm:
3045 5897 3272 5915 -...._..-_._
3300 5897 3420 5915 ιη..-
3444 5914 3465 5915 η

2296 5937 2310 5949 ’
2328 5878 2355 5948 ³,
2380 5880 2452 5928 sic
2474 5881 2649 5934 melius
2670 5892 2775 5936 Mss.
2805 5878 2859 5955 At
2877 5882 2991 5942 editi
3007 5926 3020 5953 ,
3041 5897 3273 5956 quomodo
3296 5897 3534 5971 loquimur
3570 5904 3634 5966 de
3668 5906 3857 5981 pudicis

2296 5951 2389 5981 υἾᾶ
3370 5976 3374 5980 “

2266 5950 2392 6005 virts,
