4048 6510
178 424 269 483 ιδι

178 537 444 603 dixerint,
473 551 535 592 se
562 536 712 608 ipsos
750 532 1044 597 seducunt,
1076 538 1129 585 et
1153 528 1350 585 veritas
1375 527 1429 583 in
1459 528 1538 584 eis
1566 543 1673 582 non
1699 536 1782 582 est

179 634 225 705 (Ι
250 633 410 687 loan.
440 646 481 694 ι,
508 629 590 700 8).
617 628 790 683 Porro
832 625 879 679 si
905 639 1011 679 non
1042 637 1102 678 se
1130 620 1419 687 seducunt,
1446 627 1501 675 et
1521 628 1603 674 est
1628 618 1682 672 in
1703 618 1783 672 eis

179 726 397 789 veritas,
439 736 549 777 non
581 720 684 775 crit
730 719 784 773 in
830 717 909 771 eis
952 722 1177 770 cruenta
1214 712 1491 767 severitas.
1540 708 1785 765 Scientes

178 818 325 876 enim
348 831 409 870 se
431 829 538 868 non
563 826 686 867 esse
710 810 826 865 sine
849 818 1085 877 peccato,
1112 804 1387 859 dimittunt
1408 812 1464 856 ut
1490 801 1787 856 dimittatur

180 909 296 972 eis;
323 921 427 962 nec
452 904 520 959 ab
541 903 621 959 eis
640 899 940 971 benignitas
964 906 1020 954 et
1045 896 1213 968 pictas
1237 893 1535 950 excluditur
1556 893 1596 946 ί.
1619 891 1785 961 Magis

181 1000 327 1057 enim
358 997 479 1052 hmo
517 992 887 1056 excluduntur,
921 989 966 1044 si
994 988 1227 1058 peccatis
1271 985 1555 1055 conjugum
1596 982 1665 1037 ab
1705 982 1786 1037 eis

186 1094 439 1161 impetret
464 1088 676 1143 veniam
707 1083 917 1139 licentia
947 1080 1205 1145 libidinis,
1236 1094 1344 1134 non
1369 1092 1499 1133 cura
1529 1074 1781 1147 pietatis;

184 1182 236 1237 id
261 1191 380 1245 est,
408 1187 468 1233 ut
493 1185 777 1248 propterea
802 1179 1024 1244 parcant
1048 1171 1170 1241 quia
1197 1171 1323 1225 licet
1352 1169 1431 1224 eis
1456 1168 1654 1224 alteras
1683 1166 1787 1221 du-

187 1288 308 1329 cere
328 1308 348 1339 ,
379 1279 434 1325 et
466 1284 573 1324 non
606 1267 780 1338 potius
806 1272 1086 1335 prapterea
1114 1261 1239 1332 quia
1263 1259 1453 1316 volunt
1473 1268 1528 1315 et
1554 1257 1654 1312 sibi
1681 1256 1787 1311 Do-

188 1366 390 1420 minum
425 1376 669 1433 parcere.

257 1459 347 1514 15.
388 1457 603 1525 Quanto
632 1455 809 1524 itaque
838 1449 1050 1517 melius,
1081 1456 1135 1504 et
1161 1447 1466 1512 honestius,
1494 1443 1785 1501 christiana

188 1553 419 1621 denique
448 1548 779 1621 professione
806 1544 1016 1615 dignius
1037 1583 1051 1607 ,
1084 1551 1142 1597 ut
1164 1548 1386 1613 parcant
1422 1540 1783 1595 adulterarum

188 1642 436 1712 sanguini
482 1654 738 1702 uxorum,
783 1636 924 1707 quod
968 1634 1224 1703 scriptum
1269 1640 1350 1687 est
1394 1631 1474 1686 eis
1518 1629 1782 1693 dicimus,

190 1736 400 1789 Dimitte
430 1732 733 1802 injustitiam
772 1729 1003 1800 proximo
1041 1735 1160 1790 tuo,
1192 1734 1239 1779 et
1279 1733 1396 1778 tunc
1434 1720 1657 1792 precanti
1698 1721 1786 1774 tibi

188 1836 395 1897 peccata
424 1828 702 1879 solventur.
744 1819 914 1876 Homo
960 1818 1154 1872 homini
1183 1823 1441 1871 conservat
1469 1815 1599 1867 iram
1623 1855 1638 1877 ,
1680 1820 1727 1865 et
1755 1828 1788 1865 a

193 1920 413 1974 Domino
438 1917 618 1988 quterit
648 1913 895 1969 medelam
917 1912 943 1966 ἵ
971 1910 1142 1981 Super
1168 1909 1422 1963 hominem
1447 1906 1665 1975 similem
1691 1905 1787 1959 sibi

191 2029 291 2067 non
316 2010 465 2064 habet
490 2006 907 2071 misericordiam,
931 2014 978 2058 et
1002 2003 1066 2057 de
1086 2001 1301 2072 peccatis
1321 2001 1427 2054 suis
1451 2000 1746 2068 deprecatur
1760 1996 1787 2049 2

194 2105 317 2160 Cum
344 2104 455 2172 ipse
483 2117 603 2154 caro
629 2099 715 2162 sit,
742 2104 999 2152 conservat
1025 2091 1387 2148 iracundiam?
1409 2090 1519 2159 quis
1544 2087 1789 2158 propitia-

193 2200 324 2252 bitur
352 2194 571 2267 peccatis
611 2192 751 2247 illius
780 2188 964 2261 (Eccli.
996 2201 1169 2241 xxvut
1190 2225 1204 2247 ,
1233 2183 1375 2252 25);
1407 2189 1463 2237 et
1503 2180 1570 2236 de
1611 2180 1786 2234 Evan-

191 2292 327 2362 gelio
348 2331 363 2353 ,
398 2287 684 2352 Dimittite,
718 2294 765 2338 et
802 2282 1078 2336 dimittetur
1102 2279 1242 2334 vobis
1271 2276 1423 2349 (Luc.
1454 2290 1537 2341 vt,
1569 2272 1659 2346 '57)
1685 2290 1699 2338 ;
1731 2278 1790 2327 ut

196 2382 458 2452 possimus
482 2378 667 2432 dicere
692 2416 708 2442 ,
741 2374 949 2428 Dimitte
988 2371 1131 2427 nobis
1156 2370 1324 2425 debita
1354 2376 1556 2435 nostra,
1586 2368 1716 2421 sicut
1742 2373 1789 2419 et

194 2489 281 2525 nos
310 2470 617 2523 dimittimus
645 2464 949 2519 debitoribus
976 2463 1160 2518 nostris
1188 2460 1403 2533 (Matth.
1447 2474 1499 2513 vi
1519 2500 1535 2526 ,
1568 2457 1662 2527 12)
1686 2473 1702 2521 ;
1735 2465 1791 2512 et

196 2566 260 2619 de
285 2561 547 2633 Apostolo
569 2602 587 2626 ,
636 2557 787 2612 Nulli
812 2555 1004 2610 malum
1035 2571 1127 2625 pro
1157 2553 1291 2607 malo
1320 2550 1581 2606 reddentes
1609 2547 1787 2622 (Rom.

197 2672 264 2711 xu
286 2698 301 2721 ,
333 2656 424 2726 l7)
452 2672 466 2708 :
496 2652 620 2708 etsi
649 2666 753 2721 qua
782 2658 904 2705 sunt
935 2645 1240 2717 hujusmodi
1266 2644 1319 2700 in
1346 2642 1633 2713 Scripturis
1662 2655 1792 2701 san:-

196 2750 308 2812 ctis,
337 2746 555 2817 quibus,
579 2745 645 2799 ad
668 2740 1031 2799 ulciscendum
1058 2736 1272 2809 quando
1297 2736 1559 2790 humanus
1579 2732 1790 2788 animus

196 2843 476 2905 excitatur,
509 2840 631 2908 quia
663 2836 985 2893 christianus
1015 2841 1118 2896 est,
1152 2829 1463 2901 mitigatur?

262 2935 494 2991 CAPUT
519 2932 633 2988 XV.
664 2961 734 2973 -—
758 2929 933 2983 Mariti
950 2928 1017 2980 ad
1049 2924 1357 2997 parcendum
1386 2921 1630 2976 adulteris
1671 2934 1794 2974 tuco-

191 3031 347 3094 ribus,
378 3045 483 3081 non
509 3025 711 3080 licentia
749 3020 987 3083 libidinis,
1018 3018 1105 3073 sed
1131 3034 1253 3072 cura
1283 3015 1482 3088 pietatis
1522 3012 1791 3067 adducan—

194 3130 291 3177 tur.
322 3123 571 3191 Quanto,
603 3120 816 3188 inquam
839 3156 854 3179 ,
888 3113 1078 3169 melius
1104 3112 1204 3167 ista
1230 3109 1456 3163 dicimus
1478 3148 1494 3175 ,
1532 3119 1693 3175 quam
1736 3111 1793 3157 ut

193 3218 455 3279 dicamus,
486 3212 716 3267 Tantum
749 3208 1019 3263 adulteras
1048 3205 1176 3259 istas
1204 3200 1486 3266 dimittite,
1518 3206 1574 3254 et
1606 3210 1791 3253 earum

190 3310 354 3364 nolite
382 3306 696 3376 sanguinem
722 3314 987 3373 quaerere;
1016 3296 1270 3367 quidquid
1291 3293 1492 3348 doloris
1517 3307 1582 3347 ex
1609 3301 1793 3346 earum

192 3401 409 3473 flagitiis
433 3397 673 3463 habetis,
706 3391 1124 3450 consolabuntur
1166 3402 1262 3442 vos
1292 3385 1410 3439 alia:
1452 3397 1586 3455 quas
1621 3380 1793 3435 duxe-

193 3494 307 3549 ritis
335 3511 351 3545 ε
382 3489 581 3545 merito
601 3486 744 3542 enim
765 3482 974 3539 velletis
1002 3482 1132 3535 istas
1157 3477 1225 3533 de
1251 3476 1543 3531 viventium
1569 3485 1795 3528 numero

194 3588 404 3641 auferre
424 3624 441 3650 ,
473 3582 521 3637 si
549 3594 735 3637 earum
760 3578 865 3633 vita
896 3574 1276 3647 impedimento
1300 3577 1476 3637 esset,
1508 3565 1796 3638 quominus

195 3679 324 3738 alias
343 3674 620 3731 duceretis
643 3688 658 3737 ;
683 3685 824 3725 nunc
848 3683 1008 3734 vero,
1030 3666 1191 3722 etiam
1215 3663 1332 3719 istis
1352 3659 1648 3716 viventibus
1673 3671 1794 3711 cum

196 3769 355 3825 liceat
381 3769 485 3822 alia
513 3765 665 3819 vobis
694 3759 1029 3817 matrimonia
1058 3754 1367 3830 providere,
1399 3750 1524 3821 quid
1553 3763 1647 3804 eas
1677 3757 1797 3801 tan-

198 3869 384 3930 topere
410 3857 574 3912 vultis
602 3852 888 3910 occidere?
918 3848 1042 3905 Hzec
1069 3848 1114 3903 si
1143 3846 1389 3909 dicimus,
1418 3855 1598 3896 nonne
1624 3848 1798 3930 atten-

197 3928 277 4005 dis
316 3965 480 4020 quam
525 3956 705 4002 nostra
745 3943 922 3999 suasio
958 3942 1115 4009 longe
1154 3936 1222 3992 sit
1259 3950 1289 3989 a
1316 3934 1623 3989 charactere
1651 3928 1797 3984 chri-

198 4045 373 4099 stiano
400 4043 420 4074 ²
448 4059 461 4093 :
501 4039 623 4110 quia
648 4046 703 4092 et
728 4036 915 4090 falsum
946 4032 1191 4093 dicimus,
1224 4026 1303 4082 eis
1330 4025 1491 4080 licere
1519 4021 1660 4092 quod
1691 4034 1795 4074 non

198 4137 341 4196 licet.
370 4132 478 4187 hoc
504 4139 619 4191 est,
648 4127 765 4182 istis
792 4123 1094 4179 viventibus
1123 4130 1183 4175 ut
1207 4117 1324 4172 aliis
1349 4113 1701 4184 copulentur;
1746 4119 1799 4165 et

198 4226 241 4281 si
287 4233 573 4295 propterea
624 4220 728 4273 illis
770 4214 1124 4288 pepercerint,
1170 4226 1276 4266 non
1324 4216 1543 4279 parcent
1580 4213 1801 4276 propter

197 4321 491 4390 pietatem,
536 4313 632 4369 sed
684 4320 905 4383 propter
953 4308 1178 4362 aliarum
1229 4303 1529 4374 nuptiarum
1577 4299 1798 4390 liberam

200 4389 545 4482 potestatem.
594 4405 869 4459 Postremo
905 4415 1085 4470 quacro
1133 4397 1229 4452 abs
1259 4404 1343 4460 te,
1387 4402 1564 4447 utrum
1608 4389 1802 4482 marito

200 4481 500 4560 christiano
520 4500 678 4553 liceat
701 4496 784 4551 vel
806 4492 1099 4550 secundum
1121 4498 1359 4544 veterem
1382 4485 1475 4541 Dci
1498 4484 1690 4555 legem,
1716 4481 1801 4536 vel

201 4593 464 4651 Romanis
506 4589 712 4660 legibus
738 4586 1031 4641 adulteram
1061 4580 1307 4637 occidere
1330 4578 1395 4631 ³2
1424 4577 1481 4633 Si
1509 4576 1653 4642 licet,
1687 4588 1803 4628 me-

202 4690 304 4743 lius
333 4694 417 4741 est
456 4693 517 4738 ut
544 4682 615 4737 ab
642 4689 867 4749 utroque
892 4691 951 4732 se
977 4680 1271 4745 temperet,
1303 4669 1354 4725 id
1384 4678 1493 4733 est,
1523 4676 1577 4723 et
1600 4681 1630 4721 a
1660 4664 1805 4720 licito

206 4780 290 4833 illa
322 4784 583 4848 peccante
611 4771 870 4843 supplicio
889 4812 904 4835 ,
936 4777 991 4823 et
1016 4767 1084 4821 ab
1110 4764 1292 4819 illicito
1319 4762 1406 4816 illa
1433 4761 1642 4815 vivente
1671 4772 1805 4813 con.

202 4872 369 4942 jugio.
411 4866 569 4937 Quod
604 4865 648 4920 si
677 4864 988 4917 alterutrum
1018 4858 1217 4927 eligere
1262 4860 1603 4923 perseverat,
1639 4849 1807 4904 satius

208 4972 285 5017 est
312 4962 364 5017 ei
405 4961 584 5014 facere
612 4954 755 5026 quod
785 4955 941 5019 licet,
973 4958 1032 5005 ut
1068 4948 1305 5003 adultera
1336 4945 1617 5015 puniatur,
1646 4957 1806 5013 quam

209 5055 259 5108 id
286 5052 429 5123 quod
454 5065 561 5105 non
584 5048 727 5109 licet,
752 5054 810 5100 ut
830 5044 941 5114 ipsa
962 5042 1079 5096 viva
1103 5040 1192 5095 ille
1213 5036 1528 5093 mmehetur.
1553 5034 1609 5091 Si
1628 5043 1806 5089 autem

210 5145 348 5214 quod
376 5143 558 5199 verius
586 5140 802 5203 dicitur,
827 5151 930 5190 non
956 5134 1081 5189 licet
1107 5129 1307 5186 homini
1335 5128 1627 5183 christiano
1652 5126 1807 5181 adul-

212 5247 376 5292 teram
404 5234 688 5304 conjugem
719 5228 983 5292 occidere,
1011 5224 1105 5281 sed
1130 5232 1330 5278 tantum
1358 5220 1662 5282 dimittere;
1690 5218 1810 5289 quis

212 5339 293 5385 est
323 5340 429 5384 tam
461 5327 687 5383 demens
726 5322 815 5393 qui
846 5321 896 5376 ei
930 5319 1103 5384 dicat,
1136 5316 1242 5370 Fac
1262 5312 1402 5385 quod
1429 5328 1533 5366 non
1564 5312 1719 5378 licet,
1752 5318 1812 5366 ut

214 5423 304 5478 tibi
326 5423 483 5477 liceat
503 5416 647 5490 quod
668 5430 777 5471 non
804 5411 965 5467 licet?
988 5409 1121 5465 Cum
1147 5407 1289 5463 enim
1312 5414 1596 5473 utrumque
1620 5417 1812 5457 secuna

277 5602 294 5635 ί
329 5609 464 5659 tov.,
488 5614 550 5651 ne
574 5597 637 5650 ab
659 5597 747 5659 eis
773 5591 1036 5659 benignitas
1057 5594 1102 5640 et
1133 5586 1285 5659 pietas
1306 5580 1616 5659 escludqtur.
1640 5585 1814 5659 ueteri

213 5646 559 5719 vom-adiges,
575 5646 677 5712 nec
691 5646 760 5708 ab
783 5656 868 5714 eis,
882 5646 1011 5714 'etc.,
1037 5662 1088 5703 et
1107 5646 1479 5722 c'x‘his‘quidam
1498 5646 1697 5705 habent,
1724 5658 1814 5695 cx-

216 5712 504 5785 cludantur;
531 5712 611 5775 alii
637 5736 751 5785 cum
777 5712 876 5766 Am.
906 5726 957 5785 et
976 5712 1047 5785 l-ir.
1068 5712 1365 5785 excluditur.

280 5774 643 5839 {Turbamus
665 5784 846 5840 codex,
873 5778 1105 5840 charitatc
1128 5774 1325 5825 Christi.
1389 5829 1401 5840 .
1599 5831 1609 5840 .
1652 5827 1679 5840 ,Δ
1794 5836 1797 5839 ἰ

282 5854 301 5884 ³
332 5827 1091 5904 sigon-iiiesuitvs‘srat'editi,vel
1131 5846 1360 5887 Romanas
1384 5829 1508 5897 lcgcs
1545 5827 1817 5882 adulteram

221 5915 447 5970 occidere.

1498 412 1702 470 LIBER
1741 410 2114 469 SECUNDUS.

3384 425 3490 489 $32

1890 526 2019 582 dum
2045 528 2215 600 legem
2253 528 2447 587 Christi
2476 532 2716 590 illicitum
2747 535 2850 605 sit,
2881 537 2994 595 sive
3019 538 3314 599 adulteram
3342 547 3484 600 occi-

1890 619 2049 685 dere,
2079 622 2193 676 sive
2230 622 2319 678 illa
2353 624 2565 681 vivente
2604 626 2826 684 alteram
2872 630 3096 699 ducere,
3146 634 3216 689 ab
3259 633 3484 709 utroque

1889 712 2263 769 abstinendum
2289 724 2389 780 est,
2421 731 2527 771 non
2555 718 2797 774 illicitum
2826 737 2923 790 pro
2954 724 3137 780 illicito
3159 725 3479 785 faciendum.

1892 803 1949 859 Si
1979 805 2122 859 enim
2148 805 2381 863 facturus
2405 816 2488 864 est
2512 810 2655 879 quod
2687 826 2792 865 non
2824 813 2947 869 licet
2966 856 2981 880 ,
3008 815 3116 884 jam
3147 816 3304 873 faciat
3327 820 3485 875 adul-

1891 897 2108 963 terium,
2134 906 2189 952 et
2216 913 2323 953 non
2366 901 2522 955 faciat
2551 902 2924 971 homicidium;
2968 914 3027 961 ut
3055 908 3265 964 vivente
3312 920 3485 965 uxore

1891 989 2113 1044 alteram
2143 990 2321 1059 ducat,
2363 1001 2419 1047 et
2446 1008 2551 1048 non
2588 994 2877 1051 humanum
2923 1000 3233 1070 sanguinem
3278 1002 3483 1059 fundat.

1891 1077 2044 1146 Quod
2071 1081 2115 1134 si
2144 1092 2227 1136 est
2254 1091 2536 1154 utrumque
2574 1085 2836 1141 nefarium
2858 1128 2871 1151 ,
2902 1103 3009 1143 non
3052 1090 3212 1146 debet
3256 1093 3483 1149 alterum

1890 1184 1989 1241 pro
2014 1172 2183 1228 altero
2212 1187 2545 1245 perpetrare,
2571 1176 2666 1232 sed
2691 1166 2979 1251 utrumque
3005 1182 3193 1238 vitare.

1962 1263 2186 1320 CAPUT
2207 1265 2348 1321 XVI.
2377 1296 2449 1307 -—
2477 1268 2565 1323 16.
2610 1268 2898 1341 Objectatur
2958 1272 3382 1344 incontinentem,
3439 1278 3487 1331 ti

1891 1356 2135 1411 adulterae
2177 1359 2327 1412 uxori
2383 1375 2490 1415 sure
2540 1372 2752 1415 mortem
2806 1364 3092 1419 acdusando
3150 1374 3439 1436 procurartt
3466 1408 3482 1433 ,

1891 1450 2084 1503 veniam
2132 1462 2456 1523 accepturum
2513 1469 2603 1523 per
2656 1454 2978 1525 Baptismum
3027 1466 3117 1511 aut
3186 1460 3487 1515 reconcilia-

1892 1541 2076 1594 tionem
2099 1582 2115 1607 ,
2162 1558 2275 1612 qua:
2314 1544 2408 1597 sibi
2448 1545 2674 1615 alioquin
2713 1556 2951 1617 perpetuo
2991 1548 3222 1604 adultero
3262 1550 3487 1622 denega-

1890 1642 2082 1686 rentur.
2122 1632 2365 1689 Graviore
2405 1646 2581 1691 contra
2609 1637 2852 1692 Pollentii
2882 1640 3169 1710 Opinionem
3207 1643 3487 1714 excogitari

1893 1742 2056 1796 posse,
2084 1743 2235 1796 quant
2272 1744 2385 1800 qua
2425 1730 2489 1783 ab
2533 1731 2621 1785 illo
2659 1732 2973 1801 obiectantur
3006 1734 3346 1788 incommoda.
3391 1735 3488 1789 Hic

1891 1817 2046 1872 video
2075 1818 2199 1888 quid
2229 1818 2333 1873 dici
2378 1821 2446 1876 ab
2486 1821 2937 1878 incontinentibus
2976 1825 3146 1895 possit
3177 1843 3190 1879 :
3217 1825 3361 1896 quod
3399 1826 3484 1881 vi-

1890 1906 2086 1963 delicet
2110 1909 2199 1978 qui
2226 1909 2444 1965 dimittit
2484 1921 2535 1967 et
2567 1912 2748 1969 vivere
2790 1915 3043 1984 permittit
3072 1916 3390 1985 adulteram,
3432 1919 3481 1973 si

1890 2001 2112 2056 alteram
2140 2001 2371 2069 duxerit,
2414 2005 2669 2075 quamdiu
2717 2007 2863 2077 prior
2903 2007 2990 2061 illa
3014 2009 3164 2076 vivit,
3192 2020 3486 2080 perpetuus

1890 2094 2100 2151 adulter
2126 2104 2229 2163 est,
2260 2111 2360 2152 nec
2389 2098 2495 2168 agit
2522 2099 2885 2169 paenitentiam
2916 2099 3243 2157 fructuosam
3270 2118 3300 2157 a
3328 2102 3487 2173 flagi-

1894 2188 1969 2243 tio
2015 2204 2120 2243 non
2164 2190 2452 2257 recedens;
2482 2207 2580 2247 nec
2603 2192 2649 2247 si
2676 2193 3091 2250 catechumenos
3119 2205 3201 2251 est
3221 2237 3237 2263 ,
3283 2196 3349 2251 ad
3382 2197 3489 2251 Ba-

1892 2280 2144 2350 ptismum
2164 2280 2481 2349 admittitur,
2509 2283 2759 2353 quoniam
2784 2284 2852 2338 ab
2877 2300 2943 2340 eo
2966 2285 3108 2356 quod
3134 2286 3355 2356 impedit
3378 2302 3485 2342 uon

1892 2381 2166 2439 mutatur;
2192 2389 2292 2429 nec
2316 2376 2649 2430 reconciliari
2680 2377 2945 2445 pmnitens
2969 2382 3146 2445 potest
3192 2378 3244 2432 in
3289 2378 3481 2434 eadem

1893 2463 2130 2534 nequitia
2156 2473 2509 2533 perseverans
2559 2482 2573 2520 :
2626 2466 2672 2521 si
2719 2472 2901 2521 autem
2931 2467 3234 2522 accusando
3280 2468 3489 2524 adulte-

1892 2568 2009 2609 ram
2053 2554 2337 2622 occiderit,
2380 2556 2483 2611 hoc
2529 2566 2806 2626 peccatum
2853 2558 3104 2629 quoniam
3155 2568 3486 2617 transactum

1894 2653 1997 2711 est,
2030 2652 2085 2700 et
2113 2645 2167 2699 in
2193 2660 2259 2701 eo
2283 2660 2388 2700 non
2420 2655 2717 2717 permanet,
2746 2655 2800 2702 et
2841 2649 2885 2703 si
2925 2663 2955 2703 a
2984 2650 3371 2706 catechumeno
3410 2650 3491 2706 fa-

1894 2744 2038 2791 ctum
2092 2744 2211 2803 est,
2260 2736 2587 2807 Baptismate
2628 2738 2889 2805 abluitur;
2938 2748 2995 2795 et
3029 2740 3074 2794 si
3112 2755 3141 2793 a
3180 2742 3484 2811 baptizata,

1895 2828 2208 2899 paenitentia
2234 2835 2289 2883 et
2314 2829 2746 2886 reconciliatione
2791 2841 3029 2885 sanatur.
3083 2831 3189 2888 Sed
3229 2834 3488 2904 numquid

1896 2929 2178 2994 propterea
2207 2920 2398 2976 dicturi
2427 2935 2611 2976 sumus
2636 2921 2957 2977 adulterium
2987 2938 3094 2978 non
3134 2938 3254 2979 esse
3281 2924 3490 2979 adulte-

1895 3012 2056 3080 rium,
2084 3011 2227 3083 quod
2257 3012 2374 3068 sine
2401 3012 2563 3068 dubio
2588 3015 2962 3080 committitur,
2995 3016 3040 3070 si
3069 3016 3295 3087 conjuge
3334 3016 3490 3071 adul-

1897 3110 2011 3159 tera
2038 3103 2249 3160 vivente
2272 3105 2437 3159 altera
2468 3103 2717 3160 ducitur?
2744 3104 2850 3161 Sed
2881 3104 2984 3161 hoc
3012 3106 3257 3162 adulterii
3288 3122 3489 3179 genere

1897 3203 2141 3266 excepto,
2164 3211 2357 3267 nempe
2379 3211 2485 3252 non
2515 3196 2727 3252 dubitas
2752 3212 2872 3253 esse
2899 3197 3244 3262 adulterium,
3268 3199 3314 3253 si
3338 3201 3489 3268 quis-

1898 3303 2056 3360 quam
2084 3287 2243 3343 ducat
2268 3288 2497 3344 viventis
2526 3304 2748 3345 uxorem
2779 3304 2809 3343 a
2834 3290 2951 3344 viro
2990 3305 3089 3345 suo
3127 3306 3223 3360 per
3243 3290 3487 3345 libellum

1898 3379 2105 3449 repudii
2156 3379 2275 3436 sine
2324 3379 2432 3435 ulla
2494 3379 2736 3435 mulieris
2784 3378 3137 3437 fornicatione
3191 3380 3491 3436 dimissam.

1900 3472 2037 3542 Quid
2066 3488 2216 3543 ergo,
2247 3488 2369 3528 cum
2394 3472 2588 3529 viderit
2611 3489 2674 3529 se
2700 3489 2800 3529 nec
2820 3474 2885 3529 ad
2908 3474 3234 3544 Baptismum
3262 3474 3491 3541 admitti,

1901 3565 1945 3619 si
1974 3564 2411 3631 catechumenus,
2445 3580 2545 3620 nec
2575 3565 2779 3621 utiliter
2820 3580 2979 3636 agerc
3009 3566 3400 3636 paenitentiam,
3448 3566 3495 3620 si

1901 3655 2200 3726 baptizatus
2231 3655 2333 3710 hoc
2362 3655 2505 3719 fecit,
2539 3671 2646 3710 non
2693 3656 3012 3727 corrigendo
3039 3666 3094 3711 et
3135 3656 3493 3727 relinquendo

1901 3747 2044 3819 quod
2072 3747 2215 3813 fecit,
2244 3748 2289 3801 si
2319 3762 2440 3802 eum
2467 3746 2698 3801 voluerit
2719 3756 2772 3802 et
2798 3749 3029 3817 potuerit
3053 3748 3299 3803 occidere
3338 3749 3493 3818 cujus

1902 3839 2056 3895 duxit
2082 3853 2330 3904 uxorem,
2362 3845 2422 3893 ut
2439 3838 2543 3893 hoc
2571 3838 2745 3893 scelus
2766 3839 2852 3894 vel
2878 3839 3205 3908 Baptismate
3235 3839 3492 3905 diluatur,

1902 3930 1989 3986 vel
2015 3931 2323 3999 pmnitendo
2353 3930 2608 3995 solvatur,
2640 3938 2800 4000 atque
2832 3931 2902 3984 ita
2927 3931 3090 3984 etiam
3119 3930 3247 3984 illud
3279 3929 3497 3985 adulte-

1904 4024 2044 4079 rium
2073 4039 2179 4078 non
2211 4032 2538 4093 permaneat,
2582 4031 2834 4077 evacuata
2877 4021 3104 4077 muliere
3153 4037 3183 4075 a
3231 4022 3349 4093 lege
3395 4022 3498 4077 viri

1908 4124 2027 4185 post
2051 4123 2279 4169 mortem
2306 4112 2426 4179 viri,
2460 4113 2554 4168 sed
2584 4112 2650 4169 de
2684 4121 2953 4169 transacto
2982 4113 3126 4184 quod
3155 4114 3351 4169 factum
3388 4123 3495 4180 est,

1906 4220 2002 4275 per
2028 4204 2398 4276 paenitentiam
2445 4205 2574 4260 satis
2600 4204 2713 4269 fiat,
2741 4206 2825 4260 vel
2870 4206 3278 4276 regeneratione
3307 4204 3495 4261 delea-

1909 4307 2031 4363 tur;
2066 4296 2322 4368 numquid
2354 4306 2635 4367 propterea
2681 4306 2766 4352 est
2814 4297 3115 4352 accusanda
3162 4298 3244 4354 lex
3277 4297 3500 4365 Christi,

1910 4401 2158 4462 tanquam
2188 4390 2507 4460 compulerit
2546 4389 2661 4445 ﬁeri
2702 4390 3068 4456 homicidium,
3098 4406 3217 4447 cum
3249 4391 3366 4447 sine
3395 4392 3506 4446 cri-

1908 4483 2053 4537 mine
2080 4481 2445 4537 fornicationis
2461 4481 2793 4552 repudiatam
2816 4481 3036 4549 ducere,
3059 4482 3189 4538 dicit
3214 4497 3334 4539 esse
3350 4482 3506 4538 adul-

1913 4575 2103 4630 terium
2123 4574 2148 4627 ?

1984 4687 2071 4744 i7.
2096 4688 2192 4743 llic
2218 4689 2382 4755 enim,
2413 4687 2457 4743 si
2482 4702 2668 4758 parum
2694 4686 2820 4758 quid
2848 4686 3133 4757 loquamur
3152 4686 3501 4748 attendimus,

1913 4781 2080 4836 multo
2108 4783 2350 4850 graviora
2376 4778 2478 4834 dici
2510 4788 2734 4849 possunt
2763 4794 2923 4849 quam
2970 4779 3083 4848 ipse
3111 4774 3315 4833 dixisti.
3364 4776 3499 4831 Nam
3566 4810 3571 4815 -

1915 4883 1969 4931 ιιι
1999 4874 2126 4929 dum
2154 4889 2261 4928 non
2292 4873 2371 4926 vis
2399 4886 2519 4928 esse
2547 4871 2832 4937 adulteria,
2886 4870 2929 4924 si
2974 4871 3092 4924 alia!
3127 4870 3387 4924 ducantur
3413 4868 3501 4922 di-

1915 4966 2095 5023 missis
2122 4965 2396 5031 adulteris,
2428 4964 2529 5019 hoc
2555 4964 2833 5019 invenisti:
2862 4962 3115 5030 Quoniam
3144 4963 3188 5015 si
3214 4962 3321 5015 lucc
3349 4961 3505 5014 adul-

1916 5061 2041 5115 teria
2069 5060 2366 5124 dixerimus,
2386 5067 2626 5129 cogentur
2647 5057 2816 5111 mariti
2842 5056 3068 5109 occidere
3087 5052 3363 5120 adulteras,
3377 5070 3506 5128 qua-

1898 5169 2029 5207 rum
2054 5153 2153 5205 vita
2177 5150 2522 5219 impediuntur
2535 5149 2719 5201 alteras
2735 5147 2934 5199 ducere.
2958 5148 3127 5214 Atque
3150 5154 3207 5199 ut
3224 5145 3325 5201 hoc
3341 5161 3510 5217 exag-

1919 5256 2153 5313 gerares,
2170 5240 2370 5295 dixisti:
2392 5238 2513 5292 Non
2532 5239 2654 5291 nti/ti
2671 5237 3235 5303 videtur,amantissime
3250 5247 3409 5306 pater,
3428 5238 3511 5291 hic

1921 5335 2120 5389 divinus
2142 5348 2247 5387 esse
2266 5347 2459 5393 sensus,
2480 5328 2563 5383 ubi
2578 5328 2853 5397 benignitas
2875 5338 2920 5382 et
2943 5329 3101 5398 pietas
3126 5328 3429 5383 excluditur.
3451 5330 3510 5387 Si

1920 5436 2050 5495 ergo
2070 5422 2332 5493 quiSpiam
2354 5420 2542 5474 nolens
2567 5420 2786 5474 credere
2815 5434 2935 5474 esse
2952 5419 3268 5475 adulterium
3296 5422 3512 5492 quando

1922 5528 1951 5569 a
1969 5514 2159 5569 marito
2184 5513 2300 5567 sine
2318 5510 2680 5566 fornicationis
2699 5508 2923 5567 crimine
2945 5512 3221 5583 repudiata
3249 5516 3315 5569 ab
3338 5515 3509 5569 altero

1923 5608 2154 5673 ducitur,
2172 5615 2225 5661 et
2242 5605 2344 5660 hoc
2359 5614 2543 5660 contra
2559 5613 2609 5659 te
2635 5604 2886 5669 inveniat,
2910 5605 3031 5676 quia
3048 5606 3145 5659 ista
3164 5606 3371 5662 ratione
3391 5622 3518 5661 sua-

1925 5698 2398 5755 deturhominibus
2420 5697 2702 5752 homicidia
2728 5706 3057 5769 perpetrare,
3079 5708 3134 5754 et
3150 5715 3333 5754 earum
3359 5701 3521 5753 mari-

1927 5800 2030 5857 tos,
2053 5804 2184 5860 quas
2203 5805 2266 5845 eo
2291 5788 2449 5843 modo
2467 5788 2771 5859 repudiatus
2787 5789 3055 5857 duxerint,
3074 5790 3155 5844 vel
3181 5790 3385 5844 insidiis
3402 5806 3521 5859 qui-

1928 5884 2026 5937 bus
2050 5882 2335 5951 potuerint,
2371 5881 2457 5937 vel
2498 5881 2779 5939 calumniis
2810 5891 3082 5953 appetere,
3123 5880 3205 5936 vel
3254 5882 3518 5951 aliquibus
