  <div class='ocr_page' id='page_1' title='image "/cluster/home/n/w/nwhite01/storage/ocr_20150623/40-41/uc1.31175026811482/249.png"; bbox 0 0 4048 6498; ppageno 0'>
   <div class='ocr_carea' id='block_1_1' title="bbox 611 378 3020 458">
    <p class='ocr_par' dir='ltr' id='par_1_1' title="bbox 611 378 3020 458">
     <span class='ocr_line' id='line_1_1' title="bbox 611 378 3020 458; baseline 0.007 -20"><span class='ocrx_word' id='word_1_1' title='bbox 611 379 722 438; x_wconf 69' lang='grc'><strong>483</strong></span> <span class='ocrx_word' id='word_1_2' title='bbox 1517 378 1604 434; x_wconf 87' lang='lat' dir='ltr'><strong>DE</strong></span> <span class='ocrx_word' id='word_1_3' title='bbox 1639 378 1989 436; x_wconf 77' lang='lat' dir='ltr'><strong>CONJUGHS</strong></span> <span class='ocrx_word' id='word_1_4' title='bbox 2026 381 2506 458; x_wconf 74' lang='lat' dir='ltr'><strong>ADULTERINIS,</strong></span> <span class='ocrx_word' id='word_1_5' title='bbox 2549 391 2604 447; x_wconf 91' lang='lat' dir='ltr'><strong>S.</strong></span> <span class='ocrx_word' id='word_1_6' title='bbox 2650 394 3020 454; x_wconf 70' lang='lat' dir='ltr'><strong>AUGUSTINI</strong></span> 
     </span>
    </p>
   </div>
   <div class='ocr_carea' id='block_1_2' title="bbox 441 495 2194 568">
    <p class='ocr_par' dir='ltr' id='par_1_2' title="bbox 441 495 2194 568">
     <span class='ocr_line' id='line_1_2' title="bbox 441 495 2194 568; baseline 0.001 -16"><span class='ocrx_word' id='word_1_7' title='bbox 441 521 480 568; x_wconf 71' lang='grc' dir='ltr'><strong>ς.</strong></span> <span class='ocrx_word' id='word_1_8' title='bbox 607 497 749 553; x_wconf 87' lang='lat' dir='ltr'><strong>veris</strong></span> <span class='ocrx_word' id='word_1_9' title='bbox 773 495 1084 552; x_wconf 87' lang='lat' dir='ltr'><strong>criminibus</strong></span> <span class='ocrx_word' id='word_1_10' title='bbox 1108 509 1364 551; x_wconf 79' lang='lat' dir='ltr'><strong>accusare</strong></span> <span class='ocrx_word' id='word_1_11' title='bbox 1402 503 1458 551; x_wconf 92' lang='lat' dir='ltr'><strong>et</strong></span> <span class='ocrx_word' id='word_1_12' title='bbox 1485 500 1755 562; x_wconf 87' lang='lat' dir='ltr'><strong>occidere,</strong></span> <span class='ocrx_word' id='word_1_13' title='bbox 1784 503 1840 549; x_wconf 93' lang='lat' dir='ltr'><strong>ut</strong></span> <span class='ocrx_word' id='word_1_14' title='bbox 1863 496 1942 550; x_wconf 90' lang='lat' dir='ltr'><strong>eis</strong></span> <span class='ocrx_word' id='word_1_15' title='bbox 1969 499 2194 554; x_wconf 78' lang='lat' dir='ltr'><strong>mortuis</strong></span> 
     </span>
    </p>
   </div>
   <div class='ocr_carea' id='block_1_3' title="bbox 601 586 2189 660">
    <p class='ocr_par' dir='ltr' id='par_1_3' title="bbox 601 586 2189 660">
     <span class='ocr_line' id='line_1_3' title="bbox 601 586 2189 660; baseline -0.001 -16"><span class='ocrx_word' id='word_1_16' title='bbox 601 604 723 644; x_wconf 89' lang='lat' dir='ltr'><strong>esse</strong></span> <span class='ocrx_word' id='word_1_17' title='bbox 753 589 962 660; x_wconf 79' lang='lat' dir='ltr'><strong>possint</strong></span> <span class='ocrx_word' id='word_1_18' title='bbox 1005 587 1273 659; x_wconf 87' lang='lat' dir='ltr'><strong>eonjugia,</strong></span> <span class='ocrx_word' id='word_1_19' title='bbox 1320 603 1440 658; x_wconf 75' lang='lat' dir='ltr'><strong>qua:</strong></span> <span class='ocrx_word' id='word_1_20' title='bbox 1467 587 1604 642; x_wconf 68' lang='lat' dir='ltr'><strong>visis</strong></span> <span class='ocrx_word' id='word_1_21' title='bbox 1651 586 1865 642; x_wconf 92' lang='lat' dir='ltr'><strong>fuerant</strong></span> <span class='ocrx_word' id='word_1_22' title='bbox 1893 587 2189 653; x_wconf 80' lang='lat' dir='ltr'><strong>adulteria;</strong></span> 
     </span>
    </p>
   </div>
   <div class='ocr_carea' id='block_1_4' title="bbox 601 678 2198 752">
    <p class='ocr_par' dir='ltr' id='par_1_4' title="bbox 601 678 2198 752">
     <span class='ocr_line' id='line_1_4' title="bbox 601 678 2198 752; baseline -0.001 -17"><span class='ocrx_word' id='word_1_23' title='bbox 601 696 780 736; x_wconf 90' lang='lat' dir='ltr'><strong>nonne</strong></span> <span class='ocrx_word' id='word_1_24' title='bbox 821 680 874 736; x_wconf 92' lang='lat' dir='ltr'><strong>id</strong></span> <span class='ocrx_word' id='word_1_25' title='bbox 914 679 1286 752; x_wconf 80' lang='lat' dir='ltr'><strong>exaggerando</strong></span> <span class='ocrx_word' id='word_1_26' title='bbox 1323 679 1417 734; x_wconf 90' lang='lat' dir='ltr'><strong>tibi</strong></span> <span class='ocrx_word' id='word_1_27' title='bbox 1453 679 1694 734; x_wconf 90' lang='lat' dir='ltr'><strong>dicturus</strong></span> <span class='ocrx_word' id='word_1_28' title='bbox 1739 688 1854 745; x_wconf 89' lang='lat' dir='ltr'><strong>est,</strong></span> <span class='ocrx_word' id='word_1_29' title='bbox 1901 678 2019 734; x_wconf 89' lang='lat' dir='ltr'><strong>Non</strong></span> <span class='ocrx_word' id='word_1_30' title='bbox 2062 679 2198 740; x_wconf 68' lang='lat' dir='ltr'><strong>mihi</strong></span> 
     </span>
    </p>
   </div>
   <div class='ocr_carea' id='block_1_5' title="bbox 595 770 2186 839">
    <p class='ocr_par' dir='ltr' id='par_1_5' title="bbox 595 770 2186 839">
     <span class='ocr_line' id='line_1_5' title="bbox 595 770 2186 839; baseline 0.001 -14"><span class='ocrx_word' id='word_1_31' title='bbox 595 773 829 839; x_wconf 83' lang='lat' dir='ltr'><strong>videtur,</strong></span> <span class='ocrx_word' id='word_1_32' title='bbox 857 771 1222 828; x_wconf 77' lang='lat' dir='ltr'><strong>amantissime</strong></span> <span class='ocrx_word' id='word_1_33' title='bbox 1249 771 1435 838; x_wconf 89' lang='lat' dir='ltr'><strong>frater,</strong></span> <span class='ocrx_word' id='word_1_34' title='bbox 1469 771 1554 826; x_wconf 85' lang='lat' dir='ltr'><strong>liic</strong></span> <span class='ocrx_word' id='word_1_35' title='bbox 1579 770 1790 826; x_wconf 85' lang='lat' dir='ltr'><strong>divinus</strong></span> <span class='ocrx_word' id='word_1_36' title='bbox 1813 785 1932 826; x_wconf 87' lang='lat' dir='ltr'><strong>esse</strong></span> <span class='ocrx_word' id='word_1_37' title='bbox 1979 786 2186 838; x_wconf 87' lang='lat' dir='ltr'><strong>sensus,</strong></span> 
     </span>
    </p>
   </div>
   <div class='ocr_carea' id='block_1_6' title="bbox 599 861 2190 932">
    <p class='ocr_par' dir='ltr' id='par_1_6' title="bbox 599 861 2190 932">
     <span class='ocr_line' id='line_1_6' title="bbox 599 861 2190 932; baseline 0 -14"><span class='ocrx_word' id='word_1_38' title='bbox 599 865 688 918; x_wconf 89' lang='lat' dir='ltr'><strong>ubi</strong></span> <span class='ocrx_word' id='word_1_39' title='bbox 730 879 838 920; x_wconf 86' lang='lat' dir='ltr'><strong>non</strong></span> <span class='ocrx_word' id='word_1_40' title='bbox 883 864 1058 919; x_wconf 91' lang='lat' dir='ltr'><strong>solum</strong></span> <span class='ocrx_word' id='word_1_41' title='bbox 1105 862 1405 932; x_wconf 79' lang='lat' dir='ltr'><strong>benignitas</strong></span> <span class='ocrx_word' id='word_1_42' title='bbox 1433 871 1488 918; x_wconf 89' lang='lat' dir='ltr'><strong>et</strong></span> <span class='ocrx_word' id='word_1_43' title='bbox 1531 862 1698 931; x_wconf 89' lang='lat' dir='ltr'><strong>pictas</strong></span> <span class='ocrx_word' id='word_1_44' title='bbox 1729 861 2048 929; x_wconf 76' lang='lat' dir='ltr'><strong>excluditur,</strong></span> <span class='ocrx_word' id='word_1_45' title='bbox 2095 862 2190 918; x_wconf 87' lang='lat' dir='ltr'><strong>sed</strong></span> 
     </span>
    </p>
   </div>
   <div class='ocr_carea' id='block_1_7' title="bbox 3801 419 3906 474">
    <p class='ocr_par' dir='ltr' id='par_1_7' title="bbox 3801 419 3906 474">
     <span class='ocr_line' id='line_1_7' title="bbox 3801 419 3906 474; baseline 0.019 -3"><span class='ocrx_word' id='word_1_46' title='bbox 3801 419 3906 474; x_wconf 60' lang='lat'><strong>‘95</strong></span> 
     </span>
    </p>
   </div>
   <div class='ocr_carea' id='block_1_8' title="bbox 2311 503 3905 599">
    <p class='ocr_par' dir='ltr' id='par_1_8' title="bbox 2311 503 3905 599">
     <span class='ocr_line' id='line_1_8' title="bbox 2311 503 3905 599; baseline 0.023 -45"><span class='ocrx_word' id='word_1_47' title='bbox 2311 503 2430 572; x_wconf 84' lang='lat' dir='ltr'><strong>quis</strong></span> <span class='ocrx_word' id='word_1_48' title='bbox 2457 508 2658 564; x_wconf 89' lang='lat' dir='ltr'><strong>nesciat</strong></span> <span class='ocrx_word' id='word_1_49' title='bbox 2684 525 2841 581; x_wconf 88' lang='lat' dir='ltr'><strong>quam</strong></span> <span class='ocrx_word' id='word_1_50' title='bbox 2874 515 2980 570; x_wconf 91' lang='lat' dir='ltr'><strong>sint</strong></span> <span class='ocrx_word' id='word_1_51' title='bbox 3010 518 3316 590; x_wconf 65' lang='lat' dir='ltr'><strong>rarissimae,</strong></span> <span class='ocrx_word' id='word_1_52' title='bbox 3349 539 3466 594; x_wconf 84' lang='lat' dir='ltr'><strong>quae</strong></span> <span class='ocrx_word' id='word_1_53' title='bbox 3493 526 3564 582; x_wconf 89' lang='lat' dir='ltr'><strong>ita</strong></span> <span class='ocrx_word' id='word_1_54' title='bbox 3596 531 3789 599; x_wconf 86' lang='lat' dir='ltr'><strong>pudice</strong></span> <span class='ocrx_word' id='word_1_55' title='bbox 3829 539 3905 590; x_wconf 76' lang='lat' dir='ltr'><strong>\i-</strong></span> 
     </span>
    </p>
   </div>
   <div class='ocr_carea' id='block_1_9' title="bbox 2308 602 3901 688">
    <p class='ocr_par' dir='ltr' id='par_1_9' title="bbox 2308 602 3901 688">
     <span class='ocr_line' id='line_1_9' title="bbox 2308 602 3901 688; baseline 0.021 -40"><span class='ocrx_word' id='word_1_56' title='bbox 2308 607 2433 650; x_wconf 75' lang='lat' dir='ltr'><strong>rant</strong></span> <span class='ocrx_word' id='word_1_57' title='bbox 2462 613 2582 654; x_wconf 92' lang='lat' dir='ltr'><strong>cum</strong></span> <span class='ocrx_word' id='word_1_58' title='bbox 2611 602 2762 668; x_wconf 85' lang='lat' dir='ltr'><strong>viris,</strong></span> <span class='ocrx_word' id='word_1_59' title='bbox 2795 613 2852 660; x_wconf 95' lang='lat' dir='ltr'><strong>ut</strong></span> <span class='ocrx_word' id='word_1_60' title='bbox 2893 608 3102 665; x_wconf 90' lang='lat' dir='ltr'><strong>etiamsi</strong></span> <span class='ocrx_word' id='word_1_61' title='bbox 3133 612 3200 667; x_wconf 90' lang='lat' dir='ltr'><strong>ab</strong></span> <span class='ocrx_word' id='word_1_62' title='bbox 3229 614 3308 669; x_wconf 90' lang='lat' dir='ltr'><strong>eis</strong></span> <span class='ocrx_word' id='word_1_63' title='bbox 3354 617 3716 688; x_wconf 87' lang='lat' dir='ltr'><strong>dimittantur,</strong></span> <span class='ocrx_word' id='word_1_64' title='bbox 3761 626 3901 682; x_wconf 89' lang='lat' dir='ltr'><strong>alios</strong></span> 
     </span>
    </p>
   </div>
   <div class='ocr_carea' id='block_1_10' title="bbox 2301 693 3903 780">
    <p class='ocr_par' dir='ltr' id='par_1_10' title="bbox 2301 693 3903 780">
     <span class='ocr_line' id='line_1_10' title="bbox 2301 693 3903 780; baseline 0.022 -39"><span class='ocrx_word' id='word_1_65' title='bbox 2301 703 2408 742; x_wconf 88' lang='lat' dir='ltr'><strong>non</strong></span> <span class='ocrx_word' id='word_1_66' title='bbox 2439 693 2753 762; x_wconf 81' lang='lat' dir='ltr'><strong>requirant?</strong></span> <span class='ocrx_word' id='word_1_67' title='bbox 2781 697 3273 771; x_wconf 82' lang='lat' dir='ltr'><strong>incomparabiliter</strong></span> <span class='ocrx_word' id='word_1_68' title='bbox 3295 711 3491 780; x_wconf 83' lang='lat' dir='ltr'><strong>quippe</strong></span> <span class='ocrx_word' id='word_1_69' title='bbox 3521 729 3776 773; x_wconf 90' lang='lat' dir='ltr'><strong>numerus</strong></span> <span class='ocrx_word' id='word_1_70' title='bbox 3819 733 3903 777; x_wconf 88' lang='lat' dir='ltr'><strong>est</strong></span> 
     </span>
    </p>
   </div>
   <div class='ocr_carea' id='block_1_11' title="bbox 2299 779 3905 866">
    <p class='ocr_par' dir='ltr' id='par_1_11' title="bbox 2299 779 3905 866">
     <span class='ocr_line' id='line_1_11' title="bbox 2299 779 3905 866; baseline 0.022 -36"><span class='ocrx_word' id='word_1_71' title='bbox 2299 779 2528 848; x_wconf 66' lang='lat' dir='ltr'><strong>amplior</strong></span> <span class='ocrx_word' id='word_1_72' title='bbox 2551 780 2892 854; x_wconf 78' lang='lat' dir='ltr'><strong>feminarum,</strong></span> <span class='ocrx_word' id='word_1_73' title='bbox 2937 807 3056 860; x_wconf 75' lang='lat' dir='ltr'><strong>quin</strong></span> <span class='ocrx_word' id='word_1_74' title='bbox 3085 809 3207 853; x_wconf 90' lang='lat' dir='ltr'><strong>cum</strong></span> <span class='ocrx_word' id='word_1_75' title='bbox 3237 779 3764 866; x_wconf 79' lang='lat' dir='ltr'><strong>pudiceadlnereant</strong></span> <span class='ocrx_word' id='word_1_76' title='bbox 3793 826 3905 865; x_wconf 82' lang='lat' dir='ltr'><strong>ma-</strong></span> 
     </span>
    </p>
   </div>
   <div class='ocr_carea' id='block_1_12' title="bbox 2296 869 3898 958">
    <p class='ocr_par' dir='ltr' id='par_1_12' title="bbox 2296 869 3898 958">
     <span class='ocr_line' id='line_1_12' title="bbox 2296 869 3898 958; baseline 0.021 -36"><span class='ocrx_word' id='word_1_77' title='bbox 2296 869 2434 935; x_wconf 89' lang='lat' dir='ltr'><strong>ritis,</strong></span> <span class='ocrx_word' id='word_1_78' title='bbox 2463 879 2643 929; x_wconf 88' lang='lat' dir='ltr'><strong>tamen</strong></span> <span class='ocrx_word' id='word_1_79' title='bbox 2681 876 2728 931; x_wconf 91' lang='lat' dir='ltr'><strong>si</strong></span> <span class='ocrx_word' id='word_1_80' title='bbox 2756 878 2991 936; x_wconf 84' lang='lat' dir='ltr'><strong>dimissa:</strong></span> <span class='ocrx_word' id='word_1_81' title='bbox 3031 883 3233 940; x_wconf 84' lang='lat' dir='ltr'><strong>fuerint</strong></span> <span class='ocrx_word' id='word_1_82' title='bbox 3269 902 3301 942; x_wconf 88' lang='lat' dir='ltr'><strong>a</strong></span> <span class='ocrx_word' id='word_1_83' title='bbox 3347 891 3572 958; x_wconf 89' lang='lat' dir='ltr'><strong>maritis,</strong></span> <span class='ocrx_word' id='word_1_84' title='bbox 3610 911 3720 952; x_wconf 93' lang='lat' dir='ltr'><strong>non</strong></span> <span class='ocrx_word' id='word_1_85' title='bbox 3750 899 3898 957; x_wconf 72' lang='lat' dir='ltr'><strong>diffe-</strong></span> 
     </span>
    </p>
   </div>
   <div class='ocr_carea' id='block_1_13' title="bbox 596 954 2188 1028">
    <p class='ocr_par' dir='ltr' id='par_1_13' title="bbox 596 954 2188 1028">
     <span class='ocr_line' id='line_1_13' title="bbox 596 954 2188 1028; baseline -0.001 -18"><span class='ocrx_word' id='word_1_86' title='bbox 596 958 756 1012; x_wconf 88' lang='lat' dir='ltr'><strong>ctiam</strong></span> <span class='ocrx_word' id='word_1_87' title='bbox 797 958 984 1028; x_wconf 87' lang='lat' dir='ltr'><strong>ingens</strong></span> <span class='ocrx_word' id='word_1_88' title='bbox 1010 955 1311 1025; x_wconf 80' lang='lat' dir='ltr'><strong>malignitas</strong></span> <span class='ocrx_word' id='word_1_89' title='bbox 1345 961 1400 1010; x_wconf 89' lang='lat' dir='ltr'><strong>et</strong></span> <span class='ocrx_word' id='word_1_90' title='bbox 1425 955 1668 1025; x_wconf 85' lang='lat' dir='ltr'><strong>impietas</strong></span> <span class='ocrx_word' id='word_1_91' title='bbox 1689 955 1989 1009; x_wconf 77' lang='lat' dir='ltr'><strong>excitatur?</strong></span> <span class='ocrx_word' id='word_1_92' title='bbox 2010 954 2188 1022; x_wconf 87' lang='lat' dir='ltr'><strong>Quan-</strong></span> 
     </span>
    </p>
   </div>
   <div class='ocr_carea' id='block_1_14' title="bbox 593 1046 2183 1119">
    <p class='ocr_par' dir='ltr' id='par_1_14' title="bbox 593 1046 2183 1119">
     <span class='ocr_line' id='line_1_14' title="bbox 593 1046 2183 1119; baseline 0 -17"><span class='ocrx_word' id='word_1_93' title='bbox 593 1048 880 1119; x_wconf 85' lang='lat' dir='ltr'><strong>doquidcm</strong></span> <span class='ocrx_word' id='word_1_94' title='bbox 911 1047 1080 1102; x_wconf 93' lang='lat' dir='ltr'><strong>multo</strong></span> <span class='ocrx_word' id='word_1_95' title='bbox 1109 1055 1193 1102; x_wconf 90' lang='lat' dir='ltr'><strong>est</strong></span> <span class='ocrx_word' id='word_1_96' title='bbox 1221 1046 1390 1102; x_wconf 82' lang='lat' dir='ltr'><strong>levius</strong></span> <span class='ocrx_word' id='word_1_97' title='bbox 1430 1055 1486 1102; x_wconf 90' lang='lat' dir='ltr'><strong>et</strong></span> <span class='ocrx_word' id='word_1_98' title='bbox 1511 1046 1856 1111; x_wconf 82' lang='lat' dir='ltr'><strong>tolerabilius,</strong></span> <span class='ocrx_word' id='word_1_99' title='bbox 1891 1056 1947 1100; x_wconf 93' lang='lat' dir='ltr'><strong>ut</strong></span> <span class='ocrx_word' id='word_1_100' title='bbox 1976 1047 2183 1102; x_wconf 90' lang='lat' dir='ltr'><strong>adulte-</strong></span> 
     </span>
    </p>
   </div>
   <div class='ocr_carea' id='block_1_15' title="bbox 592 1136 2183 1208">
    <p class='ocr_par' dir='ltr' id='par_1_15' title="bbox 592 1136 2183 1208">
     <span class='ocr_line' id='line_1_15' title="bbox 592 1136 2183 1208; baseline -0.002 -15"><span class='ocrx_word' id='word_1_101' title='bbox 592 1156 682 1194; x_wconf 89' lang='lat' dir='ltr'><strong>ras</strong></span> <span class='ocrx_word' id='word_1_102' title='bbox 712 1138 910 1206; x_wconf 89' lang='lat' dir='ltr'><strong>mariti,</strong></span> <span class='ocrx_word' id='word_1_103' title='bbox 941 1153 1100 1208; x_wconf 90' lang='lat' dir='ltr'><strong>quam</strong></span> <span class='ocrx_word' id='word_1_104' title='bbox 1131 1145 1188 1192; x_wconf 91' lang='lat' dir='ltr'><strong>ut</strong></span> <span class='ocrx_word' id='word_1_105' title='bbox 1223 1137 1444 1192; x_wconf 90' lang='lat' dir='ltr'><strong>maritos</strong></span> <span class='ocrx_word' id='word_1_106' title='bbox 1487 1136 1714 1192; x_wconf 88' lang='lat' dir='ltr'><strong>adulteri</strong></span> <span class='ocrx_word' id='word_1_107' title='bbox 1740 1136 2006 1192; x_wconf 87' lang='lat' dir='ltr'><strong>occidant.</strong></span> <span class='ocrx_word' id='word_1_108' title='bbox 2057 1137 2183 1191; x_wconf 88' lang='lat' dir='ltr'><strong>Pla-</strong></span> 
     </span>
    </p>
   </div>
   <div class='ocr_carea' id='block_1_16' title="bbox 590 1228 2181 1301">
    <p class='ocr_par' dir='ltr' id='par_1_16' title="bbox 590 1228 2181 1301">
     <span class='ocr_line' id='line_1_16' title="bbox 590 1228 2181 1301; baseline -0.004 -13"><span class='ocrx_word' id='word_1_109' title='bbox 590 1243 748 1288; x_wconf 91' lang='lat' dir='ltr'><strong>cetne</strong></span> <span class='ocrx_word' id='word_1_110' title='bbox 776 1232 890 1298; x_wconf 87' lang='lat' dir='ltr'><strong>tibi,</strong></span> <span class='ocrx_word' id='word_1_111' title='bbox 924 1240 983 1286; x_wconf 91' lang='lat' dir='ltr'><strong>ut</strong></span> <span class='ocrx_word' id='word_1_112' title='bbox 1026 1241 1244 1301; x_wconf 87' lang='lat' dir='ltr'><strong>propter</strong></span> <span class='ocrx_word' id='word_1_113' title='bbox 1271 1229 1611 1284; x_wconf 81' lang='lat' dir='ltr'><strong>vanissimam</strong></span> <span class='ocrx_word' id='word_1_114' title='bbox 1642 1229 1917 1296; x_wconf 79' lang='lat' dir='ltr'><strong>invidiam,</strong></span> <span class='ocrx_word' id='word_1_115' title='bbox 1947 1228 2181 1284; x_wconf 89' lang='lat' dir='ltr'><strong>domini-</strong></span> 
     </span>
    </p>
   </div>
   <div class='ocr_carea' id='block_1_17' title="bbox 592 1321 2181 1389">
    <p class='ocr_par' dir='ltr' id='par_1_17' title="bbox 592 1321 2181 1389">
     <span class='ocr_line' id='line_1_17' title="bbox 592 1321 2181 1389; baseline -0.003 -8"><span class='ocrx_word' id='word_1_116' title='bbox 592 1342 669 1382; x_wconf 58' lang='grc' dir='ltr'><strong>(λυ</strong></span> <span class='ocrx_word' id='word_1_117' title='bbox 700 1325 1064 1380; x_wconf 90' lang='lat' dir='ltr'><strong>defensionem</strong></span> <span class='ocrx_word' id='word_1_118' title='bbox 1096 1324 1376 1380; x_wconf 76' lang='lat' dir='ltr'><strong>sententia:</strong></span> <span class='ocrx_word' id='word_1_119' title='bbox 1401 1323 1732 1389; x_wconf 89' lang='lat' dir='ltr'><strong>deseramus,</strong></span> <span class='ocrx_word' id='word_1_120' title='bbox 1765 1322 1846 1377; x_wconf 87' lang='lat' dir='ltr'><strong>vel</strong></span> <span class='ocrx_word' id='word_1_121' title='bbox 1872 1337 1992 1376; x_wconf 89' lang='lat' dir='ltr'><strong>cam</strong></span> <span class='ocrx_word' id='word_1_122' title='bbox 2031 1321 2181 1376; x_wconf 86' lang='lat' dir='ltr'><strong>insu-</strong></span> 
     </span>
    </p>
   </div>
   <div class='ocr_carea' id='block_1_18' title="bbox 593 1412 2180 1486">
    <p class='ocr_par' dir='ltr' id='par_1_18' title="bbox 593 1412 2180 1486">
     <span class='ocr_line' id='line_1_18' title="bbox 593 1412 2180 1486; baseline -0.001 -18"><span class='ocrx_word' id='word_1_123' title='bbox 593 1432 690 1486; x_wconf 85' lang='lat' dir='ltr'><strong>per</strong></span> <span class='ocrx_word' id='word_1_124' title='bbox 716 1429 1050 1482; x_wconf 88' lang='lat' dir='ltr'><strong>accusemus,</strong></span> <span class='ocrx_word' id='word_1_125' title='bbox 1083 1414 1322 1470; x_wconf 89' lang='lat' dir='ltr'><strong>dicentes</strong></span> <span class='ocrx_word' id='word_1_126' title='bbox 1349 1428 1452 1468; x_wconf 92' lang='lat' dir='ltr'><strong>nou</strong></span> <span class='ocrx_word' id='word_1_127' title='bbox 1493 1412 1691 1468; x_wconf 89' lang='lat' dir='ltr'><strong>debere</strong></span> <span class='ocrx_word' id='word_1_128' title='bbox 1716 1412 2034 1467; x_wconf 89' lang='lat' dir='ltr'><strong>adulterium</strong></span> <span class='ocrx_word' id='word_1_129' title='bbox 2060 1414 2180 1466; x_wconf 89' lang='lat' dir='ltr'><strong>vin-</strong></span> 
     </span>
    </p>
   </div>
   <div class='ocr_carea' id='block_1_19' title="bbox 589 1505 2176 1576">
    <p class='ocr_par' dir='ltr' id='par_1_19' title="bbox 589 1505 2176 1576">
     <span class='ocr_line' id='line_1_19' title="bbox 589 1505 2176 1576; baseline -0.002 -13"><span class='ocrx_word' id='word_1_130' title='bbox 589 1508 830 1574; x_wconf 73' lang='lat' dir='ltr'><strong>dicari‘,</strong></span> <span class='ocrx_word' id='word_1_131' title='bbox 859 1505 1068 1562; x_wconf 91' lang='lat' dir='ltr'><strong>etiamsi</strong></span> <span class='ocrx_word' id='word_1_132' title='bbox 1111 1516 1307 1576; x_wconf 66' lang='lat' dir='ltr'><strong>printer</strong></span> <span class='ocrx_word' id='word_1_133' title='bbox 1349 1521 1562 1560; x_wconf 83' lang='lat' dir='ltr'><strong>causam</strong></span> <span class='ocrx_word' id='word_1_134' title='bbox 1606 1505 1969 1560; x_wconf 86' lang='lat' dir='ltr'><strong>fornicationis</strong></span> <span class='ocrx_word' id='word_1_135' title='bbox 2017 1522 2176 1576; x_wconf 80' lang='lat' dir='ltr'><strong>repu-</strong></span> 
     </span>
    </p>
   </div>
   <div class='ocr_carea' id='block_1_20' title="bbox 587 1597 2178 1668">
    <p class='ocr_par' dir='ltr' id='par_1_20' title="bbox 587 1597 2178 1668">
     <span class='ocr_line' id='line_1_20' title="bbox 587 1597 2178 1668; baseline 0 -15"><span class='ocrx_word' id='word_1_136' title='bbox 587 1600 731 1654; x_wconf 83' lang='lat' dir='ltr'><strong>diata</strong></span> <span class='ocrx_word' id='word_1_137' title='bbox 762 1615 792 1654; x_wconf 92' lang='lat' dir='ltr'><strong>a</strong></span> <span class='ocrx_word' id='word_1_138' title='bbox 820 1600 936 1654; x_wconf 90' lang='lat' dir='ltr'><strong>viro</strong></span> <span class='ocrx_word' id='word_1_139' title='bbox 964 1599 1113 1654; x_wconf 86' lang='lat' dir='ltr'><strong>alteri</strong></span> <span class='ocrx_word' id='word_1_140' title='bbox 1142 1597 1475 1668; x_wconf 90' lang='lat' dir='ltr'><strong>conjugetur,</strong></span> <span class='ocrx_word' id='word_1_141' title='bbox 1511 1613 1578 1652; x_wconf 91' lang='lat' dir='ltr'><strong>ne</strong></span> <span class='ocrx_word' id='word_1_142' title='bbox 1605 1597 1848 1651; x_wconf 89' lang='lat' dir='ltr'><strong>maritum</strong></span> <span class='ocrx_word' id='word_1_143' title='bbox 1881 1597 1995 1666; x_wconf 92' lang='lat' dir='ltr'><strong>ejus</strong></span> <span class='ocrx_word' id='word_1_144' title='bbox 2016 1611 2046 1651; x_wconf 91' lang='lat' dir='ltr'><strong>a</strong></span> <span class='ocrx_word' id='word_1_145' title='bbox 2072 1613 2178 1668; x_wconf 87' lang='lat' dir='ltr'><strong>quo</strong></span> 
     </span>
    </p>
   </div>
   <div class='ocr_carea' id='block_1_21' title="bbox 585 1688 2172 1760">
    <p class='ocr_par' dir='ltr' id='par_1_21' title="bbox 585 1688 2172 1760">
     <span class='ocr_line' id='line_1_21' title="bbox 585 1688 2172 1760; baseline -0.001 -15"><span class='ocrx_word' id='word_1_146' title='bbox 585 1693 800 1747; x_wconf 83' lang='lat' dir='ltr'><strong>dimissa</strong></span> <span class='ocrx_word' id='word_1_147' title='bbox 830 1699 913 1746; x_wconf 89' lang='lat' dir='ltr'><strong>est</strong></span> <span class='ocrx_word' id='word_1_148' title='bbox 938 1690 1293 1760; x_wconf 90' lang='lat' dir='ltr'><strong>compellatur</strong></span> <span class='ocrx_word' id='word_1_149' title='bbox 1322 1689 1588 1753; x_wconf 89' lang='lat' dir='ltr'><strong>occidere,</strong></span> <span class='ocrx_word' id='word_1_150' title='bbox 1618 1688 1745 1742; x_wconf 88' lang='lat' dir='ltr'><strong>dum</strong></span> <span class='ocrx_word' id='word_1_151' title='bbox 1775 1689 2095 1743; x_wconf 88' lang='lat' dir='ltr'><strong>adulterium</strong></span> <span class='ocrx_word' id='word_1_152' title='bbox 2118 1689 2172 1744; x_wconf 90' lang='lat' dir='ltr'><strong>in</strong></span> 
     </span>
    </p>
   </div>
   <div class='ocr_carea' id='block_1_22' title="bbox 583 1781 2174 1853">
    <p class='ocr_par' dir='ltr' id='par_1_22' title="bbox 583 1781 2174 1853">
     <span class='ocr_line' id='line_1_22' title="bbox 583 1781 2174 1853; baseline -0.003 -13"><span class='ocrx_word' id='word_1_153' title='bbox 583 1784 910 1840; x_wconf 88' lang='lat' dir='ltr'><strong>connubium</strong></span> <span class='ocrx_word' id='word_1_154' title='bbox 938 1784 1085 1853; x_wconf 90' lang='lat' dir='ltr'><strong>cupit</strong></span> <span class='ocrx_word' id='word_1_155' title='bbox 1122 1783 1221 1837; x_wconf 87' lang='lat' dir='ltr'><strong>viri</strong></span> <span class='ocrx_word' id='word_1_156' title='bbox 1251 1782 1445 1852; x_wconf 90' lang='lat' dir='ltr'><strong>prioris</strong></span> <span class='ocrx_word' id='word_1_157' title='bbox 1471 1791 1643 1836; x_wconf 90' lang='lat' dir='ltr'><strong>morte</strong></span> <span class='ocrx_word' id='word_1_158' title='bbox 1673 1781 2026 1836; x_wconf 72' lang='lat' dir='ltr'><strong>convertere?</strong></span> <span class='ocrx_word' id='word_1_159' title='bbox 2053 1782 2174 1837; x_wconf 90' lang='lat' dir='ltr'><strong>Scio</strong></span> 
     </span>
    </p>
   </div>
   <div class='ocr_carea' id='block_1_23' title="bbox 581 1872 2171 1946">
    <p class='ocr_par' dir='ltr' id='par_1_23' title="bbox 581 1872 2171 1946">
     <span class='ocr_line' id='line_1_23' title="bbox 581 1872 2171 1946; baseline -0.003 -16"><span class='ocrx_word' id='word_1_160' title='bbox 581 1878 684 1933; x_wconf 87' lang='lat' dir='ltr'><strong>lioc</strong></span> <span class='ocrx_word' id='word_1_161' title='bbox 714 1878 807 1933; x_wconf 88' lang='lat' dir='ltr'><strong>tibi</strong></span> <span class='ocrx_word' id='word_1_162' title='bbox 837 1892 940 1932; x_wconf 91' lang='lat' dir='ltr'><strong>non</strong></span> <span class='ocrx_word' id='word_1_163' title='bbox 969 1877 1199 1946; x_wconf 88' lang='lat' dir='ltr'><strong>placere,</strong></span> <span class='ocrx_word' id='word_1_164' title='bbox 1221 1884 1280 1930; x_wconf 93' lang='lat' dir='ltr'><strong>ut</strong></span> <span class='ocrx_word' id='word_1_165' title='bbox 1309 1885 1527 1945; x_wconf 87' lang='lat' dir='ltr'><strong>propter</strong></span> <span class='ocrx_word' id='word_1_166' title='bbox 1557 1874 1694 1928; x_wconf 86' lang='lat' dir='ltr'><strong>lianc</strong></span> <span class='ocrx_word' id='word_1_167' title='bbox 1721 1872 2059 1927; x_wconf 82' lang='lat' dir='ltr'><strong>vanissimam</strong></span> <span class='ocrx_word' id='word_1_168' title='bbox 2088 1873 2171 1927; x_wconf 88' lang='lat' dir='ltr'><strong>in-</strong></span> 
     </span>
    </p>
   </div>
   <div class='ocr_carea' id='block_1_24' title="bbox 581 1966 2168 2034">
    <p class='ocr_par' dir='ltr' id='par_1_24' title="bbox 581 1966 2168 2034">
     <span class='ocr_line' id='line_1_24' title="bbox 581 1966 2168 2034; baseline -0.001 -12"><span class='ocrx_word' id='word_1_169' title='bbox 581 1970 799 2032; x_wconf 75' lang='lat' dir='ltr'><strong>vidiam,</strong></span> <span class='ocrx_word' id='word_1_170' title='bbox 851 1969 934 2023; x_wconf 81' lang='lat' dir='ltr'><strong>lex</strong></span> <span class='ocrx_word' id='word_1_171' title='bbox 987 1969 1204 2033; x_wconf 83' lang='lat' dir='ltr'><strong>Christi,</strong></span> <span class='ocrx_word' id='word_1_172' title='bbox 1235 1982 1356 2022; x_wconf 90' lang='lat' dir='ltr'><strong>cum</strong></span> <span class='ocrx_word' id='word_1_173' title='bbox 1397 1981 1522 2021; x_wconf 89' lang='lat' dir='ltr'><strong>vera</strong></span> <span class='ocrx_word' id='word_1_174' title='bbox 1571 1966 1870 2021; x_wconf 87' lang='lat' dir='ltr'><strong>inveniatur</strong></span> <span class='ocrx_word' id='word_1_175' title='bbox 1912 1974 1968 2020; x_wconf 90' lang='lat' dir='ltr'><strong>ct</strong></span> <span class='ocrx_word' id='word_1_176' title='bbox 2017 1980 2168 2034; x_wconf 90' lang='lat' dir='ltr'><strong>sana,</strong></span> 
     </span>
    </p>
   </div>
   <div class='ocr_carea' id='block_1_25' title="bbox 577 2056 2173 2127">
    <p class='ocr_par' dir='ltr' id='par_1_25' title="bbox 577 2056 2173 2127">
     <span class='ocr_line' id='line_1_25' title="bbox 577 2056 2173 2127; baseline -0.003 -13"><span class='ocrx_word' id='word_1_177' title='bbox 577 2061 708 2114; x_wconf 87' lang='lat' dir='ltr'><strong>dura</strong></span> <span class='ocrx_word' id='word_1_178' title='bbox 741 2070 794 2115; x_wconf 90' lang='lat' dir='ltr'><strong>et</strong></span> <span class='ocrx_word' id='word_1_179' title='bbox 819 2059 1106 2114; x_wconf 87' lang='lat' dir='ltr'><strong>inhumana</strong></span> <span class='ocrx_word' id='word_1_180' title='bbox 1135 2057 1366 2112; x_wconf 91' lang='lat' dir='ltr'><strong>dicatur.</strong></span> <span class='ocrx_word' id='word_1_181' title='bbox 1401 2057 1491 2112; x_wconf 90' lang='lat' dir='ltr'><strong>Sic</strong></span> <span class='ocrx_word' id='word_1_182' title='bbox 1516 2057 1694 2127; x_wconf 91' lang='lat' dir='ltr'><strong>itaque</strong></span> <span class='ocrx_word' id='word_1_183' title='bbox 1724 2072 1828 2110; x_wconf 93' lang='lat' dir='ltr'><strong>non</strong></span> <span class='ocrx_word' id='word_1_184' title='bbox 1873 2056 1967 2112; x_wconf 90' lang='lat' dir='ltr'><strong>tibi</strong></span> <span class='ocrx_word' id='word_1_185' title='bbox 2013 2056 2173 2111; x_wconf 90' lang='lat' dir='ltr'><strong>debet</strong></span> 
     </span>
    </p>
   </div>
   <div class='ocr_carea' id='block_1_26' title="bbox 581 2147 2170 2222">
    <p class='ocr_par' dir='ltr' id='par_1_26' title="bbox 581 2147 2170 2222">
     <span class='ocr_line' id='line_1_26' title="bbox 581 2147 2170 2222; baseline 0 -18"><span class='ocrx_word' id='word_1_186' title='bbox 581 2153 750 2208; x_wconf 82' lang='lat' dir='ltr'><strong>videri</strong></span> <span class='ocrx_word' id='word_1_187' title='bbox 783 2152 904 2207; x_wconf 86' lang='lat' dir='ltr'><strong>ideo</strong></span> <span class='ocrx_word' id='word_1_188' title='bbox 929 2150 1231 2222; x_wconf 86' lang='lat' dir='ltr'><strong>negandum</strong></span> <span class='ocrx_word' id='word_1_189' title='bbox 1262 2164 1381 2206; x_wconf 90' lang='lat' dir='ltr'><strong>esse</strong></span> <span class='ocrx_word' id='word_1_190' title='bbox 1403 2149 1746 2215; x_wconf 89' lang='lat' dir='ltr'><strong>adulterium,</strong></span> <span class='ocrx_word' id='word_1_191' title='bbox 1771 2147 1984 2218; x_wconf 90' lang='lat' dir='ltr'><strong>quando</strong></span> <span class='ocrx_word' id='word_1_192' title='bbox 2006 2164 2170 2204; x_wconf 73' lang='lat' dir='ltr'><strong>uxore</strong></span> 
     </span>
    </p>
   </div>
   <div class='ocr_carea' id='block_1_27' title="bbox 574 2241 2170 2312">
    <p class='ocr_par' dir='ltr' id='par_1_27' title="bbox 574 2241 2170 2312">
     <span class='ocr_line' id='line_1_27' title="bbox 574 2241 2170 2312; baseline -0.003 -11"><span class='ocrx_word' id='word_1_193' title='bbox 574 2247 816 2302; x_wconf 89' lang='lat' dir='ltr'><strong>adultera</strong></span> <span class='ocrx_word' id='word_1_194' title='bbox 848 2247 1058 2300; x_wconf 88' lang='lat' dir='ltr'><strong>vivente</strong></span> <span class='ocrx_word' id='word_1_195' title='bbox 1087 2244 1254 2298; x_wconf 90' lang='lat' dir='ltr'><strong>altera</strong></span> <span class='ocrx_word' id='word_1_196' title='bbox 1284 2242 1514 2305; x_wconf 89' lang='lat' dir='ltr'><strong>ducitur,</strong></span> <span class='ocrx_word' id='word_1_197' title='bbox 1563 2243 1686 2312; x_wconf 87' lang='lat' dir='ltr'><strong>quia</strong></span> <span class='ocrx_word' id='word_1_198' title='bbox 1729 2249 1905 2312; x_wconf 86' lang='lat' dir='ltr'><strong>potest</strong></span> <span class='ocrx_word' id='word_1_199' title='bbox 1946 2241 2170 2296; x_wconf 87' lang='lat' dir='ltr'><strong>maritus</strong></span> 
     </span>
    </p>
   </div>
   <div class='ocr_carea' id='block_1_28' title="bbox 575 2333 2168 2407">
    <p class='ocr_par' dir='ltr' id='par_1_28' title="bbox 575 2333 2168 2407">
     <span class='ocr_line' id='line_1_28' title="bbox 575 2333 2168 2407; baseline -0.003 -15"><span class='ocrx_word' id='word_1_200' title='bbox 575 2354 672 2407; x_wconf 91' lang='lat' dir='ltr'><strong>per</strong></span> <span class='ocrx_word' id='word_1_201' title='bbox 699 2337 802 2392; x_wconf 87' lang='lat' dir='ltr'><strong>hoc</strong></span> <span class='ocrx_word' id='word_1_202' title='bbox 828 2336 947 2407; x_wconf 82' lang='lat' dir='ltr'><strong>cogi</strong></span> <span class='ocrx_word' id='word_1_203' title='bbox 977 2335 1276 2390; x_wconf 87' lang='lat' dir='ltr'><strong>adulteram</strong></span> <span class='ocrx_word' id='word_1_204' title='bbox 1320 2333 1588 2400; x_wconf 87' lang='lat' dir='ltr'><strong>occidere,</strong></span> <span class='ocrx_word' id='word_1_205' title='bbox 1617 2333 1741 2388; x_wconf 91' lang='lat' dir='ltr'><strong>dum</strong></span> <span class='ocrx_word' id='word_1_206' title='bbox 1789 2335 1934 2404; x_wconf 88' lang='lat' dir='ltr'><strong>cupit</strong></span> <span class='ocrx_word' id='word_1_207' title='bbox 1975 2334 2073 2388; x_wconf 88' lang='lat' dir='ltr'><strong>sibi</strong></span> <span class='ocrx_word' id='word_1_208' title='bbox 2107 2333 2168 2388; x_wconf 91' lang='lat' dir='ltr'><strong>li-</strong></span> 
     </span>
    </p>
   </div>
   <div class='ocr_carea' id='block_1_29' title="bbox 570 2426 2167 2493">
    <p class='ocr_par' dir='ltr' id='par_1_29' title="bbox 570 2426 2167 2493">
     <span class='ocr_line' id='line_1_29' title="bbox 570 2426 2167 2493; baseline -0.003 -7"><span class='ocrx_word' id='word_1_209' title='bbox 570 2446 694 2486; x_wconf 89' lang='lat' dir='ltr'><strong>cere</strong></span> <span class='ocrx_word' id='word_1_210' title='bbox 720 2431 807 2484; x_wconf 91' lang='lat' dir='ltr'><strong>illa</strong></span> <span class='ocrx_word' id='word_1_211' title='bbox 835 2430 1096 2484; x_wconf 82' lang='lat' dir='ltr'><strong>exstincta</strong></span> <span class='ocrx_word' id='word_1_212' title='bbox 1121 2429 1346 2483; x_wconf 90' lang='lat' dir='ltr'><strong>alteram</strong></span> <span class='ocrx_word' id='word_1_213' title='bbox 1390 2427 1608 2493; x_wconf 91' lang='lat' dir='ltr'><strong>ducere,</strong></span> <span class='ocrx_word' id='word_1_214' title='bbox 1651 2427 1694 2481; x_wconf 92' lang='lat' dir='ltr'><strong>si</strong></span> <span class='ocrx_word' id='word_1_215' title='bbox 1727 2428 1828 2482; x_wconf 90' lang='lat' dir='ltr'><strong>hoc</strong></span> <span class='ocrx_word' id='word_1_216' title='bbox 1865 2442 1926 2481; x_wconf 91' lang='lat' dir='ltr'><strong>ca</strong></span> <span class='ocrx_word' id='word_1_217' title='bbox 1953 2426 2167 2481; x_wconf 85' lang='lat' dir='ltr'><strong>vivente</strong></span> 
     </span>
    </p>
   </div>
   <div class='ocr_carea' id='block_1_30' title="bbox 570 2518 2164 2590">
    <p class='ocr_par' dir='ltr' id='par_1_30' title="bbox 570 2518 2164 2590">
     <span class='ocr_line' id='line_1_30' title="bbox 570 2518 2164 2590; baseline -0.005 -10"><span class='ocrx_word' id='word_1_218' title='bbox 570 2540 678 2580; x_wconf 90' lang='lat' dir='ltr'><strong>non</strong></span> <span class='ocrx_word' id='word_1_219' title='bbox 707 2525 828 2580; x_wconf 92' lang='lat' dir='ltr'><strong>licet</strong></span> <span class='ocrx_word' id='word_1_220' title='bbox 859 2522 1054 2578; x_wconf 87' lang='lat' dir='ltr'><strong>facere.</strong></span> <span class='ocrx_word' id='word_1_221' title='bbox 1099 2521 1234 2590; x_wconf 86' lang='lat' dir='ltr'><strong>Quid</strong></span> <span class='ocrx_word' id='word_1_222' title='bbox 1286 2520 1331 2575; x_wconf 89' lang='lat' dir='ltr'><strong>si</strong></span> <span class='ocrx_word' id='word_1_223' title='bbox 1371 2519 1514 2576; x_wconf 89' lang='lat' dir='ltr'><strong>enim</strong></span> <span class='ocrx_word' id='word_1_224' title='bbox 1561 2530 1615 2574; x_wconf 92' lang='lat' dir='ltr'><strong>et</strong></span> <span class='ocrx_word' id='word_1_225' title='bbox 1660 2518 1790 2574; x_wconf 87' lang='lat' dir='ltr'><strong>illud</strong></span> <span class='ocrx_word' id='word_1_226' title='bbox 1817 2518 1999 2574; x_wconf 91' lang='lat' dir='ltr'><strong>dicant</strong></span> <span class='ocrx_word' id='word_1_227' title='bbox 2023 2518 2164 2572; x_wconf 80' lang='lat' dir='ltr'><strong>chri-</strong></span> 
     </span>
    </p>
   </div>
   <div class='ocr_carea' id='block_1_31' title="bbox 569 2612 2164 2684">
    <p class='ocr_par' dir='ltr' id='par_1_31' title="bbox 569 2612 2164 2684">
     <span class='ocr_line' id='line_1_31' title="bbox 569 2612 2164 2684; baseline -0.004 -12"><span class='ocrx_word' id='word_1_228' title='bbox 569 2617 756 2672; x_wconf 71' lang='lat' dir='ltr'><strong>stianic</strong></span> <span class='ocrx_word' id='word_1_229' title='bbox 773 2616 896 2671; x_wconf 84' lang='lat' dir='ltr'><strong>fidei</strong></span> <span class='ocrx_word' id='word_1_230' title='bbox 919 2615 1270 2682; x_wconf 87' lang='lat' dir='ltr'><strong>detractores,</strong></span> <span class='ocrx_word' id='word_1_231' title='bbox 1291 2612 1410 2684; x_wconf 85' lang='lat' dir='ltr'><strong>cogi</strong></span> <span class='ocrx_word' id='word_1_232' title='bbox 1433 2612 1680 2668; x_wconf 87' lang='lat' dir='ltr'><strong>homines</strong></span> <span class='ocrx_word' id='word_1_233' title='bbox 1702 2612 1949 2667; x_wconf 87' lang='lat' dir='ltr'><strong>occidere</strong></span> <span class='ocrx_word' id='word_1_234' title='bbox 1971 2627 2164 2666; x_wconf 79' lang='lat' dir='ltr'><strong>uxores</strong></span> 
     </span>
    </p>
   </div>
   <div class='ocr_carea' id='block_1_32' title="bbox 567 2700 2160 2772">
    <p class='ocr_par' dir='ltr' id='par_1_32' title="bbox 567 2700 2160 2772">
     <span class='ocr_line' id='line_1_32' title="bbox 567 2700 2160 2772; baseline -0.005 -10"><span class='ocrx_word' id='word_1_235' title='bbox 567 2722 694 2762; x_wconf 88' lang='lat' dir='ltr'><strong>suas</strong></span> <span class='ocrx_word' id='word_1_236' title='bbox 719 2705 1031 2761; x_wconf 88' lang='lat' dir='ltr'><strong>insidiarum</strong></span> <span class='ocrx_word' id='word_1_237' title='bbox 1074 2702 1390 2771; x_wconf 90' lang='lat' dir='ltr'><strong>sceleribus,</strong></span> <span class='ocrx_word' id='word_1_238' title='bbox 1423 2717 1558 2772; x_wconf 92' lang='lat' dir='ltr'><strong>quas</strong></span> <span class='ocrx_word' id='word_1_239' title='bbox 1602 2702 1858 2756; x_wconf 89' lang='lat' dir='ltr'><strong>molestas</strong></span> <span class='ocrx_word' id='word_1_240' title='bbox 1883 2700 2025 2756; x_wconf 90' lang='lat' dir='ltr'><strong>ferre</strong></span> <span class='ocrx_word' id='word_1_241' title='bbox 2056 2718 2160 2754; x_wconf 92' lang='lat' dir='ltr'><strong>non</strong></span> 
     </span>
    </p>
   </div>
   <div class='ocr_carea' id='block_1_33' title="bbox 565 2791 2161 2870">
    <p class='ocr_par' dir='ltr' id='par_1_33' title="bbox 565 2791 2161 2870">
     <span class='ocr_line' id='line_1_33' title="bbox 565 2791 2161 2870; baseline -0.006 -17"><span class='ocrx_word' id='word_1_242' title='bbox 565 2806 810 2870; x_wconf 89' lang='lat' dir='ltr'><strong>possunt,</strong></span> <span class='ocrx_word' id='word_1_243' title='bbox 843 2796 958 2851; x_wconf 89' lang='lat' dir='ltr'><strong>sive</strong></span> <span class='ocrx_word' id='word_1_244' title='bbox 999 2795 1252 2850; x_wconf 91' lang='lat' dir='ltr'><strong>diuturno</strong></span> <span class='ocrx_word' id='word_1_245' title='bbox 1292 2794 1550 2863; x_wconf 85' lang='lat' dir='ltr'><strong>languore</strong></span> <span class='ocrx_word' id='word_1_246' title='bbox 1598 2792 1905 2847; x_wconf 89' lang='lat' dir='ltr'><strong>laborantes</strong></span> <span class='ocrx_word' id='word_1_247' title='bbox 1955 2799 2011 2846; x_wconf 90' lang='lat' dir='ltr'><strong>ct</strong></span> <span class='ocrx_word' id='word_1_248' title='bbox 2056 2791 2161 2861; x_wconf 85' lang='lat' dir='ltr'><strong>pati</strong></span> 
     </span>
    </p>
   </div>
   <div class='ocr_carea' id='block_1_34' title="bbox 563 2883 2160 2955">
    <p class='ocr_par' dir='ltr' id='par_1_34' title="bbox 563 2883 2160 2955">
     <span class='ocr_line' id='line_1_34' title="bbox 563 2883 2160 2955; baseline -0.006 -10"><span class='ocrx_word' id='word_1_249' title='bbox 563 2891 904 2945; x_wconf 89' lang='lat' dir='ltr'><strong>concubitum</strong></span> <span class='ocrx_word' id='word_1_250' title='bbox 938 2903 1046 2943; x_wconf 89' lang='lat' dir='ltr'><strong>non</strong></span> <span class='ocrx_word' id='word_1_251' title='bbox 1072 2887 1336 2952; x_wconf 88' lang='lat' dir='ltr'><strong>valentes,</strong></span> <span class='ocrx_word' id='word_1_252' title='bbox 1369 2885 1482 2940; x_wconf 90' lang='lat' dir='ltr'><strong>sive</strong></span> <span class='ocrx_word' id='word_1_253' title='bbox 1508 2899 1792 2955; x_wconf 85' lang='lat' dir='ltr'><strong>pauperes,</strong></span> <span class='ocrx_word' id='word_1_254' title='bbox 1841 2883 1954 2938; x_wconf 82' lang='lat' dir='ltr'><strong>sive</strong></span> <span class='ocrx_word' id='word_1_255' title='bbox 1999 2883 2160 2938; x_wconf 59' lang='lat' dir='ltr'><strong>sterio</strong></span> 
     </span>
    </p>
   </div>
   <div class='ocr_carea' id='block_1_35' title="bbox 564 2975 2155 3047">
    <p class='ocr_par' dir='ltr' id='par_1_35' title="bbox 564 2975 2155 3047">
     <span class='ocr_line' id='line_1_35' title="bbox 564 2975 2155 3047; baseline -0.005 -11"><span class='ocrx_word' id='word_1_256' title='bbox 564 2983 781 3046; x_wconf 79' lang='lat' dir='ltr'><strong>les,sire</strong></span> <span class='ocrx_word' id='word_1_257' title='bbox 807 2981 1093 3043; x_wconf 86' lang='lat' dir='ltr'><strong>deformes,</strong></span> <span class='ocrx_word' id='word_1_258' title='bbox 1116 2979 1338 3033; x_wconf 90' lang='lat' dir='ltr'><strong>aliarum</strong></span> <span class='ocrx_word' id='word_1_259' title='bbox 1361 2991 1456 3047; x_wconf 90' lang='lat' dir='ltr'><strong>spe</strong></span> <span class='ocrx_word' id='word_1_260' title='bbox 1477 2975 1861 3041; x_wconf 88' lang='lat' dir='ltr'><strong>ducendaruin,</strong></span> <span class='ocrx_word' id='word_1_261' title='bbox 1883 2990 2155 3040; x_wconf 88' lang='lat' dir='ltr'><strong>sanarum,</strong></span> 
     </span>
    </p>
   </div>
   <div class='ocr_carea' id='block_1_36' title="bbox 561 3065 2158 3143">
    <p class='ocr_par' dir='ltr' id='par_1_36' title="bbox 561 3065 2158 3143">
     <span class='ocr_line' id='line_1_36' title="bbox 561 3065 2158 3143; baseline -0.004 -16"><span class='ocrx_word' id='word_1_262' title='bbox 561 3074 956 3143; x_wconf 87' lang='lat' dir='ltr'><strong>opulcntarum,</strong></span> <span class='ocrx_word' id='word_1_263' title='bbox 986 3069 1356 3134; x_wconf 89' lang='lat' dir='ltr'><strong>fecundarum,</strong></span> <span class='ocrx_word' id='word_1_264' title='bbox 1377 3067 1892 3138; x_wconf 87' lang='lat' dir='ltr'><strong>pulcherrimarum;</strong></span> <span class='ocrx_word' id='word_1_265' title='bbox 1921 3065 2043 3136; x_wconf 87' lang='lat' dir='ltr'><strong>quia</strong></span> <span class='ocrx_word' id='word_1_266' title='bbox 2063 3081 2158 3120; x_wconf 89' lang='lat' dir='ltr'><strong>eas</strong></span> 
     </span>
    </p>
   </div>
   <div class='ocr_carea' id='block_1_37' title="bbox 561 3159 2156 3236">
    <p class='ocr_par' dir='ltr' id='par_1_37' title="bbox 561 3159 2156 3236">
     <span class='ocr_line' id='line_1_37' title="bbox 561 3159 2156 3236; baseline -0.006 -15"><span class='ocrx_word' id='word_1_267' title='bbox 561 3182 694 3236; x_wconf 91' lang='lat' dir='ltr'><strong>quas</strong></span> <span class='ocrx_word' id='word_1_268' title='bbox 724 3164 926 3235; x_wconf 85' lang='lat' dir='ltr'><strong>perpeti</strong></span> <span class='ocrx_word' id='word_1_269' title='bbox 955 3163 1162 3226; x_wconf 89' lang='lat' dir='ltr'><strong>nolunt,</strong></span> <span class='ocrx_word' id='word_1_270' title='bbox 1208 3169 1404 3232; x_wconf 67' lang='lat' dir='ltr'><strong>praeter</strong></span> <span class='ocrx_word' id='word_1_271' title='bbox 1429 3175 1643 3216; x_wconf 90' lang='lat' dir='ltr'><strong>causam</strong></span> <span class='ocrx_word' id='word_1_272' title='bbox 1670 3159 2039 3215; x_wconf 86' lang='lat' dir='ltr'><strong>fornicationis</strong></span> <span class='ocrx_word' id='word_1_273' title='bbox 2065 3175 2156 3213; x_wconf 85' lang='lat' dir='ltr'><strong>re-</strong></span> 
     </span>
    </p>
   </div>
   <div class='ocr_carea' id='block_1_38' title="bbox 562 3254 2156 3331">
    <p class='ocr_par' dir='ltr' id='par_1_38' title="bbox 562 3254 2156 3331">
     <span class='ocr_line' id='line_1_38' title="bbox 562 3254 2156 3331; baseline -0.004 -16"><span class='ocrx_word' id='word_1_274' title='bbox 562 3261 782 3331; x_wconf 88' lang='lat' dir='ltr'><strong>pudiare</strong></span> <span class='ocrx_word' id='word_1_275' title='bbox 808 3275 914 3313; x_wconf 90' lang='lat' dir='ltr'><strong>non</strong></span> <span class='ocrx_word' id='word_1_276' title='bbox 945 3259 1065 3313; x_wconf 91' lang='lat' dir='ltr'><strong>licet</strong></span> <span class='ocrx_word' id='word_1_277' title='bbox 1093 3265 1148 3312; x_wconf 89' lang='lat' dir='ltr'><strong>et</strong></span> <span class='ocrx_word' id='word_1_278' title='bbox 1171 3256 1369 3312; x_wconf 85' lang='lat' dir='ltr'><strong>alteras</strong></span> <span class='ocrx_word' id='word_1_279' title='bbox 1393 3255 1612 3322; x_wconf 91' lang='lat' dir='ltr'><strong>ducere,</strong></span> <span class='ocrx_word' id='word_1_280' title='bbox 1647 3271 1714 3311; x_wconf 89' lang='lat' dir='ltr'><strong>ne</strong></span> <span class='ocrx_word' id='word_1_281' title='bbox 1756 3264 2017 3325; x_wconf 90' lang='lat' dir='ltr'><strong>perpetuo</strong></span> <span class='ocrx_word' id='word_1_282' title='bbox 2063 3254 2156 3310; x_wconf 91' lang='lat' dir='ltr'><strong>de-</strong></span> 
     </span>
    </p>
   </div>
   <div class='ocr_carea' id='block_1_39' title="bbox 560 3345 2154 3416">
    <p class='ocr_par' dir='ltr' id='par_1_39' title="bbox 560 3345 2154 3416">
     <span class='ocr_line' id='line_1_39' title="bbox 560 3345 2154 3416; baseline -0.005 -10"><span class='ocrx_word' id='word_1_283' title='bbox 560 3351 724 3406; x_wconf 89' lang='lat' dir='ltr'><strong>vincti</strong></span> <span class='ocrx_word' id='word_1_284' title='bbox 751 3349 1034 3416; x_wconf 83' lang='lat' dir='ltr'><strong>adulterio,</strong></span> <span class='ocrx_word' id='word_1_285' title='bbox 1062 3361 1162 3402; x_wconf 90' lang='lat' dir='ltr'><strong>nec</strong></span> <span class='ocrx_word' id='word_1_286' title='bbox 1188 3347 1441 3416; x_wconf 87' lang='lat' dir='ltr'><strong>baptizari</strong></span> <span class='ocrx_word' id='word_1_287' title='bbox 1465 3346 1694 3416; x_wconf 87' lang='lat' dir='ltr'><strong>possint,</strong></span> <span class='ocrx_word' id='word_1_288' title='bbox 1723 3361 1824 3400; x_wconf 91' lang='lat' dir='ltr'><strong>nec</strong></span> <span class='ocrx_word' id='word_1_289' title='bbox 1849 3345 2154 3414; x_wconf 77' lang='lat' dir='ltr'><strong>ptenitendo</strong></span> 
     </span>
    </p>
   </div>
   <div class='ocr_carea' id='block_1_40' title="bbox 559 3436 2151 3507">
    <p class='ocr_par' dir='ltr' id='par_1_40' title="bbox 559 3436 2151 3507">
     <span class='ocr_line' id='line_1_40' title="bbox 559 3436 2151 3507; baseline -0.004 -10"><span class='ocrx_word' id='word_1_290' title='bbox 559 3442 775 3497; x_wconf 86' lang='lat' dir='ltr'><strong>sanari?</strong></span> <span class='ocrx_word' id='word_1_291' title='bbox 824 3438 1092 3504; x_wconf 82' lang='lat' dir='ltr'><strong>Numquid</strong></span> <span class='ocrx_word' id='word_1_292' title='bbox 1142 3445 1421 3507; x_wconf 90' lang='lat' dir='ltr'><strong>propterea</strong></span> <span class='ocrx_word' id='word_1_293' title='bbox 1475 3453 1542 3491; x_wconf 93' lang='lat' dir='ltr'><strong>ne</strong></span> <span class='ocrx_word' id='word_1_294' title='bbox 1591 3437 1692 3491; x_wconf 90' lang='lat' dir='ltr'><strong>ista</strong></span> <span class='ocrx_word' id='word_1_295' title='bbox 1743 3436 2151 3491; x_wconf 85' lang='lat' dir='ltr'><strong>liomicidiorum</strong></span> 
     </span>
    </p>
   </div>
   <div class='ocr_carea' id='block_1_41' title="bbox 557 3529 2154 3603">
    <p class='ocr_par' dir='ltr' id='par_1_41' title="bbox 557 3529 2154 3603">
     <span class='ocr_line' id='line_1_41' title="bbox 557 3529 2154 3603; baseline -0.004 -13"><span class='ocrx_word' id='word_1_296' title='bbox 557 3536 760 3591; x_wconf 89' lang='lat' dir='ltr'><strong>scelera</strong></span> <span class='ocrx_word' id='word_1_297' title='bbox 792 3541 1186 3603; x_wconf 85' lang='lat' dir='ltr'><strong>pcrpetrentur,</strong></span> <span class='ocrx_word' id='word_1_298' title='bbox 1229 3530 1418 3585; x_wconf 90' lang='lat' dir='ltr'><strong>dicturi</strong></span> <span class='ocrx_word' id='word_1_299' title='bbox 1451 3545 1656 3595; x_wconf 89' lang='lat' dir='ltr'><strong>sumus,</strong></span> <span class='ocrx_word' id='word_1_300' title='bbox 1685 3546 1792 3585; x_wconf 92' lang='lat' dir='ltr'><strong>non</strong></span> <span class='ocrx_word' id='word_1_301' title='bbox 1835 3545 1956 3585; x_wconf 91' lang='lat' dir='ltr'><strong>esse</strong></span> <span class='ocrx_word' id='word_1_302' title='bbox 2000 3529 2154 3584; x_wconf 90' lang='lat' dir='ltr'><strong>adul-</strong></span> 
     </span>
    </p>
   </div>
   <div class='ocr_carea' id='block_1_42' title="bbox 557 3621 2152 3696">
    <p class='ocr_par' dir='ltr' id='par_1_42' title="bbox 557 3621 2152 3696">
     <span class='ocr_line' id='line_1_42' title="bbox 557 3621 2152 3696; baseline -0.003 -14"><span class='ocrx_word' id='word_1_303' title='bbox 557 3628 712 3693; x_wconf 89' lang='lat' dir='ltr'><strong>teria,</strong></span> <span class='ocrx_word' id='word_1_304' title='bbox 745 3624 1035 3696; x_wconf 88' lang='lat' dir='ltr'><strong>repudiatis</strong></span> <span class='ocrx_word' id='word_1_305' title='bbox 1069 3631 1264 3693; x_wconf 64' lang='lat' dir='ltr'><strong>praeter</strong></span> <span class='ocrx_word' id='word_1_306' title='bbox 1298 3637 1514 3678; x_wconf 85' lang='lat' dir='ltr'><strong>causam</strong></span> <span class='ocrx_word' id='word_1_307' title='bbox 1561 3621 1928 3679; x_wconf 89' lang='lat' dir='ltr'><strong>fornicationis</strong></span> <span class='ocrx_word' id='word_1_308' title='bbox 1972 3623 2152 3677; x_wconf 83' lang='lat' dir='ltr'><strong>uxori-</strong></span> 
     </span>
    </p>
   </div>
   <div class='ocr_carea' id='block_1_43' title="bbox 556 3715 1350 3784">
    <p class='ocr_par' dir='ltr' id='par_1_43' title="bbox 556 3715 1350 3784">
     <span class='ocr_line' id='line_1_43' title="bbox 556 3715 1350 3784; baseline -0.008 -10"><span class='ocrx_word' id='word_1_309' title='bbox 556 3719 678 3782; x_wconf 89' lang='lat' dir='ltr'><strong>bus,</strong></span> <span class='ocrx_word' id='word_1_310' title='bbox 705 3718 804 3772; x_wconf 90' lang='lat' dir='ltr'><strong>sibi</strong></span> <span class='ocrx_word' id='word_1_311' title='bbox 833 3718 1031 3771; x_wconf 89' lang='lat' dir='ltr'><strong>alteras</strong></span> <span class='ocrx_word' id='word_1_312' title='bbox 1057 3715 1350 3784; x_wconf 88' lang='lat' dir='ltr'><strong>copulare?</strong></span> 
     </span>
    </p>
   </div>
   <div class='ocr_carea' id='block_1_44' title="bbox 623 3800 2152 3864">
    <p class='ocr_par' dir='ltr' id='par_1_44' title="bbox 623 3800 2152 3864">
     <span class='ocr_line' id='line_1_44' title="bbox 623 3800 2152 3864; baseline 0.001 -1"><span class='ocrx_word' id='word_1_313' title='bbox 623 3805 851 3863; x_wconf 73' lang='lat' dir='ltr'><strong>CAPUT</strong></span> <span class='ocrx_word' id='word_1_314' title='bbox 896 3806 1056 3862; x_wconf 69' lang='lat' dir='ltr'><strong>XVII.</strong></span> <span class='ocrx_word' id='word_1_315' title='bbox 1092 3830 1162 3846; x_wconf 89' lang='lat'><strong>--</strong></span> <span class='ocrx_word' id='word_1_316' title='bbox 1197 3806 1284 3861; x_wconf 91' lang='grc'><strong>18.</strong></span> <span class='ocrx_word' id='word_1_317' title='bbox 1341 3800 1731 3860; x_wconf 82' lang='lat' dir='ltr'><strong>Incommodum</strong></span> <span class='ocrx_word' id='word_1_318' title='bbox 1780 3806 1926 3860; x_wconf 78' lang='lat' dir='ltr'><strong>aliud</strong></span> <span class='ocrx_word' id='word_1_319' title='bbox 1971 3817 2152 3864; x_wconf 80' lang='lat' dir='ltr'><strong>contra</strong></span> 
     </span>
    </p>
   </div>
   <div class='ocr_carea' id='block_1_45' title="bbox 551 3897 2146 3968">
    <p class='ocr_par' dir='ltr' id='par_1_45' title="bbox 551 3897 2146 3968">
     <span class='ocr_line' id='line_1_45' title="bbox 551 3897 2146 3968; baseline -0.003 -11"><span class='ocrx_word' id='word_1_320' title='bbox 551 3899 793 3956; x_wconf 84' lang='lat' dir='ltr'><strong>Pollentii</strong></span> <span class='ocrx_word' id='word_1_321' title='bbox 825 3899 1142 3953; x_wconf 83' lang='lat' dir='ltr'><strong>sententiam.</strong></span> <span class='ocrx_word' id='word_1_322' title='bbox 1172 3897 1290 3953; x_wconf 89' lang='lat' dir='ltr'><strong>Jam</strong></span> <span class='ocrx_word' id='word_1_323' title='bbox 1320 3913 1448 3952; x_wconf 90' lang='lat' dir='ltr'><strong>vero</strong></span> <span class='ocrx_word' id='word_1_324' title='bbox 1475 3912 1543 3952; x_wconf 83' lang='lat' dir='ltr'><strong>ex</strong></span> <span class='ocrx_word' id='word_1_325' title='bbox 1567 3897 1668 3953; x_wconf 89' lang='lat' dir='ltr'><strong>hoc</strong></span> <span class='ocrx_word' id='word_1_326' title='bbox 1692 3897 1833 3968; x_wconf 89' lang='lat' dir='ltr'><strong>quod</strong></span> <span class='ocrx_word' id='word_1_327' title='bbox 1865 3899 2008 3968; x_wconf 83' lang='lat' dir='ltr'><strong>sapis</strong></span> <span class='ocrx_word' id='word_1_328' title='bbox 2040 3915 2146 3952; x_wconf 90' lang='lat' dir='ltr'><strong>non</strong></span> 
     </span>
    </p>
   </div>
   <div class='ocr_carea' id='block_1_46' title="bbox 547 3987 2147 4056">
    <p class='ocr_par' dir='ltr' id='par_1_46' title="bbox 547 3987 2147 4056">
     <span class='ocr_line' id='line_1_46' title="bbox 547 3987 2147 4056; baseline -0.002 -8"><span class='ocrx_word' id='word_1_329' title='bbox 547 4007 672 4048; x_wconf 89' lang='lat' dir='ltr'><strong>esse</strong></span> <span class='ocrx_word' id='word_1_330' title='bbox 698 3990 1041 4056; x_wconf 84' lang='lat' dir='ltr'><strong>adulterium,</strong></span> <span class='ocrx_word' id='word_1_331' title='bbox 1092 3987 1139 4044; x_wconf 88' lang='lat' dir='ltr'><strong>si</strong></span> <span class='ocrx_word' id='word_1_332' title='bbox 1180 3989 1261 4044; x_wconf 90' lang='lat' dir='ltr'><strong>vir</strong></span> <span class='ocrx_word' id='word_1_333' title='bbox 1305 4003 1530 4044; x_wconf 78' lang='lat' dir='ltr'><strong>uxorem</strong></span> <span class='ocrx_word' id='word_1_334' title='bbox 1576 4004 1736 4043; x_wconf 91' lang='lat' dir='ltr'><strong>causa</strong></span> <span class='ocrx_word' id='word_1_335' title='bbox 1783 3990 2147 4046; x_wconf 88' lang='lat' dir='ltr'><strong>fornicationis</strong></span> 
     </span>
    </p>
   </div>
   <div class='ocr_carea' id='block_1_47' title="bbox 547 4080 2147 4154">
    <p class='ocr_par' dir='ltr' id='par_1_47' title="bbox 547 4080 2147 4154">
     <span class='ocr_line' id='line_1_47' title="bbox 547 4080 2147 4154; baseline -0.002 -15"><span class='ocrx_word' id='word_1_336' title='bbox 547 4082 826 4154; x_wconf 89' lang='lat' dir='ltr'><strong>abjecerit,</strong></span> <span class='ocrx_word' id='word_1_337' title='bbox 849 4090 904 4137; x_wconf 90' lang='lat' dir='ltr'><strong>et</strong></span> <span class='ocrx_word' id='word_1_338' title='bbox 929 4082 1150 4136; x_wconf 88' lang='lat' dir='ltr'><strong>alteram</strong></span> <span class='ocrx_word' id='word_1_339' title='bbox 1180 4080 1427 4146; x_wconf 84' lang='lat' dir='ltr'><strong>duxerit;</strong></span> <span class='ocrx_word' id='word_1_340' title='bbox 1457 4096 1636 4136; x_wconf 91' lang='lat' dir='ltr'><strong>nonne</strong></span> <span class='ocrx_word' id='word_1_341' title='bbox 1661 4081 1939 4136; x_wconf 87' lang='lat' dir='ltr'><strong>arbitraris</strong></span> <span class='ocrx_word' id='word_1_342' title='bbox 1954 4098 2147 4137; x_wconf 89' lang='lat' dir='ltr'><strong>caven-</strong></span> 
     </span>
    </p>
   </div>
   <div class='ocr_carea' id='block_1_48' title="bbox 547 4172 2146 4244">
    <p class='ocr_par' dir='ltr' id='par_1_48' title="bbox 547 4172 2146 4244">
     <span class='ocr_line' id='line_1_48' title="bbox 547 4172 2146 4244; baseline 0.001 -16"><span class='ocrx_word' id='word_1_343' title='bbox 547 4176 694 4239; x_wconf 91' lang='lat' dir='ltr'><strong>dum,</strong></span> <span class='ocrx_word' id='word_1_344' title='bbox 728 4189 797 4228; x_wconf 91' lang='lat' dir='ltr'><strong>ne</strong></span> <span class='ocrx_word' id='word_1_345' title='bbox 826 4174 1035 4228; x_wconf 88' lang='lat' dir='ltr'><strong>discant</strong></span> <span class='ocrx_word' id='word_1_346' title='bbox 1063 4172 1163 4226; x_wconf 85' lang='lat' dir='ltr'><strong>viri</strong></span> <span class='ocrx_word' id='word_1_347' title='bbox 1192 4188 1388 4228; x_wconf 76' lang='lat' dir='ltr'><strong>uxores</strong></span> <span class='ocrx_word' id='word_1_348' title='bbox 1428 4187 1573 4240; x_wconf 92' lang='lat' dir='ltr'><strong>suas,</strong></span> <span class='ocrx_word' id='word_1_349' title='bbox 1602 4189 1736 4243; x_wconf 90' lang='lat' dir='ltr'><strong>quas</strong></span> <span class='ocrx_word' id='word_1_350' title='bbox 1763 4183 1980 4244; x_wconf 87' lang='lat' dir='ltr'><strong>propter</strong></span> <span class='ocrx_word' id='word_1_351' title='bbox 2013 4176 2146 4231; x_wconf 87' lang='lat' dir='ltr'><strong>alias</strong></span> 
     </span>
    </p>
   </div>
   <div class='ocr_carea' id='block_1_49' title="bbox 549 4261 2144 4333">
    <p class='ocr_par' dir='ltr' id='par_1_49' title="bbox 549 4261 2144 4333">
     <span class='ocr_line' id='line_1_49' title="bbox 549 4261 2144 4333; baseline 0.003 -17"><span class='ocrx_word' id='word_1_352' title='bbox 549 4262 967 4316; x_wconf 89' lang='lat' dir='ltr'><strong>innumerabiles</strong></span> <span class='ocrx_word' id='word_1_353' title='bbox 1007 4276 1198 4317; x_wconf 88' lang='lat' dir='ltr'><strong>causas</strong></span> <span class='ocrx_word' id='word_1_354' title='bbox 1248 4261 1388 4316; x_wconf 78' lang='lat' dir='ltr'><strong>ferre</strong></span> <span class='ocrx_word' id='word_1_355' title='bbox 1431 4279 1540 4317; x_wconf 90' lang='lat' dir='ltr'><strong>non</strong></span> <span class='ocrx_word' id='word_1_356' title='bbox 1593 4274 1834 4333; x_wconf 88' lang='lat' dir='ltr'><strong>possunt,</strong></span> <span class='ocrx_word' id='word_1_357' title='bbox 1887 4265 2144 4320; x_wconf 71' lang='lat' dir='ltr'><strong>nimcliari</strong></span> 
     </span>
    </p>
   </div>
   <div class='ocr_carea' id='block_1_50' title="bbox 546 4351 2140 4424">
    <p class='ocr_par' dir='ltr' id='par_1_50' title="bbox 546 4351 2140 4424">
     <span class='ocr_line' id='line_1_50' title="bbox 546 4351 2140 4424; baseline 0.001 -16"><span class='ocrx_word' id='word_1_358' title='bbox 546 4367 758 4423; x_wconf 87' lang='lat' dir='ltr'><strong>cogere.</strong></span> <span class='ocrx_word' id='word_1_359' title='bbox 783 4361 839 4405; x_wconf 93' lang='lat' dir='ltr'><strong>nt</strong></span> <span class='ocrx_word' id='word_1_360' title='bbox 862 4353 930 4406; x_wconf 91' lang='lat' dir='ltr'><strong>ab</strong></span> <span class='ocrx_word' id='word_1_361' title='bbox 959 4353 1038 4408; x_wconf 89' lang='lat' dir='ltr'><strong>eis</strong></span> <span class='ocrx_word' id='word_1_362' title='bbox 1065 4353 1276 4407; x_wconf 82' lang='lat' dir='ltr'><strong>vinculo</strong></span> <span class='ocrx_word' id='word_1_363' title='bbox 1302 4351 1564 4424; x_wconf 87' lang='lat' dir='ltr'><strong>conjugali</strong></span> <span class='ocrx_word' id='word_1_364' title='bbox 1597 4369 1690 4423; x_wconf 91' lang='lat' dir='ltr'><strong>per</strong></span> <span class='ocrx_word' id='word_1_365' title='bbox 1712 4355 2140 4424; x_wconf 82' lang='lat' dir='ltr'><strong>fornicationem,</strong></span> 
     </span>
    </p>
   </div>
   <div class='ocr_carea' id='block_1_51' title="bbox 546 4443 2140 4512">
    <p class='ocr_par' dir='ltr' id='par_1_51' title="bbox 546 4443 2140 4512">
     <span class='ocr_line' id='line_1_51' title="bbox 546 4443 2140 4512; baseline 0.002 -13"><span class='ocrx_word' id='word_1_366' title='bbox 546 4446 685 4500; x_wconf 86' lang='lat' dir='ltr'><strong>sicut</strong></span> <span class='ocrx_word' id='word_1_367' title='bbox 710 4452 882 4512; x_wconf 87' lang='lat' dir='ltr'><strong>putas,</strong></span> <span class='ocrx_word' id='word_1_368' title='bbox 915 4444 1109 4509; x_wconf 88' lang='lat' dir='ltr'><strong>soluto,</strong></span> <span class='ocrx_word' id='word_1_369' title='bbox 1139 4443 1295 4498; x_wconf 90' lang='lat' dir='ltr'><strong>liceat</strong></span> <span class='ocrx_word' id='word_1_370' title='bbox 1325 4444 1402 4499; x_wconf 86' lang='lat' dir='ltr'><strong>eis</strong></span> <span class='ocrx_word' id='word_1_371' title='bbox 1450 4444 1649 4499; x_wconf 83' lang='lat' dir='ltr'><strong>alteras</strong></span> <span class='ocrx_word' id='word_1_372' title='bbox 1692 4445 1927 4512; x_wconf 89' lang='lat' dir='ltr'><strong>ducere;</strong></span> <span class='ocrx_word' id='word_1_373' title='bbox 1979 4457 2033 4501; x_wconf 89' lang='lat' dir='ltr'><strong>et</strong></span> <span class='ocrx_word' id='word_1_374' title='bbox 2075 4463 2140 4503; x_wconf 79' lang='lat' dir='ltr'><strong>ex</strong></span> 
     </span>
    </p>
   </div>
   <div class='ocr_carea' id='block_1_52' title="bbox 543 4537 2141 4610">
    <p class='ocr_par' dir='ltr' id='par_1_52' title="bbox 543 4537 2141 4610">
     <span class='ocr_line' id='line_1_52' title="bbox 543 4537 2141 4610; baseline 0.001 -17"><span class='ocrx_word' id='word_1_375' title='bbox 543 4552 612 4593; x_wconf 81' lang='lat' dir='ltr'><strong>eo</strong></span> <span class='ocrx_word' id='word_1_376' title='bbox 636 4538 775 4608; x_wconf 84' lang='lat' dir='ltr'><strong>quod</strong></span> <span class='ocrx_word' id='word_1_377' title='bbox 806 4537 925 4592; x_wconf 88' lang='lat' dir='ltr'><strong>illas</strong></span> <span class='ocrx_word' id='word_1_378' title='bbox 953 4537 1211 4593; x_wconf 69' lang='lat' dir='ltr'><strong>mmeliari</strong></span> <span class='ocrx_word' id='word_1_379' title='bbox 1235 4546 1544 4608; x_wconf 88' lang='lat' dir='ltr'><strong>coegerunt,</strong></span> <span class='ocrx_word' id='word_1_380' title='bbox 1577 4546 1669 4592; x_wconf 88' lang='lat' dir='ltr'><strong>aut</strong></span> <span class='ocrx_word' id='word_1_381' title='bbox 1698 4539 2022 4610; x_wconf 81' lang='lat' dir='ltr'><strong>Baptismate</strong></span> <span class='ocrx_word' id='word_1_382' title='bbox 2049 4541 2141 4595; x_wconf 88' lang='lat' dir='ltr'><strong>ab-</strong></span> 
     </span>
    </p>
   </div>
   <div class='ocr_carea' id='block_1_53' title="bbox 542 4630 2140 4701">
    <p class='ocr_par' dir='ltr' id='par_1_53' title="bbox 542 4630 2140 4701">
     <span class='ocr_line' id='line_1_53' title="bbox 542 4630 2140 4701; baseline 0.002 -17"><span class='ocrx_word' id='word_1_383' title='bbox 542 4631 639 4696; x_wconf 88' lang='lat' dir='ltr'><strong>lui,</strong></span> <span class='ocrx_word' id='word_1_384' title='bbox 668 4640 760 4685; x_wconf 90' lang='lat' dir='ltr'><strong>aut</strong></span> <span class='ocrx_word' id='word_1_385' title='bbox 787 4630 1099 4701; x_wconf 65' lang='lat' dir='ltr'><strong>paenitendo</strong></span> <span class='ocrx_word' id='word_1_386' title='bbox 1126 4630 1324 4697; x_wconf 86' lang='lat' dir='ltr'><strong>sanari,</strong></span> <span class='ocrx_word' id='word_1_387' title='bbox 1370 4631 1621 4701; x_wconf 89' lang='lat' dir='ltr'><strong>quoniam</strong></span> <span class='ocrx_word' id='word_1_388' title='bbox 1655 4631 1759 4684; x_wconf 86' lang='lat' dir='ltr'><strong>illis</strong></span> <span class='ocrx_word' id='word_1_389' title='bbox 1789 4640 1843 4686; x_wconf 89' lang='lat' dir='ltr'><strong>et</strong></span> <span class='ocrx_word' id='word_1_390' title='bbox 1887 4633 2055 4701; x_wconf 88' lang='lat' dir='ltr'><strong>gratia</strong></span> <span class='ocrx_word' id='word_1_391' title='bbox 2087 4643 2140 4688; x_wconf 93' lang='lat' dir='ltr'><strong>et</strong></span> 
     </span>
    </p>
   </div>
   <div class='ocr_carea' id='block_1_54' title="bbox 541 4722 2139 4794">
    <p class='ocr_par' dir='ltr' id='par_1_54' title="bbox 541 4722 2139 4794">
     <span class='ocr_line' id='line_1_54' title="bbox 541 4722 2139 4794; baseline 0 -14"><span class='ocrx_word' id='word_1_392' title='bbox 541 4724 808 4780; x_wconf 86' lang='lat' dir='ltr'><strong>medicina</strong></span> <span class='ocrx_word' id='word_1_393' title='bbox 839 4723 1120 4794; x_wconf 84' lang='lat' dir='ltr'><strong>negabitur</strong></span> <span class='ocrx_word' id='word_1_394' title='bbox 1148 4722 1399 4792; x_wconf 67' lang='lat' dir='ltr'><strong>quamdiu</strong></span> <span class='ocrx_word' id='word_1_395' title='bbox 1431 4738 1551 4777; x_wconf 90' lang='lat' dir='ltr'><strong>cum</strong></span> <span class='ocrx_word' id='word_1_396' title='bbox 1581 4723 1839 4779; x_wconf 90' lang='lat' dir='ltr'><strong>adulteris</strong></span> <span class='ocrx_word' id='word_1_397' title='bbox 1864 4725 2063 4791; x_wconf 81' lang='lat' dir='ltr'><strong>vivent,</strong></span> <span class='ocrx_word' id='word_1_398' title='bbox 2092 4725 2139 4780; x_wconf 90' lang='lat' dir='ltr'><strong>si</strong></span> 
     </span>
    </p>
   </div>
   <div class='ocr_carea' id='block_1_55' title="bbox 541 4815 2139 4889">
    <p class='ocr_par' dir='ltr' id='par_1_55' title="bbox 541 4815 2139 4889">
     <span class='ocr_line' id='line_1_55' title="bbox 541 4815 2139 4889; baseline -0.001 -15"><span class='ocrx_word' id='word_1_399' title='bbox 541 4818 808 4889; x_wconf 85' lang='lat' dir='ltr'><strong>prioribus</strong></span> <span class='ocrx_word' id='word_1_400' title='bbox 837 4827 1031 4887; x_wconf 69' lang='lat' dir='ltr'><strong>printer</strong></span> <span class='ocrx_word' id='word_1_401' title='bbox 1060 4830 1280 4872; x_wconf 83' lang='lat' dir='ltr'><strong>causam</strong></span> <span class='ocrx_word' id='word_1_402' title='bbox 1327 4815 1697 4872; x_wconf 86' lang='lat' dir='ltr'><strong>fornicationis</strong></span> <span class='ocrx_word' id='word_1_403' title='bbox 1741 4819 2033 4887; x_wconf 88' lang='lat' dir='ltr'><strong>repudiatis</strong></span> <span class='ocrx_word' id='word_1_404' title='bbox 2058 4819 2139 4873; x_wconf 91' lang='lat' dir='ltr'><strong>al-</strong></span> 
     </span>
    </p>
   </div>
   <div class='ocr_carea' id='block_1_56' title="bbox 538 4909 2136 4981">
    <p class='ocr_par' dir='ltr' id='par_1_56' title="bbox 538 4909 2136 4981">
     <span class='ocr_line' id='line_1_56' title="bbox 538 4909 2136 4981; baseline 0.001 -16"><span class='ocrx_word' id='word_1_405' title='bbox 538 4920 681 4967; x_wconf 89' lang='lat' dir='ltr'><strong>teras</strong></span> <span class='ocrx_word' id='word_1_406' title='bbox 708 4910 995 4965; x_wconf 80' lang='lat' dir='ltr'><strong>duxerint?</strong></span> <span class='ocrx_word' id='word_1_407' title='bbox 1024 4909 1134 4963; x_wconf 83' lang='lat' dir='ltr'><strong>Nisi</strong></span> <span class='ocrx_word' id='word_1_408' title='bbox 1165 4910 1298 4963; x_wconf 79' lang='lat' dir='ltr'><strong>forte</strong></span> <span class='ocrx_word' id='word_1_409' title='bbox 1329 4909 1448 4978; x_wconf 90' lang='lat' dir='ltr'><strong>quis</strong></span> <span class='ocrx_word' id='word_1_410' title='bbox 1479 4909 1641 4975; x_wconf 87' lang='lat' dir='ltr'><strong>dicat,</strong></span> <span class='ocrx_word' id='word_1_411' title='bbox 1676 4911 1945 4970; x_wconf 85' lang='lat' dir='ltr'><strong>neminem</strong></span> <span class='ocrx_word' id='word_1_412' title='bbox 1979 4926 2136 4981; x_wconf 89' lang='lat' dir='ltr'><strong>posse</strong></span> 
     </span>
    </p>
   </div>
   <div class='ocr_carea' id='block_1_57' title="bbox 537 4999 2134 5070">
    <p class='ocr_par' dir='ltr' id='par_1_57' title="bbox 537 4999 2134 5070">
     <span class='ocr_line' id='line_1_57' title="bbox 537 4999 2134 5070; baseline 0.001 -14"><span class='ocrx_word' id='word_1_413' title='bbox 537 5018 757 5058; x_wconf 76' lang='lat' dir='ltr'><strong>uxorem</strong></span> <span class='ocrx_word' id='word_1_414' title='bbox 785 5018 934 5058; x_wconf 89' lang='lat' dir='ltr'><strong>suam</strong></span> <span class='ocrx_word' id='word_1_415' title='bbox 973 5000 1232 5066; x_wconf 70' lang='lat' dir='ltr'><strong>mmeliari</strong></span> <span class='ocrx_word' id='word_1_416' title='bbox 1268 4999 1468 5066; x_wconf 84' lang='lat' dir='ltr'><strong>facere,</strong></span> <span class='ocrx_word' id='word_1_417' title='bbox 1501 5001 1546 5056; x_wconf 85' lang='lat' dir='ltr'><strong>si</strong></span> <span class='ocrx_word' id='word_1_418' title='bbox 1579 5001 1766 5070; x_wconf 86' lang='lat' dir='ltr'><strong>pudiea</strong></span> <span class='ocrx_word' id='word_1_419' title='bbox 1792 5011 1873 5056; x_wconf 87' lang='lat' dir='ltr'><strong>est</strong></span> <span class='ocrx_word' id='word_1_420' title='bbox 1903 5020 1915 5057; x_wconf 89' lang='lat'><strong>:</strong></span> <span class='ocrx_word' id='word_1_421' title='bbox 1959 5013 2011 5058; x_wconf 89' lang='lat' dir='ltr'><strong>et</strong></span> <span class='ocrx_word' id='word_1_422' title='bbox 2058 5015 2134 5058; x_wconf 88' lang='lat' dir='ltr'><strong>ta-</strong></span> 
     </span>
    </p>
   </div>
   <div class='ocr_carea' id='block_1_58' title="bbox 537 5092 2134 5163">
    <p class='ocr_par' dir='ltr' id='par_1_58' title="bbox 537 5092 2134 5163">
     <span class='ocr_line' id='line_1_58' title="bbox 537 5092 2134 5163; baseline 0.001 -15"><span class='ocrx_word' id='word_1_423' title='bbox 537 5109 658 5149; x_wconf 88' lang='lat' dir='ltr'><strong>men</strong></span> <span class='ocrx_word' id='word_1_424' title='bbox 707 5094 983 5160; x_wconf 90' lang='lat' dir='ltr'><strong>Dominus,</strong></span> <span class='ocrx_word' id='word_1_425' title='bbox 1035 5092 1212 5147; x_wconf 77' lang='lat' dir='ltr'><strong>Omnis</strong></span> <span class='ocrx_word' id='word_1_426' title='bbox 1256 5092 1342 5162; x_wconf 89' lang='lat' dir='ltr'><strong>qui</strong></span> <span class='ocrx_word' id='word_1_427' title='bbox 1371 5092 1632 5158; x_wconf 73' lang='lat' dir='ltr'><strong>dimiserit,</strong></span> <span class='ocrx_word' id='word_1_428' title='bbox 1687 5093 1877 5163; x_wconf 89' lang='lat' dir='ltr'><strong>inquit,</strong></span> <span class='ocrx_word' id='word_1_429' title='bbox 1927 5111 2134 5149; x_wconf 73' lang='lat' dir='ltr'><strong>uxorem</strong></span> 
     </span>
    </p>
   </div>
   <div class='ocr_carea' id='block_1_59' title="bbox 536 5185 2131 5258">
    <p class='ocr_par' dir='ltr' id='par_1_59' title="bbox 536 5185 2131 5258">
     <span class='ocr_line' id='line_1_59' title="bbox 536 5185 2131 5258; baseline 0.003 -21"><span class='ocrx_word' id='word_1_430' title='bbox 536 5202 704 5249; x_wconf 77' lang='lat' dir='ltr'><strong>suam,</strong></span> <span class='ocrx_word' id='word_1_431' title='bbox 731 5196 912 5255; x_wconf 73' lang='lat' dir='ltr'><strong>prmler</strong></span> <span class='ocrx_word' id='word_1_432' title='bbox 934 5202 1140 5240; x_wconf 80' lang='lat' dir='ltr'><strong>causam</strong></span> <span class='ocrx_word' id='word_1_433' title='bbox 1171 5185 1540 5258; x_wconf 79' lang='lat' dir='ltr'><strong>fornicationis,</strong></span> <span class='ocrx_word' id='word_1_434' title='bbox 1587 5187 1709 5256; x_wconf 80' lang='lat' dir='ltr'><strong>facit</strong></span> <span class='ocrx_word' id='word_1_435' title='bbox 1753 5203 1864 5240; x_wconf 82' lang='lat' dir='ltr'><strong>eam</strong></span> <span class='ocrx_word' id='word_1_436' title='bbox 1893 5189 2131 5242; x_wconf 77' lang='lat' dir='ltr'><strong>innec/tari</strong></span> 
     </span>
    </p>
   </div>
   <div class='ocr_carea' id='block_1_60' title="bbox 541 5275 2129 5350">
    <p class='ocr_par' dir='ltr' id='par_1_60' title="bbox 541 5275 2129 5350">
     <span class='ocr_line' id='line_1_60' title="bbox 541 5275 2129 5350; baseline 0.005 -24"><span class='ocrx_word' id='word_1_437' title='bbox 541 5275 752 5344; x_wconf 83' lang='lat' dir='ltr'><strong>(Matth.</strong></span> <span class='ocrx_word' id='word_1_438' title='bbox 781 5293 830 5340; x_wconf 73' lang='grc' dir='ltr'><strong>ν,</strong></span> <span class='ocrx_word' id='word_1_439' title='bbox 856 5277 971 5345; x_wconf 79' lang='grc'><strong>55).</strong></span> <span class='ocrx_word' id='word_1_440' title='bbox 995 5276 1186 5346; x_wconf 88' lang='lat' dir='ltr'><strong>Utique</strong></span> <span class='ocrx_word' id='word_1_441' title='bbox 1217 5288 1520 5346; x_wconf 88' lang='lat' dir='ltr'><strong>propterea,</strong></span> <span class='ocrx_word' id='word_1_442' title='bbox 1554 5278 1675 5346; x_wconf 86' lang='lat' dir='ltr'><strong>quia</strong></span> <span class='ocrx_word' id='word_1_443' title='bbox 1701 5293 1820 5332; x_wconf 89' lang='lat' dir='ltr'><strong>cmn</strong></span> <span class='ocrx_word' id='word_1_444' title='bbox 1867 5288 2010 5334; x_wconf 87' lang='lat' dir='ltr'><strong>esset</strong></span> <span class='ocrx_word' id='word_1_445' title='bbox 2033 5296 2129 5350; x_wconf 80' lang='lat' dir='ltr'><strong>pu-</strong></span> 
     </span>
    </p>
   </div>
   <div class='ocr_carea' id='block_1_61' title="bbox 535 5368 2127 5438">
    <p class='ocr_par' dir='ltr' id='par_1_61' title="bbox 535 5368 2127 5438">
     <span class='ocr_line' id='line_1_61' title="bbox 535 5368 2127 5438; baseline 0.005 -22"><span class='ocrx_word' id='word_1_446' title='bbox 535 5368 651 5420; x_wconf 69' lang='lat' dir='ltr'><strong>«lica</strong></span> <span class='ocrx_word' id='word_1_447' title='bbox 683 5382 802 5419; x_wconf 87' lang='lat' dir='ltr'><strong>cum</strong></span> <span class='ocrx_word' id='word_1_448' title='bbox 834 5368 971 5430; x_wconf 84' lang='lat' dir='ltr'><strong>viro,</strong></span> <span class='ocrx_word' id='word_1_449' title='bbox 1019 5377 1194 5422; x_wconf 85' lang='lat' dir='ltr'><strong>tamen</strong></span> <span class='ocrx_word' id='word_1_450' title='bbox 1239 5368 1457 5422; x_wconf 88' lang='lat' dir='ltr'><strong>dimissa</strong></span> <span class='ocrx_word' id='word_1_451' title='bbox 1504 5371 1714 5438; x_wconf 83' lang='lat' dir='ltr'><strong>cogitur</strong></span> <span class='ocrx_word' id='word_1_452' title='bbox 1762 5386 1856 5437; x_wconf 86' lang='lat' dir='ltr'><strong>per</strong></span> <span class='ocrx_word' id='word_1_453' title='bbox 1904 5371 2127 5425; x_wconf 88' lang='lat' dir='ltr'><strong>inconti-</strong></span> 
     </span>
    </p>
   </div>
   <div class='ocr_carea' id='block_1_62' title="bbox 535 5458 2128 5530">
    <p class='ocr_par' dir='ltr' id='par_1_62' title="bbox 535 5458 2128 5530">
     <span class='ocr_line' id='line_1_62' title="bbox 535 5458 2128 5530; baseline 0.004 -19"><span class='ocrx_word' id='word_1_454' title='bbox 535 5459 774 5513; x_wconf 86' lang='lat' dir='ltr'><strong>nentiam</strong></span> <span class='ocrx_word' id='word_1_455' title='bbox 800 5458 923 5512; x_wconf 83' lang='lat' dir='ltr'><strong>vivo</strong></span> <span class='ocrx_word' id='word_1_456' title='bbox 954 5461 1131 5527; x_wconf 85' lang='lat' dir='ltr'><strong>priore</strong></span> <span class='ocrx_word' id='word_1_457' title='bbox 1156 5461 1311 5514; x_wconf 87' lang='lat' dir='ltr'><strong>alteri</strong></span> <span class='ocrx_word' id='word_1_458' title='bbox 1337 5461 1597 5530; x_wconf 90' lang='lat' dir='ltr'><strong>copulari,</strong></span> <span class='ocrx_word' id='word_1_459' title='bbox 1643 5472 1696 5515; x_wconf 89' lang='lat' dir='ltr'><strong>et</strong></span> <span class='ocrx_word' id='word_1_460' title='bbox 1741 5463 1841 5516; x_wconf 89' lang='lat' dir='ltr'><strong>hoc</strong></span> <span class='ocrx_word' id='word_1_461' title='bbox 1873 5473 1952 5516; x_wconf 83' lang='lat' dir='ltr'><strong>cst</strong></span> <span class='ocrx_word' id='word_1_462' title='bbox 1993 5479 2128 5520; x_wconf 72' lang='lat' dir='ltr'><strong>mte-</strong></span> 
     </span>
    </p>
   </div>
   <div class='ocr_carea' id='block_1_63' title="bbox 535 5548 2123 5624">
    <p class='ocr_par' dir='ltr' id='par_1_63' title="bbox 535 5548 2123 5624">
     <span class='ocr_line' id='line_1_63' title="bbox 535 5548 2123 5624; baseline 0.004 -22"><span class='ocrx_word' id='word_1_463' title='bbox 535 5548 706 5603; x_wconf 76' lang='lat' dir='ltr'><strong>c&#39;nari.</strong></span> <span class='ocrx_word' id='word_1_464' title='bbox 740 5549 893 5616; x_wconf 80' lang='lat' dir='ltr'><strong>Quod</strong></span> <span class='ocrx_word' id='word_1_465' title='bbox 921 5549 963 5602; x_wconf 80' lang='lat' dir='ltr'><strong>si</strong></span> <span class='ocrx_word' id='word_1_466' title='bbox 998 5550 1097 5604; x_wconf 86' lang='lat' dir='ltr'><strong>hoc</strong></span> <span class='ocrx_word' id='word_1_467' title='bbox 1129 5551 1227 5603; x_wconf 85' lang='lat' dir='ltr'><strong>ista</strong></span> <span class='ocrx_word' id='word_1_468' title='bbox 1256 5567 1359 5605; x_wconf 90' lang='lat' dir='ltr'><strong>non</strong></span> <span class='ocrx_word' id='word_1_469' title='bbox 1388 5553 1594 5616; x_wconf 86' lang='lat' dir='ltr'><strong>fecerit,</strong></span> <span class='ocrx_word' id='word_1_470' title='bbox 1628 5563 1804 5607; x_wconf 88' lang='lat' dir='ltr'><strong>tamen</strong></span> <span class='ocrx_word' id='word_1_471' title='bbox 1836 5555 1922 5608; x_wconf 90' lang='lat' dir='ltr'><strong>ille</strong></span> <span class='ocrx_word' id='word_1_472' title='bbox 1951 5571 2123 5624; x_wconf 87' lang='lat' dir='ltr'><strong>quan-</strong></span> 
     </span>
    </p>
   </div>
   <div class='ocr_carea' id='block_1_64' title="bbox 535 5639 2122 5717">
    <p class='ocr_par' dir='ltr' id='par_1_64' title="bbox 535 5639 2122 5717">
     <span class='ocr_line' id='line_1_64' title="bbox 535 5639 2122 5717; baseline 0.004 -23"><span class='ocrx_word' id='word_1_473' title='bbox 535 5651 648 5694; x_wconf 92' lang='lat' dir='ltr'><strong>tum</strong></span> <span class='ocrx_word' id='word_1_474' title='bbox 682 5640 735 5694; x_wconf 89' lang='lat' dir='ltr'><strong>in</strong></span> <span class='ocrx_word' id='word_1_475' title='bbox 768 5641 882 5710; x_wconf 89' lang='lat' dir='ltr'><strong>ipso</strong></span> <span class='ocrx_word' id='word_1_476' title='bbox 906 5639 1182 5695; x_wconf 87' lang='lat' dir='ltr'><strong>estfacerc</strong></span> <span class='ocrx_word' id='word_1_477' title='bbox 1219 5643 1500 5712; x_wconf 87' lang='lat' dir='ltr'><strong>compulit;</strong></span> <span class='ocrx_word' id='word_1_478' title='bbox 1529 5643 1704 5698; x_wconf 86' lang='lat' dir='ltr'><strong>ethoc</strong></span> <span class='ocrx_word' id='word_1_479' title='bbox 1731 5645 1778 5698; x_wconf 91' lang='lat' dir='ltr'><strong>ei</strong></span> <span class='ocrx_word' id='word_1_480' title='bbox 1823 5645 1962 5700; x_wconf 83' lang='lat' dir='ltr'><strong>Deus</strong></span> <span class='ocrx_word' id='word_1_481' title='bbox 2000 5661 2122 5717; x_wconf 84' lang='lat' dir='ltr'><strong>pec-</strong></span> 
     </span>
    </p>
   </div>
   <div class='ocr_carea' id='block_1_65' title="bbox 532 5730 2119 5805">
    <p class='ocr_par' dir='ltr' id='par_1_65' title="bbox 532 5730 2119 5805">
     <span class='ocr_line' id='line_1_65' title="bbox 532 5730 2119 5805; baseline 0.006 -21"><span class='ocrx_word' id='word_1_482' title='bbox 532 5743 730 5795; x_wconf 82' lang='lat' dir='ltr'><strong>catum,</strong></span> <span class='ocrx_word' id='word_1_483' title='bbox 764 5730 971 5785; x_wconf 89' lang='lat' dir='ltr'><strong>etiamsi</strong></span> <span class='ocrx_word' id='word_1_484' title='bbox 1016 5731 1102 5784; x_wconf 89' lang='lat' dir='ltr'><strong>illa</strong></span> <span class='ocrx_word' id='word_1_485' title='bbox 1130 5740 1274 5785; x_wconf 81' lang='lat' dir='ltr'><strong>casta</strong></span> <span class='ocrx_word' id='word_1_486' title='bbox 1305 5748 1632 5802; x_wconf 84' lang='lat' dir='ltr'><strong>permaneat,</strong></span> <span class='ocrx_word' id='word_1_487' title='bbox 1670 5736 1971 5805; x_wconf 78' lang='lat' dir='ltr'><strong>impntabit-</strong></span> <span class='ocrx_word' id='word_1_488' title='bbox 2013 5737 2119 5794; x_wconf 86' lang='lat' dir='ltr'><strong>Sed</strong></span> 
     </span>
    </p>
   </div>
   <div class='ocr_carea' id='block_1_66' title="bbox 596 5865 1404 5925">
    <p class='ocr_par' dir='ltr' id='par_1_66' title="bbox 596 5865 1404 5925">
     <span class='ocr_line' id='line_1_66' title="bbox 596 5865 1404 5925; baseline 0.002 -10"><span class='ocrx_word' id='word_1_489' title='bbox 596 5869 610 5899; x_wconf 75' lang='grc'>³</span> <span class='ocrx_word' id='word_1_490' title='bbox 649 5865 956 5916; x_wconf 69' lang='grc' dir='ltr'><strong>Μὶεὺειριίηιιε</strong></span> <span class='ocrx_word' id='word_1_491' title='bbox 977 5865 1151 5925; x_wconf 72' lang='lat' dir='ltr'><strong>codex,</strong></span> <span class='ocrx_word' id='word_1_492' title='bbox 1165 5866 1404 5925; x_wconf 66' lang='lat' dir='ltr'><strong>fuit-irati.</strong></span> 
     </span>
    </p>
   </div>
   <div class='ocr_carea' id='block_1_67' title="bbox 2294 963 3894 1047">
    <p class='ocr_par' dir='ltr' id='par_1_67' title="bbox 2294 963 3894 1047">
     <span class='ocr_line' id='line_1_67' title="bbox 2294 963 3894 1047; baseline 0.02 -34"><span class='ocrx_word' id='word_1_493' title='bbox 2294 971 2423 1016; x_wconf 89' lang='lat' dir='ltr'><strong>runt</strong></span> <span class='ocrx_word' id='word_1_494' title='bbox 2452 963 2672 1021; x_wconf 88' lang='lat' dir='ltr'><strong>nubere.</strong></span> <span class='ocrx_word' id='word_1_495' title='bbox 2701 967 2834 1024; x_wconf 91' lang='lat' dir='ltr'><strong>Cum</strong></span> <span class='ocrx_word' id='word_1_496' title='bbox 2862 986 2990 1042; x_wconf 87' lang='lat' dir='ltr'><strong>ergo</strong></span> <span class='ocrx_word' id='word_1_497' title='bbox 3019 975 3344 1034; x_wconf 82' lang='lat' dir='ltr'><strong>crediderint</strong></span> <span class='ocrx_word' id='word_1_498' title='bbox 3369 979 3617 1039; x_wconf 89' lang='lat' dir='ltr'><strong>homines</strong></span> <span class='ocrx_word' id='word_1_499' title='bbox 3663 986 3894 1047; x_wconf 91' lang='lat' dir='ltr'><strong>Domino</strong></span> 
     </span>
    </p>
   </div>
   <div class='ocr_carea' id='block_1_68' title="bbox 2291 1049 3890 1140">
    <p class='ocr_par' dir='ltr' id='par_1_68' title="bbox 2291 1049 3890 1140">
     <span class='ocr_line' id='line_1_68' title="bbox 2291 1049 3890 1140; baseline 0.019 -36"><span class='ocrx_word' id='word_1_500' title='bbox 2291 1049 2509 1120; x_wconf 87' lang='lat' dir='ltr'><strong>dicenti,</strong></span> <span class='ocrx_word' id='word_1_501' title='bbox 2540 1053 2720 1112; x_wconf 76' lang='lat' dir='ltr'><strong>Omnis</strong></span> <span class='ocrx_word' id='word_1_502' title='bbox 2740 1061 2826 1130; x_wconf 90' lang='lat' dir='ltr'><strong>qui</strong></span> <span class='ocrx_word' id='word_1_503' title='bbox 2853 1058 3099 1118; x_wconf 75' lang='lat' dir='ltr'><strong>dimiserit</strong></span> <span class='ocrx_word' id='word_1_504' title='bbox 3126 1082 3334 1122; x_wconf 73' lang='lat' dir='ltr'><strong>uxorem</strong></span> <span class='ocrx_word' id='word_1_505' title='bbox 3357 1087 3522 1139; x_wconf 82' lang='lat' dir='ltr'><strong>suam,</strong></span> <span class='ocrx_word' id='word_1_506' title='bbox 3548 1085 3732 1140; x_wconf 76' lang='lat' dir='ltr'><strong>prieter</strong></span> <span class='ocrx_word' id='word_1_507' title='bbox 3759 1095 3890 1134; x_wconf 85' lang='lat' dir='ltr'><strong>cau-</strong></span> 
     </span>
    </p>
   </div>
   <div class='ocr_carea' id='block_1_69' title="bbox 2290 1146 3895 1226">
    <p class='ocr_par' dir='ltr' id='par_1_69' title="bbox 2290 1146 3895 1226">
     <span class='ocr_line' id='line_1_69' title="bbox 2290 1146 3895 1226; baseline 0.02 -32"><span class='ocrx_word' id='word_1_508' title='bbox 2290 1157 2400 1196; x_wconf 77' lang='lat' dir='ltr'><strong>sam</strong></span> <span class='ocrx_word' id='word_1_509' title='bbox 2430 1146 2800 1216; x_wconf 79' lang='lat' dir='ltr'><strong>fornicationis,</strong></span> <span class='ocrx_word' id='word_1_510' title='bbox 2820 1153 2942 1222; x_wconf 85' lang='lat' dir='ltr'><strong>facit</strong></span> <span class='ocrx_word' id='word_1_511' title='bbox 2965 1170 3077 1208; x_wconf 83' lang='lat' dir='ltr'><strong>eam</strong></span> <span class='ocrx_word' id='word_1_512' title='bbox 3096 1158 3371 1226; x_wconf 71' lang='lat' dir='ltr'><strong>mmcltari;</strong></span> <span class='ocrx_word' id='word_1_513' title='bbox 3401 1162 3447 1216; x_wconf 87' lang='lat' dir='ltr'><strong>si</strong></span> <span class='ocrx_word' id='word_1_514' title='bbox 3477 1165 3810 1224; x_wconf 87' lang='lat' dir='ltr'><strong>crediderint</strong></span> <span class='ocrx_word' id='word_1_515' title='bbox 3839 1182 3895 1226; x_wconf 91' lang='lat' dir='ltr'><strong>ct</strong></span> 
     </span>
    </p>
   </div>
   <div class='ocr_carea' id='block_1_70' title="bbox 2291 1234 3890 1328">
    <p class='ocr_par' dir='ltr' id='par_1_70' title="bbox 2291 1234 3890 1328">
     <span class='ocr_line' id='line_1_70' title="bbox 2291 1234 3890 1328; baseline 0.018 -40"><span class='ocrx_word' id='word_1_516' title='bbox 2291 1234 2386 1290; x_wconf 85' lang='lat' dir='ltr'><strong>tibi</strong></span> <span class='ocrx_word' id='word_1_517' title='bbox 2413 1235 2633 1304; x_wconf 90' lang='lat' dir='ltr'><strong>dicenti,</strong></span> <span class='ocrx_word' id='word_1_518' title='bbox 2649 1239 2870 1298; x_wconf 87' lang='lat' dir='ltr'><strong>muliere</strong></span> <span class='ocrx_word' id='word_1_519' title='bbox 2892 1243 3187 1305; x_wconf 88' lang='lat' dir='ltr'><strong>fornicante</strong></span> <span class='ocrx_word' id='word_1_520' title='bbox 3206 1249 3368 1308; x_wconf 91' lang='lat' dir='ltr'><strong>licere</strong></span> <span class='ocrx_word' id='word_1_521' title='bbox 3388 1254 3501 1310; x_wconf 89' lang='lat' dir='ltr'><strong>viro</strong></span> <span class='ocrx_word' id='word_1_522' title='bbox 3520 1257 3638 1328; x_wconf 91' lang='lat' dir='ltr'><strong>ejus</strong></span> <span class='ocrx_word' id='word_1_523' title='bbox 3657 1261 3890 1317; x_wconf 88' lang='lat' dir='ltr'><strong>alteram</strong></span> 
     </span>
    </p>
   </div>
   <div class='ocr_carea' id='block_1_71' title="bbox 2286 1322 3869 1418">
    <p class='ocr_par' dir='ltr' id='par_1_71' title="bbox 2286 1322 3869 1418">
     <span class='ocr_line' id='line_1_71' title="bbox 2286 1322 3869 1418; baseline 0.018 -39"><span class='ocrx_word' id='word_1_524' title='bbox 2286 1322 2513 1394; x_wconf 89' lang='lat' dir='ltr'><strong>ducere;</strong></span> <span class='ocrx_word' id='word_1_525' title='bbox 2544 1331 2783 1403; x_wconf 85' lang='lat' dir='ltr'><strong>quisquis</strong></span> <span class='ocrx_word' id='word_1_526' title='bbox 2803 1335 3029 1392; x_wconf 88' lang='lat' dir='ltr'><strong>voluerit</strong></span> <span class='ocrx_word' id='word_1_527' title='bbox 3053 1349 3272 1411; x_wconf 88' lang='lat' dir='ltr'><strong>propter</strong></span> <span class='ocrx_word' id='word_1_528' title='bbox 3297 1345 3427 1401; x_wconf 86' lang='lat' dir='ltr'><strong>alias</strong></span> <span class='ocrx_word' id='word_1_529' title='bbox 3452 1322 3721 1418; x_wconf 73' lang='lat' dir='ltr'><strong>quaslibet</strong></span> <span class='ocrx_word' id='word_1_530' title='bbox 3744 1369 3869 1407; x_wconf 85' lang='lat' dir='ltr'><strong>Ino-</strong></span> 
     </span>
    </p>
   </div>
   <div class='ocr_carea' id='block_1_72' title="bbox 2287 1421 3887 1509">
    <p class='ocr_par' dir='ltr' id='par_1_72' title="bbox 2287 1421 3887 1509">
     <span class='ocr_line' id='line_1_72' title="bbox 2287 1421 3887 1509; baseline 0.017 -33"><span class='ocrx_word' id='word_1_531' title='bbox 2287 1421 2663 1483; x_wconf 89' lang='lat' dir='ltr'><strong>lestiasearere</strong></span> <span class='ocrx_word' id='word_1_532' title='bbox 2679 1445 2845 1486; x_wconf 81' lang='lat' dir='ltr'><strong>uxore</strong></span> <span class='ocrx_word' id='word_1_533' title='bbox 2868 1433 2950 1487; x_wconf 93' lang='lat' dir='ltr'><strong>cui</strong></span> <span class='ocrx_word' id='word_1_534' title='bbox 2963 1433 3181 1504; x_wconf 86' lang='lat' dir='ltr'><strong>junctus</strong></span> <span class='ocrx_word' id='word_1_535' title='bbox 3195 1447 3298 1500; x_wconf 86' lang='lat' dir='ltr'><strong>est,</strong></span> <span class='ocrx_word' id='word_1_536' title='bbox 3315 1440 3462 1509; x_wconf 90' lang='lat' dir='ltr'><strong>prius</strong></span> <span class='ocrx_word' id='word_1_537' title='bbox 3479 1457 3598 1498; x_wconf 89' lang='lat' dir='ltr'><strong>eam</strong></span> <span class='ocrx_word' id='word_1_538' title='bbox 3622 1446 3887 1503; x_wconf 72' lang='lat' dir='ltr'><strong>mmchari</strong></span> 
     </span>
    </p>
   </div>
   <div class='ocr_carea' id='block_1_73' title="bbox 2285 1513 3887 1598">
    <p class='ocr_par' dir='ltr' id='par_1_73' title="bbox 2285 1513 3887 1598">
     <span class='ocr_line' id='line_1_73' title="bbox 2285 1513 3887 1598; baseline 0.017 -32"><span class='ocrx_word' id='word_1_539' title='bbox 2285 1513 2462 1581; x_wconf 85' lang='lat' dir='ltr'><strong>faciat,</strong></span> <span class='ocrx_word' id='word_1_540' title='bbox 2510 1518 2628 1574; x_wconf 88' lang='lat' dir='ltr'><strong>sine</strong></span> <span class='ocrx_word' id='word_1_541' title='bbox 2669 1520 3021 1581; x_wconf 89' lang='lat' dir='ltr'><strong>fornicatione</strong></span> <span class='ocrx_word' id='word_1_542' title='bbox 3068 1526 3406 1598; x_wconf 79' lang='lat' dir='ltr'><strong>dimittenda,</strong></span> <span class='ocrx_word' id='word_1_543' title='bbox 3452 1542 3510 1588; x_wconf 93' lang='lat' dir='ltr'><strong>ut</strong></span> <span class='ocrx_word' id='word_1_544' title='bbox 3552 1544 3680 1592; x_wconf 89' lang='lat' dir='ltr'><strong>tunc</strong></span> <span class='ocrx_word' id='word_1_545' title='bbox 3719 1538 3887 1594; x_wconf 84' lang='lat' dir='ltr'><strong>ducat</strong></span> 
     </span>
    </p>
   </div>
   <div class='ocr_carea' id='block_1_74' title="bbox 2282 1605 3888 1684">
    <p class='ocr_par' dir='ltr' id='par_1_74' title="bbox 2282 1605 3888 1684">
     <span class='ocr_line' id='line_1_74' title="bbox 2282 1605 3888 1684; baseline 0.016 -26"><span class='ocrx_word' id='word_1_546' title='bbox 2282 1605 2527 1674; x_wconf 88' lang='lat' dir='ltr'><strong>alteram,</strong></span> <span class='ocrx_word' id='word_1_547' title='bbox 2556 1623 2677 1665; x_wconf 89' lang='lat' dir='ltr'><strong>cum</strong></span> <span class='ocrx_word' id='word_1_548' title='bbox 2707 1609 2868 1669; x_wconf 89' lang='lat' dir='ltr'><strong>fuerit</strong></span> <span class='ocrx_word' id='word_1_549' title='bbox 2893 1615 2984 1670; x_wconf 89' lang='lat' dir='ltr'><strong>illa</strong></span> <span class='ocrx_word' id='word_1_550' title='bbox 3027 1617 3236 1673; x_wconf 88' lang='lat' dir='ltr'><strong>moecha</strong></span> <span class='ocrx_word' id='word_1_551' title='bbox 3265 1621 3512 1678; x_wconf 90' lang='lat' dir='ltr'><strong>nubendo</strong></span> <span class='ocrx_word' id='word_1_552' title='bbox 3555 1643 3570 1680; x_wconf 88' lang='lat'><strong>:</strong></span> <span class='ocrx_word' id='word_1_553' title='bbox 3617 1641 3683 1681; x_wconf 90' lang='lat' dir='ltr'><strong>ac</strong></span> <span class='ocrx_word' id='word_1_554' title='bbox 3726 1628 3807 1683; x_wconf 91' lang='lat' dir='ltr'><strong>sic</strong></span> <span class='ocrx_word' id='word_1_555' title='bbox 3851 1645 3888 1684; x_wconf 84' lang='lat' dir='ltr'><strong>a</strong></span> 
     </span>
    </p>
   </div>
   <div class='ocr_carea' id='block_1_75' title="bbox 2281 1697 3886 1787">
    <p class='ocr_par' dir='ltr' id='par_1_75' title="bbox 2281 1697 3886 1787">
     <span class='ocr_line' id='line_1_75' title="bbox 2281 1697 3886 1787; baseline 0.016 -38"><span class='ocrx_word' id='word_1_556' title='bbox 2281 1697 2461 1764; x_wconf 89' lang='lat' dir='ltr'><strong>priore</strong></span> <span class='ocrx_word' id='word_1_557' title='bbox 2488 1711 2707 1769; x_wconf 91' lang='lat' dir='ltr'><strong>peccato</strong></span> <span class='ocrx_word' id='word_1_558' title='bbox 2731 1719 2840 1774; x_wconf 88' lang='lat' dir='ltr'><strong>quo</strong></span> <span class='ocrx_word' id='word_1_559' title='bbox 2867 1720 2986 1761; x_wconf 91' lang='lat' dir='ltr'><strong>eam</strong></span> <span class='ocrx_word' id='word_1_560' title='bbox 3028 1709 3284 1766; x_wconf 70' lang='lat' dir='ltr'><strong>mmehari</strong></span> <span class='ocrx_word' id='word_1_561' title='bbox 3323 1711 3464 1780; x_wconf 92' lang='lat' dir='ltr'><strong>fecit,</strong></span> <span class='ocrx_word' id='word_1_562' title='bbox 3495 1715 3609 1771; x_wconf 88' lang='lat' dir='ltr'><strong>sive</strong></span> <span class='ocrx_word' id='word_1_563' title='bbox 3644 1731 3740 1787; x_wconf 85' lang='lat' dir='ltr'><strong>per</strong></span> <span class='ocrx_word' id='word_1_564' title='bbox 3781 1719 3886 1774; x_wconf 87' lang='lat' dir='ltr'><strong>Ba-</strong></span> 
     </span>
    </p>
   </div>
   <div class='ocr_carea' id='block_1_76' title="bbox 2280 1787 3882 1872">
    <p class='ocr_par' dir='ltr' id='par_1_76' title="bbox 2280 1787 3882 1872">
     <span class='ocr_line' id='line_1_76' title="bbox 2280 1787 3882 1872; baseline 0.016 -33"><span class='ocrx_word' id='word_1_565' title='bbox 2280 1787 2551 1856; x_wconf 91' lang='lat' dir='ltr'><strong>ptismum,</strong></span> <span class='ocrx_word' id='word_1_566' title='bbox 2579 1791 2697 1848; x_wconf 88' lang='lat' dir='ltr'><strong>sive</strong></span> <span class='ocrx_word' id='word_1_567' title='bbox 2727 1808 2822 1864; x_wconf 90' lang='lat' dir='ltr'><strong>per</strong></span> <span class='ocrx_word' id='word_1_568' title='bbox 2867 1798 3237 1866; x_wconf 77' lang='lat' dir='ltr'><strong>pmnitentiam</strong></span> <span class='ocrx_word' id='word_1_569' title='bbox 3267 1802 3555 1872; x_wconf 88' lang='lat' dir='ltr'><strong>liberatus,</strong></span> <span class='ocrx_word' id='word_1_570' title='bbox 3607 1807 3725 1863; x_wconf 90' lang='lat' dir='ltr'><strong>sine</strong></span> <span class='ocrx_word' id='word_1_571' title='bbox 3779 1824 3882 1865; x_wconf 87' lang='lat' dir='ltr'><strong>suo</strong></span> 
     </span>
    </p>
   </div>
   <div class='ocr_carea' id='block_1_77' title="bbox 2277 1875 3883 1967">
    <p class='ocr_par' dir='ltr' id='par_1_77' title="bbox 2277 1875 3883 1967">
     <span class='ocr_line' id='line_1_77' title="bbox 2277 1875 3883 1967; baseline 0.017 -38"><span class='ocrx_word' id='word_1_572' title='bbox 2277 1875 2543 1935; x_wconf 89' lang='lat' dir='ltr'><strong>adulterio</strong></span> <span class='ocrx_word' id='word_1_573' title='bbox 2561 1880 2661 1936; x_wconf 89' lang='lat' dir='ltr'><strong>sibi</strong></span> <span class='ocrx_word' id='word_1_574' title='bbox 2680 1881 2878 1940; x_wconf 86' lang='lat' dir='ltr'><strong>habere</strong></span> <span class='ocrx_word' id='word_1_575' title='bbox 2900 1887 3162 1958; x_wconf 89' lang='lat' dir='ltr'><strong>videatur,</strong></span> <span class='ocrx_word' id='word_1_576' title='bbox 3183 1907 3340 1962; x_wconf 89' lang='lat' dir='ltr'><strong>quam</strong></span> <span class='ocrx_word' id='word_1_577' title='bbox 3361 1905 3482 1966; x_wconf 89' lang='lat' dir='ltr'><strong>post</strong></span> <span class='ocrx_word' id='word_1_578' title='bbox 3507 1897 3702 1967; x_wconf 90' lang='lat' dir='ltr'><strong>prioris</strong></span> <span class='ocrx_word' id='word_1_579' title='bbox 3725 1901 3883 1956; x_wconf 89' lang='lat' dir='ltr'><strong>adul-</strong></span> 
     </span>
    </p>
   </div>
   <div class='ocr_carea' id='block_1_78' title="bbox 2279 1968 3880 2057">
    <p class='ocr_par' dir='ltr' id='par_1_78' title="bbox 2279 1968 3880 2057">
     <span class='ocr_line' id='line_1_78' title="bbox 2279 1968 3880 2057; baseline 0.015 -34"><span class='ocrx_word' id='word_1_580' title='bbox 2279 1968 2490 2034; x_wconf 88' lang='lat' dir='ltr'><strong>terium,</strong></span> <span class='ocrx_word' id='word_1_581' title='bbox 2527 1981 2775 2042; x_wconf 88' lang='lat' dir='ltr'><strong>tanquam</strong></span> <span class='ocrx_word' id='word_1_582' title='bbox 2805 1975 2928 2032; x_wconf 88' lang='lat' dir='ltr'><strong>hinc</strong></span> <span class='ocrx_word' id='word_1_583' title='bbox 2968 1979 3143 2035; x_wconf 91' lang='lat' dir='ltr'><strong>soluto</strong></span> <span class='ocrx_word' id='word_1_584' title='bbox 3181 1985 3507 2041; x_wconf 89' lang='lat' dir='ltr'><strong>matrimonii</strong></span> <span class='ocrx_word' id='word_1_585' title='bbox 3534 1988 3768 2057; x_wconf 90' lang='lat' dir='ltr'><strong>vinculo,</strong></span> <span class='ocrx_word' id='word_1_586' title='bbox 3796 1993 3880 2047; x_wconf 86' lang='lat' dir='ltr'><strong>al-</strong></span> 
     </span>
    </p>
   </div>
   <div class='ocr_carea' id='block_1_79' title="bbox 2278 2061 3880 2148">
    <p class='ocr_par' dir='ltr' id='par_1_79' title="bbox 2278 2061 3880 2148">
     <span class='ocr_line' id='line_1_79' title="bbox 2278 2061 3880 2148; baseline 0.017 -35"><span class='ocrx_word' id='word_1_587' title='bbox 2278 2067 2444 2115; x_wconf 84' lang='lat' dir='ltr'><strong>teram</strong></span> <span class='ocrx_word' id='word_1_588' title='bbox 2470 2061 2700 2118; x_wconf 73' lang='lat' dir='ltr'><strong>duxerit.</strong></span> <span class='ocrx_word' id='word_1_589' title='bbox 2732 2066 2884 2134; x_wconf 88' lang='lat' dir='ltr'><strong>Quod</strong></span> <span class='ocrx_word' id='word_1_590' title='bbox 2912 2070 3127 2139; x_wconf 90' lang='lat' dir='ltr'><strong>quidem</strong></span> <span class='ocrx_word' id='word_1_591' title='bbox 3159 2074 3205 2128; x_wconf 90' lang='lat' dir='ltr'><strong>si</strong></span> <span class='ocrx_word' id='word_1_592' title='bbox 3239 2073 3402 2132; x_wconf 90' lang='lat' dir='ltr'><strong>fuerit</strong></span> <span class='ocrx_word' id='word_1_593' title='bbox 3437 2079 3792 2148; x_wconf 87' lang='lat' dir='ltr'><strong>machinatus,</strong></span> <span class='ocrx_word' id='word_1_594' title='bbox 3819 2095 3880 2140; x_wconf 87' lang='lat' dir='ltr'><strong>et</strong></span> 
     </span>
    </p>
   </div>
   <div class='ocr_carea' id='block_1_80' title="bbox 2274 2157 3878 2242">
    <p class='ocr_par' dir='ltr' id='par_1_80' title="bbox 2274 2157 3878 2242">
     <span class='ocr_line' id='line_1_80' title="bbox 2274 2157 3878 2242; baseline 0.017 -39"><span class='ocrx_word' id='word_1_595' title='bbox 2274 2165 2494 2206; x_wconf 80' lang='lat' dir='ltr'><strong>uxorem</strong></span> <span class='ocrx_word' id='word_1_596' title='bbox 2521 2167 2672 2208; x_wconf 91' lang='lat' dir='ltr'><strong>suam</strong></span> <span class='ocrx_word' id='word_1_597' title='bbox 2707 2157 2974 2214; x_wconf 74' lang='lat' dir='ltr'><strong>mteeham</strong></span> <span class='ocrx_word' id='word_1_598' title='bbox 3001 2160 3180 2231; x_wconf 83' lang='lat' dir='ltr'><strong>faciet,</strong></span> <span class='ocrx_word' id='word_1_599' title='bbox 3211 2173 3266 2220; x_wconf 91' lang='lat' dir='ltr'><strong>et</strong></span> <span class='ocrx_word' id='word_1_600' title='bbox 3307 2166 3422 2236; x_wconf 87' lang='lat' dir='ltr'><strong>ipse</strong></span> <span class='ocrx_word' id='word_1_601' title='bbox 3464 2172 3706 2239; x_wconf 76' lang='lat' dir='ltr'><strong>quamvis</strong></span> <span class='ocrx_word' id='word_1_602' title='bbox 3751 2184 3878 2242; x_wconf 90' lang='lat' dir='ltr'><strong>post</strong></span> 
     </span>
    </p>
   </div>
   <div class='ocr_carea' id='block_1_81' title="bbox 2272 2242 3872 2332">
    <p class='ocr_par' dir='ltr' id='par_1_81' title="bbox 2272 2242 3872 2332">
     <span class='ocr_line' id='line_1_81' title="bbox 2272 2242 3872 2332; baseline 0.016 -36"><span class='ocrx_word' id='word_1_603' title='bbox 2272 2242 2592 2301; x_wconf 84' lang='lat' dir='ltr'><strong>adulterium</strong></span> <span class='ocrx_word' id='word_1_604' title='bbox 2637 2249 2878 2320; x_wconf 83' lang='lat' dir='ltr'><strong>conjugis</strong></span> <span class='ocrx_word' id='word_1_605' title='bbox 2926 2252 3086 2308; x_wconf 91' lang='lat' dir='ltr'><strong>aliam</strong></span> <span class='ocrx_word' id='word_1_606' title='bbox 3147 2257 3394 2315; x_wconf 91' lang='lat' dir='ltr'><strong>ducendo</strong></span> <span class='ocrx_word' id='word_1_607' title='bbox 3433 2262 3675 2318; x_wconf 64' lang='lat' dir='ltr'><strong>machus</strong></span> <span class='ocrx_word' id='word_1_608' title='bbox 3723 2266 3872 2332; x_wconf 89' lang='lat' dir='ltr'><strong>erit;</strong></span> 
     </span>
    </p>
   </div>
   <div class='ocr_carea' id='block_1_82' title="bbox 2271 2333 3873 2427">
    <p class='ocr_par' dir='ltr' id='par_1_82' title="bbox 2271 2333 3873 2427">
     <span class='ocr_line' id='line_1_82' title="bbox 2271 2333 3873 2427; baseline 0.014 -39"><span class='ocrx_word' id='word_1_609' title='bbox 2271 2333 2512 2406; x_wconf 86' lang='lat' dir='ltr'><strong>nihilque</strong></span> <span class='ocrx_word' id='word_1_610' title='bbox 2535 2337 2608 2392; x_wconf 89' lang='lat' dir='ltr'><strong>illi</strong></span> <span class='ocrx_word' id='word_1_611' title='bbox 2637 2339 2876 2408; x_wconf 90' lang='lat' dir='ltr'><strong>proderit</strong></span> <span class='ocrx_word' id='word_1_612' title='bbox 2902 2344 3045 2413; x_wconf 88' lang='lat' dir='ltr'><strong>quod</strong></span> <span class='ocrx_word' id='word_1_613' title='bbox 3079 2346 3172 2402; x_wconf 93' lang='lat' dir='ltr'><strong>tibi</strong></span> <span class='ocrx_word' id='word_1_614' title='bbox 3191 2349 3446 2416; x_wconf 91' lang='lat' dir='ltr'><strong>credidit,</strong></span> <span class='ocrx_word' id='word_1_615' title='bbox 3476 2362 3532 2408; x_wconf 90' lang='lat' dir='ltr'><strong>et</strong></span> <span class='ocrx_word' id='word_1_616' title='bbox 3558 2369 3664 2409; x_wconf 86' lang='lat' dir='ltr'><strong>non</strong></span> <span class='ocrx_word' id='word_1_617' title='bbox 3695 2356 3744 2409; x_wconf 89' lang='lat' dir='ltr'><strong>ei</strong></span> <span class='ocrx_word' id='word_1_618' title='bbox 3767 2372 3873 2427; x_wconf 80' lang='lat' dir='ltr'><strong>po-</strong></span> 
     </span>
    </p>
   </div>
   <div class='ocr_carea' id='block_1_83' title="bbox 2272 2425 3874 2516">
    <p class='ocr_par' dir='ltr' id='par_1_83' title="bbox 2272 2425 3874 2516">
     <span class='ocr_line' id='line_1_83' title="bbox 2272 2425 3874 2516; baseline 0.014 -36"><span class='ocrx_word' id='word_1_619' title='bbox 2272 2425 2378 2481; x_wconf 92' lang='lat' dir='ltr'><strong>tius</strong></span> <span class='ocrx_word' id='word_1_620' title='bbox 2401 2427 2491 2497; x_wconf 89' lang='lat' dir='ltr'><strong>qui</strong></span> <span class='ocrx_word' id='word_1_621' title='bbox 2521 2431 2668 2486; x_wconf 93' lang='lat' dir='ltr'><strong>nullo</strong></span> <span class='ocrx_word' id='word_1_622' title='bbox 2693 2444 2917 2504; x_wconf 83' lang='lat' dir='ltr'><strong>excepto</strong></span> <span class='ocrx_word' id='word_1_623' title='bbox 2942 2437 3035 2502; x_wconf 91' lang='lat' dir='ltr'><strong>ait,</strong></span> <span class='ocrx_word' id='word_1_624' title='bbox 3069 2437 3250 2496; x_wconf 79' lang='lat' dir='ltr'><strong>Omnis</strong></span> <span class='ocrx_word' id='word_1_625' title='bbox 3270 2444 3356 2512; x_wconf 87' lang='lat' dir='ltr'><strong>qui</strong></span> <span class='ocrx_word' id='word_1_626' title='bbox 3381 2445 3634 2516; x_wconf 72' lang='lat' dir='ltr'><strong>reliquerit</strong></span> <span class='ocrx_word' id='word_1_627' title='bbox 3661 2425 3874 2503; x_wconf 62' lang='lat' dir='ltr'><strong>uxorem</strong></span> 
     </span>
    </p>
   </div>
   <div class='ocr_carea' id='block_1_84' title="bbox 2269 2523 3684 2612">
    <p class='ocr_par' dir='ltr' id='par_1_84' title="bbox 2269 2523 3684 2612">
     <span class='ocr_line' id='line_1_84' title="bbox 2269 2523 3684 2612; baseline 0.017 -41"><span class='ocrx_word' id='word_1_628' title='bbox 2269 2535 2433 2585; x_wconf 76' lang='lat' dir='ltr'><strong>suam,</strong></span> <span class='ocrx_word' id='word_1_629' title='bbox 2463 2531 2508 2574; x_wconf 86' lang='lat' dir='ltr'><strong>et</strong></span> <span class='ocrx_word' id='word_1_630' title='bbox 2528 2523 2684 2577; x_wconf 86' lang='lat' dir='ltr'><strong>aliam</strong></span> <span class='ocrx_word' id='word_1_631' title='bbox 2699 2525 2924 2596; x_wconf 69' lang='lat' dir='ltr'><strong>duxerit,</strong></span> <span class='ocrx_word' id='word_1_632' title='bbox 2952 2533 3232 2587; x_wconf 69' lang='lat' dir='ltr'><strong>maschatur</strong></span> <span class='ocrx_word' id='word_1_633' title='bbox 3261 2533 3408 2604; x_wconf 85' lang='lat' dir='ltr'><strong>(Luc.</strong></span> <span class='ocrx_word' id='word_1_634' title='bbox 3435 2554 3546 2605; x_wconf 79' lang='lat' dir='ltr'><strong>xvr,</strong></span> <span class='ocrx_word' id='word_1_635' title='bbox 3571 2538 3684 2612; x_wconf 90' lang='grc'><strong>18).</strong></span> 
     </span>
    </p>
   </div>
   <div class='ocr_carea' id='block_1_85' title="bbox 2337 2616 3872 2692">
    <p class='ocr_par' dir='ltr' id='par_1_85' title="bbox 2337 2616 3872 2692">
     <span class='ocr_line' id='line_1_85' title="bbox 2337 2616 3872 2692; baseline 0.013 -20"><span class='ocrx_word' id='word_1_636' title='bbox 2337 2616 2566 2674; x_wconf 83' lang='lat' dir='ltr'><strong>CAPUT</strong></span> <span class='ocrx_word' id='word_1_637' title='bbox 2604 2619 2790 2677; x_wconf 79' lang='lat' dir='ltr'><strong>XVIII.</strong></span> <span class='ocrx_word' id='word_1_638' title='bbox 2835 2627 3037 2684; x_wconf 81' lang='grc'><strong>-19,</strong></span> <span class='ocrx_word' id='word_1_639' title='bbox 3093 2627 3414 2686; x_wconf 85' lang='lat' dir='ltr'><strong>Continentia</strong></span> <span class='ocrx_word' id='word_1_640' title='bbox 3476 2636 3725 2688; x_wconf 79' lang='lat' dir='ltr'><strong>servanda</strong></span> <span class='ocrx_word' id='word_1_641' title='bbox 3780 2648 3872 2692; x_wconf 85' lang='lat' dir='ltr'><strong>aut</strong></span> 
     </span>
    </p>
   </div>
   <div class='ocr_carea' id='block_1_86' title="bbox 2267 2709 3873 2787">
    <p class='ocr_par' dir='ltr' id='par_1_86' title="bbox 2267 2709 3873 2787">
     <span class='ocr_line' id='line_1_86' title="bbox 2267 2709 3873 2787; baseline 0.014 -26"><span class='ocrx_word' id='word_1_642' title='bbox 2267 2709 2553 2780; x_wconf 71' lang='lat' dir='ltr'><strong>conjugatis</strong></span> <span class='ocrx_word' id='word_1_643' title='bbox 2581 2722 2669 2766; x_wconf 86' lang='lat' dir='ltr'><strong>aut</strong></span> <span class='ocrx_word' id='word_1_644' title='bbox 2697 2716 3041 2772; x_wconf 76' lang='lat' dir='ltr'><strong>excellentior.</strong></span> <span class='ocrx_word' id='word_1_645' title='bbox 3088 2721 3294 2787; x_wconf 81' lang='lat' dir='ltr'><strong>Quibus</strong></span> <span class='ocrx_word' id='word_1_646' title='bbox 3337 2725 3584 2781; x_wconf 86' lang='lat' dir='ltr'><strong>omnibus</strong></span> <span class='ocrx_word' id='word_1_647' title='bbox 3613 2729 3873 2784; x_wconf 87' lang='lat' dir='ltr'><strong>conside-</strong></span> 
     </span>
    </p>
   </div>
   <div class='ocr_carea' id='block_1_87' title="bbox 2265 2799 3872 2886">
    <p class='ocr_par' dir='ltr' id='par_1_87' title="bbox 2265 2799 3872 2886">
     <span class='ocr_line' id='line_1_87' title="bbox 2265 2799 3872 2886; baseline 0.015 -35"><span class='ocrx_word' id='word_1_648' title='bbox 2265 2799 2395 2852; x_wconf 89' lang='lat' dir='ltr'><strong>ratis</strong></span> <span class='ocrx_word' id='word_1_649' title='bbox 2423 2810 2581 2870; x_wconf 88' lang='lat' dir='ltr'><strong>atque</strong></span> <span class='ocrx_word' id='word_1_650' title='bbox 2613 2807 2869 2870; x_wconf 77' lang='lat' dir='ltr'><strong>tractatis,</strong></span> <span class='ocrx_word' id='word_1_651' title='bbox 2901 2818 3070 2864; x_wconf 88' lang='lat' dir='ltr'><strong>restat</strong></span> <span class='ocrx_word' id='word_1_652' title='bbox 3097 2819 3155 2865; x_wconf 91' lang='lat' dir='ltr'><strong>ut</strong></span> <span class='ocrx_word' id='word_1_653' title='bbox 3178 2814 3247 2868; x_wconf 90' lang='lat' dir='ltr'><strong>ab</strong></span> <span class='ocrx_word' id='word_1_654' title='bbox 3275 2815 3354 2868; x_wconf 88' lang='lat' dir='ltr'><strong>eis</strong></span> <span class='ocrx_word' id='word_1_655' title='bbox 3377 2816 3468 2886; x_wconf 92' lang='lat' dir='ltr'><strong>qui</strong></span> <span class='ocrx_word' id='word_1_656' title='bbox 3495 2815 3611 2872; x_wconf 67' lang='lat' dir='ltr'><strong>hinc</strong></span> <span class='ocrx_word' id='word_1_657' title='bbox 3637 2818 3872 2874; x_wconf 87' lang='lat' dir='ltr'><strong>fideliter</strong></span> 
     </span>
    </p>
   </div>
   <div class='ocr_carea' id='block_1_88' title="bbox 2264 2891 3870 2972">
    <p class='ocr_par' dir='ltr' id='par_1_88' title="bbox 2264 2891 3870 2972">
     <span class='ocr_line' id='line_1_88' title="bbox 2264 2891 3870 2972; baseline 0.012 -28"><span class='ocrx_word' id='word_1_658' title='bbox 2264 2891 2506 2961; x_wconf 88' lang='lat' dir='ltr'><strong>audiunt,</strong></span> <span class='ocrx_word' id='word_1_659' title='bbox 2535 2893 2744 2951; x_wconf 89' lang='lat' dir='ltr'><strong>dicatur</strong></span> <span class='ocrx_word' id='word_1_660' title='bbox 2774 2899 2931 2954; x_wconf 91' lang='lat' dir='ltr'><strong>nobis</strong></span> <span class='ocrx_word' id='word_1_661' title='bbox 2951 2901 3094 2972; x_wconf 89' lang='lat' dir='ltr'><strong>quod</strong></span> <span class='ocrx_word' id='word_1_662' title='bbox 3134 2904 3358 2962; x_wconf 91' lang='lat' dir='ltr'><strong>Domino</strong></span> <span class='ocrx_word' id='word_1_663' title='bbox 3395 2907 3598 2964; x_wconf 90' lang='lat' dir='ltr'><strong>dictum</strong></span> <span class='ocrx_word' id='word_1_664' title='bbox 3641 2920 3724 2966; x_wconf 90' lang='lat' dir='ltr'><strong>est</strong></span> <span class='ocrx_word' id='word_1_665' title='bbox 3758 2929 3772 2965; x_wconf 91' lang='lat'>:</span> <span class='ocrx_word' id='word_1_666' title='bbox 3807 2912 3870 2966; x_wconf 85' lang='lat' dir='ltr'><strong>Si</strong></span> 
     </span>
    </p>
   </div>
   <div class='ocr_carea' id='block_1_89' title="bbox 2264 2981 3868 3066">
    <p class='ocr_par' dir='ltr' id='par_1_89' title="bbox 2264 2981 3868 3066">
     <span class='ocr_line' id='line_1_89' title="bbox 2264 2981 3868 3066; baseline 0.014 -31"><span class='ocrx_word' id='word_1_667' title='bbox 2264 2981 2381 3038; x_wconf 75' lang='lat' dir='ltr'><strong>tatis</strong></span> <span class='ocrx_word' id='word_1_668' title='bbox 2404 2993 2655 3039; x_wconf 75' lang='lat' dir='ltr'><strong>estcausa</strong></span> <span class='ocrx_word' id='word_1_669' title='bbox 2697 3005 2811 3043; x_wconf 84' lang='lat' dir='ltr'><strong>cum</strong></span> <span class='ocrx_word' id='word_1_670' title='bbox 2848 3007 3024 3058; x_wconf 74' lang='lat' dir='ltr'><strong>uxore,</strong></span> <span class='ocrx_word' id='word_1_671' title='bbox 3059 3010 3162 3048; x_wconf 89' lang='lat' dir='ltr'><strong>non</strong></span> <span class='ocrx_word' id='word_1_672' title='bbox 3188 2996 3388 3062; x_wconf 71' lang='lat' dir='ltr'><strong>expedit</strong></span> <span class='ocrx_word' id='word_1_673' title='bbox 3418 2997 3623 3055; x_wconf 81' lang='lat' dir='ltr'><strong>nubere.</strong></span> <span class='ocrx_word' id='word_1_674' title='bbox 3656 3000 3868 3066; x_wconf 86' lang='lat' dir='ltr'><strong>Quibus</strong></span> 
     </span>
    </p>
   </div>
   <div class='ocr_carea' id='block_1_90' title="bbox 2263 3078 3867 3161">
    <p class='ocr_par' dir='ltr' id='par_1_90' title="bbox 2263 3078 3867 3161">
     <span class='ocr_line' id='line_1_90' title="bbox 2263 3078 3867 3161; baseline 0.011 -31"><span class='ocrx_word' id='word_1_675' title='bbox 2263 3084 2318 3131; x_wconf 90' lang='lat' dir='ltr'><strong>et</strong></span> <span class='ocrx_word' id='word_1_676' title='bbox 2346 3092 2445 3132; x_wconf 90' lang='lat' dir='ltr'><strong>nos</strong></span> <span class='ocrx_word' id='word_1_677' title='bbox 2469 3078 2596 3148; x_wconf 91' lang='lat' dir='ltr'><strong>quid</strong></span> <span class='ocrx_word' id='word_1_678' title='bbox 2627 3081 3066 3151; x_wconf 87' lang='lat' dir='ltr'><strong>respondeamus,</strong></span> <span class='ocrx_word' id='word_1_679' title='bbox 3091 3087 3191 3141; x_wconf 90' lang='lat' dir='ltr'><strong>nisi</strong></span> <span class='ocrx_word' id='word_1_680' title='bbox 3220 3089 3362 3158; x_wconf 89' lang='lat' dir='ltr'><strong>quod</strong></span> <span class='ocrx_word' id='word_1_681' title='bbox 3402 3090 3517 3159; x_wconf 91' lang='lat' dir='ltr'><strong>ipse</strong></span> <span class='ocrx_word' id='word_1_682' title='bbox 3541 3093 3867 3161; x_wconf 87' lang='lat' dir='ltr'><strong>respondit?</strong></span> 
     </span>
    </p>
   </div>
   <div class='ocr_carea' id='block_1_91' title="bbox 2263 3167 3862 3252">
    <p class='ocr_par' dir='ltr' id='par_1_91' title="bbox 2263 3167 3862 3252">
     <span class='ocr_line' id='line_1_91' title="bbox 2263 3167 3862 3252; baseline 0.012 -28"><span class='ocrx_word' id='word_1_683' title='bbox 2263 3167 2386 3225; x_wconf 87' lang='lat' dir='ltr'><strong>Non</strong></span> <span class='ocrx_word' id='word_1_684' title='bbox 2413 3188 2584 3227; x_wconf 82' lang='lat' dir='ltr'><strong>omnes</strong></span> <span class='ocrx_word' id='word_1_685' title='bbox 2613 3176 2825 3245; x_wconf 87' lang='lat' dir='ltr'><strong>capiunt</strong></span> <span class='ocrx_word' id='word_1_686' title='bbox 2851 3179 3052 3232; x_wconf 85' lang='lat' dir='ltr'><strong>verbum</strong></span> <span class='ocrx_word' id='word_1_687' title='bbox 3079 3179 3192 3246; x_wconf 88' lang='lat' dir='ltr'><strong>hoc,</strong></span> <span class='ocrx_word' id='word_1_688' title='bbox 3223 3182 3310 3236; x_wconf 84' lang='lat' dir='ltr'><strong>sed</strong></span> <span class='ocrx_word' id='word_1_689' title='bbox 3338 3185 3518 3252; x_wconf 73' lang='lat' dir='ltr'><strong>quibus</strong></span> <span class='ocrx_word' id='word_1_690' title='bbox 3559 3186 3736 3240; x_wconf 83' lang='lat' dir='ltr'><strong>datum</strong></span> <span class='ocrx_word' id='word_1_691' title='bbox 3766 3199 3862 3243; x_wconf 78' lang='lat' dir='ltr'><strong>est.</strong></span> 
     </span>
    </p>
   </div>
   <div class='ocr_carea' id='block_1_92' title="bbox 2261 3261 3864 3344">
    <p class='ocr_par' dir='ltr' id='par_1_92' title="bbox 2261 3261 3864 3344">
     <span class='ocr_line' id='line_1_92' title="bbox 2261 3261 3864 3344; baseline 0.011 -26"><span class='ocrx_word' id='word_1_692' title='bbox 2261 3261 2395 3318; x_wconf 86' lang='lat' dir='ltr'><strong>Sunt</strong></span> <span class='ocrx_word' id='word_1_693' title='bbox 2420 3265 2553 3318; x_wconf 85' lang='lat' dir='ltr'><strong>enim</strong></span> <span class='ocrx_word' id='word_1_694' title='bbox 2578 3269 2795 3320; x_wconf 79' lang='lat' dir='ltr'><strong>eunuchi</strong></span> <span class='ocrx_word' id='word_1_695' title='bbox 2823 3272 2911 3339; x_wconf 88' lang='lat' dir='ltr'><strong>qui</strong></span> <span class='ocrx_word' id='word_1_696' title='bbox 2949 3270 3012 3325; x_wconf 86' lang='lat' dir='ltr'><strong>de</strong></span> <span class='ocrx_word' id='word_1_697' title='bbox 3036 3274 3217 3330; x_wconf 76' lang='lat' dir='ltr'><strong>matris</strong></span> <span class='ocrx_word' id='word_1_698' title='bbox 3246 3285 3390 3331; x_wconf 80' lang='lat' dir='ltr'><strong>utero</strong></span> <span class='ocrx_word' id='word_1_699' title='bbox 3410 3277 3482 3331; x_wconf 75' lang='lat' dir='ltr'><strong>sic</strong></span> <span class='ocrx_word' id='word_1_700' title='bbox 3506 3279 3612 3332; x_wconf 86' lang='lat' dir='ltr'><strong>nati</strong></span> <span class='ocrx_word' id='word_1_701' title='bbox 3629 3291 3788 3344; x_wconf 76' lang='lat' dir='ltr'><strong>sunt;</strong></span> <span class='ocrx_word' id='word_1_702' title='bbox 3817 3292 3864 3335; x_wconf 85' lang='lat' dir='ltr'><strong>et</strong></span> 
     </span>
    </p>
   </div>
   <div class='ocr_carea' id='block_1_93' title="bbox 2258 3357 3862 3433">
    <p class='ocr_par' dir='ltr' id='par_1_93' title="bbox 2258 3357 3862 3433">
     <span class='ocr_line' id='line_1_93' title="bbox 2258 3357 3862 3433; baseline 0.012 -27"><span class='ocrx_word' id='word_1_703' title='bbox 2258 3361 2375 3407; x_wconf 79' lang='lat' dir='ltr'><strong>sunt</strong></span> <span class='ocrx_word' id='word_1_704' title='bbox 2401 3357 2617 3410; x_wconf 83' lang='lat' dir='ltr'><strong>eunuchi</strong></span> <span class='ocrx_word' id='word_1_705' title='bbox 2635 3359 2719 3429; x_wconf 88' lang='lat' dir='ltr'><strong>qui</strong></span> <span class='ocrx_word' id='word_1_706' title='bbox 2747 3361 2870 3430; x_wconf 84' lang='lat' dir='ltr'><strong>facti</strong></span> <span class='ocrx_word' id='word_1_707' title='bbox 2896 3371 3012 3416; x_wconf 79' lang='lat' dir='ltr'><strong>sunt</strong></span> <span class='ocrx_word' id='word_1_708' title='bbox 3031 3363 3094 3417; x_wconf 86' lang='lat' dir='ltr'><strong>ab</strong></span> <span class='ocrx_word' id='word_1_709' title='bbox 3122 3364 3448 3433; x_wconf 82' lang='lat' dir='ltr'><strong>hominibus;</strong></span> <span class='ocrx_word' id='word_1_710' title='bbox 3475 3377 3522 3424; x_wconf 80' lang='lat' dir='ltr'><strong>et</strong></span> <span class='ocrx_word' id='word_1_711' title='bbox 3546 3379 3666 3424; x_wconf 80' lang='lat' dir='ltr'><strong>sunt</strong></span> <span class='ocrx_word' id='word_1_712' title='bbox 3691 3388 3862 3425; x_wconf 54' lang='lat' dir='ltr'><strong>cuna-</strong></span> 
     </span>
    </p>
   </div>
   <div class='ocr_carea' id='block_1_94' title="bbox 2257 3445 3855 3532">
    <p class='ocr_par' dir='ltr' id='par_1_94' title="bbox 2257 3445 3855 3532">
     <span class='ocr_line' id='line_1_94' title="bbox 2257 3445 3855 3532; baseline 0.014 -34"><span class='ocrx_word' id='word_1_713' title='bbox 2257 3445 2340 3499; x_wconf 78' lang='lat' dir='ltr'><strong>chi</strong></span> <span class='ocrx_word' id='word_1_714' title='bbox 2367 3447 2454 3514; x_wconf 86' lang='lat' dir='ltr'><strong>qui</strong></span> <span class='ocrx_word' id='word_1_715' title='bbox 2478 3465 2532 3503; x_wconf 76' lang='lat' dir='ltr'><strong>se</strong></span> <span class='ocrx_word' id='word_1_716' title='bbox 2572 3451 2709 3520; x_wconf 82' lang='lat' dir='ltr'><strong>ipsos</strong></span> <span class='ocrx_word' id='word_1_717' title='bbox 2738 3463 3083 3511; x_wconf 68' lang='lat' dir='ltr'><strong>castraverunt</strong></span> <span class='ocrx_word' id='word_1_718' title='bbox 3113 3470 3318 3530; x_wconf 82' lang='lat' dir='ltr'><strong>prapter</strong></span> <span class='ocrx_word' id='word_1_719' title='bbox 3346 3478 3558 3532; x_wconf 83' lang='lat' dir='ltr'><strong>regnum</strong></span> <span class='ocrx_word' id='word_1_720' title='bbox 3586 3466 3855 3520; x_wconf 64' lang='grc' dir='ltr'><strong>δίεισι-αυτ.</strong></span> 
     </span>
    </p>
   </div>
   <div class='ocr_carea' id='block_1_95' title="bbox 2261 3536 3854 3629">
    <p class='ocr_par' dir='ltr' id='par_1_95' title="bbox 2261 3536 3854 3629">
     <span class='ocr_line' id='line_1_95' title="bbox 2261 3536 3854 3629; baseline 0.014 -39"><span class='ocrx_word' id='word_1_721' title='bbox 2261 3536 2362 3603; x_wconf 82' lang='lat' dir='ltr'><strong>Qui</strong></span> <span class='ocrx_word' id='word_1_722' title='bbox 2390 3550 2551 3608; x_wconf 85' lang='lat' dir='ltr'><strong>potest</strong></span> <span class='ocrx_word' id='word_1_723' title='bbox 2593 3559 2789 3614; x_wconf 79' lang='lat' dir='ltr'><strong>capere,</strong></span> <span class='ocrx_word' id='word_1_724' title='bbox 2821 3547 2990 3616; x_wconf 82' lang='lat' dir='ltr'><strong>capiat</strong></span> <span class='ocrx_word' id='word_1_725' title='bbox 3027 3547 3242 3620; x_wconf 73' lang='lat' dir='ltr'><strong>(Matth.</strong></span> <span class='ocrx_word' id='word_1_726' title='bbox 3287 3568 3405 3620; x_wconf 73' lang='lat' dir='ltr'><strong>nx,</strong></span> <span class='ocrx_word' id='word_1_727' title='bbox 3440 3554 3659 3627; x_wconf 60' lang='grc'><strong>1042).</strong></span> <span class='ocrx_word' id='word_1_728' title='bbox 3707 3558 3854 3629; x_wconf 85' lang='lat' dir='ltr'><strong>Ergo</strong></span> 
     </span>
    </p>
   </div>
   <div class='ocr_carea' id='block_1_96' title="bbox 2255 3631 3860 3716">
    <p class='ocr_par' dir='ltr' id='par_1_96' title="bbox 2255 3631 3860 3716">
     <span class='ocr_line' id='line_1_96' title="bbox 2255 3631 3860 3716; baseline 0.015 -33"><span class='ocrx_word' id='word_1_729' title='bbox 2255 3631 2343 3699; x_wconf 94' lang='lat' dir='ltr'><strong>qui</strong></span> <span class='ocrx_word' id='word_1_730' title='bbox 2373 3639 2547 3700; x_wconf 89' lang='lat' dir='ltr'><strong>potest</strong></span> <span class='ocrx_word' id='word_1_731' title='bbox 2571 3636 2763 3705; x_wconf 85' lang='lat' dir='ltr'><strong>capiat,</strong></span> <span class='ocrx_word' id='word_1_732' title='bbox 2811 3639 2953 3707; x_wconf 83' lang='lat' dir='ltr'><strong>quod</strong></span> <span class='ocrx_word' id='word_1_733' title='bbox 2998 3656 3102 3696; x_wconf 92' lang='lat' dir='ltr'><strong>non</strong></span> <span class='ocrx_word' id='word_1_734' title='bbox 3133 3658 3321 3701; x_wconf 90' lang='lat' dir='ltr'><strong>omnes</strong></span> <span class='ocrx_word' id='word_1_735' title='bbox 3349 3647 3584 3716; x_wconf 91' lang='lat' dir='ltr'><strong>capiunt.</strong></span> <span class='ocrx_word' id='word_1_736' title='bbox 3618 3649 3860 3707; x_wconf 84' lang='lat' dir='ltr'><strong>Possunt</strong></span> 
     </span>
    </p>
   </div>
   <div class='ocr_carea' id='block_1_97' title="bbox 2253 3727 3856 3803">
    <p class='ocr_par' dir='ltr' id='par_1_97' title="bbox 2253 3727 3856 3803">
     <span class='ocr_line' id='line_1_97' title="bbox 2253 3727 3856 3803; baseline 0.015 -30"><span class='ocrx_word' id='word_1_737' title='bbox 2253 3730 2430 3777; x_wconf 90' lang='lat' dir='ltr'><strong>autem</strong></span> <span class='ocrx_word' id='word_1_738' title='bbox 2461 3738 2654 3793; x_wconf 90' lang='lat' dir='ltr'><strong>capere</strong></span> <span class='ocrx_word' id='word_1_739' title='bbox 2691 3727 2743 3781; x_wconf 92' lang='lat' dir='ltr'><strong>hi</strong></span> <span class='ocrx_word' id='word_1_740' title='bbox 2769 3730 2964 3798; x_wconf 89' lang='lat' dir='ltr'><strong>quibus</strong></span> <span class='ocrx_word' id='word_1_741' title='bbox 2986 3731 3089 3788; x_wconf 92' lang='lat' dir='ltr'><strong>hoc</strong></span> <span class='ocrx_word' id='word_1_742' title='bbox 3115 3743 3334 3803; x_wconf 67' lang='lat' dir='ltr'><strong>priestat</strong></span> <span class='ocrx_word' id='word_1_743' title='bbox 3363 3737 3458 3792; x_wconf 91' lang='lat' dir='ltr'><strong>Dei</strong></span> <span class='ocrx_word' id='word_1_744' title='bbox 3484 3741 3856 3797; x_wconf 88' lang='lat' dir='ltr'><strong>misericordia</strong></span> 
     </span>
    </p>
   </div>
   <div class='ocr_carea' id='block_1_98' title="bbox 2253 3814 3856 3902">
    <p class='ocr_par' dir='ltr' id='par_1_98' title="bbox 2253 3814 3856 3902">
     <span class='ocr_line' id='line_1_98' title="bbox 2253 3814 3856 3902; baseline 0.014 -35"><span class='ocrx_word' id='word_1_745' title='bbox 2253 3814 2483 3881; x_wconf 87' lang='lat' dir='ltr'><strong>occulta,</strong></span> <span class='ocrx_word' id='word_1_746' title='bbox 2512 3817 2606 3871; x_wconf 90' lang='lat' dir='ltr'><strong>sed</strong></span> <span class='ocrx_word' id='word_1_747' title='bbox 2635 3819 2776 3888; x_wconf 83' lang='lat' dir='ltr'><strong>iusta</strong></span> <span class='ocrx_word' id='word_1_748' title='bbox 2806 3823 2844 3875; x_wconf 88' lang='grc'><strong>¹.</strong></span> <span class='ocrx_word' id='word_1_749' title='bbox 2871 3822 2978 3878; x_wconf 90' lang='lat' dir='ltr'><strong>Sed</strong></span> <span class='ocrx_word' id='word_1_750' title='bbox 3015 3825 3069 3878; x_wconf 93' lang='lat' dir='ltr'><strong>in</strong></span> <span class='ocrx_word' id='word_1_751' title='bbox 3093 3827 3174 3880; x_wconf 93' lang='lat' dir='ltr'><strong>his</strong></span> <span class='ocrx_word' id='word_1_752' title='bbox 3195 3828 3441 3886; x_wconf 92' lang='lat' dir='ltr'><strong>omnibus</strong></span> <span class='ocrx_word' id='word_1_753' title='bbox 3486 3832 3578 3901; x_wconf 92' lang='lat' dir='ltr'><strong>qui</strong></span> <span class='ocrx_word' id='word_1_754' title='bbox 3615 3847 3677 3888; x_wconf 81' lang='lat' dir='ltr'><strong>se</strong></span> <span class='ocrx_word' id='word_1_755' title='bbox 3710 3833 3856 3902; x_wconf 88' lang='lat' dir='ltr'><strong>ipsos</strong></span> 
     </span>
    </p>
   </div>
   <div class='ocr_carea' id='block_1_99' title="bbox 2253 3914 3853 3996">
    <p class='ocr_par' dir='ltr' id='par_1_99' title="bbox 2253 3914 3853 3996">
     <span class='ocr_line' id='line_1_99' title="bbox 2253 3914 3853 3996; baseline 0.016 -40"><span class='ocrx_word' id='word_1_756' title='bbox 2253 3914 2626 3962; x_wconf 84' lang='lat' dir='ltr'><strong>castraverunt</strong></span> <span class='ocrx_word' id='word_1_757' title='bbox 2665 3921 2883 3980; x_wconf 90' lang='lat' dir='ltr'><strong>propter</strong></span> <span class='ocrx_word' id='word_1_758' title='bbox 2907 3930 3130 3985; x_wconf 78' lang='lat' dir='ltr'><strong>regnum</strong></span> <span class='ocrx_word' id='word_1_759' title='bbox 3161 3919 3440 3985; x_wconf 74' lang='lat' dir='ltr'><strong>cmlorum,</strong></span> <span class='ocrx_word' id='word_1_760' title='bbox 3489 3923 3577 3977; x_wconf 92' lang='lat' dir='ltr'><strong>alii</strong></span> <span class='ocrx_word' id='word_1_761' title='bbox 3602 3934 3728 3980; x_wconf 89' lang='lat' dir='ltr'><strong>sunt</strong></span> <span class='ocrx_word' id='word_1_762' title='bbox 3761 3929 3853 3996; x_wconf 91' lang='lat' dir='ltr'><strong>qni</strong></span> 
     </span>
    </p>
   </div>
   <div class='ocr_carea' id='block_1_100' title="bbox 2252 3996 3850 4088">
    <p class='ocr_par' dir='ltr' id='par_1_100' title="bbox 2252 3996 3850 4088">
     <span class='ocr_line' id='line_1_100' title="bbox 2252 3996 3850 4088; baseline 0.014 -39"><span class='ocrx_word' id='word_1_763' title='bbox 2252 3996 2304 4050; x_wconf 92' lang='lat' dir='ltr'><strong>in</strong></span> <span class='ocrx_word' id='word_1_764' title='bbox 2335 4007 2561 4070; x_wconf 88' lang='lat' dir='ltr'><strong>utroque</strong></span> <span class='ocrx_word' id='word_1_765' title='bbox 2591 4015 2722 4057; x_wconf 77' lang='lat' dir='ltr'><strong>sexu</strong></span> <span class='ocrx_word' id='word_1_766' title='bbox 2752 4007 3090 4063; x_wconf 88' lang='lat' dir='ltr'><strong>concubitum</strong></span> <span class='ocrx_word' id='word_1_767' title='bbox 3119 4013 3382 4080; x_wconf 90' lang='lat' dir='ltr'><strong>nesciunt,</strong></span> <span class='ocrx_word' id='word_1_768' title='bbox 3406 4015 3492 4070; x_wconf 91' lang='lat' dir='ltr'><strong>alii</strong></span> <span class='ocrx_word' id='word_1_769' title='bbox 3519 4019 3607 4086; x_wconf 93' lang='lat' dir='ltr'><strong>qui</strong></span> <span class='ocrx_word' id='word_1_770' title='bbox 3638 4021 3850 4088; x_wconf 82' lang='lat' dir='ltr'><strong>experti</strong></span> 
     </span>
    </p>
   </div>
   <div class='ocr_carea' id='block_1_101' title="bbox 2251 4096 3849 4177">
    <p class='ocr_par' dir='ltr' id='par_1_101' title="bbox 2251 4096 3849 4177">
     <span class='ocr_line' id='line_1_101' title="bbox 2251 4096 3849 4177; baseline 0.013 -31"><span class='ocrx_word' id='word_1_771' title='bbox 2251 4100 2306 4147; x_wconf 89' lang='lat' dir='ltr'><strong>et</strong></span> <span class='ocrx_word' id='word_1_772' title='bbox 2332 4096 2506 4149; x_wconf 88' lang='lat' dir='ltr'><strong>aversi</strong></span> <span class='ocrx_word' id='word_1_773' title='bbox 2531 4107 2674 4165; x_wconf 91' lang='lat' dir='ltr'><strong>sunt,</strong></span> <span class='ocrx_word' id='word_1_774' title='bbox 2707 4099 2896 4168; x_wconf 91' lang='lat' dir='ltr'><strong>partim</strong></span> <span class='ocrx_word' id='word_1_775' title='bbox 2919 4102 3134 4171; x_wconf 90' lang='lat' dir='ltr'><strong>quidem</strong></span> <span class='ocrx_word' id='word_1_776' title='bbox 3165 4105 3364 4173; x_wconf 90' lang='lat' dir='ltr'><strong>iilicite,</strong></span> <span class='ocrx_word' id='word_1_777' title='bbox 3394 4110 3587 4177; x_wconf 89' lang='lat' dir='ltr'><strong>partim</strong></span> <span class='ocrx_word' id='word_1_778' title='bbox 3609 4126 3740 4165; x_wconf 85' lang='lat' dir='ltr'><strong>vero</strong></span> <span class='ocrx_word' id='word_1_779' title='bbox 3782 4113 3849 4166; x_wconf 88' lang='lat' dir='ltr'><strong>li-</strong></span> 
     </span>
    </p>
   </div>
   <div class='ocr_carea' id='block_1_102' title="bbox 2251 4183 3852 4273">
    <p class='ocr_par' dir='ltr' id='par_1_102' title="bbox 2251 4183 3852 4273">
     <span class='ocr_line' id='line_1_102' title="bbox 2251 4183 3852 4273; baseline 0.014 -37"><span class='ocrx_word' id='word_1_780' title='bbox 2251 4183 2357 4238; x_wconf 90' lang='lat' dir='ltr'><strong>cite</strong></span> <span class='ocrx_word' id='word_1_781' title='bbox 2381 4189 2608 4256; x_wconf 86' lang='lat' dir='ltr'><strong>experti.</strong></span> <span class='ocrx_word' id='word_1_782' title='bbox 2633 4189 2801 4243; x_wconf 88' lang='lat' dir='ltr'><strong>Porro</strong></span> <span class='ocrx_word' id='word_1_783' title='bbox 2831 4192 2882 4244; x_wconf 92' lang='lat' dir='ltr'><strong>in</strong></span> <span class='ocrx_word' id='word_1_784' title='bbox 2916 4192 2998 4247; x_wconf 86' lang='lat' dir='ltr'><strong>liis</strong></span> <span class='ocrx_word' id='word_1_785' title='bbox 3023 4195 3111 4264; x_wconf 89' lang='lat' dir='ltr'><strong>qui</strong></span> <span class='ocrx_word' id='word_1_786' title='bbox 3140 4196 3281 4252; x_wconf 89' lang='lat' dir='ltr'><strong>licite</strong></span> <span class='ocrx_word' id='word_1_787' title='bbox 3307 4200 3512 4266; x_wconf 79' lang='lat' dir='ltr'><strong>experti</strong></span> <span class='ocrx_word' id='word_1_788' title='bbox 3547 4211 3692 4263; x_wconf 84' lang='lat' dir='ltr'><strong>sunt,</strong></span> <span class='ocrx_word' id='word_1_789' title='bbox 3727 4205 3852 4273; x_wconf 77' lang='lat' dir='ltr'><strong>qui-</strong></span> 
     </span>
    </p>
   </div>
   <div class='ocr_carea' id='block_1_103' title="bbox 2249 4273 3846 4355">
    <p class='ocr_par' dir='ltr' id='par_1_103' title="bbox 2249 4273 3846 4355">
     <span class='ocr_line' id='line_1_103' title="bbox 2249 4273 3846 4355; baseline 0.017 -27"><span class='ocrx_word' id='word_1_790' title='bbox 2249 4273 2371 4328; x_wconf 91' lang='lat' dir='ltr'><strong>dam</strong></span> <span class='ocrx_word' id='word_1_791' title='bbox 2397 4285 2522 4330; x_wconf 88' lang='lat' dir='ltr'><strong>sunt</strong></span> <span class='ocrx_word' id='word_1_792' title='bbox 2539 4279 2628 4348; x_wconf 91' lang='lat' dir='ltr'><strong>qui</strong></span> <span class='ocrx_word' id='word_1_793' title='bbox 2655 4294 2759 4333; x_wconf 93' lang='lat' dir='ltr'><strong>non</strong></span> <span class='ocrx_word' id='word_1_794' title='bbox 2787 4281 2886 4336; x_wconf 89' lang='lat' dir='ltr'><strong>nisi</strong></span> <span class='ocrx_word' id='word_1_795' title='bbox 2913 4284 3075 4350; x_wconf 92' lang='lat' dir='ltr'><strong>licite,</strong></span> <span class='ocrx_word' id='word_1_796' title='bbox 3094 4287 3307 4355; x_wconf 87' lang='lat' dir='ltr'><strong>quidam</strong></span> <span class='ocrx_word' id='word_1_797' title='bbox 3326 4297 3379 4344; x_wconf 92' lang='lat' dir='ltr'><strong>et</strong></span> <span class='ocrx_word' id='word_1_798' title='bbox 3403 4290 3578 4348; x_wconf 88' lang='lat' dir='ltr'><strong>illicitc</strong></span> <span class='ocrx_word' id='word_1_799' title='bbox 3599 4302 3652 4346; x_wconf 90' lang='lat' dir='ltr'><strong>et</strong></span> <span class='ocrx_word' id='word_1_800' title='bbox 3679 4294 3846 4355; x_wconf 87' lang='lat' dir='ltr'><strong>licite.</strong></span> 
     </span>
    </p>
   </div>
   <div class='ocr_carea' id='block_1_104' title="bbox 2247 4363 3847 4451">
    <p class='ocr_par' dir='ltr' id='par_1_104' title="bbox 2247 4363 3847 4451">
     <span class='ocr_line' id='line_1_104' title="bbox 2247 4363 3847 4451; baseline 0.014 -32"><span class='ocrx_word' id='word_1_801' title='bbox 2247 4363 2382 4421; x_wconf 88' lang='lat' dir='ltr'><strong>Sunt</strong></span> <span class='ocrx_word' id='word_1_802' title='bbox 2420 4367 2617 4439; x_wconf 70' lang='lat' dir='ltr'><strong>Quippe</strong></span> <span class='ocrx_word' id='word_1_803' title='bbox 2643 4369 2694 4424; x_wconf 92' lang='lat' dir='ltr'><strong>in</strong></span> <span class='ocrx_word' id='word_1_804' title='bbox 2723 4371 2800 4426; x_wconf 89' lang='lat' dir='ltr'><strong>eis</strong></span> <span class='ocrx_word' id='word_1_805' title='bbox 2830 4374 2920 4442; x_wconf 90' lang='lat' dir='ltr'><strong>qui</strong></span> <span class='ocrx_word' id='word_1_806' title='bbox 2976 4376 3218 4448; x_wconf 86' lang='lat' dir='ltr'><strong>conjugia</strong></span> <span class='ocrx_word' id='word_1_807' title='bbox 3256 4393 3349 4434; x_wconf 91' lang='lat' dir='ltr'><strong>sua</strong></span> <span class='ocrx_word' id='word_1_808' title='bbox 3398 4391 3600 4437; x_wconf 90' lang='lat' dir='ltr'><strong>tantum</strong></span> <span class='ocrx_word' id='word_1_809' title='bbox 3629 4384 3847 4451; x_wconf 85' lang='lat' dir='ltr'><strong>sciunt;</strong></span> 
     </span>
    </p>
   </div>
   <div class='ocr_carea' id='block_1_105' title="bbox 2247 4461 3844 4544">
    <p class='ocr_par' dir='ltr' id='par_1_105' title="bbox 2247 4461 3844 4544">
     <span class='ocr_line' id='line_1_105' title="bbox 2247 4461 3844 4544; baseline 0.014 -35"><span class='ocrx_word' id='word_1_810' title='bbox 2247 4465 2372 4511; x_wconf 89' lang='lat' dir='ltr'><strong>sunt</strong></span> <span class='ocrx_word' id='word_1_811' title='bbox 2395 4469 2575 4514; x_wconf 91' lang='lat' dir='ltr'><strong>autem</strong></span> <span class='ocrx_word' id='word_1_812' title='bbox 2608 4461 2698 4531; x_wconf 90' lang='lat' dir='ltr'><strong>qui</strong></span> <span class='ocrx_word' id='word_1_813' title='bbox 2743 4473 2799 4518; x_wconf 94' lang='lat' dir='ltr'><strong>et</strong></span> <span class='ocrx_word' id='word_1_814' title='bbox 2843 4464 2975 4520; x_wconf 88' lang='lat' dir='ltr'><strong>alias</strong></span> <span class='ocrx_word' id='word_1_815' title='bbox 3004 4465 3229 4525; x_wconf 85' lang='lat' dir='ltr'><strong>feminas</strong></span> <span class='ocrx_word' id='word_1_816' title='bbox 3271 4485 3334 4525; x_wconf 92' lang='lat' dir='ltr'><strong>ac</strong></span> <span class='ocrx_word' id='word_1_817' title='bbox 3359 4482 3541 4543; x_wconf 89' lang='lat' dir='ltr'><strong>stupra</strong></span> <span class='ocrx_word' id='word_1_818' title='bbox 3569 4477 3844 4544; x_wconf 66' lang='lat' dir='ltr'><strong>quailibet.</strong></span> 
     </span>
    </p>
   </div>
   <div class='ocr_carea' id='block_1_106' title="bbox 2246 4548 3847 4632">
    <p class='ocr_par' dir='ltr' id='par_1_106' title="bbox 2246 4548 3847 4632">
     <span class='ocr_line' id='line_1_106' title="bbox 2246 4548 3847 4632; baseline 0.014 -31"><span class='ocrx_word' id='word_1_819' title='bbox 2246 4548 2352 4603; x_wconf 87' lang='lat' dir='ltr'><strong>Sed</strong></span> <span class='ocrx_word' id='word_1_820' title='bbox 2375 4551 2463 4619; x_wconf 91' lang='lat' dir='ltr'><strong>qui</strong></span> <span class='ocrx_word' id='word_1_821' title='bbox 2493 4561 2612 4620; x_wconf 90' lang='lat' dir='ltr'><strong>post</strong></span> <span class='ocrx_word' id='word_1_822' title='bbox 2637 4555 2980 4610; x_wconf 89' lang='lat' dir='ltr'><strong>concubitum</strong></span> <span class='ocrx_word' id='word_1_823' title='bbox 3007 4558 3291 4630; x_wconf 84' lang='lat' dir='ltr'><strong>conjugum</strong></span> <span class='ocrx_word' id='word_1_824' title='bbox 3336 4576 3394 4616; x_wconf 88' lang='lat' dir='ltr'><strong>se</strong></span> <span class='ocrx_word' id='word_1_825' title='bbox 3424 4564 3568 4632; x_wconf 87' lang='lat' dir='ltr'><strong>ipsos</strong></span> <span class='ocrx_word' id='word_1_826' title='bbox 3601 4577 3847 4624; x_wconf 86' lang='lat' dir='ltr'><strong>castraut</strong></span> 
     </span>
    </p>
   </div>
   <div class='ocr_carea' id='block_1_107' title="bbox 2245 4647 3845 4732">
    <p class='ocr_par' dir='ltr' id='par_1_107' title="bbox 2245 4647 3845 4732">
     <span class='ocr_line' id='line_1_107' title="bbox 2245 4647 3845 4732; baseline 0.015 -39"><span class='ocrx_word' id='word_1_827' title='bbox 2245 4651 2463 4711; x_wconf 88' lang='lat' dir='ltr'><strong>propter</strong></span> <span class='ocrx_word' id='word_1_828' title='bbox 2484 4659 2707 4714; x_wconf 87' lang='lat' dir='ltr'><strong>regnum</strong></span> <span class='ocrx_word' id='word_1_829' title='bbox 2732 4647 3013 4716; x_wconf 66' lang='lat' dir='ltr'><strong>caelorum,</strong></span> <span class='ocrx_word' id='word_1_830' title='bbox 3042 4660 3134 4706; x_wconf 91' lang='lat' dir='ltr'><strong>aut</strong></span> <span class='ocrx_word' id='word_1_831' title='bbox 3159 4664 3332 4710; x_wconf 90' lang='lat' dir='ltr'><strong>morte</strong></span> <span class='ocrx_word' id='word_1_832' title='bbox 3359 4658 3611 4713; x_wconf 90' lang='lat' dir='ltr'><strong>amittunt</strong></span> <span class='ocrx_word' id='word_1_833' title='bbox 3647 4663 3845 4732; x_wconf 80' lang='lat' dir='ltr'><strong>conju-</strong></span> 
     </span>
    </p>
   </div>
   <div class='ocr_carea' id='block_1_108' title="bbox 2242 4743 3845 4820">
    <p class='ocr_par' dir='ltr' id='par_1_108' title="bbox 2242 4743 3845 4820">
     <span class='ocr_line' id='line_1_108' title="bbox 2242 4743 3845 4820; baseline 0.012 -33"><span class='ocrx_word' id='word_1_834' title='bbox 2242 4749 2357 4804; x_wconf 87' lang='lat' dir='ltr'><strong>ges,</strong></span> <span class='ocrx_word' id='word_1_835' title='bbox 2386 4745 2477 4789; x_wconf 89' lang='lat' dir='ltr'><strong>aut</strong></span> <span class='ocrx_word' id='word_1_836' title='bbox 2505 4751 2570 4789; x_wconf 80' lang='lat' dir='ltr'><strong>ex</strong></span> <span class='ocrx_word' id='word_1_837' title='bbox 2599 4752 2862 4794; x_wconf 88' lang='lat' dir='ltr'><strong>consensu</strong></span> <span class='ocrx_word' id='word_1_838' title='bbox 2890 4756 3011 4796; x_wconf 91' lang='lat' dir='ltr'><strong>cum</strong></span> <span class='ocrx_word' id='word_1_839' title='bbox 3046 4743 3123 4798; x_wconf 91' lang='lat' dir='ltr'><strong>eis</strong></span> <span class='ocrx_word' id='word_1_840' title='bbox 3171 4747 3550 4803; x_wconf 90' lang='lat' dir='ltr'><strong>continentiam</strong></span> <span class='ocrx_word' id='word_1_841' title='bbox 3579 4751 3845 4820; x_wconf 86' lang='lat' dir='ltr'><strong>profiten—</strong></span> 
     </span>
    </p>
   </div>
   <div class='ocr_carea' id='block_1_109' title="bbox 2244 4831 3845 4916">
    <p class='ocr_par' dir='ltr' id='par_1_109' title="bbox 2244 4831 3845 4916">
     <span class='ocr_line' id='line_1_109' title="bbox 2244 4831 3845 4916; baseline 0.012 -37"><span class='ocrx_word' id='word_1_842' title='bbox 2244 4835 2363 4889; x_wconf 85' lang='lat' dir='ltr'><strong>tur;</strong></span> <span class='ocrx_word' id='word_1_843' title='bbox 2406 4836 2499 4880; x_wconf 90' lang='lat' dir='ltr'><strong>aut</strong></span> <span class='ocrx_word' id='word_1_844' title='bbox 2537 4842 2600 4882; x_wconf 80' lang='lat' dir='ltr'><strong>cx</strong></span> <span class='ocrx_word' id='word_1_845' title='bbox 2636 4831 2954 4888; x_wconf 89' lang='lat' dir='ltr'><strong>necessitate</strong></span> <span class='ocrx_word' id='word_1_846' title='bbox 2981 4834 3352 4905; x_wconf 86' lang='lat' dir='ltr'><strong>divortiorum,</strong></span> <span class='ocrx_word' id='word_1_847' title='bbox 3383 4856 3450 4895; x_wconf 90' lang='lat' dir='ltr'><strong>ne</strong></span> <span class='ocrx_word' id='word_1_848' title='bbox 3491 4843 3627 4897; x_wconf 82' lang='lat' dir='ltr'><strong>viris</strong></span> <span class='ocrx_word' id='word_1_849' title='bbox 3654 4846 3845 4916; x_wconf 84' lang='lat' dir='ltr'><strong>conju-</strong></span> 
     </span>
    </p>
   </div>
   <div class='ocr_carea' id='block_1_110' title="bbox 2240 4915 3845 5000">
    <p class='ocr_par' dir='ltr' id='par_1_110' title="bbox 2240 4915 3845 5000">
     <span class='ocr_line' id='line_1_110' title="bbox 2240 4915 3845 5000; baseline 0.016 -33"><span class='ocrx_word' id='word_1_850' title='bbox 2240 4917 2394 4986; x_wconf 83' lang='lat' dir='ltr'><strong>gibus</strong></span> <span class='ocrx_word' id='word_1_851' title='bbox 2421 4932 2478 4972; x_wconf 91' lang='lat' dir='ltr'><strong>se</strong></span> <span class='ocrx_word' id='word_1_852' title='bbox 2506 4915 2625 4973; x_wconf 86' lang='lat' dir='ltr'><strong>aliis</strong></span> <span class='ocrx_word' id='word_1_853' title='bbox 2649 4921 2947 4989; x_wconf 91' lang='lat' dir='ltr'><strong>copulando</strong></span> <span class='ocrx_word' id='word_1_854' title='bbox 2967 4925 3226 4983; x_wconf 89' lang='lat' dir='ltr'><strong>adulteria</strong></span> <span class='ocrx_word' id='word_1_855' title='bbox 3251 4941 3578 5000; x_wconf 80' lang='lat' dir='ltr'><strong>perpetrcnt,</strong></span> <span class='ocrx_word' id='word_1_856' title='bbox 3601 4915 3845 4992; x_wconf 78' lang='lat' dir='ltr'><strong>casti-ant</strong></span> 
     </span>
    </p>
   </div>
   <div class='ocr_carea' id='block_1_111' title="bbox 2241 5008 3842 5092">
    <p class='ocr_par' dir='ltr' id='par_1_111' title="bbox 2241 5008 3842 5092">
     <span class='ocr_line' id='line_1_111' title="bbox 2241 5008 3842 5092; baseline 0.014 -33"><span class='ocrx_word' id='word_1_857' title='bbox 2241 5023 2300 5061; x_wconf 87' lang='lat' dir='ltr'><strong>se</strong></span> <span class='ocrx_word' id='word_1_858' title='bbox 2329 5008 2471 5077; x_wconf 85' lang='lat' dir='ltr'><strong>ipsos</strong></span> <span class='ocrx_word' id='word_1_859' title='bbox 2517 5018 2736 5081; x_wconf 80' lang='lat' dir='ltr'><strong>propter</strong></span> <span class='ocrx_word' id='word_1_860' title='bbox 2764 5028 2984 5082; x_wconf 88' lang='lat' dir='ltr'><strong>regnum</strong></span> <span class='ocrx_word' id='word_1_861' title='bbox 3029 5018 3308 5087; x_wconf 76' lang='lat' dir='ltr'><strong>cmlorum,</strong></span> <span class='ocrx_word' id='word_1_862' title='bbox 3343 5038 3449 5077; x_wconf 90' lang='lat' dir='ltr'><strong>non</strong></span> <span class='ocrx_word' id='word_1_863' title='bbox 3495 5033 3551 5092; x_wconf 80' lang='lat' dir='ltr'><strong>ut</strong></span> <span class='ocrx_word' id='word_1_864' title='bbox 3580 5026 3842 5084; x_wconf 82' lang='lat' dir='ltr'><strong>clariores</strong></span> 
     </span>
    </p>
   </div>
   <div class='ocr_carea' id='block_1_112' title="bbox 2240 5099 3841 5189">
    <p class='ocr_par' dir='ltr' id='par_1_112' title="bbox 2240 5099 3841 5189">
     <span class='ocr_line' id='line_1_112' title="bbox 2240 5099 3841 5189; baseline 0.014 -38"><span class='ocrx_word' id='word_1_865' title='bbox 2240 5099 2308 5152; x_wconf 92' lang='lat' dir='ltr'><strong>ibi</strong></span> <span class='ocrx_word' id='word_1_866' title='bbox 2350 5114 2471 5153; x_wconf 86' lang='lat' dir='ltr'><strong>csse</strong></span> <span class='ocrx_word' id='word_1_867' title='bbox 2512 5102 2754 5168; x_wconf 87' lang='lat' dir='ltr'><strong>possint,</strong></span> <span class='ocrx_word' id='word_1_868' title='bbox 2791 5104 2886 5159; x_wconf 90' lang='lat' dir='ltr'><strong>sed</strong></span> <span class='ocrx_word' id='word_1_869' title='bbox 2939 5108 3081 5178; x_wconf 90' lang='lat' dir='ltr'><strong>quod</strong></span> <span class='ocrx_word' id='word_1_870' title='bbox 3133 5111 3292 5166; x_wconf 91' lang='lat' dir='ltr'><strong>aliter</strong></span> <span class='ocrx_word' id='word_1_871' title='bbox 3321 5113 3392 5167; x_wconf 86' lang='lat' dir='ltr'><strong>ibi</strong></span> <span class='ocrx_word' id='word_1_872' title='bbox 3422 5129 3542 5170; x_wconf 87' lang='lat' dir='ltr'><strong>esse</strong></span> <span class='ocrx_word' id='word_1_873' title='bbox 3572 5133 3681 5172; x_wconf 89' lang='lat' dir='ltr'><strong>non</strong></span> <span class='ocrx_word' id='word_1_874' title='bbox 3709 5136 3841 5189; x_wconf 82' lang='lat' dir='ltr'><strong>pos-</strong></span> 
     </span>
    </p>
   </div>
   <div class='ocr_carea' id='block_1_113' title="bbox 2236 5190 3838 5275">
    <p class='ocr_par' dir='ltr' id='par_1_113' title="bbox 2236 5190 3838 5275">
     <span class='ocr_line' id='line_1_113' title="bbox 2236 5190 3838 5275; baseline 0.017 -34"><span class='ocrx_word' id='word_1_875' title='bbox 2236 5190 2341 5243; x_wconf 89' lang='lat' dir='ltr'><strong>sint</strong></span> <span class='ocrx_word' id='word_1_876' title='bbox 2367 5206 2381 5243; x_wconf 91' lang='lat'><strong>:</strong></span> <span class='ocrx_word' id='word_1_877' title='bbox 2411 5206 2533 5244; x_wconf 88' lang='lat' dir='ltr'><strong>nam</strong></span> <span class='ocrx_word' id='word_1_878' title='bbox 2555 5193 2643 5262; x_wconf 92' lang='lat' dir='ltr'><strong>qui</strong></span> <span class='ocrx_word' id='word_1_879' title='bbox 2676 5211 2781 5250; x_wconf 85' lang='lat' dir='ltr'><strong>non</strong></span> <span class='ocrx_word' id='word_1_880' title='bbox 2822 5197 2923 5252; x_wconf 91' lang='lat' dir='ltr'><strong>ista</strong></span> <span class='ocrx_word' id='word_1_881' title='bbox 2949 5203 3266 5259; x_wconf 89' lang='lat' dir='ltr'><strong>necessitate</strong></span> <span class='ocrx_word' id='word_1_882' title='bbox 3295 5219 3354 5260; x_wconf 89' lang='lat' dir='ltr'><strong>se</strong></span> <span class='ocrx_word' id='word_1_883' title='bbox 3382 5209 3698 5275; x_wconf 85' lang='lat' dir='ltr'><strong>continent,</strong></span> <span class='ocrx_word' id='word_1_884' title='bbox 3743 5213 3838 5268; x_wconf 89' lang='lat' dir='ltr'><strong>sed</strong></span> 
     </span>
    </p>
   </div>
   <div class='ocr_carea' id='block_1_114' title="bbox 2235 5281 3839 5364">
    <p class='ocr_par' dir='ltr' id='par_1_114' title="bbox 2235 5281 3839 5364">
     <span class='ocr_line' id='line_1_114' title="bbox 2235 5281 3839 5364; baseline 0.014 -28"><span class='ocrx_word' id='word_1_885' title='bbox 2235 5281 2362 5336; x_wconf 87' lang='lat' dir='ltr'><strong>boni</strong></span> <span class='ocrx_word' id='word_1_886' title='bbox 2414 5285 2739 5353; x_wconf 88' lang='lat' dir='ltr'><strong>appetitione</strong></span> <span class='ocrx_word' id='word_1_887' title='bbox 2789 5289 3049 5357; x_wconf 87' lang='lat' dir='ltr'><strong>melioris,</strong></span> <span class='ocrx_word' id='word_1_888' title='bbox 3106 5305 3326 5364; x_wconf 86' lang='lat' dir='ltr'><strong>possent</strong></span> <span class='ocrx_word' id='word_1_889' title='bbox 3367 5297 3437 5352; x_wconf 92' lang='lat' dir='ltr'><strong>ibi</strong></span> <span class='ocrx_word' id='word_1_890' title='bbox 3499 5314 3622 5354; x_wconf 89' lang='lat' dir='ltr'><strong>esse</strong></span> <span class='ocrx_word' id='word_1_891' title='bbox 3673 5305 3839 5358; x_wconf 87' lang='lat' dir='ltr'><strong>etiam</strong></span> 
     </span>
    </p>
   </div>
   <div class='ocr_carea' id='block_1_115' title="bbox 2234 5378 3841 5462">
    <p class='ocr_par' dir='ltr' id='par_1_115' title="bbox 2234 5378 3841 5462">
     <span class='ocr_line' id='line_1_115' title="bbox 2234 5378 3841 5462; baseline 0.014 -34"><span class='ocrx_word' id='word_1_892' title='bbox 2234 5387 2442 5431; x_wconf 86' lang='lat' dir='ltr'><strong>servata</strong></span> <span class='ocrx_word' id='word_1_893' title='bbox 2490 5378 2739 5448; x_wconf 87' lang='lat' dir='ltr'><strong>pudicitia</strong></span> <span class='ocrx_word' id='word_1_894' title='bbox 2811 5383 3112 5454; x_wconf 87' lang='lat' dir='ltr'><strong>conjugali,</strong></span> <span class='ocrx_word' id='word_1_895' title='bbox 3179 5390 3422 5458; x_wconf 79' lang='lat' dir='ltr'><strong>quamvis</strong></span> <span class='ocrx_word' id='word_1_896' title='bbox 3473 5391 3522 5444; x_wconf 90' lang='lat' dir='ltr'><strong>iu</strong></span> <span class='ocrx_word' id='word_1_897' title='bbox 3594 5398 3841 5462; x_wconf 71' lang='lat' dir='ltr'><strong>praemiis</strong></span> 
     </span>
    </p>
   </div>
   <div class='ocr_carea' id='block_1_116' title="bbox 2232 5471 3841 5552">
    <p class='ocr_par' dir='ltr' id='par_1_116' title="bbox 2232 5471 3841 5552">
     <span class='ocr_line' id='line_1_116' title="bbox 2232 5471 3841 5552; baseline 0.012 -30"><span class='ocrx_word' id='word_1_898' title='bbox 2232 5471 2568 5536; x_wconf 85' lang='lat' dir='ltr'><strong>minoribus,</strong></span> <span class='ocrx_word' id='word_1_899' title='bbox 2613 5480 2806 5536; x_wconf 85' lang='lat' dir='ltr'><strong>tamen</strong></span> <span class='ocrx_word' id='word_1_900' title='bbox 2871 5476 3031 5530; x_wconf 84' lang='lat' dir='ltr'><strong>intus.</strong></span> <span class='ocrx_word' id='word_1_901' title='bbox 3100 5478 3197 5544; x_wconf 90' lang='lat' dir='ltr'><strong>Qui</strong></span> <span class='ocrx_word' id='word_1_902' title='bbox 3249 5495 3377 5536; x_wconf 61' lang='lat' dir='ltr'><strong>vero</strong></span> <span class='ocrx_word' id='word_1_903' title='bbox 3435 5495 3716 5552; x_wconf 76' lang='lat' dir='ltr'><strong>propterea</strong></span> <span class='ocrx_word' id='word_1_904' title='bbox 3778 5503 3841 5542; x_wconf 89' lang='lat' dir='ltr'><strong>se</strong></span> 
     </span>
    </p>
   </div>
   <div class='ocr_carea' id='block_1_117' title="bbox 2235 5563 3840 5641">
    <p class='ocr_par' dir='ltr' id='par_1_117' title="bbox 2235 5563 3840 5641">
     <span class='ocr_line' id='line_1_117' title="bbox 2235 5563 3840 5641; baseline 0.012 -27"><span class='ocrx_word' id='word_1_905' title='bbox 2235 5563 2557 5627; x_wconf 87' lang='lat' dir='ltr'><strong>continent,</strong></span> <span class='ocrx_word' id='word_1_906' title='bbox 2605 5565 2726 5633; x_wconf 89' lang='lat' dir='ltr'><strong>quia</strong></span> <span class='ocrx_word' id='word_1_907' title='bbox 2774 5567 3039 5635; x_wconf 88' lang='lat' dir='ltr'><strong>prioribus</strong></span> <span class='ocrx_word' id='word_1_908' title='bbox 3092 5571 3406 5641; x_wconf 82' lang='lat' dir='ltr'><strong>conjugibus</strong></span> <span class='ocrx_word' id='word_1_909' title='bbox 3446 5575 3583 5630; x_wconf 73' lang='lat' dir='ltr'><strong>rivis</strong></span> <span class='ocrx_word' id='word_1_910' title='bbox 3639 5580 3840 5634; x_wconf 85' lang='lat' dir='ltr'><strong>timent</strong></span> 
     </span>
    </p>
   </div>
   <div class='ocr_carea' id='block_1_118' title="bbox 2231 5652 3838 5740">
    <p class='ocr_par' dir='ltr' id='par_1_118' title="bbox 2231 5652 3838 5740">
     <span class='ocr_line' id='line_1_118' title="bbox 2231 5652 3838 5740; baseline 0.01 -36"><span class='ocrx_word' id='word_1_911' title='bbox 2231 5652 2352 5707; x_wconf 79' lang='lat' dir='ltr'><strong>aliis</strong></span> <span class='ocrx_word' id='word_1_912' title='bbox 2379 5655 2676 5724; x_wconf 74' lang='lat' dir='ltr'><strong>conjugari,</strong></span> <span class='ocrx_word' id='word_1_913' title='bbox 2726 5657 2981 5726; x_wconf 90' lang='lat' dir='ltr'><strong>majorem</strong></span> <span class='ocrx_word' id='word_1_914' title='bbox 3030 5673 3212 5714; x_wconf 88' lang='lat' dir='ltr'><strong>curam</strong></span> <span class='ocrx_word' id='word_1_915' title='bbox 3263 5663 3461 5718; x_wconf 85' lang='lat' dir='ltr'><strong>debent</strong></span> <span class='ocrx_word' id='word_1_916' title='bbox 3501 5683 3693 5736; x_wconf 82' lang='lat' dir='ltr'><strong>gerere</strong></span> <span class='ocrx_word' id='word_1_917' title='bbox 3736 5689 3838 5740; x_wconf 67' lang='lat' dir='ltr'><strong>pro</strong></span> 
     </span>
    </p>
   </div>
   <div class='ocr_carea' id='block_1_119' title="bbox 2229 5743 3835 5831">
    <p class='ocr_par' dir='ltr' id='par_1_119' title="bbox 2229 5743 3835 5831">
     <span class='ocr_line' id='line_1_119' title="bbox 2229 5743 3835 5831; baseline 0.012 -35"><span class='ocrx_word' id='word_1_918' title='bbox 2229 5743 2421 5807; x_wconf 87' lang='lat' dir='ltr'><strong>salute,</strong></span> <span class='ocrx_word' id='word_1_919' title='bbox 2452 5759 2611 5812; x_wconf 89' lang='lat' dir='ltr'><strong>quam</strong></span> <span class='ocrx_word' id='word_1_920' title='bbox 2637 5756 2917 5814; x_wconf 87' lang='lat' dir='ltr'><strong>gesserunt</strong></span> <span class='ocrx_word' id='word_1_921' title='bbox 2960 5749 3036 5803; x_wconf 91' lang='lat' dir='ltr'><strong>illi</strong></span> <span class='ocrx_word' id='word_1_922' title='bbox 3067 5766 3096 5804; x_wconf 88' lang='lat' dir='ltr'><strong>a</strong></span> <span class='ocrx_word' id='word_1_923' title='bbox 3130 5752 3324 5821; x_wconf 90' lang='lat' dir='ltr'><strong>quibus</strong></span> <span class='ocrx_word' id='word_1_924' title='bbox 3353 5757 3684 5814; x_wconf 85' lang='lat' dir='ltr'><strong>continentia</strong></span> <span class='ocrx_word' id='word_1_925' title='bbox 3732 5778 3835 5831; x_wconf 89' lang='lat' dir='ltr'><strong>pro</strong></span> 
     </span>
    </p>
   </div>
   <div class='ocr_carea' id='block_1_120' title="bbox 2302 5878 3638 5953">
    <p class='ocr_par' dir='ltr' id='par_1_120' title="bbox 2302 5878 3638 5953">
     <span class='ocr_line' id='line_1_120' title="bbox 2302 5878 3638 5953; baseline 0.016 -30"><span class='ocrx_word' id='word_1_926' title='bbox 2302 5878 2315 5907; x_wconf 76' lang='grc' dir='ltr'><strong><em>ι</em></strong></span> <span class='ocrx_word' id='word_1_927' title='bbox 2352 5884 2461 5924; x_wconf 72' lang='lat' dir='ltr'><strong>Low.</strong></span> <span class='ocrx_word' id='word_1_928' title='bbox 2482 5880 2567 5928; x_wconf 73' lang='lat' dir='ltr'><strong>sed</strong></span> <span class='ocrx_word' id='word_1_929' title='bbox 2583 5892 2674 5929; x_wconf 87' lang='lat' dir='ltr'><strong>non</strong></span> <span class='ocrx_word' id='word_1_930' title='bbox 2695 5881 2890 5938; x_wconf 68' lang='lat' dir='ltr'><strong>iniusta.</strong></span> <span class='ocrx_word' id='word_1_931' title='bbox 2920 5884 3033 5936; x_wconf 62' lang='lat' dir='ltr'><strong>[diti</strong></span> <span class='ocrx_word' id='word_1_932' title='bbox 3055 5887 3132 5936; x_wconf 91' lang='lat' dir='ltr'><strong>alii</strong></span> <span class='ocrx_word' id='word_1_933' title='bbox 3161 5898 3210 5940; x_wconf 93' lang='lat' dir='ltr'><strong>et</strong></span> <span class='ocrx_word' id='word_1_934' title='bbox 3235 5887 3362 5952; x_wconf 65' lang='lat' dir='ltr'><strong>Mss,</strong></span> <span class='ocrx_word' id='word_1_935' title='bbox 3382 5895 3467 5945; x_wconf 69' lang='grc' dir='ltr'><strong>δί’ιέ</strong></span> <span class='ocrx_word' id='word_1_936' title='bbox 3487 5895 3638 5953; x_wconf 63' lang='lat' dir='ltr'><strong>iusta.</strong></span> 
     </span>
    </p>
   </div>
  </div>
