4048 6496
196 392 305 450 685

192 523 422 565 munere
439 505 645 567 delecta
673 518 758 565 est
780 508 797 541 ¹
828 508 1108 581 ampliore.
1130 507 1280 567 Tunc
1306 512 1501 584 quippe
1523 514 1595 569 ibi
1615 524 1792 582 erunt,

190 600 238 655 si
255 599 484 655 adulteri
510 616 617 656 non
634 610 810 656 erunt.
839 600 895 658 Si
917 611 1095 658 autem
1116 619 1224 658 non
1242 604 1540 673 continent,
1569 607 1794 663 adulteri

189 702 385 759 erunt;
417 693 539 764 quia
567 694 871 749 viventibus
898 696 1215 767 conjugibus
1244 697 1502 767 pristinis,
1529 714 1634 753 non
1661 714 1793 754 con-

184 784 403 856 jugibus
442 785 656 850 alteris,
699 791 796 840 sed
844 785 1105 842 adulteris
1142 787 1510 843 adbmrebunt.
1558 789 1627 843 Et
1669 791 1712 844 si
1762 805 1792 845 a

192 891 363 947 regno
388 877 651 933 caelorum
684 877 930 946 aberunt,
964 879 1052 935 ubi
1076 888 1253 949 erunt,
1278 881 1381 936 nisi
1407 881 1495 937 ubi
1521 883 1653 938 salvi
1684 898 1793 938 non

187 968 388 1024 erunt?

259 1059 489 1116 CAPUT
513 1058 819 1117 XIX—20.
840 1060 1091 1134 Conjuges
1106 1062 1321 1117 divortio
1338 1072 1598 1133 separatos
1614 1080 1645 1117 a
1665 1081 1791 1118 con-

179 1153 393 1225 iugibus
420 1153 654 1206 hortatur
667 1146 736 1206 ad
750 1154 1130 1208 continentiam.
1155 1154 1266 1209 Hos
1282 1155 1443 1226 igitur
1456 1156 1716 1225 alloquor,
1736 1164 1793 1210 ut

185 1244 330 1315 quod
376 1244 554 1300 facere
596 1245 872 1314 deberent,
903 1247 949 1302 si
981 1246 1240 1303 haberent
1266 1248 1518 1319 conjuges
1539 1248 1790 1303 diuturno

195 1338 459 1407 languore
483 1347 897 1406 marcescentes,
931 1339 1018 1395 vel
1044 1339 1163 1395 loco
1188 1340 1289 1394 sibi
1311 1339 1662 1395 inaccessibili
1691 1339 1788 1393 ab-

182 1438 384 1494 sentes,
399 1428 486 1483 vel
504 1429 841 1485 animositate
864 1429 1043 1484 illicita
1062 1430 1399 1486 continentes
1418 1448 1432 1497 ;
1453 1430 1556 1486 hoc
1571 1430 1785 1499 faciant,

182 1519 225 1573 si
256 1518 541 1575 habuerint
566 1520 820 1591 conjuges
839 1520 1135 1576 adulterina
1172 1522 1539 1593 inquinatione
1567 1521 1789 1576 sorden-

182 1619 284 1677 tes,
308 1619 364 1665 et
380 1620 599 1681 propter
620 1610 723 1666 hoc
745 1627 776 1666 a
802 1626 901 1667 suo
920 1613 1192 1668 consortio
1206 1612 1553 1669 divortiautes
1579 1615 1599 1645 ³
1636 1631 1649 1668 :
1680 1628 1785 1669 non

181 1702 283 1757 alia
321 1711 568 1772 quaarant
610 1702 874 1773 conjugis,
895 1703 1017 1774 quia
1061 1718 1167 1759 non
1209 1714 1366 1760 erunt
1392 1705 1655 1776 conjugia,
1689 1704 1784 1760 sed

179 1793 464 1849 adulteria.
480 1794 612 1849 Cum
637 1795 781 1850 enim
808 1810 902 1865 par
920 1793 1096 1850 forma
1122 1796 1258 1851 sitin
1274 1795 1376 1851 hoc
1396 1797 1606 1852 vinculo
1617 1797 1715 1851 viri
1731 1805 1785 1852 et

179 1887 388 1951 uxoris,
404 1887 543 1941 sicut
559 1900 691 1941 uxor
705 1887 896 1941 vivente
910 1887 1015 1941 viro
1032 1887 1290 1941 vocabitur
1304 1887 1554 1954 adultera,
1573 1888 1618 1942 si
1632 1889 1784 1959 fuerit

180 1996 292 2032 cum
313 1978 418 2032 alio
440 1980 545 2032 viro
571 1978 744 2051 (Rom.
762 1993 854 2044 vn,
881 1977 934 2051 5)
959 1994 973 2044 ;
993 1979 1063 2033 ita
1085 1987 1139 2033 et
1156 1978 1237 2032 vir
1257 1979 1465 2034 vivente
1491 1994 1658 2034 uxore
1685 1994 1783 2034 vo-

178 2071 389 2126 eabitur
408 2070 640 2138 adulter,
688 2070 733 2126 si
764 2069 923 2125 fuerit
947 2085 1069 2125 cum
1098 2070 1200 2125 alia
1222 2072 1466 2126 muliere.
1494 2071 1611 2126 Etsi
1638 2072 1779 2128 enim

178 2165 393 2233 gravius
421 2164 511 2234 qui
541 2172 740 2235 ιιι-εωθι-
761 2178 975 2218 causam
1000 2163 1386 2227 fornicationis,
1412 2167 1575 2220 omnis
1600 2174 1779 2222 tamen

176 2256 262 2326 qui
282 2256 532 2310 dimiserit
557 2272 766 2310 uxorem
796 2271 959 2323 suam,
984 2264 1029 2309 ct
1050 2256 1205 2309 aliam
1226 2255 1451 2321 duxerit,
1476 2258 1775 2312 mare/tatur.

175 2350 291 2404 Non
343 2364 441 2404 eos
490 2356 687 2404 terreat
726 2350 933 2403 sarcina
982 2349 1363 2404 continentiae:
1396 2348 1528 2405 levis
1566 2349 1685 2415 erit,
1732 2348 1779 2403 si

175 2440 371 2495 Christi
397 2440 528 2506 erit;
555 2438 760 2495 Christi
784 2440 908 2506 erit,
936 2441 980 2493 si
1004 2439 1138 2495 fides
1161 2437 1353 2506 aderit,
1382 2454 1503 2510 qua:
1526 2440 1776 2509 impetrat

175 2550 203 2586 a
224 2534 452 2603 jubente
480 2533 622 2603 quod
647 2532 890 2604 jusserit.
921 2532 1038 2587 Non
1067 2546 1162 2587 eos
1192 2530 1424 2603 frangat,
1456 2531 1598 2603 quod
1625 2531 1776 2586 vide-

178 2634 261 2678 tur
287 2640 478 2679 eorum
504 2623 831 2679 continentia
855 2623 1194 2679 necessitatis
1218 2637 1359 2691 esse,
1389 2638 1498 2678 non
1527 2623 1775 2678 volunta-

176 2716 242 2769 tis
267 2733 280 2768 :
306 2715 433 2785 quia
459 2722 513 2770 et
534 2714 608 2768 illi
632 2715 723 2785 qui
744 2730 861 2770 eam
888 2716 1159 2770 voluntate
1179 2713 1513 2786 delegerunt,
1536 2715 1776 2771 fecerunt

171 2822 292 2861 eam
317 2821 441 2861 esse
464 2806 837 2873 necessitatis;
864 2807 1119 2877 quoniam
1144 2807 1255 2876 jam
1284 2807 1401 2862 sine
1432 2806 1773 2863 damnatione

170 2900 239 2954 ab
267 2900 356 2954 illa
383 2898 603 2955 deviare
626 2914 732 2954 non
754 2908 977 2970 possunt
1004 2917 1018 2955 :
1049 2908 1104 2956 et
1127 2900 1216 2971 qui
1238 2900 1293 2955 in
1316 2916 1435 2956 eam
1456 2900 1773 2958 necessitate

170 2992 409 3047 contrusi
437 3000 580 3057 sunt,
603 2990 803 3047 faciunt
829 3006 945 3048 eam
960 3006 1080 3047 esse
1101 2991 1405 3059 voluntatis,
1426 2991 1473 3047 si
1498 3008 1604 3049 non
1629 2989 1698 3049 de
1713 3008 1774 3050 se

171 3085 323 3155 ipsis,
354 3085 447 3140 sed
472 3085 540 3140 de
568 3085 663 3139 illo
689 3101 719 3138 a
745 3100 852 3156 quo
872 3094 953 3141 est
976 3085 1171 3141 bonum
1194 3100 1353 3140 omne
1376 3084 1668 3143 conﬁdunt.
1690 3084 1770 3141 Illi

168 3177 234 3231 ad
263 3192 382 3231 eam
412 3176 842 3232 conscenderunt
868 3192 1027 3232 causa
1057 3177 1275 3248 majoris
1315 3177 1533 3247 glarea,
1565 3184 1625 3234 ut
1668 3187 1769 3234 att-

168 3269 298 3339 quid
322 3270 550 3339 amplius
570 3270 901 3334 invenirent;
932 3270 1017 3324 isti
1039 3270 1105 3324 ad
1127 3285 1243 3325 eam
1264 3269 1620 3341 confugerunt
1639 3286 1770 3327 cura

168 3360 361 3416 salutis
389 3361 724 3425 novissimm,
756 3376 822 3415 ne
849 3360 1086 3431 perirent
1114 3378 1127 3415 :
1158 3361 1368 3430 utrique
1399 3370 1766 3431 permaneant,

168 3455 385 3525 utrique
412 3455 464 3507 in
495 3454 635 3524 quod
677 3462 1036 3524 pervenerunt
1074 3447 1347 3509 ambulent
1390 3470 1558 3525 usque
1603 3456 1655 3509 in
1700 3454 1766 3509 ﬁ-

169 3562 295 3602 nem
319 3589 333 3614 ,
364 3548 606 3603 ferveant
636 3547 825 3601 studiis
848 3588 863 3613 ,
911 3547 1212 3617 supplicent
1254 3547 1392 3601 votis
1429 3548 1549 3618 quia
1581 3556 1635 3603 et
1662 3547 1767 3603 illis

166 3642 315 3696 salus
339 3640 621 3711 cogitanda
647 3651 757 3706 est,
792 3648 851 3694 ut
895 3640 963 3695 ab
1001 3655 1066 3694 eo
1101 3639 1247 3710 quod
1271 3639 1520 3695 voluntas
1543 3640 1768 3711 arripuit

166 3734 364 3789 cadere
396 3734 652 3799 timeant;
682 3741 736 3787 et
765 3732 883 3787 istis
907 3732 1076 3803 gloria
1098 3732 1429 3802 deSperauda
1462 3747 1566 3787 non
1594 3741 1696 3799 est,
1720 3733 1764 3787 si

166 3825 220 3879 in
263 3841 330 3879 eo
356 3824 499 3895 quod
534 3825 827 3880 necessitas
877 3824 1087 3890 intulit,
1131 3826 1417 3893 persistere
1460 3824 1694 3895 deligant
1719 3824 1761 3880 ³.

167 3918 305 3973 Fieri
337 3918 479 3973 enim
520 3926 694 3988 potest
725 3925 785 3971 ut
826 3917 938 3972 Deo
969 3925 1203 3973 terrente
1242 3925 1296 3971 ct
1323 3915 1570 3970 hortante
1592 3959 1606 3981 ,
1636 3930 1765 3971 con-

163 4018 408 4063 vertente
458 4018 514 4062 et
557 4009 833 4079 implente,
890 4008 1152 4063 humanus
1204 4008 1256 4062 in
1305 4007 1500 4062 melius
1528 4016 1763 4062 mutetur

166 4101 425 4167 all'ectus;
458 4110 618 4172 atque
649 4101 718 4155 ita
746 4111 972 4155 voveant
998 4102 1115 4156 sine
1143 4100 1405 4171 conjugiis
1435 4109 1490 4155 et
1511 4101 1628 4155 sine
1654 4101 1762 4157 ullo

160 4192 449 4247 concubitu
480 4202 637 4262 atque
667 4193 939 4247 immunda
970 4192 1204 4247 libidinis
1244 4192 1613 4247 attrectationc
1639 4207 1763 4262 per-

160 4285 599 4339 severantissime
625 4285 804 4339 vivere
827 4326 843 4353 ,
891 4292 950 4340 ut
990 4285 1200 4340 etiamsi
1242 4293 1486 4355 separata
1516 4284 1760 4356 conjugia

161 4376 337 4433 locum
369 4375 602 4432 ducendi
629 4377 761 4432 alias
798 4377 1078 4432 moriendo
1107 4378 1450 4447 aperuerint,
1483 4376 1761 4431 claudatur

161 4484 225 4523 ex
258 4477 385 4524 voto
410 4467 552 4537 quod
585 4476 728 4538 patet
760 4484 823 4524 ex
848 4469 1016 4534 licito,
1049 4478 1101 4524 ct
1130 4469 1271 4539 quod
1298 4479 1413 4524 erat
1442 4471 1759 4526 necessitate

160 4569 419 4631 emptum,
452 4560 547 4613 fiat
574 4560 837 4616 charitate
864 4560 1179 4631 perfectum.
1207 4561 1423 4617 Talibus
1442 4564 1679 4632 profecto
1706 4563 1759 4618 id

159 4653 507 4718 retribuetur,
535 4651 676 4721 quod
704 4652 808 4706 illis
826 4653 915 4723 qui
939 4653 1022 4707 vel
1052 4654 1165 4723 pari
1192 4668 1459 4709 coasensu
1480 4670 1600 4709 cum
1624 4670 1756 4709 cou—

158 4744 370 4816 jngibus
419 4744 524 4799 hoc
576 4754 868 4813 voverunt,
914 4748 997 4801 vel
1046 4746 1204 4800 nullis
1249 4748 1509 4818 conjugiis
1555 4750 1757 4820 alligati

159 4848 377 4908 propter
397 4836 570 4906 majus
597 4837 791 4891 bonum
814 4839 1197 4893 continentiam
1220 4839 1548 4910 delegerunt.
1579 4841 1633 4897 Si
1664 4857 1759 4896 au-

162 4939 261 4983 tem
291 4929 365 4983 ita
396 4943 458 4983 se
493 4928 810 4995 continent,
858 4938 916 4984 ttt
962 4929 1005 4983 si
1051 4930 1345 4985 moriantur
1382 4948 1606 5001 quarttm
1649 4932 1756 4987 vita

156 5023 428 5093 conjugari
464 5021 828 5091 impediuntur
851 5064 867 5089 ,
898 5023 1029 5077 alias
1058 5022 1255 5077 ducere
1284 5025 1548 5094 cogitent;
1584 5024 1758 5093 profe-

154 5126 239 5171 cto
278 5116 496 5171 etiamsi
528 5116 675 5185 prius
706 5116 804 5187 ipsi
846 5116 899 5171 in
947 5117 1037 5172 tali
1077 5118 1402 5172 continentia
1436 5117 1503 5172 de
1528 5133 1755 5188 corpore

152 5209 467 5276 abscedant,
499 5224 604 5263 non
635 5210 713 5264 eis
742 5210 1029 5280 imputatur
1059 5210 1159 5263 nisi
1190 5209 1254 5263 ad
1282 5209 1587 5279 pudicitiam
1618 5225 1750 5264 con-

150 5300 381 5371 jngalem
410 5341 424 5363 ,
457 5308 676 5369 propter
704 5315 861 5369 quam
893 5316 998 5354 non
1032 5299 1231 5354 faciunt
1260 5299 1402 5369 quod
1434 5298 1669 5354 facerent
1707 5300 1753 5354 si

150 5390 358 5446 Πρω-ει.
414 5389 527 5444 [lac
575 5390 771 5460 quippe
819 5391 1113 5447 intentione
1159 5391 1496 5446 continenter
1534 5390 1749 5457 vivere,

148 5495 336 5551 parum
367 5490 454 5534 est
493 5479 561 5534 ad
591 5481 897 5550 accipienda
944 5482 1084 5536 illius
1113 5498 1232 5551 qua:
1272 5481 1492 5536 liberius
1539 5480 1753 5550 eligitur

144 5572 494 5625 continentia:
528 5568 742 5642 praemia
770 5615 785 5640 ,
833 5574 926 5629 sed
969 5573 1168 5630 sufficit
1207 5573 1272 5630 ad
1317 5572 1551 5630 cavenda
1596 5571 1749 5629 adul-

147 5676 301 5719 lCl‘lll.

208 5779 226 5809 ι
263 5784 338 5826 Er.
366 5785 420 5826 et
440 5784 569 5836 Mss,
598 5775 775 5827 dilecta
797 5785 883 5830 est.

208 5842 230 5872 ³
263 5848 313 5888 tn
337 5848 466 5898 Mss,
492 5837 814 5889 divortientcs.

207 5902 231 5943 ³
262 5908 339 5951 rx.
366 5911 419 5952 et
441 5910 573 5963 Mss,
593 5900 813 5963 diligam.

1548 396 1754 455 LIBER
1790 398 2164 459 SECUNDUS.

3379 431 3497 488 430

1976 516 2202 575 CAPUT
2229 519 2511 579 XX.—2L
2537 524 2647 581 Viri
2674 528 2962 585 mulieribus
2974 533 3154 600 praeire
3166 534 3218 589 in
3244 538 3489 605 pudicitia

1904 606 2100 663 debent.
2125 608 2495 667 Continentiam
2514 615 2805 672 clericorum
2816 622 2901 690 qui
2911 622 3055 677 eiecti
3072 632 3189 679 sunt
3214 626 3356 682 inviti
3373 647 3489 699 pro~
3517 660 3532 705 -λ

1903 699 2045 769 ponit
2070 699 2188 754 viris
2217 701 2500 758 nolentibus
2523 705 2575 759 in
2603 706 2816 763 divortio
2849 728 2903 765 se
2927 715 3199 769 continere.
3239 717 3365 774 Haac
3391 736 3488 774 au-
3525 699 3537 789 ί

1902 795 2008 843 tem
2031 805 2117 845 me
2137 789 2203 846 de
2228 801 2452 864 utroque
2468 809 2598 851 sexu
2612 800 2918 855 memineris
2934 802 3128 870 dicere,
3140 807 3234 862 sed
3255 811 3488 868 maxime
3576 810 3592 863 ‘.

1900 889 2120 949 propter
2137 882 2299 951 viros,
2318 887 2406 955 qui
2425 898 2707 956 prepterca
2728 905 2786 945 se
2808 890 3018 948 feminis
3039 898 3343 967 superiores
3365 916 3482 958 esse

1897 971 2239 1041 arbitrantur,
2267 992 2335 1032 ne
2360 978 2609 1047 pudicitia
2629 997 2783 1050 pares
2810 998 2930 1039 csse
2953 985 3238 1057 dignentur
3263 1009 3276 1044 :
3309 992 3361 1047 in
3383 1010 3483 1063 qua

1897 1068 2055 1124 etiam
2075 1072 2266 1141 praeire
2280 1070 2663 1139 debuerunt,ut
2681 1090 2775 1131 eos
2803 1076 2907 1131 illae
2933 1085 3181 1149 tanquam
3201 1096 3293 1135 sua
3311 1087 3482 1155 capita

1897 1172 2264 1233 sequerentur.
2290 1164 2513 1233 Quando
2542 1176 2717 1222 autem
2747 1169 2829 1224 lex
2852 1171 3095 1240 prohibet
3129 1174 3410 1244 adulteria,
3434 1183 3477 1234 si

1895 1255 2119 1311 obtentu
2148 1257 2547 1314 incontinentizn
2570 1261 2801 1316 carnalis
2824 1263 3145 1320 infirmitatis
3171 1266 3479 1325 admittatur

1894 1347 2201 1409 excusatio.
2231 1348 2413 1403 multis
2443 1350 2543 1405 sub
2585 1352 2798 1407 nomine
2824 1352 2973 1408 falsa:
3000 1354 3328 1424 impunitatis
3356 1376 3478 1428 per-

1896 1437 2060 1491 eundi
2092 1440 2329 1508 aperitur
2367 1441 2597 1496 occasio.
2626 1442 2810 1514 Neque
2835 1446 2976 1499 enim
3003 1462 3220 1503 carnem
3249 1464 3352 1504 non
3387 1452 3480 1506 ha-

1892 1527 2022 1584 bent
2061 1530 2304 1598 femina},
2339 1534 2532 1604 quibus
2558 1535 2655 1589 viri
2686 1536 2887 1607 aliquid
2925 1539 3029 1595 talc
3066 1542 3251 1595 nolunt
3281 1543 3443 1598 licere
3464 1586 3478 1606 .

1891 1623 2043 1693 quasi
2077 1622 2175 1691 eis,
2206 1626 2328 1697 quia
2357 1626 2455 1681 viri
2483 1637 2627 1696 sunt,
2657 1628 2832 1685 liceat.
2864 1630 2968 1687 Sed
2997 1633 3135 1688 absit
3164 1644 3220 1688 ut
3246 1636 3480 1690 melioris

1889 1728 2049 1769 sexus
2078 1716 2094 1746 ¹
2126 1723 2376 1787 tanquam
2399 1716 2593 1774 honori
2623 1719 2904 1791 debeatur,
2924 1724 3066 1793 quod
3090 1725 3278 1794 pudori
3304 1727 3483 1781 detra-

1890 1803 2068 1871 hitur;
2100 1821 2221 1861 cum
2251 1807 2423 1864 honor
2459 1809 2635 1880 justus
2672 1811 2873 1880 virtuti,
2914 1829 3020 1869 non
3042 1816 3172 1871 vitio
3199 1817 3479 1873 debeatur.

1888 1894 2140 1963 Quinimo
2180 1913 2300 1953 cum
2346 1916 2376 1953 a
2407 1901 2618 1955 feminis
2648 1903 2831 1975 utique
2876 1903 3196 1963 habentibus
3225 1923 3477 1971 carnem,

1889 1995 2088 2041 tantam
2123 1987 2359 2060 flagitant
2391 1996 2687 2048 castitatem
2710 2036 2725 2062 ,
2777 2004 2835 2050 ut
2872 1997 3086 2065 quando
3120 1997 3188 2053 ab
3225 2001 3478 2055 uxorilus

1886 2076 2184 2136 diutissime
2232 2083 2676 2153 peregrinantur,
2725 2088 2889 2141 velint
2930 2103 3023 2144 eas
3070 2090 3137 2147 ab
3180 2090 3479 2149 adulterino

1884 2173 2170 2227 concubitu
2199 2173 2647 2233 incontaminatas
2674 2178 2938 2235 fervorem
2962 2184 3253 2255 transigere
3277 2184 3477 2256 juven-

1886 2263 2013 2317 tutis
2047 2262 2129 2334 (et
2160 2265 2400 2334 plurimae
2443 2268 2785 2338 pudicissima
2818 2274 3133 2344 transigunt,
3166 2285 3220 2330 et
3245 2278 3476 2333 maxime

1883 2353 2057 2426 Syrte,
2090 2372 2315 2428 quarum
2334 2360 2510 2415 mariti
2538 2362 2845 2431 negetiandi
2871 2366 3166 2435 qumstihus
3207 2372 3475 2439 occupati,

1877 2448 2104 2517 juvenes
2131 2448 2557 2506 adolescentulus
2578 2452 2853 2521 deserunt,
2883 2464 2936 2510 et
2960 2457 3047 2510 vix
3073 2457 3360 2527 aliquando
3386 2473 3476 2514 se-

1880 2553 1981 2594 nes
2007 2539 2072 2594 ad
2094 2540 2330 2597 aniculas
2352 2545 2725 2617 revertuntur)
2754 2561 2767 2611 ;
2793 2561 2858 2602 eo
2886 2547 3001 2617 ipso
3026 2548 3322 2604 evidentius
3348 2565 3477 2606 con-

1878 2623 2165 2679 vincuntur
2202 2641 2309 2680 non
2351 2642 2471 2682 esse
2517 2628 2848 2698 impossibile
2886 2631 3027 2702 quod
3066 2646 3126 2687 se
3169 2650 3276 2687 non
3314 2649 3473 2703 posse

1880 2729 2192 2774 causantur.
2236 2718 2293 2775 Si
2321 2719 2461 2774 enim
2505 2720 2608 2776 hoc
2638 2737 2743 2777 non
2786 2734 2965 2793 posset
2992 2724 3271 2780 inﬁrmitas
3304 2726 3477 2782 homi-

1879 2824 2008 2865 num
2032 2852 2045 2877 ,
2079 2811 2246 2867 multo
2285 2812 2462 2868 minus
2491 2812 2541 2868 id
2572 2823 2751 2884 posset
2779 2830 2940 2871 sexus
2970 2816 3231 2873 infirmior
3250 2818 3474 2876 femina-

1877 2915 2018 2958 rum.

1945 2990 2033 3048 22.
2069 2993 2222 3051 Unde
2245 2995 2377 3051 istos
2406 2996 2495 3068 qui
2515 2996 2722 3052 virilem
2754 2998 3126 3055 excellentiam
3149 3016 3255 3057 non
3285 3011 3475 3073 putant

1876 3085 1977 3140 nisi
2007 3086 2263 3157 peccandi
2295 3087 2565 3143 licentiam
2587 3130 2602 3156 ,
2632 3089 2846 3159 quando
2875 3100 3136 3147 terremus
3167 3108 3234 3148 ne
3262 3094 3472 3151 adulte-

1874 3176 2007 3233 riuis
2052 3178 2315 3250 conjugiis
2356 3179 2614 3236 bzerendo
2658 3190 2881 3252 pereant
2920 3183 2975 3237 in
3004 3192 3263 3239 teternum
3286 3228 3301 3254 ,
3332 3187 3472 3242 solea

1873 3284 1995 3325 mus
2023 3269 2102 3325 eis
2144 3285 2446 3341 proponere
2491 3272 2653 3327 etiam
2685 3273 3067 3328 continentiam
3112 3275 3428 3332 clericorum
3451 3316 3469 3343 ,

1872 3359 1965 3432 qui
1989 3360 2303 3431 plerumque
2331 3361 2398 3417 ad
2441 3362 2686 3417 eamdem
2724 3363 2987 3419 sarcinam
3017 3366 3347 3421 subeundam
3376 3383 3469 3423 ca-

1873 3451 2092 3521 piuntur
2120 3451 2303 3517 inviti,
2344 3467 2570 3523 eamque
2608 3462 2910 3523 susceptam
2938 3470 3107 3526 usque
3135 3457 3202 3511 ad
3231 3457 3469 3512 debitum

1871 3542 2031 3600 finem
2054 3585 2070 3611 ,
2113 3544 2342 3599 Domino
2368 3544 2658 3614 adjuvante
2679 3587 2694 3611 ,
2720 3545 3037 3614 perducunt.
3077 3549 3312 3604 Dicimus
3341 3565 3470 3621 ergo

1871 3637 1949 3692 eis
1974 3655 1987 3691 :
2011 3636 2146 3703 Quid
2176 3637 2221 3691 si
2248 3646 2303 3692 et
2322 3650 2417 3691 vos
2440 3637 2508 3692 ad
2532 3638 2633 3693 hoc
2655 3639 2989 3695 subeundum
3010 3643 3327 3711 populorum
3356 3644 3470 3698 vio-

1871 3729 2033 3786 lentia
2059 3731 2422 3799 caperemini?
2448 3746 2626 3786 nonne
2655 3743 2961 3802 susceptum
2997 3743 3142 3789 caste
3165 3735 3467 3790 custodire-

1870 3823 1938 3878 tis
1981 3823 2216 3878 officium
2238 3863 2252 3889 ,
2301 3832 2521 3893 repente
2546 3824 2789 3878 conversi
2820 3824 2885 3878 ad
2918 3825 3278 3893 impetrandas
3323 3827 3467 3882 vires

1868 3932 1899 3972 a
1954 3916 2215 3981 Domino,
2266 3915 2334 3970 de
2383 3916 2573 3984 quibus
2620 3930 2889 3985 nunquam
2947 3925 3102 3971 antea
3156 3918 3465 3987 cogitastis?

1866 4008 1973 4066 Sed
1996 4009 2136 4075 illos,
2166 4008 2427 4078 inquiunt,
2464 4007 2635 4061 honor
2661 4007 2944 4076 plurimum
2972 4009 3297 4063 consolatur.
3333 4008 3466 4064 Res-

1868 4101 2165 4172 pondemus
2202 4117 2215 4154 :
2255 4100 2322 4155 Et
2366 4100 2515 4155 vobis
2553 4100 2712 4155 timor
2758 4101 2928 4155 multo
2956 4102 3182 4170 amplius
3212 4101 3462 4157 modere-

1866 4204 1954 4249 tur
1982 4196 2024 4249 ².
2057 4194 2113 4250 Si
2154 4196 2296 4249 enim
2338 4193 2439 4249 hec
2467 4193 2617 4247 multi
2663 4194 2757 4248 Dei
2793 4193 3023 4249 ministri
3056 4205 3277 4265 repente
3303 4203 3464 4265 atque

1871 4288 2145 4358 inopinate
2184 4287 2492 4357 impositum
2534 4295 2904 4356 susceperunt,
2946 4297 3225 4356 sperantes
3254 4301 3311 4342 se
3339 4288 3462 4342 iliu-

1865 4379 2029 4434 strius
2056 4378 2108 4432 in
2136 4376 2332 4432 Christi
2359 4376 2668 4431 hmreditate
2697 4377 2932 4447 fulgere;
2959 4386 3157 4446 quanto
3177 4378 3345 4448 magis
3369 4392 3463 4433 vos

1864 4472 2125 4527 adulteria
2160 4470 2433 4535 cavendo,
2475 4470 2656 4525 vivere
2694 4469 3032 4525 continenter
3074 4468 3315 4536 debetis,
3348 4485 3463 4524 me-

1865 4574 2076 4622 tuentes
2098 4582 2203 4620 non
2227 4567 2278 4621 in
2304 4580 2469 4636 regno
2490 4565 2581 4619 Dei
2610 4565 2787 4619 minus
2808 4565 3007 4628 lucere,
3032 4564 3124 4619 sed
3148 4564 3199 4618 in
3219 4564 3460 4634 gehenna

1864 4659 2002 4729 ignis
2040 4657 2269 4713 ardere?
2300 4658 2422 4711 llaec
2449 4666 2609 4726 atque
2644 4655 2950 4725 hujusmodi
2988 4655 3067 4710 eis
3094 4663 3152 4709 ut
3178 4670 3462 4725 possumus

1863 4752 2110 4815 dicimus,
2138 4750 2227 4820 qui
2248 4764 2464 4820 quoquo
2492 4747 2652 4803 modo
2673 4763 2702 4802 a
2729 4764 2788 4803 se
2808 4746 3205 4803 discedentibus
3228 4746 3312 4800 vel
3339 4761 3465 4815 pro-
3523 4812 3534 4819 ο

1863 4854 1982 4916 pter
2003 4845 2323 4898 adulterium
2346 4843 2583 4897 dimissis
2612 4842 2926 4912 conjugibus
2953 4842 3084 4907 suis,
3114 4841 3246 4894 alias
3276 4839 3461 4894 volunt

1863 4938 2080 5005 ducere,
2112 4947 2166 4992 et
2194 4952 2313 4991 cum
2344 4934 2725 5005 prohibentur,
2756 4934 3119 4987 infirmitatem
3148 4930 3301 4984 nobis
3339 4945 3460 4984 car-
3547 5002 3555 5017 ί

1862 5031 1946 5085 nis
1986 5036 2280 5099 opponunt.
2315 5027 2419 5083 Sed
2456 5026 2567 5095 jam
2612 5026 2747 5080 liber
2786 5024 2945 5079 etiam
2990 5023 3091 5077 iste
3129 5020 3460 5076 claudendus

1861 5128 1963 5185 est,
1994 5131 2048 5176 et
2079 5119 2345 5189 rogandus
2371 5119 2510 5172 Deus
2538 5127 2592 5170 ut
2614 5124 2704 5169 aut
2729 5129 2823 5170 eos
2850 5113 3040 5167 tentari
3069 5128 3176 5166 non
3208 5114 3345 5165 sinat
3374 5127 3461 5165 sc-

1861 5212 2223 5283 parationibus
2256 5209 2539 5277 conjugum
2566 5225 2580 5270 ;
2614 5214 2705 5259 aut
2735 5206 2803 5259 ita
2840 5204 3018 5271 sinat,
3050 5210 3108 5257 ut
3133 5202 3294 5256 timor
3320 5204 3457 5271 peric

1860 5302 2092 5358 clitantis
2117 5300 2301 5355 salutis
2324 5298 2415 5352 fiat
2444 5297 2545 5351 illis
2574 5296 2851 5366 amplioris
2879 5294 2991 5349 sive
3020 5293 3338 5365 probatioris
3366 5310 3457 5347 oe-

1860 5395 2004 5451 casio
2025 5390 2305 5448 castitatis.

1924 5575 1937 5605 ¹
1976 5570 2081 5621 Sola
2114 5569 2261 5620 editio
2279 5574 2386 5617 ιον.
2416 5566 2539 5615 :Sed
2560 5564 2683 5615 absit
2720 5562 2807 5613 hoc
2833 5578 2863 5614 a
2888 5562 3074 5614 meliori
3114 5575 3252 5623 sexu,
3282 5568 3331 5613 nt
3352 5567 3460 5612 ιςεειι

1858 5642 2250 5747 ᾳηῳξῖλιζιὲἱῑίῐὶο
2273 5700 2382 5743 Lov.
2407 5706 2419 5741 :
2448 5697 2502 5743 Et
2528 5704 2606 5741 vos
2628 5688 2768 5742 timor
2783 5688 2986 5753 amplior
3010 5687 3290 5741 moderetur.
