4048 6522
305 478 407 539 ('3')

295 601 490 654 falsum
516 599 696 656 dicere
723 615 828 654 non
851 600 1136 666 mentiens,
1169 603 1213 656 si
1238 611 1388 672 putat
1412 603 1481 656 ita
1509 617 1629 658 esse
1658 611 1718 656 ιιι
1742 601 1888 666 dicit,

293 690 543 757 quamvis
573 705 680 745 non
712 690 782 745 ita
821 691 926 755 sit;
955 701 1010 746 et
1040 701 1094 746 nt
1123 694 1290 762 possit
1315 709 1500 748 verum
1540 693 1721 748 dicere
1744 708 1895 748 men-

297 784 457 848 tiens,
482 783 526 836 si
551 793 700 852 putat
722 783 912 838 falsum
934 800 1054 840 esse
1079 796 1134 839 et
1156 801 1250 856 pro
1271 803 1400 841 vero
1417 787 1677 853 enuntiat,
1701 802 1889 858 quam-

296 877 373 927 vis
402 891 588 931 revera
617 878 686 931 ita
714 878 784 933 sit
805 887 862 932 ut
891 881 1153 934 enuntiat.
1185 880 1263 935 Ex
1285 880 1450 934 animi
1478 881 1620 936 enim
1651 881 1732 934 sui
1761 895 1890 936 sen-

293 969 460 1021 tentia
487 1009 503 1034 ,
550 986 654 1024 non
684 986 748 1024 ex
791 987 970 1026 rerum
999 973 1229 1040 ipsarum
1261 974 1487 1028 veritate
1530 972 1614 1026 vel
1659 971 1890 1026 falsitate

292 1061 561 1115 mentiens
586 1069 678 1115 aut
704 1078 808 1116 non
837 1064 1100 1117 mentiens
1121 1062 1438 1132 judicandus
1459 1073 1559 1117 est.
1592 1063 1773 1118 Potest
1795 1063 1893 1117 ita—

292 1165 399 1217 que
422 1151 512 1205 ilie
539 1153 628 1222 qui
651 1152 840 1207 falsum
871 1169 967 1224 pro
994 1169 1119 1209 vero
1139 1156 1400 1218 enuntiat,
1427 1155 1568 1224 quod
1597 1165 1770 1209 tamen
1801 1169 1891 1209 ve-

291 1256 412 1294 rum
443 1258 566 1299 esse
595 1245 865 1313 opinatur,
907 1258 1094 1300 errans
1122 1244 1224 1300 diei
1254 1255 1308 1301 et
1342 1247 1656 1301 temerarius
1688 1265 1700 1300 :
1733 1262 1890 1301 men-

294 1336 438 1390 tiens
467 1347 645 1392 autem
691 1353 796 1393 non
828 1347 976 1395 recte
1012 1339 1239 1405 dicitur;
1270 1341 1390 1410 quia
1422 1354 1516 1394 cor
1543 1340 1735 1409 duplex
1767 1354 1888 1394 cum

290 1431 539 1483 enuntiat
579 1446 687 1485 non
739 1430 926 1497 habet,
972 1447 1070 1487 nec
1113 1431 1296 1486 fallere
1334 1433 1497 1502 eupit,
1532 1430 1625 1486 sed
1669 1431 1888 1486 fallitur.

287 1520 458 1590 Culpa
487 1538 617 1577 vero
647 1523 957 1579 mentientis
983 1535 1085 1591 est,
1121 1525 1172 1577 in
1207 1524 1534 1579 ennntiando
1576 1525 1756 1579 animo
1793 1539 1890 1579 suo

288 1612 505 1666 fallendi
538 1614 834 1683 cupiditas;
865 1616 976 1670 sive
1003 1615 1152 1669 fallat
1180 1630 1299 1668 cum
1327 1617 1372 1670 ei
1414 1616 1649 1670 creditur
1702 1616 1887 1671 falsum

285 1706 626 1770 enuntianti;
658 1707 772 1763 sive
800 1723 905 1762 non
935 1707 1100 1773 l‘allat,
1125 1707 1206 1760 vel
1237 1721 1357 1761 cum
1385 1708 1431 1762 ei
1467 1724 1570 1761 non
1592 1707 1824 1762 creditur
1847 1709 1886 1772 ‘,

288 1797 375 1850 vel
410 1815 532 1852 cum
566 1815 750 1854 verum
779 1800 1021 1854 enuntiat
1046 1799 1319 1853 voluntate
1350 1799 1582 1860 fallendi,
1616 1799 1886 1870 quodnon

287 1899 443 1959 putat
470 1908 678 1946 verum.
709 1893 860 1960 Quod
888 1906 1010 1947 cum
1039 1894 1086 1947 ci
1108 1893 1367 1959 creditur,
1393 1907 1497 1946 non
1526 1893 1706 1962 utique
1730 1892 1884 1957 fallit,

276 1985 536 2051 quamvis
577 1984 764 2040 fallere
805 1985 1080 2040 voluerit:
1115 1985 1215 2040 nisi
1258 1985 1515 2040 hactenus
1556 1983 1715 2049 fallit,
1759 2001 1889 2055 qua-

287 2087 445 2130 tenus
489 2085 708 2147 putatur
751 2078 820 2132 ita
866 2077 1024 2132 etiam
1073 2091 1231 2132 nosse
1263 2077 1342 2133 vel
1385 2086 1572 2148 putare
1618 2085 1674 2133 ut
1715 2093 1882 2132 enun-

282 2166 404 2220 'Iiat.

359 2260 414 2311 4.
444 2259 754 2330 Quanquam
785 2260 1132 2314 subtilissime
1157 2268 1425 2330 quarratur
1454 2269 1630 2315 utrum
1652 2273 1771 2315 eum
1796 2260 1889 2316 ab-

285 2360 365 2404 est
397 2354 640 2406 voluntas
669 2353 905 2420 fallendi,
938 2354 1078 2408 absit
1108 2356 1327 2408 omnino
1358 2353 1717 2408 mendacium.

355 2443 585 2498 C.\PUT
625 2444 714 2498 IV.
739 2473 809 2484 -——
836 2444 1042 2499 Meutiri
1069 2463 1190 2500 num
1216 2446 1492 2518 aliquando
1521 2448 1678 2517 prosit
1702 2457 1788 2500 aut
1819 2447 1887 2500 Ii-

286 2545 415 2586 crat.
448 2535 586 2602 Quid
622 2537 766 2590 enim
805 2538 848 2590 si
881 2539 1108 2608 quisque
1136 2537 1324 2592 falsum
1349 2538 1591 2607 loquens,
1621 2538 1759 2608 quod
1786 2538 1886 2592 fal-

285 2641 404 2678 sum
440 2642 562 2680 esse
599 2628 889 2692 existimat,
921 2629 1042 2682 ideo
1074 2641 1247 2684 tamen
1281 2629 1425 2694 facit,
1459 2630 1580 2700 quia
1612 2637 1762 2700 puta‘t
1786 2629 1886 2684 sibi

280 2733 392 2772 non
420 2719 587 2786 credi,
620 2729 676 2772 ιιι
717 2735 782 2774 eo
814 2719 972 2774 modo
1020 2720 1148 2774 falsa
1177 2720 1281 2775 ﬁde
1310 2719 1608 2775 absterreat
1649 2734 1771 2773 eum
1801 2720 1886 2773 cui

287 2811 559 2880 loquitur,
592 2827 752 2881 quem
795 2812 957 2867 sentit
1004 2812 1106 2866 sibi
1139 2813 1279 2868 no‘lle
1324 2811 1588 2867 credere?
1615 2811 1715 2867 Hic
1742 2813 1886 2866 enim

281 2903 460 2957 studio
491 2920 596 2956 non
625 2904 838 2958 fallendi
869 2905 1147 2971 mentitur,
1175 2905 1220 2958 si
1244 2904 1576 2961 mendacium
1604 2916 1687 2961 est
1715 2922 1889 2962 enun-

284 2996 418 3051 tiare
442 2996 641 3066 aliquid
668 2997 824 3051 aliter
848 3013 1004 3068 quam
1034 2999 1140 3053 scis
1167 3013 1284 3053 esse
1311 2998 1391 3054 vel
1421 3007 1572 3069 putas
1598 3017 1610 3053 :
1639 2999 1683 3054 si
1706 3009 1886 3054 autem

281 3071 637 3142 mendacium
678 3105 784 3142 non
831 3100 913 3143 est
943 3090 1042 3144 nisi
1089 3106 1208 3144 cum
1239 3090 1435 3161 aliquid
1461 3091 1767 3146 enuntiatur
1795 3107 1889 3147 vo-

279 3179 489 3232 luntate
519 3179 757 3244 fallendi,
793 3197 894 3234 non
923 3183 1176 3237 mentitm‘
1201 3181 1324 3248 istc,
1353 3183 1441 3254 qui
1479 3193 1762 3256 propterea
1791 3184 1890 3241 fal-

280 3289 402 3324 sum
436 3271 689 3342 loquitur,
731 3273 974 3342 quamvis
1007 3275 1214 3329 noverit
1243 3276 1322 3329 vel
1357 3285 1506 3344 putet
1547 3276 1736 3331 falsum
1767 3292 1887 3334 esse

281 3365 428 3433 quod
472 3365 725 3434 l0qnitur,
768 3377 825 3420 ut
870 3367 958 3422 ille
1002 3369 1084 3422 cui
1133 3367 1368 3438 loquitur
1398 3385 1500 3422 non
1542 3369 1589 3423 ei
1619 3370 1886 3425 credendo

281 3472 391 3512 non
423 3457 656 3523 fallatur,
707 3460 829 3529 quia
860 3475 980 3514 eum
1012 3460 1111 3514 sibi
1160 3477 1265 3514 non
1307 3462 1630 3516 crediturum
1676 3463 1756 3517 vel
1787 3464 1888 3517 scit

281 3552 366 3606 vel
398 3561 543 3622 putat
594 3552 746 3607 Unde
775 3553 818 3606 si
855 3563 1108 3624 appareat
1137 3553 1250 3608 lieri
1279 3569 1436 3622 posse
1462 3564 1516 3609 ut
1536 3555 1728 3625 aliquis
1758 3570 1885 3626 pro-

283 3653 472 3712 pterea
512 3643 702 3698 falsum
744 3643 916 3710 dicat,
956 3661 1021 3700 ne
1053 3645 1265 3699 fallatur
1292 3647 1378 3700 ille
1405 3647 1488 3700 eui
1520 3646 1743 3713 dicitur;
1775 3648 1886 3702 exi-

283 3737 377 3788 stit
408 3735 551 3789 aliud
579 3752 609 3791 e
631 3738 902 3792 contrario
921 3753 1109 3808 genus,
1141 3748 1423 3808 propterea
1453 3755 1637 3795 vermn
1661 3741 1886 3797 dicentis

285 3837 343 3882 ut
372 3827 545 3882 fallat.
575 3825 676 3896 Qui
706 3831 847 3885 enim
887 3845 1075 3887 verum
1117 3831 1238 3887 ideo
1268 3833 1534 3903 loquitur,
1566 3833 1688 3901 quia
1725 3834 1888 3888 sentit

285 3921 390 3976 sibi
428 3937 533 3975 non
566 3921 735 3987 credi,
768 3922 888 3978 ideo
918 3924 1098 3994 utimte
1123 3938 1307 3978 verum
1340 3922 1463 3978 dicit
1493 3933 1546 3976 ut
1578 3923 1720 3977 fallat
1749 3943 1760 3976 :
1788 3926 1887 3979 scit

280 4012 427 4065 enim
471 4012 556 4065 vel
603 4013 875 4068 existimat
923 4024 1204 4084 propterea
1255 4013 1447 4068 falsum
1502 4017 1670 4084 putari
1730 4031 1887 4086 posse

277 4103 426 4173 quod
458 4103 675 4166 dicitur,
724 4107 976 4176 quoniam
1008 4107 1075 4160 ab
1123 4109 1238 4176 ipso
1283 4109 1494 4162 dicitur.
1525 4110 1882 4175 Quamobrem

279 4211 404 4248 cum
443 4195 565 4250 ideo
591 4213 774 4251 verum
802 4199 932 4253 dicit
969 4209 1025 4252 ιιι
1054 4199 1242 4253 falsum
1285 4209 1515 4270 putetur,
1551 4202 1670 4257 ideo
1701 4219 1882 4257 verum

279 4285 413 4340 dicit
435 4297 492 4341 ut
524 4288 687 4342 fallat.
715 4289 1073 4358 Qnmrendnm
1105 4307 1232 4363 ergo
1254 4303 1351 4358 est,
1380 4295 1497 4363 quis
1530 4295 1704 4364 potius
1734 4311 1883 4351 men-

279 4379 484 4434 tiatur:
513 4390 686 4435 utrum
712 4381 802 4437 ille
826 4384 912 4453 qui
945 4382 1140 4437 falsum
1163 4383 1289 4438 dicit
1311 4400 1376 4439 ne
1399 4383 1563 4450 fallat,
1589 4400 1656 4439 an
1686 4386 1774 4441 ille
1795 4387 1881 4456 qui

280 4479 469 4524 veram
502 4471 629 4526 dicit
672 4481 725 4526 ul
758 4472 938 4539 fallat;
967 4489 1086 4528 cum
1117 4484 1170 4528 et
1195 4475 1282 4530 ille
1309 4476 1443 4530 sciat
1481 4476 1564 4530 vel
1593 4485 1741 4546 putet
1780 4477 1880 4531 fal-

278 4578 398 4616 sum
426 4580 484 4619 sc
505 4565 706 4632 dicere,
739 4577 791 4621 et
818 4569 918 4623 iste
943 4569 1078 4622 sciat
1100 4570 1180 4624 vel
1211 4579 1359 4639 putet
1389 4586 1568 4626 verum
1601 4588 1660 4627 se
1679 4573 1880 4628 dicere.

278 4655 396 4708 Jam
428 4658 571 4711 enim
602 4658 839 4714 divimus
869 4676 991 4715 eum
1041 4661 1128 4731 qui
1157 4663 1327 4717 nescit
1357 4662 1545 4718 falsum
1584 4680 1703 4721 esse
1741 4667 1880 4736 quod

277 4750 561 4814 enuntiat,
595 4765 700 4801 non
732 4752 985 4815 mentiri,
1018 4753 1060 4806 si
1099 4752 1200 4808 hoc
1225 4763 1372 4822 putat
1399 4771 1622 4823 verum;
1654 4772 1882 4826 eumque

279 4839 455 4904 potius
485 4840 718 4905 mentiri,
745 4841 833 4911 qui
865 4843 1023 4895 etiam
1047 4859 1230 4897 verum
1257 4846 1516 4911 enuntiat,
1541 4862 1662 4901 cum
1693 4848 1880 4904 falsum

280 4937 428 4996 putat
459 4952 470 4982 :
503 4933 625 5002 quia
656 4949 719 4986 ex
749 4935 911 4987 animi
937 4932 1018 4988 sui
1041 4936 1306 4990 seutenlia
1332 4936 1606 5007 judicandi
1634 4950 1776 4994 sunt.
1810 4941 1881 4994 De.

278 5020 385 5074 illis
408 5022 585 5092 itaque
609 5041 712 5077 non
745 5041 900 5093 parva
930 5026 1154 5096 qnarstio
1176 5036 1278 5092 est,
1305 5043 1438 5097 quos
1466 5030 1839 5099 prepoSninms
1865 5050 1877 5086 :

279 5127 443 5166 unum
485 5116 575 5183 qtti
608 5114 711 5168 scit
754 5125 844 5168 aut
893 5127 1040 5186 putat
1083 5133 1140 5173 se
1185 5117 1374 5172 falsum
1407 5120 1619 5185 dicere,
1666 5131 1718 5175 et
1763 5123 1882 5175 ideo

278 5203 406 5257 dicit
441 5221 508 5259 ne
534 5205 719 5270 fallat;
750 5210 892 5261 velut
923 5211 964 5262 si
994 5210 1222 5278 aliquam
1254 5210 1390 5264 \iam
1419 5213 1625 5264 noverit
1649 5213 1878 5267 obsideri

278 5312 307 5348 ει
332 5290 650 5359 latronibus,
682 5307 735 5352 et
763 5299 956 5354 timens
996 5318 1060 5354 ne
1092 5318 1184 5369 per
1211 5301 1356 5354 illam
1393 5312 1574 5369 pergat
1604 5302 1761 5354 homo
1788 5318 1882 5354 Cll-

273 5387 358 5455 jus
380 5391 540 5443 saluti
579 5391 858 5460 prospicit,
882 5401 1070 5445 etcum
1104 5397 1202 5445 scit
1230 5393 1326 5445 sibi
1358 5393 1717 5455 nonet-edere,
1739 5393 1882 5444 dicat

277 5493 394 5532 mm
426 5481 566 5532 viam
604 5497 708 5533 non
757 5480 954 5536 habere
985 5481 1241 5546 latrones,
1273 5481 1338 5535 ad
1387 5481 1486 5534 hoc
1527 5494 1581 5536 ιιι
1615 5483 1734 5536 illae
1776 5498 1877 5534 ιιιιιι

276 5581 382 5634 eat,
415 5571 544 5624 dum
575 5572 697 5627 ideo
736 5575 905 5627 credit
934 5576 1171 5630 latrones
1203 5576 1272 5627 i|:i
1304 5591 1442 5640 esse,
1477 5577 1597 5644 quia
1630 5575 1720 5628 ille
1747 5574 1881 5627 dixit

277 5680 380 5716 non
414 5665 484 5718 ibi
513 5679 668 5727 esse,
702 5669 782 5718 cui
816 5683 919 5719 non
962 5668 1182 5722 credere
1209 5670 1408 5732 statuit,
1443 5667 1754 5720 mendacem
1787 5681 1881 5732 pu-

277 5767 394 5811 lans
423 5775 436 5809 :
472 5757 701 5811 alterum
721 5767 898 5811 autem
922 5760 1007 5828 qni
1031 5761 1205 5815 sciens
1227 5771 1315 5813 aut
1340 5769 1526 5830 putans
1555 5773 1736 5813 verum
1759 5771 1880 5810 esse

339 5870 354 5900 ¹
392 5877 524 5927 lita-5.,
550 5866 650 5916 sire
673 5865 828 5930 fallat,
853 5868 951 5918 sire
975 5883 1085 5925 non.
1109 5871 1182 5921 vel
1200 5885 1309 5920 cum
1338 5870 1384 5921 ei
1406 5870 1655 5929 creditur,
1679 5869 1752 5919 rel
1769 5881 1880 5919 tum

275 5943 454 6002 verum,
479 5940 604 5992 e‘c.,
626 5932 817 5980 etnissis
842 5933 1032 5992 verbis,
1058 5946 1167 5983 cum
1199 5933 1245 5984 ei
1277 5933 1494 5984 creditur
1529 5932 1704 5996 {uisum
1730 5944 1877 5982 cmm-

273 6003 368 6042 tw:
377 6005 427 6045 .'t.

678 6049 950 6110 ΡΑτιιοι.
1000 6052 1126 6116 XL.

1148 481 1234 542 DE
1266 474 1626 554 MENDAtilO,
1677 486 1736 542 s.
1786 473 2151 545 AUGUSTINI
2192 480 2391 544 LIBER
2433 490 2632 547 unus.

3492 501 3594 556 530

2007 603 2146 672 quod
2176 603 2320 670 dicit,
2362 606 2426 660 ad
2469 607 2571 663 hoc
2609 616 2786 665 tamen
2815 606 2941 667 dicit
2967 620 3023 668 ιιι
3062 611 3236 682 fallat;
3264 623 3517 687 tanquam
3543 636 3582 676 st

2007 692 2207 748 homini
2229 711 2332 749 non
2361 697 2462 752 sibi
2480 697 2728 755 credenti
2755 701 2895 756 dicat
2917 705 3148 761 latrones
3170 708 3222 761 in
3248 709 3336 762 illa
3364 711 3445 764 via
3471 726 3585 767 esse

1994 783 2091 836 'nbi
2121 799 2310 840 revera
2339 801 2432 841 eos
2473 802 2592 844 esse
2618 792 2896 860 cognovit,
2928 804 2985 848 ut
3013 795 3102 850 ille
3136 798 3218 851 cui
3245 799 3373 853 dicit
3405 815 3500 870 per
3531 803 3563 855 il

1993 873 2106 927 'lam
2136 874 2272 930 viam
2295 878 2462 948 magis
2495 891 2697 950 pergat,
2736 891 2893 952 atque
2922 884 2989 938 ita
3022 885 3073 939 in
3104 887 3338 943 latrones
3370 890 3577 959 incidat=

2000 962 2126 1018 dum
2175 973 2322 1036 putat
2365 969 2553 1024 falsum
2597 974 2896 1043 essequod
2943 975 3032 1030 ille
3061 977 3270 1033 dixerit.
3303 980 3434 1048 Quis
3461 998 3585 1052 erg»

2001 1055 2222 1111 istorum
2245 1061 2529 1127 mentitur;
2565 1064 2650 1119 ille
2673 1066 2760 1135 qui
2783 1067 2940 1137 elegit
2967 1067 3157 1124 falsum
3189 1071 3366 1127 dicere
3396 1091 3462 1129 ne
3487 1075 3575 1129 fab

1992 1146 2094 1214 ‘lat,
2126 1163 2193 1203 an
2237 1152 2325 1206 ille
2351 1154 2440 1223 qui
2469 1155 2631 1226 elegit
2657 1173 2841 1212 verum
2872 1159 3054 1216 dicere
3081 1171 3137 1215 ut
3167 1163 3351 1218 fallat?
3378 1166 3463 1220 ille
3494 1172 3587 1236 qui

2004 1239 2194 1296 falsum
2243 1243 2472 1301 dicendo
2513 1247 2618 1317 egit
2661 1259 2722 1304 ut
2750 1265 2934 1305 verum
2965 1263 3279 1322 sequeretur
3303 1258 3385 1310 cui
3417 1257 3570 1322 dixit,

1998 1347 2067 1386 an
2104 1332 2204 1388 iste
2233 1335 2322 1404 qui
2349 1351 2534 1391 verum
2565 1338 2794 1395 dicendo
2828 1342 2934 1411 egit
2969 1351 3024 1397 ut
3056 1342 3244 1400 falsum
3273 1358 3581 1416 sequeretur

1999 1423 2082 1478 cui
2105 1424 2272 1480 dixit?
2293 1430 2374 1482 An
2397 1427 2534 1484 forte
2558 1433 2716 1487 ambo
2740 1435 2949 1489 mentiti
2976 1447 3094 1491 sunt
3118 1453 3131 1503 ;
3164 1439 3253 1493 ille
3276 1441 3396 1510 quia
3423 1441 3588 1496 voluit

1999 1512 2187 1569 falsum
2218 1517 2416 1586 dicere,
2448 1521 2548 1576 iste
2573 1524 2694 1593 quia
2719 1525 2884 1580 voluit
2907 1527 3128 1584 fallere?
3149 1531 3228 1584 An
3257 1533 3428 1601 potius
3460 1550 3588 1588 neu-

1991 1615 2079 1660 ter
2104 1623 2288 1663 eorum
2329 1615 2582 1668 mentitus
2608 1625 2718 1682 est;
2753 1617 2843 1672 ille
2871 1619 2992 1688 quia
3026 1621 3350 1679 voluntatem
3402 1625 3583 1680 habuit

1998 1715 2102 1752 non
2136 1701 2385 1770 fallendi,
2432 1714 2486 1759 et
2527 1706 2615 1761 ille
2658 1709 2778 1777 quia
2823 1710 3147 1767 voluntatem
3190 1714 3371 1771 habuit
3401 1733 3582 1772 verum

1995 1789 2242 1846 dicendi?
2269 1793 2381 1849 Non
2411 1797 2552 1851 enim
2586 1814 2727 1854 nunc
2763 1801 2936 1872 agitur
2961 1805 3081 1874 quis
3111 1821 3296 1861 eorum
3325 1824 3582 1879 peccave-

1990 1883 2084 1949 rit,
2119 1885 2211 1939 sed
2243 1888 2365 1956 quis
2396 1892 2650 1946 mentitus
2678 1894 2764 1946 sit.
2793 1895 2913 1950 Cito
2939 1898 3077 1951 enim
3108 1901 3317 1956 videtur
3348 1904 3434 1958 ille
3463 1921 3584 1971 pec-

1995 1988 2167 2039 casse,
2216 1979 2305 2047 qui
2353 1995 2537 2034 vermn
2567 1982 2793 2038 dicendo
2817 1988 2926 2057 egit
2968 1998 3023 2042 ιιι
3053 1989 3212 2045 homo
3243 1993 3498 2048 incideret
3531 1996 3581 2050 in

1993 2066 2266 2122 latrones:
2297 2070 2388 2125 ille
2413 2083 2588 2127 autem
2623 2091 2726 2129 non
2758 2092 3024 2146 peccasse,
3055 2082 3140 2136 vel
3169 2084 3328 2138 etiam
3353 2085 3489 2139 bene
3511 2085 3611 2148 leo,

1995 2160 2152 2225 cisse,
2176 2164 2271 2231 'qui
2306 2161 2493 2217 falsum
2522 2165 2750 2223 dicendo
2779 2170 2884 2237 egit
2913 2181 2968 2225 ut
2993 2171 3152 2226 homo
3179 2177 3465 2245 perniciem
3491 2178 3576 2231 de-

1994 2249 2203 2304 vitaret.
2242 2252 2348 2307 Sed
2393 2269 2613 2323 possunt
2641 2261 2882 2330 exempla
2908 2262 3002 2316 ista
3029 2267 3288 2330 converti,
3321 2258 3377 2322 ιιί
3403 2279 3455 2322 et
3493 2269 3583 2325 ille

1993 2339 2188 2410 aliquid
2219 2346 2432 2413 gravius
2477 2363 2597 2401 cum
2632 2352 2734 2418 pati
2781 2353 2909 2406 velit
2951 2372 3108 2423 quem
3149 2357 3258 2412 l'alli
3301 2376 3403 2414 non
3436 2362 3578 2426 volt;

1997 2431 2146 2486 multi
2175 2435 2317 2489 enim
2340 2451 2466 2490 vera
2494 2439 2736 2505 qnmdam
2764 2448 3133 2511 cognoscendo
3161 2449 3259 2502 sibi
3289 2450 3586 2506 intulerunt

1995 2524 2285 2592 perniciem
2305 2569 2320 2594 ,
2351 2529 2394 2581 si
2424 2528 2547 2584 talia
2580 2529 2792 2586 luerunt
2835 2545 2891 2588 ut
2917 2550 3010 2590 eos
3040 2536 3206 2594 latere
3250 2540 3528 2597 debuerint
3566 2563 3580 2599 :

1994 2623 2049 2669 et
2080 2617 2178 2672 iste
2200 2619 2398 2689 aliquid
2425 2623 2691 2678 commodi
2724 2625 2851 2680 velit
2879 2627 3097 2697 adipisci
3127 2647 3248 2686 eum
3282 2647 3438 2704 quem
3469 2639 3589 2695 vult.

1995 2706 2134 2774 falli;
2170 2713 2410 2767 nonnulli
2457 2716 2600 2768 enim
2631 2716 2720 2784 qui
2765 2717 2864 2771 sibi
2898 2729 3121 2774 mortem
3167 2723 3488 2793 intulissent,
3535 2730 3581 2782 si

1994 2799 2192 2871 aliquid
2235 2806 2356 2858 mali
2382 2807 2522 2874 quod
2567 2823 2690 2862 vere
2721 2811 3013 2881 contigerat
3037 2814 3104 2869 de
3131 2815 3308 2872 charis
3350 2818 3460 2874 suis
3487 2835 3583 2875 co-

1993 2892 2304 2961 gnovissent
2329 2938 2342 2962 ,
2376 2896 2562 2951 falsum
2606 2902 2838 2968 putando
2883 2903 2982 2957 sibi
3016 2919 3393 2976 pepercerunt;
3425 2921 3584 2983 atque

1997 2981 2069 3035 ita
2096 2980 2204 3037 falli
2233 2985 2312 3039 eis
2340 2986 2554 3054 profuit,
2587 2989 2723 3043 sicut
2749 2992 2867 3046 aliis
2895 2993 3064 3048 obfuit
3093 3011 3213 3051 vera
3237 2980 3580 3070 Cognoscere.

1996 3072 2112 3128 Non
2140 3091 2268 3145 ergo
2298 3078 2347 3130 id
2379 3080 2568 3146 agitur,
2595 3097 2700 3149 quo
2724 3083 2903 3139 animo
2924 3087 3233 3144 consulendi
3262 3103 3353 3146 aut
3381 3111 3581 3150 nocen-

1995 3167 2049 3223 di
2077 3210 2092 3232 ,
2141 3168 2222 3223 vel
2270 3169 2356 3224 illc
2389 3170 2573 3224 falsum
2604 3173 2735 3227 dixit
2766 3191 2832 3229 ne
2863 3177 3106 3246 falleret,
3137 3182 3218 3236 vel
3262 3183 3360 3240 iste
3398 3201 3582 3242 verum

2000 3257 2136 3313 dixit
2183 3269 2240 3314 ut
2268 3261 2472 3315 falleret
2502 3279 2515 3314 :
2545 3263 2636 3317 sed
2677 3269 2915 3336 exceptis
2943 3271 3235 3327 commodis
3262 3284 3352 3329 aut
3380 3277 3582 3332 incom-

2000 3350 2176 3403 modis
2216 3365 2401 3404 eornm
2444 3353 2635 3422 quibus
2675 3355 2832 3412 locmi
2861 3369 3006 3426 smt,
3039 3373 3292 3430 quantum
3323 3365 3388 3420 ad
3417 3367 3583 3438 ipsam

1998 3442 2277 3496 veritatem
2306 3441 2692 3516 falsitatcmque
2715 3449 2923 3517 attinet,
2951 3455 3206 3522 qna-ritur
3225 3455 3346 3527 quis
3375 3473 3580 3526 eorum,

1997 3545 2062 3584 an
2095 3542 2349 3603 uterque,
2383 3547 2636 3592 neuterve
2680 3541 2932 3597 mentitus
2961 3543 3048 3598 sit.
3083 3546 3136 3600 Si
3181 3550 3321 3602 enim
3368 3553 3585 3608 menda-

1996 3623 2138 3677 cium
2167 3634 2249 3678 est
2278 3626 2570 3682 cmmtiatio
2595 3645 2716 3685 cum
2740 3633 3009 3690 voluntate
3035 3635 3220 3692 falsum
3248 3643 3580 3707 enuntiandi,

1999 3717 2086 3771 ille
2135 3719 2309 3787 potius
2354 3722 2608 3777 mentitus
2638 3727 2834 3796 estqui
2866 3727 3052 3782 falsum
3099 3729 3276 3786 dicere
3319 3734 3500 3800 voluit,
3531 3749 3586 3792 et

1996 3809 2129 3864 dixit
2152 3811 2292 3881 quod
2338 3813 2521 3880 voluit,
2555 3818 2797 3885 quamvis
2825 3832 2889 3872 nc
2919 3818 3125 3874 falleret
3153 3822 3346 3878 dixerit
3371 3844 3381 3878 :
3414 3827 3456 3880 si
3485 3844 3582 3881 au-

1997 3911 2101 3956 tem
2130 3902 2463 3960 mendacium
2487 3916 2568 3960 cst
2589 3909 2839 3978 qua-libet
2859 3911 3150 3966 enuntiatio
3171 3930 3290 3968 cum
3315 3917 3585 3976 voluntate

1996 3995 2233 4060 fallendi,
2264 4012 2368 4050 non
2399 3997 2507 4060 ille,
2536 3998 2630 4053 sed
2663 4001 2761 4053 istc
2791 4003 3043 4057 mentitus
3071 4014 3170 4069 est,
3199 4004 3287 4075 qui
3315 4009 3472 4062 etiam
3502 4027 3587 4065 ve-

1997 4103 2111 4141 rum
2158 4089 2386 4144 dicendo
2415 4087 2602 4147 Tallere
2634 4091 2802 4146 voluit
2831 4112 2844 4147 :
2875 4095 3014 4163 quod
3045 4095 3086 4150 si
3121 4099 3454 4156 mendacium
3502 4115 3583 4159 est

1992 4182 2287 4235 enuntiatio
2332 4198 2451 4236 eum
2502 4183 2773 4240 voluntate
2817 4187 3043 4258 alicujus
3095 4189 3377 4259 falsitatis,
3425 4197 3584 4250 ambo

1992 4276 2198 4328 mentiti
2227 4285 2378 4338 sunt;
2423 4277 2543 4345 quia
2572 4285 2626 4330 et
2653 4277 2742 4332 ille
2767 4293 2918 4334 suam
2946 4284 3362 4340 enuntiationem
3395 4287 3579 4344 falsam

1990 4383 2109 4421 esse
2131 4368 2316 4432 voluit,
2339 4377 2394 4421 et
2417 4367 2517 4424 iste
2538 4368 2604 4423 de
2651 4386 2775 4424 vera
2798 4388 2890 4425 sna
2942 4373 3129 4429 falsum
3174 4378 3321 4432 credi
3370 4382 3575 4436 voluit:

1995 4475 2152 4527 porro
2168 4460 2209 4513 si
2230 4461 2561 4514 mendacium
2581 4465 2661 4516 est
2678 4464 2969 4518 enuntiatio
2983 4463 3175 4522 falsum
3190 4471 3465 4526 enuntiare
3489 4489 3581 4528 vo-

1992 4551 2148 4603 lentis
2180 4559 2236 4603 nt
2256 4548 2418 4613 fallat,
2447 4555 2904 4608 neutcrmcotitus
2933 4565 3036 4618 est;
3056 4559 3175 4626 quia
3203 4569 3255 4612 ct
3285 4561 3371 4615 ille
3401 4561 3578 4620 habuit

1991 4647 2315 4702 voluntatem
2341 4647 2526 4701 falsum
2559 4645 2788 4703 dicendo
2811 4665 2990 4704 verum
3016 4654 3423 4722 persuadere,et
3455 4659 3574 4722 istc,

1991 4750 2047 4794 ιιι
2091 4739 2276 4792 falsum
2323 4741 2696 4810 persuaderet,
2731 4757 2914 4796 vermn
2953 4739 3150 4800 dicere.
3207 4747 3390 4801 Abcrit
3425 4749 3580 4818 igitur

1988 4831 2164 4885 ornnis
2194 4831 2466 4886 temeritas
2508 4840 2667 4901 atque
2709 4847 2869 4887 omne
2899 4835 3249 4902 mendacium,
3283 4839 3326 4890 si
3361 4839 3409 4891 id
3438 4842 3578 4908 quod

1991 4941 2172 4980 verum
2195 4920 2590 4980 credendumve
2615 4927 2979 4996 cognovimus,
3007 4943 3128 4981 cum
3152 4944 3285 4997 opus
3311 4939 3390 4982 est
3410 4946 3580 4985 cunn-

1991 5019 2202 5078 tiamns,
2234 5028 2286 5070 et
2318 5017 2367 5070 id
2401 5016 2645 5070 volumus
2690 5017 3012 5084 persuadere
3041 5018 3181 5086 quod
3213 5021 3576 5076 enuntiamus.

1989 5110 2043 5162 Si
2073 5117 2252 5162 autem
2301 5104 2383 5162 vel
2411 5108 2550 5177 quod
2603 5108 2792 5161 falsum
2826 5117 2908 5161 est
2954 5124 3136 5161 verum
3188 5119 3453 5178 putantes,
3499 5117 3580 5168 vel

1987 5200 2129 5270 quod
2175 5199 2500 5269 incognitum
2548 5207 2630 5252 est
2673 5199 2825 5252 nobis
2864 5213 2957 5266 pro
2987 5201 3200 5269 cognito
3237 5201 3496 5259 habentes
3540 5211 3581 5269 ⁸,

1989 5295 2070 5347 vel
2102 5292 2240 5363 quod
2272 5291 2596 5345 crcdcmlmn
2646 5299 2857 5343 nonest
2903 5291 3203 5356 credentes,
3239 5296 3320 5348 ιρι
3367 5312 3486 5349 cum
3532 5299 3580 5351 id

1991 5404 2094 5439 non
2126 5399 2260 5454 opus
2289 5395 2371 5437 est
2401 5382 2739 5435 enuntiantes
2766 5423 2778 5443 ,
2813 5392 2986 5437 tamen
3036 5400 3140 5437 non
3168 5387 3308 5440 aliud
3338 5405 3496 5458 quant
3532 5392 3580 5443 id

1988 5477 2128 5549 quod
2183 5477 2521 5532 enuntiamns
2569 5473 2891 5543 persuadere
2938 5490 3226 5532 conaumr:
3279 5495 3383 5532 non
3433 5482 3584 5534 abest

1987 5569 2202 5640 quidem
2247 5566 2561 5622 temeritatis
2610 5581 2761 5618 error
2789 5566 2831 5632 ’,
2865 5565 2956 5620 sed
2988 5568 3135 5622 abest
3166 5585 3325 5626 omne
3359 5575 3579 5624 menda-

1988 5664 2152 5716 cium.
2187 5657 2336 5715 Nulla
2373 5659 2513 5713 cnim
2551 5658 2920 5713 deﬁnitionum
2958 5660 3164 5715 illarum
3198 5664 3428 5717 timenda
3461 5676 3576 5729 est,

1989 5769 2108 5807 cum
2138 5753 2274 5807 bene
2304 5752 2402 5805 sibi
2432 5752 2679 5806 conscius
2705 5761 2784 5806 est
2815 5753 3044 5817 animus,
3076 5753 3175 5808 hoc
3203 5769 3262 5809 se
3301 5756 3580 5812 enuntiare

1991 5928 2017 5980 Ι)
2054 5869 2069 5899 ί
2109 5863 2274 5915 Plures
2297 5875 2421 5927 Mss,
2446 5865 2518 5916 vel
2541 5866 2666 5930 quod
2691 5863 2980 5929 incognitum
2999 5872 3068 5915 est
3083 5865 3215 5915 nobis
3237 5866 3474 5930 cognitum
3495 5870 3577 5914 tta-

2019 5937 2166 5978 entes.

2019 5937 2166 5978 entes.

2058 5997 2076 6025 ί
2109 5997 2179 6042 sie
2203 5999 2307 6042 Mss.
2338 6001 2390 6042 At
2411 5991 2544 6054 editi,
2564 5988 2805 6042 temeritas
2828 5996 2872 6040 et
2905 6002 3063 6039 error.

3063 6069 3336 6151 {Seich
