3986 6502
507 461 606 519 ιθι

503 571 644 648 quod
679 584 861 626 verum
892 581 1012 622 esse
1033 572 1127 621 aut
1153 563 1314 630 novit,
1339 560 1707 631 autopinatur,
1748 564 1838 612 aut
1865 555 2064 648 credit,

506 644 674 736 neque
700 661 834 717 velle
858 657 1057 730 aliquid
1078 697 1096 725 ,
1126 657 1230 713 nisi
1257 654 1396 726 quod
1427 651 1686 718 enuntiat,
1731 644 2068 720 persuadere.

573 757 629 811 5.
658 753 763 811 Sed
785 761 961 808 utrum
987 751 1056 806 sit
1078 750 1205 805 utile
1221 746 1506 818 aliquando
1526 742 1878 808 mendacium,
1903 737 2073 794 multo

508 847 672 918 major
706 845 985 916 magisque
1024 839 1324 898 necessaria
1348 839 1570 910 quaestio
1598 846 1700 892 est.
1729 833 1917 891 Utrum
1945 845 2074 902 ergo

503 937 792 994 mentiatur
815 934 1054 1006 quisquis
1080 931 1290 987 fallendi
1317 945 1422 984 non
1449 928 1605 984 habet
1625 925 1971 988 voluntatem,
1989 920 2075 976 vel

506 1029 662 1083 etiam
693 1026 745 1080 id
789 1025 894 1095 agit
933 1039 1003 1079 ne
1031 1023 1239 1079 fallatur
1263 1020 1348 1076 cui
1374 1017 1570 1089 aliquid
1595 1015 1857 1079 enuntiat,
1885 1027 2075 1083 quam-

505 1121 583 1173 vis
609 1116 1026 1174 enuntiationem
1054 1116 1218 1186 ipsam
1250 1112 1432 1167 falsam
1461 1111 1660 1168 habere
1683 1107 1930 1169 voluerit,
1955 1105 2074 1174 quia

507 1209 626 1264 ideo
653 1208 818 1263 voluit
854 1216 911 1261 ut
940 1220 1122 1263 verum
1167 1202 1543 1274 persuaderet;
1574 1210 1627 1255 et
1655 1207 1830 1254 utrum
1857 1196 2078 1251 mentia-

509 1312 594 1357 tur
631 1299 870 1372 quisquis
912 1299 1072 1355 etiam
1101 1311 1284 1352 verum
1316 1296 1499 1350 volens
1523 1293 1764 1349 enuntiat
1792 1303 1950 1345 causa
1974 1287 2073 1341 lal-

511 1392 673 1457 lendi,
705 1391 927 1446 dubitari
977 1397 1167 1459 potest.
1195 1387 1360 1442 Nemo
1402 1392 1578 1441 autem
1615 1382 1820 1438 dubitat
1862 1377 2076 1434 mentiri

509 1465 629 1536 eum
656 1481 744 1550 qui
775 1480 958 1536 volens
981 1479 1168 1534 falsum
1194 1477 1432 1532 enuntiat
1465 1489 1624 1530 causa
1659 1470 1874 1528 fallendi
1903 1489 1916 1526 :
1947 1483 2077 1539 qua-

513 1579 732 1643 propter
755 1571 1165 1629 enuntiationem
1195 1569 1374 1623 l‘alsam
1400 1582 1520 1622 cum
1532 1563 1874 1622 voluntatead
1886 1562 2078 1618 fallen-

513 1663 638 1717 dum
664 1663 944 1734 prolatam,
977 1658 1312 1715 manil‘estum
1339 1667 1422 1713 est
1445 1671 1565 1712 esse
1592 1655 1944 1711 mendacium.
1972 1651 2078 1708 Sed

515 1765 693 1810 utrum
724 1762 825 1810 hoc
849 1754 1018 1809 solum
1047 1753 1116 1809 sit
1141 1750 1493 1817 mendacium,
1522 1750 1623 1802 alia
1653 1747 1876 1817 quaestio
1904 1754 2006 1799 est.

582 1846 808 1903 CAPUT
846 1845 909 1902 V.
958 1875 1030 1886 —
1070 1842 1255 1914 Opinio
1297 1843 1552 1913 afﬁrmans
1592 1838 1931 1894 mentiendum
1973 1851 2081 1891 esse

515 1951 892 2007 nonnunquam.
919 1933 1104 2006 Opinio
1131 1947 1318 2004 negans
1345 1946 1452 1986 esse
1477 1945 1696 2000 unquam
1714 1924 2076 1981 mentiendum.

516 2026 764 2096 Exempla
806 2042 896 2097 pro
917 2024 1174 2079 mendacio
1199 2039 1264 2077 ea;
1300 2019 1465 2077 Veteri
1482 2020 1797 2075 Testamento
1821 2015 1978 2072 allata
2002 2015 2081 2068 di-

510 2118 811 2171 scutiuntur.
841 2114 1114 2170 Menliendi
1156 2111 1440 2182 exemplum
1476 2126 1540 2165 ex
1578 2107 1894 2164 Testamento
1933 2104 2082 2160 Novo

514 2206 712 2260 nullum
750 2213 1028 2275 suppetere.
1058 2202 1310 2258 Timothei
1345 2201 1658 2255 circumcisio
1684 2215 1784 2254 non
1809 2214 1896 2269 per
1923 2197 2080 2251 sintu-

512 2297 748 2352 lationem
778 2298 931 2369 facta.
965 2293 1144 2350 Petrus
1181 2293 1388 2348 libenter
1406 2301 1654 2348 correctus
1691 2307 1722 2344 a
1763 2288 1946 2344 Paulo.
1977 2288 2082 2342 Au-

510 2391 791 2446 ctoritatem
815 2389 1085 2445 mentiendi
1123 2404 1224 2443 non
1266 2388 1426 2459 magis
1459 2386 1735 2440 communis
1781 2385 1893 2438 uiue
1929 2399 2081 2454 quam

514 2487 894 2557 Scripturarum
939 2483 1178 2554 exetnplis
1214 2481 1374 2535 astrui
1418 2495 1582 2551 posse.
1613 2477 1829 2533 Interim
1871 2475 1939 2531 de
1979 2475 2082 2529 hoc

511 2593 739 2650 genere,
789 2578 842 2632 in
887 2575 1029 2647 quod
1076 2590 1262 2631 omnes
1308 2573 1664 2637 consentiunt,
1713 2569 2079 2640 inquiramus:

515 2679 691 2724 utrum
735 2667 1023 2739 aliquando
1066 2668 1138 2723 sit
1177 2665 1304 2721 utile
1347 2665 1536 2720 falsum
1578 2662 1775 2733 aliquid
1803 2661 2082 2717 enuntiare

512 2774 632 2814 cum
661 2759 932 2814 voluntate
961 2756 1196 2814 fallendi.
1222 2755 1353 2812 Nam
1383 2755 1472 2825 qui
1508 2753 1612 2809 hoc
1635 2753 1893 2817 sentiunt,
1925 2750 2081 2806 adhi-

513 2851 639 2906 bent
678 2851 979 2906 testimonia
1010 2849 1289 2906 sententia:
1317 2863 1450 2914 sum,
1479 2853 1957 2902 commemorantes
1984 2841 2087 2900 Sa-

513 2957 628 2995 ram
664 2956 783 2996 cum
827 2941 1053 3005 risisset,
1079 2939 1282 3010 angelis
1309 2952 1534 3008 negasse
1559 2935 1697 3006 quod
1725 2937 1903 2991 riserit
1927 2934 2079 3006 (Gen.

510 3046 663 3097 ινιιι,
693 3030 814 3101 15);
849 3029 1012 3088 Jacob
1049 3044 1078 3082 a
1125 3037 1273 3099 patre
1319 3029 1718 3097 interrogatum,
1747 3026 2084 3098 respondisse

508 3119 657 3190 quod
683 3120 796 3190 ipse
819 3129 963 3176 esset
991 3120 1130 3175 Esau
1151 3119 1323 3190 major
1344 3119 1482 3173 ﬁlius
1504 3118 1621 3188 ejus
1643 3117 1755 3190 (Id.
1779 3134 1942 3186 xxvii,
1969 3119 2080 3189 l9);

514 3209 792 3281 Egyptias
814 3225 1024 3281 quoque
1047 3210 1381 3274 obstetrices,
1410 3225 1478 3264 ne
1504 3209 1730 3265 infantes
1756 3209 1964 3264 llebrcei
1985 3226 2082 3263 na-

513 3311 725 3357 scentes
753 3301 1204 3369 interﬁcerentur,
1235 3301 1394 3358 etiam
1426 3300 1538 3356 Deo
1565 3300 1894 3371 approbante
1918 3309 1971 3355 et
1996 3317 2084 3356 re-

504 3403 827 3448 ‘munerante
852 3393 1098 3449 mentitas
1123 3392 1313 3463 (Exod.
1341 3409 1378 3457 ι,
1409 3393 1495 3460 l9,
1523 3393 1613 3465 20)
1642 3402 1728 3461 ;ct
1757 3394 1919 3449 multa
1942 3394 2085 3465 ejus-

517 3483 662 3539 modi
705 3485 945 3553 exempla
989 3485 1264 3555 eligentes,
1297 3500 1478 3540 eorum
1510 3485 1782 3540 hominum
1810 3487 2086 3542 mendacia

516 3584 956 3642 commemorant,
1002 3591 1134 3645 quos
1171 3576 1388 3646 culpare
1429 3591 1535 3632 non
1583 3577 1800 3643 audeas,
1830 3586 1987 3648 atque
2013 3578 2086 3632 ita

509 3664 731 3729 :htearis'
771 3666 1055 3737 aliquando
1099 3682 1219 3722 esse
1259 3681 1415 3736 posse
1460 3683 1566 3722 non
1610 3669 1778 3722 solum
1808 3669 2087 3739 reprehen-

518 3758 669 3814 sione
713 3775 816 3814 non
865 3759 1103 3830 dignum,
1131 3759 1225 3814 sed
1257 3759 1415 3814 etiam
1443 3759 1659 3830 dignum
1685 3760 1839 3814 laude
1868 3759 2086 3814 menda-

517 3849 680 3904 cium.
713 3849 930 3904 Addunt
973 3851 1154 3915 etiam,
1186 3865 1291 3920 quo
1322 3864 1427 3904 non
1456 3850 1599 3905 solos
1628 3859 1870 3919 premant
1895 3849 2087 3904 divinis

521 3939 693 3994 Libris
720 3939 948 4004 deditos,
976 3939 1068 3995 sed
1095 3941 1254 3994 etiam
1283 3953 1470 3994 onmes
1499 3939 1741 3994 homines
1767 3954 2087 4010 sensumque

515 4028 1260 4096 communcm,diccnles:Si
1307 4029 1426 4098 quis
1467 4027 1534 4082 ad
1585 4037 1635 4084 te
1678 4029 1963 4099 confugiat,
1999 4030 2086 4097 qui

516 4119 795 4175 mendacio
823 4129 912 4174 tuo
941 4120 1105 4189 possit
1137 4137 1164 4173 a
1190 4129 1362 4174 morte
1387 4119 1624 4186 liberari,
1655 4137 1760 4174 non
1811 4135 1868 4174 es
1897 4122 2089 4174 menti-

519 4208 702 4262 turus?
723 4207 778 4262 Si
805 4208 1000 4277 aliquid
1031 4219 1260 4278 a‘grolus
1286 4210 1574 4279 interroget
1591 4211 1730 4279 quod
1754 4210 1803 4263 ei
1827 4209 1964 4265 scire
1981 4225 2084 4264 non

515 4300 752 4368 expedit,
781 4299 872 4369 qui
896 4300 1053 4354 etiam
1088 4310 1138 4354 te
1167 4315 1269 4355 non
1297 4301 1653 4369 respondente
1677 4303 1844 4372 possit
1876 4303 2087 4371 gravius

515 4390 712 4461 aﬂligi;
745 4391 1032 4447 audebisne
1058 4403 1146 4446 aut
1169 4407 1349 4446 verum
1377 4392 1554 4447 dicere
1581 4393 1633 4446 in
1665 4394 1952 4463 perniciem
1987 4394 2086 4448 ho-

505 4483 695 4547 minis,
726 4491 816 4536 aut
853 4484 1010 4538 silere
1039 4484 1212 4552 potius
1237 4499 1393 4553 quam
1423 4482 1648 4539 honesto
1677 4494 1729 4538 et
1757 4485 2085 4539 misericordi

519 4572 795 4628 mendacio
823 4573 1112 4628 valetudini
1138 4576 1253 4642 ejus
1277 4573 1566 4644 opitulari?
1595 4575 1688 4630 His
1707 4583 1863 4646 atque
1895 4577 2086 4631 talibus

518 4663 884 4732 cepiosissimc
913 4679 971 4719 se
996 4665 1323 4719 arbitrantur
1352 4679 1560 4735 urgere,
1599 4675 1655 4720 ut
1697 4667 1740 4720 si
1777 4667 2082 4722 consulendi

517 4769 677 4811 causa
704 4755 887 4824 exigit,
915 4755 1199 4825 aliquando
1222 4755 1557 4810 mentiamur.

586 4846 637 4901 6.
667 4846 885 4910 Contra,
911 4847 982 4900 illi
1003 4847 1192 4917 quibus
1217 4847 1389 4915 placet
1415 4863 1677 4917 nunquam
1702 4849 2083 4912 mentiendum,

506 4936 685 4991 multo
726 4935 920 4991 fortius
947 4944 1128 5006 agunt,
1161 4945 1370 4990 utentes
1406 4937 1575 5005 primo
1604 4939 1919 4993 auctoritate
1948 4938 2085 4993 divi-

519 5043 606 5094 na,
638 5028 887 5098 quoniam
924 5027 977 5083 in
1020 5028 1134 5098 ipso
1177 5028 1435 5097 Dccalogo
1465 5029 1717 5098 scriptum
1737 5041 1845 5094 est,
1878 5029 2088 5083 Falsum

518 5121 853 5174 testimonium
894 5136 958 5175 ne
999 5120 1138 5174 dicas
1172 5117 1280 5188 (Id.
1305 5135 1402 5185 xx,
1437 5119 1556 5192 16);
1589 5134 1695 5190 quo
1721 5135 1915 5188 genere
1943 5136 2089 5174 com—

518 5209 765 5277 plectitur
811 5225 969 5264 omne
1011 5209 1650 5280 mendacium:quisquis
1697 5210 1838 5264 enim
1888 5212 2085 5280 aliquid

519 5299 776 5364 enuntiat,
805 5300 1162 5355 testimonium
1204 5299 1448 5369 perhibet
1488 5300 1667 5353 animo
1713 5313 1830 5354 suo.
1873 5300 1977 5356 Sed
2023 5317 2090 5356 ne

521 5387 638 5455 quis
661 5388 945 5442 contendat
966 5404 1069 5443 non
1097 5405 1255 5444 omne
1279 5389 1608 5444 mendacium
1633 5388 1819 5444 falsum
1845 5391 2087 5445 testimo-

525 5475 664 5531 sium
691 5491 810 5530 esse
838 5478 1241 5546 appellandum;
1270 5479 1396 5547 quid
1417 5479 1654 5534 dicturus
1679 5489 1759 5534 cst
1782 5480 1846 5536 ad
1874 5481 1923 5534 id
1946 5482 2085 5551 quod

524 5567 774 5634 scriptum
801 5575 903 5631 est,
935 5566 1006 5620 οε
1031 5568 1165 5636 quod
1201 5569 1437 5622 mentitur
1475 5570 1654 5623 occidit
1685 5570 1902 5624 animam
1930 5571 2086 5644 (Sap.

525 5673 560 5720 l,
592 5657 723 5728 ll)?
769 5659 908 5728 quod
961 5674 1027 5712 ne
1056 5659 1174 5729 quis
1219 5661 1503 5715 arbitretur
1541 5664 1774 5732 exceptis
1827 5663 2087 5734 aliquibus

515 5747 902 5804 mentientibus
951 5763 1104 5818 posse
1147 5749 1386 5819 intelligi,
1419 5751 1526 5805 alio
1565 5752 1681 5806 loco
1707 5754 1862 5824 legat,
1897 5753 2088 5810 Perdes

519 5853 686 5894 omnes
738 5841 824 5910 qui
868 5841 1139 5915 loquuntur
1189 5842 1500 5895 mendacium
1527 5841 1692 5912 (l’sal.
1737 5861 1790 5913 v,
1821 5845 1894 5917 7).
1939 5847 2086 5903 Unde

1625 446 1711 501 DE
1749 406 2108 512 assmulo,
2153 442 2212 500 s.
2256 444 2616 502 Ancusrm

3649 444 3759 500 4οἳ

2184 568 2278 608 ore
2303 569 2397 606 suo
2428 555 2539 623 ipse
2565 553 2849 610 Dominus:
2875 553 2974 619 Sit,
3003 555 3190 626 inquit,
3220 555 3271 610 in
3297 571 3383 610 ore
3407 563 3588 619 oestro,
3634 553 3748 618 Est,

2185 655 2291 708 est;
2319 645 2457 712 Non,
2486 663 2584 711 non
2613 662 2632 701 :
2666 646 2799 715 quod
2841 655 3010 700 autem
3052 647 3270 718 antplius
3313 657 3403 710 est,
3435 665 3468 702 a
3497 647 3635 705 male
3675 656 3748 703 est

2184 736 2394 811 (Mat-tit.
2421 752 2475 804 ν,
2503 737 2612 808 57).
2646 736 2779 791 llinc
2797 745 2852 792 et
2876 737 3161 806 Apostolus
3184 751 3308 792 cum
3333 738 3636 794 exuendam
3659 752 3734 793 ve

2185 840 2351 884 terem
2385 828 2656 883 hominem
2686 827 3015 898 praeciperet,
3041 844 3146 899 quo
3175 830 3389 885 nomine
3413 831 3593 886 omnia
3618 844 3738 902 pec-

2183 927 2299 974 cata
2319 919 2700 989 intelliguntur,
2725 929 3109 990 consequenter
3125 921 3218 985 ait,
3241 920 3294 974 in
3317 921 3502 990 primis
3524 936 3748 991 ponens,

2187 1010 2504 1082 Quapropter
2523 1010 2822 1080 deponentes
2847 1010 3181 1078 mendacium,
3213 1011 3473 1080 loquimini
3493 1014 3754 1066 veritatem

2185 1101 2396 1173 (Ep/tes.
2420 1118 2492 1166 tv,
2517 1101 2634 1171 25).

2255 1194 2306 1247 7.
2331 1192 2440 1248 Nec
2465 1193 2568 1248 illis
2605 1209 2722 1263 qua:
2763 1192 2830 1246 de
2861 1193 3130 1248 veteribus
3151 1194 3326 1249 Libris
3352 1193 3752 1248 mendaciorum

2184 1285 2422 1356 exempla
2455 1285 2653 1355 prolata
2679 1294 2820 1350 sunt,
2845 1286 3028 1340 terreri
3053 1299 3112 1340 se
3137 1285 3355 1351 dicunt;
3388 1287 3474 1340 ubi
3495 1285 3756 1356 quidquid

2183 1386 2390 1449 gestum
2439 1385 2540 1441 est,
2571 1379 2787 1447 ﬁgurate
2829 1377 2996 1446 accipi
3039 1385 3230 1446 potest,
3277 1378 3518 1447 quamvis
3569 1393 3756 1433 revera

2184 1467 2770 1538 contigeritzquidquid
2813 1476 2986 1522 autem
3032 1469 3254 1539 ﬁgurate
3299 1469 3358 1522 ﬁt
3401 1477 3494 1524 aut
3533 1469 3751 1533 dicitur,

2185 1574 2290 1613 non
2334 1569 2415 1613 est
2462 1558 2812 1613 mendacium.
2842 1557 3026 1614 Omnis
3064 1560 3205 1613 enim
3246 1560 3558 1627 enuntiatio,
3596 1559 3663 1613 ad
3703 1559 3758 1615 id

2185 1649 2325 1720 quod
2365 1650 2623 1714 enuntiat,
2653 1649 2926 1704 referenda
2967 1659 3066 1703 est.
3094 1650 3264 1705 Omne
3303 1659 3481 1704 autem
3533 1651 3758 1720 ﬁgurate

2178 1749 2274 1796 aut
2312 1741 2504 1796 factum
2547 1749 2638 1794 aut
2673 1740 2871 1794 dictum
2901 1739 3003 1796 hoc
3038 1742 3277 1796 enuntiat
3313 1740 3452 1811 quod
3493 1741 3758 1812 signiﬁcat

2183 1835 2262 1890 eis
2286 1834 2476 1906 quibus
2504 1834 2899 1905 intelligendum
2931 1835 3192 1904 prolatum
3217 1841 3320 1890 est.
3350 1832 3503 1890 Unde
3529 1834 3758 1890 creden-

2185 1927 2311 1981 dum
2333 1937 2413 1982 est
2438 1927 2557 1982 illos
2587 1927 2830 1982 homines
2867 1926 2957 1998 qui
2983 1927 3304 1998 prepheticis
3329 1927 3655 1997 temporibus
3676 1927 3760 1982 di-

2185 2021 2274 2090 gni
2313 2019 2626 2074 auctoritate
2671 2019 2833 2074 luisse
2865 2026 3384 2084 «commemorantur,
3415 2019 3593 2072 omnia
3638 2034 3761 2088 quae

2186 2111 2381 2181 scripta
2411 2120 2534 2166 sunt
2568 2110 2634 2165 de
2675 2109 2796 2175 illis,
2815 2109 3132 2180 pr0phetice
3158 2110 3387 2180 gessisse
3410 2119 3569 2180 atque
3589 2109 3760 2164 dixis-

2177 2215 2245 2256 se
2270 2219 2282 2254 :
2307 2215 2404 2256 nec
2437 2201 2611 2255 minus
2651 2199 2956 2270 prophetice
2999 2199 3076 2254 eis
3103 2198 3382 2266 accidisse,
3409 2213 3762 2270 quascumque

2187 2293 2262 2346 sic
2288 2292 2610 2360 acciderunt,
2639 2301 2696 2346 ut
2719 2291 2906 2347 eodem
2935 2291 3243 2362 prOphetico
3267 2291 3464 2362 Spiritu
3486 2291 3762 2346 memorias

2189 2385 2480 2454 litterisque
2512 2384 2807 2439 mandanda
2844 2385 3226 2454 judicarentur.
3260 2384 3334 2438 De
3380 2383 3760 2438 obstetricibus

2187 2485 2384 2541 autem,
2410 2475 2531 2545 quia
2562 2491 2667 2530 non
2705 2489 2797 2530 eas
2837 2483 3056 2544 possunt
3098 2473 3276 2530 dicere
3304 2474 3616 2545 prophetico
3641 2473 3767 2544 Spi-

2179 2569 2290 2623 ritu
2319 2568 2648 2639 signiﬁcandi
2689 2569 2846 2624 futuri
2887 2571 2996 2624 veri
3039 2570 3226 2640 gratia,
3259 2571 3401 2625 aliud
3425 2585 3521 2640 pro
3544 2571 3650 2625 alio
3677 2585 3765 2625 re-

2188 2663 2459 2718 nuntiasse
2483 2661 2766 2727 Pharaoni,
2789 2665 2994 2718 etiamsi
3022 2663 3217 2732 aliquid
3246 2664 3375 2734 ipsis
3397 2663 3765 2720 nescientibus

2187 2756 2329 2822 quod
2379 2767 2471 2821 per
2507 2767 2598 2808 eas
2643 2763 2819 2808 actum
2856 2763 2938 2809 est
2977 2755 3310 2824 signiﬁcavit,
3345 2771 3441 2824 pro
3469 2757 3633 2826 gradu
3665 2772 3768 2814 suo

2189 2841 2369 2896 dicunt
2409 2844 2722 2913 approbatas
2769 2854 2824 2899 et
2871 2855 3238 2901 remuneratas
3266 2864 3294 2900 a
3323 2849 3449 2902 Deo.
3479 2849 3576 2916 Qui
3618 2851 3766 2904 enim

2190 2935 2412 2990 nocendi
2437 2951 2593 2990 causa
2615 2938 2825 2991 mentiri
2851 2938 3007 3003 solet,
3035 2939 3078 2992 si
3095 2938 3203 3008 jam
3226 2941 3535 2995 consulendi
3559 2941 3572 2972 ¹
3601 2956 3765 2996 causa

2191 3026 2494 3092 mentiatur,
2529 3026 2749 3082 multmn
2790 3027 3030 3098 profecit.
3059 3027 3163 3086 Sed
3194 3031 3334 3084 aliud
3370 3040 3452 3086 est
3489 3031 3630 3101 quod
3669 3047 3766 3101 per

2189 3132 2248 3171 se
2277 3116 2448 3186 ipsum
2479 3116 2739 3173 laudabile
2765 3120 3094 3188 proponitur,
3116 3120 3258 3175 aliud
3286 3121 3424 3191 quod
3453 3122 3505 3175 in
3531 3122 3768 3177 deterio-

2191 3207 2262 3260 ris
2288 3209 2680 3277 comparatione
2707 3209 3049 3280 praeponitur.
3079 3211 3247 3265 Alilcr
3267 3212 3407 3266 enim
3436 3213 3770 3282 gratulamur

2189 3313 2307 3351 eum
2339 3312 2497 3352 sanus
2525 3307 2606 3352 est
2631 3298 2810 3364 homo,
2851 3301 3002 3354 aliter
3033 3317 3151 3355 cum
3181 3302 3372 3357 melius
3403 3301 3559 3358 habet
3586 3319 3769 3372 argro-

2192 3397 2294 3440 tus.
2325 3387 2452 3441 Nam
2480 3389 2532 3442 in
2556 3389 2847 3459 Scripturis
2876 3391 3006 3460 ipsis
3025 3391 3311 3461 justiﬁcata
3345 3393 3506 3447 etiam
3532 3393 3772 3448 Sodoma

2189 3475 2383 3531 dicitur
2409 3477 2460 3531 in
2482 3481 2875 3550 comparatione
2893 3483 3154 3537 scelerum
3177 3484 3354 3554 pOpuli
3373 3485 3532 3540 Israel
3551 3485 3769 3558 (Ezecli.

2191 3587 2299 3638 xvr,
2329 3570 2440 3640 5‘2).
2469 3571 2536 3626 Et
2568 3572 2635 3627 ad
2663 3574 2797 3629 hanc
2827 3576 3061 3645 regulam
3092 3576 3324 3647 dirigunt
3349 3580 3525 3633 omnia
3552 3579 3771 3632 menda-

2190 3664 2266 3717 cia
2290 3680 2406 3734 qua:
2438 3665 2778 3736 proferuntur
2815 3667 2882 3722 de
2925 3670 3193 3724 veteribus
3227 3669 3426 3737 Libris,
3455 3685 3552 3725 nec
3582 3686 3772 3739 repre-

2193 3756 2355 3811 hensa
2396 3756 2753 3823 inveniuntur,
2786 3749 2867 3814 vel
2908 3761 3229 3830 reprehendi
3277 3777 3381 3816 non
3428 3774 3669 3832 possunt,
3713 3774 3771 3816 ut

2191 3856 2283 3900 aut
2326 3847 2500 3903 indole
2543 3850 2930 3918 proﬁcientium
2962 3861 3015 3905 et
3042 3867 3138 3922 spe
3163 3851 3548 3922 approbantur,
3579 3864 3670 3907 aut
3703 3857 3772 3908 si-

2190 3930 2543 4000 gniﬁcationis
2563 3933 2781 4002 alicujus
2800 3949 2957 3988 causa
2975 3952 3079 3989 non
3097 3936 3204 3990 sint
3229 3937 3445 3990 omnino
3467 3937 3768 3991 mendacia.

2262 4021 2316 4077 8.
2347 4023 2410 4076 Et
2431 4022 2550 4077 ideo
2579 4023 2646 4078 de
2677 4023 2825 4078 libris
2851 4025 2981 4079 Novi
3011 4025 3358 4094 Testamenti,
3383 4028 3619 4097 exceptis
3643 4028 3775 4098 ﬁgu-

2193 4113 2321 4166 ratis
2362 4113 2833 4183 signiﬁcationibus
2881 4117 3111 4184 Domini,
3170 4119 3214 4172 si
3268 4119 3429 4173 vitam
3482 4135 3775 4189 moresque

2193 4215 2496 4258 sanctorum
2523 4215 2575 4260 et
2602 4204 2738 4261 facta
2756 4223 2819 4262 ac
2838 4207 2974 4263 dicta
3000 4209 3329 4277 consideres,
3360 4211 3490 4266 nihil
3517 4213 3620 4267 tale
3643 4229 3776 4281 pro-

2193 4292 2316 4346 ferri
2347 4302 2540 4362 potest,
2559 4295 2699 4366 quod
2721 4297 2785 4349 ad
2808 4298 3155 4355 imitationem
3177 4311 3430 4371 provocet
3451 4302 3771 4356 mentiendi.

2191 4385 2468 4440 Simulatio
2493 4402 2725 4457 namque
2752 4389 2893 4443 Petri
2919 4399 2973 4445 et
3001 4390 3258 4446 Barnaba:
3284 4408 3389 4447 non
3417 4393 3585 4446 solum
3613 4409 3772 4448 corn—

2194 4489 2501 4544 memorata,
2532 4496 2715 4536 verum
2746 4484 2904 4538 etiam
2955 4485 3278 4554 reprehensa
3325 4495 3485 4556 atque
3527 4498 3774 4542 correcta

2193 4582 2275 4628 est
2299 4573 2491 4645 (Galat.
2522 4589 2579 4640 ιι,
2608 4573 2695 4640 12,
2730 4575 2842 4644 l5).
2874 4575 2988 4632 Non
3017 4577 3180 4642 enim,
3205 4588 3260 4633 ut
3285 4579 3526 4633 nonnulli
3555 4589 3771 4649 putant,

2193 4679 2256 4719 ex
2284 4665 2469 4720 eadem
2491 4657 2826 4722 simulatione
2854 4669 3013 4722 etiam
3045 4669 3238 4726 Paulus
3263 4671 3536 4741 apostolus
3561 4682 3653 4726 aut
3673 4671 3775 4726 Ti-

2193 4757 2462 4812 motheum
2503 4759 2862 4826 circumcidit,
2889 4768 2979 4815 aut
3009 4762 3119 4831 ipse
3147 4763 3388 4833 qumdam
3416 4764 3517 4817 ritu
3545 4763 3774 4818 Judaico

2194 4857 2523 4903 sacramenta
2565 4850 2849 4905 celebravit
2875 4852 2989 4921 (a);
3020 4853 3112 4907 sed
3149 4869 3212 4908 ex
3259 4855 3344 4907 illa
3374 4854 3619 4909 libertate
3647 4869 3782 4908 sen-

2193 4941 2376 4994 tentire
2422 4955 2552 5005 suae,
2590 4957 2691 5010 qua
2737 4942 3044 5011 praedicavit
3087 4960 3183 4999 nec
3212 4944 3467 4999 Gentibus
3512 4944 3780 5014 prodesse

2195 5034 2673 5099 circuntcisioncm,
2700 5050 2798 5090 nec
2841 5035 3040 5090 Judmis
3083 5038 3292 5092 obesse.
3326 5037 3477 5092 Unde
3507 5052 3605 5092 nec
3651 5037 3780 5093 illos

2196 5126 2564 5195 astringendos
2592 5125 2656 5178 ad
2687 5129 3126 5182 consuetudinem
3152 5129 3478 5196 Judmorum,
3509 5144 3607 5182 nec
3654 5129 3784 5186 illos

2195 5231 2224 5269 a
2259 5226 2470 5284 paterna
2516 5216 2863 5273 deterrendos
2906 5221 3131 5274 censuit.
3162 5220 3313 5276 Unde
3339 5220 3428 5275 illa
3452 5220 3613 5274 verba
3659 5221 3781 5289 ejus

2195 5317 2318 5360 sunt
2342 5325 2354 5360 :
2378 5307 2712 5365 Circumcisus
2741 5313 2850 5378 quis
2882 5323 3084 5366 vocatus
3122 5314 3236 5367 est?
3263 5331 3362 5367 non
3387 5313 3608 5366 adducat
3639 5331 3779 5383 prat-

2198 5399 2411 5466 putium.
2438 5399 2501 5452 In
2533 5402 2780 5470 praeputio
2804 5403 2912 5464 quis
2931 5413 3135 5457 vocatus
3162 5403 3278 5458 est?
3305 5421 3405 5456 non
3433 5404 3785 5457 circumcida—

2198 5501 2296 5542 (ur.
2325 5490 2644 5544 Circumcisio
2689 5492 2816 5545 nihil
2857 5504 2948 5557 est,
2980 5503 3026 5546 et
3053 5495 3357 5564 prteputium
3386 5494 3513 5548 nihil
3554 5503 3625 5545 est
3645 5510 3664 5557 ;
3686 5498 3791 5548 sed

2197 5584 2470 5636 observatio
2501 5584 2854 5638 mandatorum
2883 5585 2995 5640 Dei.
3041 5586 3393 5656 Unusquisque
3417 5589 3468 5640 in
3493 5603 3592 5655 qua
3620 5603 3785 5641 voca-

2194 5739 2403 5851 ab:astttic
2441 5738 2489 5786 in
2516 5737 2658 5788 editis
2693 5739 2912 5800 additur,
2945 5739 3017 5790 rel
3059 5737 3382 5805 proficiendi;
3415 5741 3540 5804 quod
3589 5752 3619 5791 ι
3659 5742 3790 5793 Mss.

2256 5863 2330 5922 (ﬂ)
2365 5863 2692 5924 Hieronymus,
2721 5861 2919 5924 epistola
2944 5865 3004 5913 75
3023 5866 3149 5914 inter
3167 5865 3547 5928 Attgttstinianzs,
3575 5880 3623 5914 n.
3642 5865 3722 5915 υ-ι
3739 5870 3786 5916 Ι.
