3986 6522
454 491 558 556 L95

457 612 671 668 alterius
693 605 965 678 temporali
989 601 1296 658 mentiendo
1325 598 1619 654 amissurus
1637 595 2045 664 est.1‘empora.

461 707 559 757 leni
585 701 735 770 plane
751 700 912 752 vitam
931 711 1080 751 suam
1097 709 1195 765 pro
1219 701 1419 747 aeterna
1436 689 1542 744 vita
1565 687 1792 759 proximi
1815 700 1919 740 non
1941 683 2045 739 du-

460 794 644 850 bitabit
657 792 983 848 Christianus
999 788 1243 842 amittere
1263 803 1276 838 :
1297 784 1400 840 hoc
1415 784 1556 838 enim
1581 781 1858 852 praecessit
1875 793 2049 834 exem-

461 886 625 955 plum,
657 893 718 938 ut
743 898 838 952 pro
865 881 1019 935 nobis
1063 877 1319 933 Dominus
1353 877 1466 945 ipse
1497 881 1814 928 moreretur.
1834 868 1914 924 Ad
1950 867 2050 922 hoc

460 979 600 1033 enim
614 987 667 1031 et
682 976 772 1029 ait:
785 973 896 1026 Iloc
917 981 987 1025 est
1009 969 1304 1024 mandatum
1325 982 1511 1028 meum,
1526 973 1582 1018 ut
1601 963 1824 1033 diligatis
1843 961 2052 1014 invicem

462 1072 586 1124 sicut
613 1078 661 1122 et
682 1083 771 1138 ego
795 1064 950 1118 dilexi
970 1079 1074 1117 vos.
1106 1061 1159 1116 Μ
1165 1061 1356 1131 ajorem
1379 1055 1864 1110 dilectionem'uemo
1883 1050 2048 1115 habet,

464 1177 611 1229 quam
641 1168 693 1213 ut
713 1160 932 1211 animam
960 1170 1104 1209 suam
1131 1161 1284 1222 ponat
1305 1165 1396 1219 pro
1418 1148 1593 1201 amicis
1614 1145 1720 1199 suis
1746 1144 1924 1214 (Joan.
1957 1155 2049 1203 xv,

471 1250 561 1313 1‘2,
588 1250 702 1318 15).
721 1247 836 1302 Non
857 1245 1000 1300 enim
1025 1244 1304 1313 quisquam
1329 1248 1411 1294 est
1439 1238 1510 1292 ita
1530 1235 1820 1306 desipiens,
1841 1241 1894 1286 ut
1914 1231 2056 1286 dicat

469 1342 609 1398 .tliud
649 1355 805 1411 quam
849 1337 1005 1393 saluti
1047 1335 1385 1405 sempiternae
1411 1328 1687 1384 hominum
1726 1322 2056 1380 consuluisse

473 1430 879 1488 Dominum'vel
925 1423 1349 1494 faciendo-quod
1398 1420 1688 1492 percepit,
1734 1417 1820 1471 vel
1867 1413 2056 1485 pracci-

473 1522 836 1597 pieudo-‘quod
867 1521 1013 1577 fecit.
1038 1519 1167 1574 Cum
1201 1517 1360 1587 igitur
1394 1510 1700 1568 mentiendo
1731 1511 1833 1563 vita
1861 1515 2055 1560 mterna

470 1621 765 1685 amittatur,
827 1629 1094 1685 nunquam
1143 1626 1237 1681 pro
1280 1609 1591 1678 cujusquam
1640 1599 1918 1671 temporali
1952 1599 2058 1651 vita

473 1711 836 1766 mentiendum
888 1717 988 1762 est.
1024 1705 1308 1760 Enimvero
1339 1699 1426 1754 isti
1455 1699 1542 1769 qui
1579 1693 1980 1750 stomachantur
2008 1697 2062 1744 et

476 1805 836 1874 indignantur,
866 1799 911 1853 si
938 1797 1068 1852 nolit
1093 1795 1286 1864 aliquis
1329 1789 1608 1846 mendacio
1652 1785 1915 1856 perimere
1943 1781 2059 1835 ani-

473 1911 616 1953 mam
647 1910 820 1959 suam,
849 1901 906 1947 ut-
932 1891 1066 1945 alius
1092 1894 1336 1942 senescat
1365 1885 1417 1938 in
1444 1896 1639 1944 carne;
1669 1878 1814 1948 quid,
1838 1877 1882 1931 si
1903 1875 2060 1930 etiam

477 1991 620 2044 furto
662 1997 868 2050 nostro,
901 1981 1049 2053 quid,
1077 1980 1121 2035 si
1149 1976 1412 2032 adulterio
1441 1972 1652 2028 liberari
1685 1970 1852 2040 possit
1876 1967 2064 2036 aliquis

477 2083 546 2136 de
573 2077 784 2135 morte?
820 2076 1010 2131 ideone
1049 2071 1333 2127 furandum
1373 2077 1455 2122 est
1478 2107 1492 2132 ,
1524 2073 1614 2119 aut
1652 2059 2065 2118 mmehandum?

478 2172 733 2228 Nesciunt
759 2169 902 2224 enim
927 2166 993 2221 ad
1023 2165 1123 2219 hoc
1149 2177 1206 2218 se
1233 2176 1454 2231 cogere,
1489 2168 1546 2212 ut
1573 2158 1615 2211 si
1643 2152 1891 2226 laqueum
1932 2152 2067 2206 ferat

480 2267 643 2320 homo
668 2273 724 2318 et
751 2271 993 2331 stuprum
1024 2253 1544 2328 petat,conlirmans
1573 2247 1715 2319 quod
1741 2246 1841 2301 sibi
1872 2245 2068 2299 collum

481 2356 683 2428 ligabit,
724 2353 826 2408 nisi
855 2352 904 2408 ei
932 2347 1255 2405 concedatur
1295 2343 1434 2413 quod
1492 2341 1660 2411 petit,
1707 2337 2068 2392 consentiatur

479 2425 698 2519 propter
723 2443 976 2507 animam,
1006 2440 1140 2494 sicut
1172 2436 1270 2506 ipsi
1297 2435 1498 2498 dicunt,
1541 2428 1888 2485 liberandam.
1919 2425 2070 2492 Quod

479 2542 526 2596 si
570 2536 860 2594 absurdum
907 2543 961 2589 et
1023 2529 1282 2586 nefarium
1331 2535 1452 2594 est,
1499 2539 1594 2578 cur
1641 2523 1873 2576 animam
1919 2532 2069 2572 suam

483 2633 710 2702 quisque
753 2625 1032 2682 mendacio
1075 2627 1414 2689 corrumpat,
1445 2626 1502 2670 ut
1531 2614 1666 2669 alter
1692 2613 1832 2666 vivat
1866 2611 1918 2665 in
1949 2624 2071 2664 cor-

487 2739 644 2792 pore;
678 2735 798 2776 cum
825 2720 870 2774 si
897 2732 1049 2773 suum
1076 2728 1270 2784 corpus
1315 2718 1595 2782 propterea
1623 2701 2073 2774 corrumpendum

485 2815 656 2879 daret,
683 2811 920 2866 omnium
951 2807 1152 2878 judicio
1189 2803 1404 2858 nefaria:
1427 2797 1768 2868 turpitudinis
1795 2794 2078 2849 damnare-

481 2907 610 2962 tur?
636 2903 865 2960 Proinde
894 2917 997 2955 non
1029 2906 1112 2954 est
1142 2899 1192 2950 ιιι
1222 2898 1322 2950 ista
1349 2893 1644 2963 quarstioue
1673 2884 2072 2949 attendendum,

491 2997 594 3050 nisi
623 3006 802 3050 utrum
835 2990 1084 3060 iniquitas
1113 2988 1182 3041 sit
1209 2983 1566 3040 mendacium.
1598 2979 1750 3046 Quod
1775 2993 1894 3032 cum
1920 2991 2079 3046 supra

491 3083 926 3143 commemoratis
963 3079 1297 3136 documentis
1336 3086 1627 3140 asseratur,
1671 3072 1954 3128 videndum
1999 3081 2081 3123 est

494 3183 566 3236 ita
597 3179 763 3250 quaeri
806 3187 980 3232 utrum
1011 3185 1122 3244 ‘pro
1160 3171 1381 3226 alterius
1424 3169 1596 3223 salute
1640 3165 1849 3221 tuentiri
1892 3164 2082 3234 aliquis

493 3272 706 3338 debeat,
735 3284 798 3324 ac
818 3268 860 3323 si
883 3273 1210 3337 quaereretur
1232 3273 1405 3318 utrum
1429 3277 1523 3330 pro
1545 3259 1764 3313 alterius
1790 3258 1958 3312 salute
1980 3256 2080 3310 ini-

497 3379 634 3433 quus
663 3375 782 3415 esse
809 3357 999 3427 aliquis
1037 3357 1245 3411 debeat.
1286 3352 1438 3422 Quod
1465 3352 1509 3406 si
1541 3351 1743 3421 respuit
1770 3351 1963 3403 anima:
2000 3363 2085 3402 sa-

500 3459 600 3522 lus,
643 3469 762 3525 qua:
803 3467 910 3507 non
949 3458 1124 3520 potest
1161 3448 1262 3504 nisi
1302 3447 1550 3516 :rquitate
1585 3443 1809 3508 servari,
1842 3449 1896 3496 et
1933 3456 1991 3495 sc
2031 3448 2086 3495 ut

477 3559 874 3618 praeponamus
916 3557 1023 3597 non
1059 3541 1230 3596 Solum
1277 3539 1516 3602 alterius,
1559 3535 1653 3591 sed
1683 3535 1842 3590 etiam
1890 3533 2087 3587 na’sme

501 3637 658 3693 saluti
687 3635 961 3707 temporali
987 3633 1172 3703 jubet;
1203 3631 1326 3701 quid
1356 3637 1542 3693 restat,
1571 3626 1832 3698 inquiunt,
1861 3641 1965 3696 quo
1991 3624 2088 3678 du-

501 3733 672 3786 oitare
694 3729 984 3784 debeamus
1013 3741 1278 3797 nunquam
1302 3725 1520 3779 omnino
1540 3739 1659 3778 esse
1688 3720 2089 3776 mentiendum?

507 3828 616 3882 Non
660 3824 802 3878 enim
842 3821 946 3876 dici
997 3828 1172 3891 potest
1214 3834 1332 3873 esse
1371 3816 1568 3887 aliquid
1613 3817 1665 3870 in
1713 3813 2090 3883 temporalibus

507 3914 819 3978 commodis,
842 3913 1014 3969 salute
1038 3926 1099 3966 ac
1123 3913 1227 3964 vita
1256 3910 1519 3979 corporali
1547 3908 1717 3978 majus
1743 3917 1834 3960 aut
1857 3905 2091 3960 charius.

485 4008 658 4064 *Uude
687 4007 733 4062 si
763 4021 862 4062 nec
892 4006 1003 4076 ipsa
1033 4001 1391 4075 praeponenda
1422 4010 1504 4055 est
1528 4001 1760 4065 veritati,
1786 3998 1908 4068 quid
1936 3997 2090 4067 ohjiei

487 4109 684 4170 "potest
725 4107 942 4170 propter
982 4096 1122 4166 quod
1166 4093 1531 4150 mentiendum
1579 4106 1700 4146 esse
1733 4089 2089 4154 contendant,

505 4198 594 4269 qui
622 4193 904 4264 aliquando
933 4200 1117 4262 putant
1141 4197 1392 4259 Oportere
1419 4186 1666 4241 mentiri?

577 4286 804 4343 CAPUT
858 4285 968 4339 Vll.
993 4315 1063 4325 —
1091 4283 1179 4338 10.
1227 4281 1336 4335 Nec
1363 4279 1617 4351 pudicitia:
1636 4277 1914 4348 corporalis
1939 4292 2096 4330 causa

508 4379 867 4436 mentiendum.
885 4377 1062 4431 Libido
1076 4375 1197 4447 quid
1213 4375 1295 4429 sit.
1309 4371 1604 4428 Pudicitia:I
1621 4371 1816 4442 quippe
1830 4371 2092 4440 corporis,

509 4474 632 4545 quia
661 4472 887 4528 multum
931 4467 1258 4524 honorabilis
1295 4479 1520 4532 persona
1541 4464 1754 4519 videtur
1789 4477 2094 4525 occurrere,

511 4574 567 4620 et
595 4577 690 4635 pro
719 4577 778 4619 se
808 4562 1044 4633 ﬂagitare
1073 4557 1431 4623 mendacium,
1461 4564 1514 4611 ut
1546 4556 1592 4611 si
1622 4564 1890 4626 stuprator
1931 4555 2100 4608 irruat

513 4659 602 4729 qui
636 4656 803 4728 possit
830 4653 1109 4710 mendacio
1137 4651 1391 4718 devitari,
1423 4651 1538 4707 sine
1579 4649 1909 4706 dubitatione
1951 4663 2102 4702 men-

514 4751 751 4806 tiendutn
786 4749 856 4804 sit
897 4765 911 4804 :
957 4746 1111 4802 facile
1150 4743 1458 4816 responderi
1489 4751 1698 4814 potest,
1743 4741 1938 4796 nullam
1983 4754 2102 4794 esse

515 4843 824 4915 pudicitiam
865 4837 1126 4910 corporis,
1169 4837 1269 4893 nisi
1313 4837 1380 4891 ab
1423 4835 1726 4906 integritate
1765 4832 1928 4886 animi
1971 4847 2102 4901 pen-

515 4938 673 5001 deat;
703 4949 806 5006 qua
833 4932 1072 5001 disrupta
1103 4929 1257 4984 cadat
1288 4943 1506 4983 necesse
1533 4936 1636 4991 est,
1669 4924 1875 4980 etiamsi
1908 4928 2104 4978 intacta

513 5031 778 5092 videatur;
810 5037 863 5082 et
891 5025 1011 5082 ideo
1041 5039 1146 5079 non
1177 5023 1230 5077 in
1260 5022 1419 5078 rebus
1453 5019 1836 5091 temporalibus
1863 5033 1981 5072 esse
2009 5033 2107 5070 uu-

518 5121 846 5186 nterandam,
892 5119 1042 5190 quasi
1085 5133 1203 5188 qum
1247 5115 1425 5170 invitis
1473 5113 1643 5184 possit
1684 5111 1902 5166 auferri.
1953 5110 2108 5164 Nullo

519 5215 678 5269 tnodo
707 5214 864 5283 igitur
891 5212 1098 5276 animus
1125 5224 1183 5263 se
1211 5206 1490 5262 mendacio
1517 5204 1814 5273 corrumpit
1853 5219 1947 5272 pro
1990 5217 2113 5257 cor-

522 5322 651 5376 pore
676 5321 791 5369 suo,
823 5305 964 5374 quod
988 5305 1094 5357 scit
1129 5316 1345 5355 manere
1376 5301 1779 5367 incorruptum,
1810 5297 1852 5350 si
1884 5298 1950 5351 ab
1997 5296 2112 5363 ipso

521 5397 702 5450 animo
731 5395 1060 5463 incorruptio
1093 5409 1195 5447 non
1227 5392 1458 5446 recedat.
1491 5391 1642 5459 Quod
1671 5390 1813 5445 enim
1851 5389 2113 5442 violenter

525 5503 631 5541 non
661 5487 994 5556 praecedente
1015 5483 1238 5539 libidine
1271 5485 1467 5554 patitur
1490 5498 1684 5551 corpus
1704 5523 1719 5548 ,
1761 5482 1973 5535 vexatio
2018 5494 2115 5550 p0-

524 5581 634 5636 tius
677 5593 835 5647 quam
878 5577 1148 5645 corruptio
1189 5574 1512 5629 nominanda
1554 5584 1655 5628 est.
1705 5577 1812 5628 Aut
1853 5573 1898 5628 si
1941 5572 2119 5627 omnis

525 5668 739 5726 vexatio
764 5670 1033 5736 corruptio
1057 5675 1158 5732 est,
1188 5681 1292 5721 non
1318 5666 1494 5721 omnis
1517 5665 1787 5736 corruptio
1811 5664 1978 5735 turpis
2003 5673 2114 5729 est;

594 5785 609 5811 ι
649 5789 751 5828 vss.
782 5775 1034 5829 Pudicitia.
1061 5775 1267 5826 Et‘inf’ra
1293 5776 1520 5837 plerique
1543 5787 1652 5824 cum
1679 5775 1892 5837 editione
1925 5781 2000 5822 tir.
2040 5775 2122 5822 ha-

532 5843 648 5893 bent
665 5882 676 5902 ,
705 5839 969 5891 honorabili
999 5852 1219 5901 persona.
1256 5836 1338 5886 Alii
1358 5836 1485 5902 vero
1507 5844 1613 5902 βεδε.
1636 5873 1649 5896 ,
1676 5836 1943 5902 honorabili
1966 5849 2124 5902 perso-

529 5896 688 5954 nam-4-
710 5903 868 5962 ttorel,
895 5896 1042 5964 Elem.
1068 5903 1178 5950 Crit.
1207 5915 1253 5964 p.
1279 5903 1341 5950 50
1352 5899 1389 5947 l‘
1413 5898 1481 5946 sic
1507 5896 1628 5958 legit
1652 5913 1664 5948 :
1692 5898 1926 5962 pudicitia
1951 5897 2124 5963 quippe

530 5966 761 6029 corporis,
780 5966 914 6027 quasi
938 5963 1153 6015 multum.

1594 484 1682 538 DE
1722 477 2089 546 MENDACIO,
2120 477 2176 533 S.
2219 473 2585 534 AUGUS’t‘lNI

3634 471 3734 526 496

2156 591 2246 645 sed
2272 605 2428 660 quam
2458 587 2621 643 libido
2654 594 3033 656 procurarent,
3066 593 3157 641 aut
3193 583 3279 640 cui
3309 583 3473 640 libido
3503 599 3744 641 consen-

2153 685 2302 738 serit.
2331 683 2540 750 Quanto
2569 690 2744 736 autem
2775 679 3108 750 prmstautior
3134 689 3210 732 est
3242 678 3452 732 animus
3483 690 3738 748 corpore,

2157 783 2303 829 tanto
2331 773 2639 828 sceleratius
2681 769 3058 841 corrumpitur.
3106 768 3180 826 lbi
3224 784 3352 839 ergo
3390 771 3590 825 servari
3644 785 3744 840 po-

2159 876 2260 921 test
2303 865 2553 936 pudicitia
2584 907 2598 930 ,
2630 865 2714 919 ubi
2758 863 2900 918 nulla
2947 861 3383 917 trisi'voluntaria
3431 869 3606 930 potest
3657 876 3748 915 es-

2141 971 2219 1012 se
2264 957 2551 1025 corruptio.
2589 956 2746 1010 Certe
2785 954 2926 1008 enim
2968 953 3011 1007 si
3061 961 3330 1020 stuprator
3366 967 3561 1021 corpus
3601 954 3750 1006 inva-

2160 1051 2308 1113 serit,
2337 1049 2425 1120 qui
2452 1048 2624 1104 necvi
2652 1046 2914 1102 contraria
2946 1046 3130 1116 possit,
3156 1061 3254 1100 nec
3280 1045 3390 1100 ullo
3416 1044 3643 1100 consilio
3666 1043 3750 1096 vel

2161 1140 2438 1195 mendacio
2467 1137 2711 1202 devitari,
2751 1151 2973 1192 necesse
3011 1145 3093 1192 est
3120 1136 3403 1201 fateamur,
3433 1137 3607 1190 aliena
3639 1135 3754 1190 libi-

2161 1230 2286 1286 dine
2322 1229 2622 1300 pudicitiam
2655 1242 2760 1283 non
2801 1242 2960 1297 posse
2996 1227 3199 1281 violari.
3246 1221 3583 1296 Quapropter
3611 1241 3752 1295 quo-

2165 1322 2305 1375 niam
2335 1335 2492 1374 nemo
2527 1319 2731 1373 dubitat
2753 1318 3034 1372 meliorem
3067 1332 3187 1372 esse
3232 1317 3468 1370 animum
3499 1331 3751 1385 corpore,

2165 1412 2452 1481 integritati
2484 1410 2724 1480 corporis
2748 1410 3035 1479 integritas
3065 1409 3226 1462 animi
3259 1407 3613 1478 praeponenda
3644 1415 3752 1471 est,

2164 1521 2282 1576 qua:
2315 1505 2364 1558 in
2396 1512 2653 1558 aeternum
2690 1502 2891 1557 servari
2932 1509 3124 1572 potest.
3165 1501 3296 1568 Quis
3335 1508 3510 1554 autem
3555 1498 3756 1553 dixerit

2166 1598 2428 1667 integrum
2478 1597 2712 1650 animum
2763 1609 2889 1649 esse
2935 1592 3272 1647 mentientis?
3333 1591 3541 1646 Etenim
3589 1591 3756 1644 libido

2166 1703 2379 1761 quoque
2427 1689 2538 1756 ipsa
2587 1696 2729 1742 recte
2775 1684 3057 1750 delinitur,
3107 1685 3387 1754 Appetitas
3435 1682 3596 1736 animi
3645 1698 3758 1751 quo

2168 1782 2384 1837 a'ternis
2413 1780 2565 1835 bouis
2592 1779 2841 1850 quaelibet
2874 1775 3183 1847 temporalia
3215 1784 3614 1845 przrponuutur.
3649 1772 3759 1827 Ne-

2168 1891 2258 1931 mo
2286 1877 2461 1944 itaque
2485 1879 2663 1944 potest
2689 1870 3007 1926 convincere
3033 1867 3318 1938 aliquando
3343 1881 3464 1921 esse
3493 1866 3762 1920 mentien-

2169 1967 2318 2032 dum,
2352 1965 2452 2019 nisi
2496 1963 2587 2034 qui
2621 1961 2866 2033 potuerit
2910 1959 3197 2014 ostendere
3241 1967 3497 2011 mteruum
3541 1955 3757 2025 aliquod

2159 2061 2369 2114 bonum
2393 2057 2617 2111 obtineri
2645 2069 2802 2124 posse
2829 2051 3125 2107 mendacio.
3155 2049 3260 2104 Sed
3286 2064 3405 2102 cum
3439 2056 3585 2102 tanto
3605 2047 3760 2116 quis—

2171 2166 2276 2222 que
2294 2150 2358 2204 ab
2377 2149 2675 2203 aeternitate
2690 2145 2945 2210 discedat,
2965 2153 3162 2215 quanto
3185 2159 3214 2197 a
3243 2143 3460 2196 veritate
3477 2139 3700 2195 discedit
3717 2139 3758 2202 ¹;

2173 2243 2610 2298 absurdissimum
2641 2249 2724 2294 est
2758 2239 2935 2294 dicere
2955 2277 2969 2303 ,
3009 2235 3332 2291 discedendo
3360 2234 3482 2289 inde
3505 2248 3663 2304 posse
3692 2232 3763 2286 ad

2176 2337 2300 2391 boni
2323 2335 2518 2406 aliquid
2543 2333 2773 2404 aliquem
2800 2331 3096 2401 pervenire.
3129 2329 3231 2383 Aut
3260 2327 3302 2381 si
3326 2338 3403 2382 est
3430 2326 3645 2396 aliquod
3669 2325 3767 2379 bo-

2178 2443 2305 2483 num
2339 2437 2596 2481 teteruum
2617 2424 2756 2493 quod
2776 2440 2880 2477 non
2899 2421 3281 2490 complectatur
3294 2419 3509 2485 veritas,
3530 2432 3635 2471 non
3662 2417 3769 2471 erit

2157 2536 2360 2574 "VCI'Uttl
2379 2537 2390 2571 :
2409 2530 2461 2574 et
2479 2518 2598 2572 ideo
2617 2533 2712 2571 nec
2732 2516 2926 2569 bonum
2948 2515 3067 2578 erit,
3089 2514 3207 2583 quia
3234 2512 3418 2566 falsum
3441 2512 3562 2566 erit.
3581 2509 3651 2566 Ut
3671 2525 3772 2563 au-

2180 2625 2285 2670 tem
2313 2614 2522 2668 animus
2544 2609 2871 2681 corpori,-ita
2898 2609 3055 2662 etiam
3081 2607 3278 2660 veritas
3304 2605 3402 2675 ipsi
3425 2603 3605 2657 animo
3632 2618 3774 2671 prm-

2182 2709 2422 2780 ponenda
2453 2716 2651 2774 est;ut
2689 2721 2804 2760 eam
2851 2720 2954 2759 non
3003 2703 3174 2758 solum
3221 2701 3389 2772 magis
3439 2713 3600 2768 quam
3645 2712 3770 2752 cor-

2184 2818 2320 2874 pus,
2371 2801 2465 2856 scd
2540 2800 2697 2854 etiam
2769 2799 2935 2869 magis
3005 2813 3161 2867 quam
3233 2809 3292 2850 se
3362 2795 3534 2864 ipsum
3609 2805 3777 2862 appe-

2187 2903 2260 2948 tat
2303 2895 2530 2947 auimus.
2571 2893 2645 2946 lta
2683 2891 2878 2962 quippe
2920 2887 3297 2957 eritintcgrior
3332 2894 3380 2941 et
3416 2883 3776 2946 castior,cum

2162 2989 2302 3057 ejus
2347 2982 3025 3056 potius,immutabilitate,
3074 2994 3232 3049 quam
3280 2991 3372 3032 sua
3422 2974 3779 3030 mutabilitate

2187 3076 2490 3148 perfruetur
2511 3077 2551 3128 ³.
2584 3075 2638 3130 Si
2665 3086 2840 3128 autem
2873 3073 3004 3126 Loth
3032 3085 3151 3126 cum
3184 3070 3253 3124 ita
3280 3069 3454 3138 justus
3491 3073 3673 3128 esset,
3724 3074 3782 3118 ut

2163 3172 2405 3242 angelos
2433 3169 2590 3222 etiam
2624 3166 2860 3236 hospites
2887 3164 3159 3231 suscipere
3187 3168 3502 3224 mereretur,
3526 3165 3784 3225 stupran-

2189 3260 2285 3316 das
2319 3261 2453 3314 tilias
2479 3258 2767 3314 Sodomitis
2794 3256 3006 3321 obtulit,
3052 3261 3109 3308 ut
3149 3251 3464 3307 feminarum
3508 3247 3688 3317 potius
3713 3246 3784 3300 ab

2180 3355 2269 3410 eis
2292 3368 2515 3424 corpora
2547 3367 2705 3423 quam
2736 3351 2971 3404 virorum
3000 3341 3638 3416 corrumperenturtGen.
3666 3356 3782 3406 xu,

2173 3447 2224 3504 '8
2247 3452 2299 3518 );
2334 3455 2530 3517 quanto
2549 3444 2853 3516 diligentius
2889 3453 3049 3512 atque
3074 3439 3403 3495 constantius
3429 3435 3590 3491 animi
3616 3435 3787 3488 casti-

2193 3551 2273 3595 tas
2295 3541 2347 3594 in
2369 3539 2591 3594 veritate
2618 3535 2876 3592 servanda
2909 3545 2987 3590 est
3007 3576 3022 3600 ,
3062 3548 3182 3588 cum
3221 3531 3398 3586 verius
3428 3531 3540 3599 ipse
3565 3526 3788 3596 corpori

2193 3649 2311 3702 suq,
2336 3647 2491 3702 quam
2519 3643 2713 3699 corpus
2740 3629 2888 3682 virile
2918 3627 3146 3681 femineo
3173 3623 3380 3693 corpori
3413 3618 3764 3691 prmferatur?

2267 3724 2490 3780 CAPUT
2532 3722 2663 3777 Vlll.
2690 3753 2760 3762 —-—
2793 3723 2876 3776 ll.
2909 3719 3085 3789 Neque
3111 3715 3452 3770 mentiendum
3477 3711 3644 3766 studio
3674 3727 3788 3764 ser-

2196 3822 2346 3877 vandi
2370 3820 2497 3873 alios
2522 3819 2589 3872 ad
2613 3817 2764 3871 vitam
2785 3824 3046 3869 wtcrnam.
3070 3809 3223 3877 Quod
3247 3809 3290 3863 si
3311 3807 3588 3878 quisquam
3612 3810 3787 3874 putat,

2198 3915 2319 3970 ideo
2352 3914 2599 3983 cuiquam
2633 3925 2727 3981 pro
2756 3909 2859 3963 alio
2888 3922 3007 3962 esse
3049 3902 3442 3965 mentiendum,
3486 3908 3542 3953 ut
3571 3899 3793 3952 interim

2200 4008 2373 4072 vivat,
2423 4013 2515 4058 aut
2543 4004 2596 4057 in
2629 4002 2710 4056 his
2741 4000 2905 4056 rebus
2929 4012 3061 4069 quas
3091 3997 3312 4051 multum
3354 3992 3522 4063 diligit
3563 4005 3668 4044 nou
3703 3987 3794 4043 of-

2200 4099 2464 4160 fendatur,
2506 4111 2611 4167 quo
2639 4094 2804 4165 possit
2830 4091 2897 4146 ad
2925 4097 3178 4145 aeternam
3205 4085 3481 4142 veritatem
3508 4081 3797 4153 pervenire

2198 4192 2494 4248 discendo:
2528 4205 2637 4244 non
2668 4187 2913 4257 intelligit
2945 4185 3114 4255 primo
3136 4182 3336 4236 nullum
3361 4193 3482 4234 esse
3509 4175 3796 4246 ﬂagitium,

2201 4283 2343 4354 quod
2374 4298 2478 4338 non
2523 4281 2708 4336 eadem
2750 4277 3054 4333 conditione
3081 4273 3353 4343 suscipere
3380 4277 3618 4340 cogatur,
3653 4267 3799 4322 sicut

2198 4379 2310 4450 jam
2350 4377 2594 4446 superius
2635 4373 3057 4428 demonstratum
3089 4375 3205 4432 est;
3254 4363 3446 4420 deinde
3490 4362 3658 4431 ipsius
3697 4358 3802 4413 do-

2204 4472 2390 4526 ctrina:
2423 4467 2792 4523 auctoritatem
2821 4461 3062 4532 intercipi
3093 4469 3144 4515 et
3181 4458 3391 4529 penitus
3419 4454 3640 4511 interire
3665 4452 3710 4519 ³,
3747 4454 3801 4509 si

2205 4563 2284 4618 eis
2311 4576 2445 4632 quos
2477 4559 2543 4613 ad
2577 4559 2719 4612 illaut
2753 4555 3042 4627 perducere
3072 4567 3346 4615 conamur,
3384 4548 3661 4604 mendacio
3693 4560 3800 4600 no-

2208 4665 2320 4709 stro
2345 4651 2727 4725 persuademus
2755 4645 3039 4718 aliquando
3081 4659 3200 4700 esse
3245 4641 3630 4698 mentiendum.
3657 4636 3804 4692 Cum

2209 4751 2349 4804 enim
2397 4747 2638 4804 doctrina
2692 4743 2973 4806 salutaris,
3027 4740 3217 4809 partim
3262 4734 3572 4798 credendis,
3605 4731 3805 4802 partim

2212 4841 2565 4911 iutelligendis
2587 4840 2745 4894 rebus
2766 4845 3002 4900 constet;
3027 4847 3126 4888 nec
3147 4831 3210 4886 ad
3235 4846 3298 4885 ea
3319 4844 3438 4900 qua:
3459 4823 3808 4895 intelligenda

2213 4943 2338 4990 sunt
2367 4930 2630 5003 perveniri
2669 4930 2857 5002 possit,
2886 4928 2986 4982 nisi
3014 4925 3160 4996 prius
3181 4921 3444 4978 credenda
3474 4918 3766 4974 credantur
3808 4942 3824 4977 ε

2213 5031 2483 5105 quomodo
2508 5027 2833 5084 credendum
2862 5033 2944 5080 est
2978 5024 3025 5077 ei
3069 5021 3157 5092 qui
3189 5027 3338 5091 putat
3375 5013 3658 5085 aliquando
3684 5027 3829 5068 esst:

2217 5124 2604 5188 mentiendum,
2634 5138 2700 5176 ne
2733 5120 2867 5174 forte
2889 5127 2942 5172 et
2964 5126 3090 5187 tunc
3112 5114 3398 5168 mentiatur
3421 5124 3540 5164 cum
3563 5105 3772 5178 prun-ip
3791 5127 3836 5162 is

2219 5228 2277 5273 ut
2305 5215 2624 5273 credamus?
2663 5213 2812 5269 Unde
2839 5211 2982 5266 enim
3015 5207 3137 5264 sciri
3175 5212 3347 5276 potest
3370 5211 3545 5256 utrum
3589 5207 3644 5253 ct
3684 5208 3813 5253 tun~

2219 5311 2414 5365 habeat
2450 5310 2680 5379 aliquant
2712 5319 2958 5368 causam,
3009 5302 3146 5356 sicut
3190 5299 3303 5367 ipse
3350 5303 3531 5366 putat,
3583 5291 3773 5348 othcio

2222 5400 2520 5466 mendacii,
2551 5398 2863 5453 existinmas
2893 5394 3022 5447 falsa
3063 5389 3364 5445 narratione
3395 5386 3667 5440 hominem
3702 5392 3792 5436 ter
3819 5419 3838 5426 -

2225 5495 2383 5549 ritum
2414 5507 2567 5563 posse
2588 5507 2617 5544 a
2640 5488 2856 5545 libidine
2883 5483 3139 5548 cohiberi,
3170 5492 3327 5552 atque
3351 5478 3450 5532 hoc
3471 5475 3630 5529 modo
3654 5477 3836 5527 etiam

2225 5590 2293 5645 ad
2320 5586 2611 5659 spiritualia
2640 5601 2698 5640 se
2723 5583 3004 5638 (‘UItSttlch
3029 5577 3334 5634 mentiendo
3357 5569 3680 5627 arbitretur?
3705 5570 3791 5638 Qu
3809 5585 3846 5617 ιι

2291 5711 2308 5740 ι
2345 5706 2416 5770 sic
2439 5713 2542 5752 Mss.
2572 5701 2772 5770 Atediti,
2798 5703 2978 5770 quanto
3000 5711 3030 5745 a
3053 5693 3246 5770 veritate
3265 5689 3545 5770 discat-doti:
3565 5685 3651 5770 (1εά
3668 5693 3840 5738 ηιιεέυι

2228 5767 2469 5825 mentitur,
2507 5780 2536 5815 ιι
2559 5764 2750 5814 veritate
2765 5755 2977 5812 discedit
3002 5755 3443 5825 _:_:_tbs;1rdiss_fututn
3457 5758 3544 5811 est,
3570 5760 3670 5800 etc.

2295 5837 2312 5863 ⁵
2337 5833 2408 5879 sic
2430 5819 2535 5877 διεδ.
2574 5834 2626 5875 Αι
2646 5826 2781 5882 editi,
2805 5838 2891 5873 sua
2915 5819 3478 5883 mobilitateperﬂuctur.
3529 5873 3539 5882 .
3611 5873 3622 5883 ο
3667 5873 3675 5882 ξ

2297 5897 2318 5926 ³
2351 5893 2499 5940 Editio
2523 5880 2897 5948 ttr.,inte:'ci}rict
2922 5884 3105 5949 penitus
3125 5880 3358 5939 interire;
3381 5880 3724 5938 [ωηιιιιὴηει
3751 5885 3839 5936 pe-

2237 5956 2362 6008 nitus
2386 5952 2674 6007 interimere.
2694 5953 2991 6013 castigantur
3019 5963 3076 5995 ex
3111 5958 3211 5996 :uss.
