3986 6516
466 438 572 495 .99
1591 413 1675 473 nt;
1717 414 2081 481 MEND.\C|O,
2125 415 2185 471 s.
2225 414 2589 472 AUGUSTINI
3633 430 3741 487 509

466 553 652 607 dixero
675 545 869 619 aliquid
898 543 1088 599 horum
1110 538 1386 601 debuisse;
1416 532 1611 606 aliquid
1634 532 1821 588 horum
1848 545 2046 603 appro-

466 643 636 707 babo,
686 654 806 695 cum
854 635 1151 707 improbem
1193 640 1499 701 utrumque.
1546 625 1654 683 Sed
1698 624 1745 681 si
1789 624 2046 695 quaeritur

466 732 609 803 quod
638 730 827 788 horum
853 727 1031 801 potius
1052 723 1237 782 debuit
1261 722 1484 788 evitare,
1509 719 1599 791 qui
1626 727 1910 788 utrumque
1939 730 2048 770 non

467 824 673 895 potuit,
715 821 812 879 sed
852 820 1167 877 alterutrum
1212 815 1428 887 potuit:
1473 809 1843 882 respondebo,
1892 822 2048 865 suum

467 924 744 985 peccatum
774 914 951 985 potius
971 926 1129 982 quam
1147 909 1409 971 alienum;
1443 914 1497 961 et
1518 904 1687 960 levius
1707 902 1884 973 potius
1908 897 2051 970 quod

466 1025 648 1077 suum,
678 1021 836 1079 quam
865 1005 1079 1076 gravius
1102 1001 1242 1073 quod
1267 999 1516 1055 alienum.
1538 995 1609 1053 Ut
1629 994 1769 1049 enim
1801 992 1944 1048 salva
1970 990 2051 1045 di-

470 1100 748 1171 ligentiore
777 1096 1118 1168 inquisitione
1142 1090 1353 1147 interim
1383 1085 1671 1143 concedam
1693 1083 1907 1155 gravius
1929 1094 2049 1136 esse

466 1201 711 1261 stuprum
730 1203 888 1260 quam
911 1182 1355 1242 thurilicationem
1378 1196 1393 1234 :
1416 1177 1507 1233 illa
1526 1184 1703 1231 tamen
1724 1171 1889 1243 ipsius
1910 1178 2045 1237 erat,

468 1284 597 1341 illud
625 1283 856 1340 alienum
882 1279 1076 1336 factum
1097 1318 1113 1343 ,
1140 1273 1380 1343 quamvis
1409 1271 1462 1326 id
1505 1269 1618 1339 ipse
1646 1272 2044 1338 perpeteretur;

466 1378 619 1448 cujus
639 1384 816 1431 autem
844 1374 1059 1436 factum,
1090 1369 1206 1439 ejus
1230 1376 1283 1422 et
1307 1372 1599 1436 peccatum.
1627 1359 1880 1428 Quamvis
1905 1356 2046 1412 enim

466 1468 682 1540 gravius
706 1467 773 1522 sit
791 1461 1135 1520 homicidium
1155 1474 1311 1530 quam
1339 1457 1564 1519 furtum;
1593 1453 1743 1550 pejus
1768 1457 2045 1550 esttamen

466 1554 647 1615 facere
675 1556 871 1611 furtum
889 1593 906 1621 ,
937 1567 1093 1622 quam
1121 1550 1225 1620 pati
1254 1545 1617 1603 homicidium.
1648 1543 1830 1612 Itaque
1857 1543 1903 1595 si
1929 1543 2047 1594 cui-

469 1664 625 1717 quam
655 1651 1061 1718 proponeretur,
1093 1640 1220 1696 utsi
1246 1641 1440 1694 furtum
1469 1635 1642 1690 facere
1668 1632 1854 1695 nollet,
1882 1630 2049 1686 inter-

467 1738 736 1804 ficeretur,
763 1734 865 1790 hoc
884 1741 988 1800 est,
1009 1730 1430 1788 committeretur
1450 1726 1502 1780 in
1528 1739 1650 1781 eum
1670 1720 2043 1786 homicidium;

466 1829 587 1899 quia
616 1835 899 1895 utrumque
924 1822 1124 1878 evitare
1152 1834 1261 1874 non
1287 1823 1500 1889 posset,
1533 1813 1586 1869 id
1616 1811 1839 1868 evitaret
1872 1810 2048 1880 potius

465 1918 605 1992 quod
632 1932 786 1973 suum
810 1922 1085 1988 peccatum
1110 1920 1275 1975 esset,
1302 1923 1459 1978 quam
1491 1906 1631 1979 quod
1658 1904 1910 1960 alienum.
1938 1900 2048 1958 Nec

466 2012 586 2067 ideo
615 2018 669 2069 et
691 2010 821 2065 illud
849 2009 965 2080 ejus
1000 2006 1185 2073 fieret,
1216 2004 1337 2075 quia
1366 2003 1418 2056 in
1449 2015 1571 2057 eum
1601 1998 2045 2064 committeretur,

465 2118 519 2162 et
542 2107 663 2176 quia
694 2104 746 2160 id
774 2113 956 2176 posset
979 2102 1200 2165 evitare,
1232 2098 1277 2153 si
1304 2111 1458 2151 suum
1487 2094 1646 2149 vellet
1672 2091 1973 2147 admittere.

539 2197 628 2253 t5.
668 2195 835 2250 Totus
879 2194 1056 2263 itaque
1102 2189 1260 2259 hujus
1296 2184 1607 2258 QUlCSiiOIliS
1635 2182 1806 2237 nodus
1835 2181 1901 2237 ad
1947 2182 2049 2236 hoc

468 2289 711 2356 adducit,
751 2296 808 2342 ut
843 2293 1110 2358 quaeratur
1138 2292 1314 2337 utrum
1341 2280 1572 2335 alienum
1614 2276 1816 2332 nullum
1856 2288 2047 2344 pecca-

467 2394 598 2448 tum,
629 2378 868 2452 quamvis
894 2378 946 2432 in
975 2384 1026 2431 te
1051 2373 1414 2435 commissum,
1447 2369 1537 2425 tibi
1559 2368 1866 2437 imputetur,
1897 2364 1941 2420 si
1968 2364 2047 2420 le-

466 2474 615 2528 viore
642 2481 730 2526 tuo
768 2478 986 2540 peccato
1029 2465 1083 2521 id
1120 2463 1291 2536 possis
1328 2462 1559 2527 evitare,
1594 2474 1692 2514 nec
1734 2456 1864 2512 facis
1895 2457 1947 2521 ¹;
1980 2470 2047 2510 an

466 2571 687 2635 excepta
717 2572 798 2618 est
819 2560 995 2616 omnis
1018 2554 1349 2612 immunditia
1375 2551 1685 2623 corporalis.
1709 2549 1878 2606 Nemo
1904 2549 2048 2604 enim

465 2656 694 2725 aliquem
726 2649 1055 2707 immundum
1086 2648 1199 2703 ﬁeri
1228 2644 1388 2711 dicit,
1420 2645 1463 2699 si
1490 2641 1778 2706 occidatur,
1808 2648 1900 2694 aut
1928 2639 2051 2693 mit-

469 2756 609 2801 tatur
635 2744 687 2799 in
714 2757 982 2799 carcerem
1004 2782 1019 2805 ,
1049 2747 1142 2795 aut
1180 2739 1231 2793 in
1274 2737 1498 2792 vinculis
1525 2734 1806 2796 habeatur,
1831 2740 1920 2786 aut
1949 2731 2048 2787 lla-

466 2838 712 2910 gelletur,
742 2835 1056 2904 creterisque
1086 2831 1363 2888 tormentis
1391 2837 1444 2884 et
1480 2826 1803 2883 cruciatibus
1843 2824 2049 2895 afﬂiga-

470 2943 573 2996 tur,
606 2940 698 2985 aut
726 2928 1085 2999 proscribatur
1109 2923 1422 2991 damnisque
1442 2920 1704 2974 afficiatur
1723 2917 2050 2987 gravissimis

468 3038 639 3094 usque
666 3021 732 3076 ad
756 3021 995 3077 ultimam
1022 3015 1333 3078 nuditatem,
1362 3021 1453 3068 aut
1479 3011 1801 3081 exspolietur
1830 3008 2049 3064 honori-

468 3114 568 3170 bus
594 3121 752 3183 atque
780 3112 1019 3182 ingentes
1042 3106 1265 3177 accipiat
1290 3104 1640 3159 contumelias
1668 3118 1764 3173 per
1783 3117 2053 3173 qumcum-

466 3218 572 3274 que
599 3201 835 3259 convicia
860 3218 873 3254 :
902 3197 1153 3272 quidquid
1182 3196 1372 3252 horum
1399 3196 1622 3266 quisque
1647 3194 1840 3263 injuste
1864 3207 2052 3264 passus

471 3293 659 3358 fuerit,
708 3306 866 3348 nemo
909 3298 993 3347 est
1030 3298 1137 3344 tam
1178 3288 1397 3343 demens
1439 3288 1527 3357 qui
1568 3300 1688 3342 eum
1720 3285 2049 3341 immundum

473 3385 584 3440 fieri
609 3384 770 3439 dicat.
797 3384 864 3439 At
883 3382 927 3436 si
956 3381 1082 3435 limo
1108 3378 1450 3451 perfundatur
1471 3379 1513 3446 ⁸,
1543 3386 1635 3432 aut
1658 3378 1701 3432 si
1730 3378 1833 3432 tale
1854 3378 2049 3448 aliquid

470 3478 518 3533 ei
565 3494 662 3549 per
699 3492 762 3534 os
798 3475 1101 3532 infundatur
1126 3472 1209 3529 vel
1244 3471 1564 3537 inculcetur,
1600 3471 1892 3542 patiaturve
1931 3486 2051 3525 mu-

472 3570 692 3637 liebria;
722 3567 958 3625 omnium
986 3565 1098 3622 fere
1122 3579 1311 3620 sensus
1334 3564 1616 3629 abhorret,
1643 3570 1697 3617 et
1722 3576 2050 3631 conspurca-

476 3669 586 3715 tum
613 3657 634 3691 '
658 3668 817 3730 atque
839 3656 1168 3714 immundum
1192 3663 1403 3710 vocant.
1436 3654 1512 3709 Ita
1544 3654 1702 3724 igitur
1725 3652 2051 3709 concluden-

472 3752 599 3806 dum
626 3759 738 3821 est,
784 3758 841 3806 ut
864 3763 1213 3821 quaacumque
1238 3746 1407 3801 aliena
1438 3754 1650 3815 peccata
1671 3786 1686 3811 ,
1723 3743 1960 3814 exceptis
1989 3743 2052 3796 iis

470 3860 590 3915 qua:
620 3842 950 3899 immundutn
978 3841 1177 3897 faciunt
1217 3839 1268 3893 in
1299 3854 1455 3908 quem
1483 3838 1915 3903 committuntur,
1946 3850 2051 3888 nou

471 3938 633 3992 evitet
660 3936 885 4008 quisque
912 3932 1147 4006 peccatis
1172 3931 1304 3998 suis,
1335 3944 1510 4000 neque
1537 3944 1633 3999 pro
1659 3942 1737 3994 se,
1762 3941 1934 3996 neque
1956 3940 2053 3993 pro

470 4042 759 4099 quoquam,
790 4025 884 4082 sed
913 4040 976 4081 ea
1001 4023 1220 4079 suli‘erat
1248 4021 1422 4092 potius
1448 4019 1760 4089 fortiterque
1791 4017 2050 4087 patiatur;

473 4130 527 4174 et
551 4120 595 4175 si
622 4118 782 4173 nullis
808 4115 1040 4188 peccatis
1068 4113 1179 4169 suis
1202 4127 1265 4168 ea
1288 4110 1448 4166 debet
1468 4109 1689 4173 evitare,
1714 4123 1883 4178 neque
1905 4122 2055 4162 men-

473 4212 669 4266 dacio:
702 4209 792 4264 illa
822 4222 947 4262 vero
983 4221 1103 4277 qua:
1128 4205 1199 4259 ita
1228 4201 1631 4258 committuntur
1662 4201 1712 4253 iu
1746 4198 2052 4263 hominem,

473 4311 533 4357 ut
574 4298 933 4356 eumtaciant
961 4293 1328 4358 immundum,
1378 4291 1536 4345 etiam
1584 4289 1815 4360 peccatis
1857 4289 2054 4343 nostris

476 4392 680 4449 evitare
706 4389 1031 4453 debeamus;
1072 4400 1136 4441 ac
1163 4400 1259 4455 per
1287 4382 1388 4437 hoc
1428 4396 1528 4436 nec
1572 4390 1785 4451 peccata
1832 4379 2053 4435 dicenda

473 4485 603 4548 sint,
626 4496 744 4554 qum
772 4487 1051 4551 propterea
1074 4476 1205 4531 [lunt
1227 4484 1284 4529 ut
1304 4473 1390 4529 illa
1414 4470 1747 4528 immunditia
1770 4469 2053 4526 devitetur.

476 4572 744 4647 Quidquid
773 4571 913 4627 enim
939 4569 1008 4625 ita
1038 4568 1129 4635 lit,
1167 4575 1221 4622 ut
1251 4564 1351 4620 nisi
1382 4563 1562 4630 ﬁeret,
1589 4562 1734 4633 justc
1763 4561 2050 4632 reprehen-

472 4665 712 4731 deretur,
743 4677 848 4718 non
877 4668 961 4716 est
996 4666 1285 4732 peccatum.
1321 4654 1400 4710 Ex
1424 4669 1530 4725 quo
1552 4650 1832 4709 conﬁcitur
1868 4662 1923 4707 ut
1960 4666 2060 4707 nec

476 4758 565 4815 illa
611 4752 943 4811 immunditia
987 4747 1222 4806 vocanda
1260 4747 1367 4815 sit,
1412 4744 1622 4817 quando
1664 4743 1896 4800 evitandi
1937 4758 2055 4800 eam

476 4852 620 4907 nulla
647 4849 864 4906 facultas
892 4854 1009 4903 est:
1041 4843 1204 4899 habet
1227 4841 1368 4898 enim
1400 4838 1559 4894 etiam
1588 4848 1714 4893 tunc
1739 4836 1883 4908 quod
1912 4846 2059 4893 recte

473 4950 596 5014 agat
620 4941 709 5012 qui
752 4954 813 4996 ea
860 4938 1074 5009 patitur,
1106 4942 1164 4990 ut
1191 4932 1451 5005 patienter
1482 4929 1617 4986 ferat
1653 4927 1907 5000 quidquid
1952 4942 2056 4983 non

477 5042 655 5104 potest
683 5033 904 5089 evitare.
936 5028 1123 5085 Nullus
1151 5034 1329 5081 autem
1367 5031 1512 5079 recte
1549 5035 1712 5093 agens
1755 5020 2061 5075 immundus

478 5124 593 5179 ﬁeri
621 5130 795 5195 potest
814 5120 1049 5193 quolibet
1071 5114 1316 5187 contagio
1338 5111 1622 5184 corporali.
1649 5109 1955 5165 Immundas
1979 5118 2062 5165 est

476 5216 620 5269 enim
660 5224 785 5269 ante
815 5214 980 5270 Deum
1028 5210 1206 5266 omnis
1248 5207 1479 5276 iniquus.
1530 5202 1758 5259 Mundus
1806 5217 1935 5274 ergo
1980 5212 2064 5257 est

479 5304 656 5359 omnis
689 5303 893 5374 justus;
938 5301 1038 5358 etsi
1080 5315 1186 5355 non
1228 5307 1353 5352 ante
1402 5295 1680 5359 homines,
1728 5302 1902 5348 tamen
1936 5302 2063 5348 ante

484 5396 651 5450 Deum
671 5434 689 5462 ,
730 5395 818 5464 qui
846 5395 961 5448 sine
989 5406 1175 5448 errore
1211 5389 1435 5461 judicat.
1466 5386 1697 5443 Proinde
1727 5400 1826 5441 nec
1850 5400 1969 5440 cum
2001 5400 2062 5439 ea
2120 5384 2121 5387 “

485 5485 699 5556 patitur,
724 5484 846 5539 data
868 5482 1099 5553 evitandi
1125 5488 1405 5551 potestate,
1429 5486 1676 5534 contactu
1700 5477 1817 5548 ipso
1838 5476 2063 5531 immun-

549 5642 564 5673 ι
602 5639 795 5689 Sictlss.
821 5635 1036 5703 Atediti.
1058 5648 1118 5686 ne
1140 5635 1383 5703 [Μυκη
1444 5691 1457 5702 .
1509 5691 1537 5703 ..
1605 5699 1613 5703 .
1721 5700 1731 5703 -
1786 5692 1796 5703 .

546 5703 804 5764 {Quatuor
820 5690 1039 5747 Gallicani
1065 5690 1190 5764 t\tss'.,
1228 5702 1271 5744 τι
1289 5695 1332 5764 si
1471 5691 1633 5764 Idicat,
1650 5700 1732 5741 aut
1753 5692 1796 5764 _si
1819 5690 1937 5764 tale,
1968 5698 2062 5764 etc.

483 5754 755 5826 Paulopost
775 5772 903 5826 unus
925 5771 955 5807 e
981 5758 1213 5826 Vaticanis
1230 5795 1242 5815 ,
1264 5758 1333 5806 vel
1350 5754 1632 5826 inculcetur.
1670 5756 1762 5826 sed
1788 5755 1829 5806 si
1857 5760 2067 5812 patiatur

482 5814 749 5884 mulieirta,
772 5820 900 5884 quod
924 5818 1132 5869 omnium
1153 5820 1253 5880 fere
1263 5832 1427 5870 sensus
1460 5814 1697 5864 abhorret.

546 5889 565 5922 ³
600 5894 647 5938 lu
670 5894 797 5947 Nam,
823 5887 1194 5943 constuprattun.

2155 528 2253 585 dus
2282 529 2374 597 lit;
2404 529 2497 586 sed
2524 540 2762 602 peccato,
2792 549 2899 607 quo
2923 549 2987 593 ea
3019 551 3139 594 cum
3170 551 3349 611 posset
3380 542 3394 574 ι
3420 542 3596 599 noluit
3622 546 3740 601 evi-

2154 628 2285 676 tare.
2310 618 2523 677 Nullum
2547 623 2689 679 enim
2713 633 2993 695 peccatum
3032 640 3206 696 esset,
3235 631 3488 703 quidquid
3520 645 3741 705 propter

2154 710 2240 767 illa
2266 712 2510 768 evitanda
2528 712 2721 769 factum
2743 726 2907 772 esset.
2934 718 3159 791 Propter
3181 722 3295 780 hzec
3316 723 3474 795 igitur
3492 725 3741 784 evitanda

2154 801 2393 873 quisquis
2419 804 2673 860 mentitus
2700 805 2880 874 fuerit,
2913 824 3019 864 non
3050 820 3256 881 peccat.

2226 893 2312 949 l6.
2352 894 2433 948 An
2462 896 2635 967 aliqua
2664 899 2823 953 etiam
2849 901 3120 957 mendacia
3151 905 3463 975 excipienda
3489 917 3638 975 sunt,
3670 922 3731 967 ut
3785 893 3795 959 ἶ

2154 985 2319 1040 satius
2346 987 2415 1043 sit
2443 986 2580 1043 hanc
2605 991 2749 1059 pati,
2780 1006 2938 1062 quam
2980 994 3071 1050 illa
3104 999 3479 1055 committere?
3506 1000 3661 1068 Quod
3692 1002 3739 1056 si

2154 1073 2227 1129 ita
2256 1084 2370 1140 est,
2400 1092 2507 1132 non
2536 1080 2789 1151 quidquid
2829 1082 3024 1139 factum
3057 1085 3214 1142 fuerit
3242 1096 3301 1143 ut
3328 1090 3416 1144 illa
3453 1091 3746 1146 immund?-

2155 1165 2226 1220 tia
2252 1169 2499 1239 evitetur,
2530 1187 2633 1227 non
2671 1181 2755 1229 est
2794 1175 3068 1244 peccatum
3096 1194 3110 1231 :
3145 1181 3574 1252 quandoquidem
3616 1194 3746 1240 sunt

2154 1257 2398 1327 quaedam
2440 1261 2714 1319 mendacia
2754 1279 2872 1335 quae
2898 1268 3110 1337 gravius
3138 1271 3208 1324 sit
3235 1271 3548 1341 admittere,
3578 1291 3743 1344 quam

2154 1347 2238 1403 illa
2256 1350 2383 1419 pati.
2407 1350 2540 1407 Nam
2566 1354 2609 1408 si
2631 1354 2822 1424 aliquis
2841 1356 2908 1412 ad
2929 1365 3169 1430 stuprum
3194 1372 3482 1432 quaeratur,
3506 1366 3595 1435 qui
3620 1382 3745 1435 pos-

2152 1439 2221 1494 sit
2243 1442 2493 1497 occultari
2520 1444 2817 1513 mendacio,
2840 1449 2957 1517 quis
2977 1451 3133 1506 audet
3153 1451 3332 1508 dicere
3352 1470 3450 1510 nec
3472 1465 3598 1511 tunc
3620 1472 3745 1512 esse

2152 1534 2559 1590 mentiendum?
2585 1538 2657 1592 At
2682 1538 2725 1592 si
2755 1539 2842 1593 tali
2871 1540 3149 1597 mendacio
3190 1546 3359 1614 possit
3384 1546 3569 1613 latere,
3595 1550 3745 1618 qumt

2152 1623 2369 1679 alterius
2399 1624 2591 1682 famam
2622 1628 2798 1696 lzedat,
2843 1632 2959 1700 ejus
2985 1633 3331 1691 immunditiae
3357 1636 3489 1692 falso
3514 1639 3745 1693 crimine

2152 1715 2218 1770 ad
2248 1732 2405 1787 quam
2433 1720 2730 1788 patiendam
2764 1723 2850 1778 ille
2877 1727 3157 1794 quaeritur;
3188 1736 3434 1800 tanquam
3466 1731 3511 1784 si
3535 1730 3747 1785 dicatur

2152 1809 2429 1877 quarenti,
2461 1812 2733 1867 nominato
2757 1814 2937 1885 aliquo
2958 1826 3106 1872 casto
3144 1819 3257 1872 viro
3280 1829 3438 1889 atque
3462 1820 3530 1875 ab
3556 1820 3748 1890 hujus-

2153 1898 2296 1953 modi
2320 1898 2531 1970 ﬂagitiis
2570 1903 2762 1970 alieno,
2808 1904 2954 1962 Vade
2980 1908 3045 1962 ad
3075 1908 3244 1976 illum,
3269 1918 3323 1964 et
3352 1911 3463 1980 ipse
3487 1912 3580 1966 tibi
3612 1928 3745 1982 pro-

2152 1990 2358 2045 curabit
2390 2007 2495 2062 quo
2524 1993 2773 2050 libentius
2802 1998 2966 2052 utaris
2987 2040 3001 2067 ,
3031 2000 3178 2055 novit
3203 2001 3345 2055 enim
3387 2002 3520 2058 tales
3544 2012 3599 2059 et
3623 2004 3747 2059 dili-

2152 2082 2253 2152 git;
2285 2092 2442 2154 atque
2472 2085 2544 2141 ita
2574 2087 2673 2143 iste
2701 2089 2767 2142 ab
2792 2104 2857 2145 eo
2878 2106 3036 2161 quem
3063 2092 3352 2162 quaerebat,
3381 2104 3561 2164 posset
3586 2110 3747 2151 aver-

2155 2174 2191 2227 ti
2223 2193 2234 2227 :
2270 2176 2448 2231 nescio
2469 2186 2641 2232 utrum
2668 2179 2884 2235 alterius
2913 2181 3049 2236 fama
3080 2183 3357 2238 mendacio
3381 2185 3624 2240 violanda
3648 2188 3747 2253 sit,

2154 2278 2222 2319 ne
2248 2266 2467 2321 alterius
2492 2282 2684 2339 corpus
2713 2271 2885 2326 aliena
2913 2273 3131 2327 libidine
3160 2274 3403 2330 violetur.
3434 2277 3496 2330 Et
3522 2278 3749 2331 omnino

2156 2372 2421 2425 nunquam
2463 2374 2559 2429 pro
2588 2361 2763 2431 aliquo
2807 2364 3167 2420 mentiendum
3215 2375 3324 2429 est,
3367 2382 3432 2421 eo
3464 2368 3749 2423 mendacio

2154 2449 2293 2519 quod
2321 2449 2543 2507 alterum
2589 2453 2775 2519 laedat;
2824 2456 2925 2510 etsi
2970 2457 3137 2513 levius
3166 2458 3392 2524 lzcditur,
3424 2476 3583 2530 quam
3631 2462 3744 2524 ille.

2154 2541 2255 2595 nisi
2283 2541 2353 2595 ita
2393 2544 2713 2612 mentireris,
2745 2546 3043 2603 lzederetur.
3071 2548 3199 2618 Quia
3237 2565 3333 2605 nec
3364 2552 3512 2620 panis
3538 2552 3748 2608 alienus

2157 2631 2341 2699 invito,
2369 2638 2611 2704 quamvis
2639 2636 2951 2707 valentiori,
2980 2640 3300 2696 auferendus
3329 2651 3445 2709 est,
3487 2653 3541 2696 ut
3572 2645 3749 2698 alatur

2156 2721 2443 2791 infirmior;
2473 2742 2572 2781 nec
2614 2730 2868 2784 innocens
2898 2731 3091 2786 invitus
3129 2731 3288 2802 virgis
3314 2733 3599 2789 caedendus
3626 2747 3703 2789 est
3726 2776 3746 2801 ,

2156 2829 2224 2869 ne
2259 2815 2395 2872 alius
2419 2818 2708 2873 occidatur.
2741 2820 2903 2877 Plane
2945 2822 2988 2877 si
3032 2823 3195 2878 velint
3223 2823 3347 2891 liat;
3379 2826 3499 2895 quia
3525 2841 3626 2881 nec
3654 2826 3746 2881 la:-

2156 2904 2368 2973 duutur,
2395 2924 2515 2963 cum
2553 2911 2620 2965 ita
2654 2912 2854 2967 volunt.

2227 2996 2452 3055 CAPUT
2491 3000 2558 3055 X.
2577 3032 2648 3042 —
2666 3002 2988 3059 Mendacium
3010 3006 3060 3059 in
3082 3006 3309 3061 doctrina
3330 3008 3585 3079 religionis
3606 3026 3747 3063 mm-

2156 3106 2304 3159 quam
2336 3092 2693 3148 adhibendum.
2723 3095 2827 3151 Sed
2849 3106 3022 3151 utrum
3045 3099 3201 3153 etiam
3229 3101 3453 3154 volentis
3478 3100 3612 3155 fama
3642 3102 3750 3155 fal-

2156 3197 2219 3238 so
2242 3186 2407 3254 stupri
2437 3187 2661 3244 crimine
2683 3188 2921 3245 Imdenda
2966 3192 3065 3257 sit,
3093 3201 3149 3246 ut
3177 3193 3243 3247 ab
3272 3194 3489 3249 alterius
3515 3211 3751 3265 corpore

2158 3284 2398 3346 stuprum
2441 3290 2729 3347 avertatur,
2776 3297 2965 3351 magna
3012 3286 3238 3354 quzcstio
3289 3295 3390 3341 est.
3444 3287 3510 3340 Et
3561 3290 3751 3343 nescio

2159 3375 2334 3422 utrum
2378 3369 2530 3425 facile
2558 3372 2850 3442 reperiatur
2876 3374 3143 3443 quomodo
3179 3377 3377 3445 justum
3418 3377 3487 3431 sit
3516 3378 3749 3432 volentis

2160 3456 2352 3512 famam
2393 3458 2526 3515 falso
2552 3463 2716 3532 stupri
2742 3464 2966 3521 crimine
2996 3467 3268 3535 maculari,
3296 3484 3453 3540 quam
3485 3470 3599 3540 ipso
3626 3481 3748 3526 stu-

2159 3566 2255 3620 pro
2282 3566 2473 3622 corpus
2504 3554 2671 3609 inviti.

2231 3642 2317 3698 17.
2358 3642 2464 3699 Sed
2496 3656 2669 3700 tamen
2710 3646 2754 3700 si
2800 3647 2918 3704 talis
2946 3649 3091 3718 optio
3132 3661 3516 3721 proponeretur
3558 3652 3607 3707 ei
3655 3655 3749 3723 qui

2161 3735 2465 3793 thuriiicare
2492 3738 2665 3805 idolis,
2697 3755 2854 3810 quam
2900 3740 3176 3797 muliebria
3222 3744 3421 3814 perpeti
3453 3744 3653 3809 maluit,
3692 3756 3752 3799 ut

2159 3831 2203 3882 si
2231 3829 2355 3884 illud
2387 3831 2544 3886 vellet
2572 3831 2791 3899 evitare,
2822 3832 3013 3887 famam
3039 3832 3235 3889 Christi
3262 3835 3441 3905 aliquo
3466 3837 3752 3892 mendacio

2160 3918 2410 3985 violaret;
2461 3921 2829 3977 insanissimus
2872 3932 3047 3990 esset,
3079 3924 3125 3979 si
3169 3923 3385 3982 faceret.
3429 3927 3552 3982 Plus
3583 3929 3750 3983 etiam

2159 4010 2301 4075 dico,
2329 4012 2451 4082 quia
2492 4012 2708 4069 insanus
2738 4023 2899 4082 esset,
2928 4015 2971 4070 si
2998 4015 3185 4071 alienae
3224 4017 3456 4073 libidinis
3483 4021 3754 4076 evitanda:

2160 4119 2341 4173 causa,
2368 4120 2435 4161 ne
2463 4104 2515 4161 id
2543 4105 2596 4161 in
2624 4120 2689 4162 eo
2710 4105 2860 4162 fieret
2883 4107 3024 4178 quod
3052 4110 3195 4164 nulla
3224 4124 3317 4165 sua
3345 4111 3566 4167 libidine
3597 4123 3753 4181 pate-

2163 4206 2334 4263 retur,
2363 4196 2557 4252 Christi
2600 4198 2946 4269 Evangelium
2989 4199 3134 4256 falsis
3162 4199 3359 4257 Christi
3390 4203 3631 4257 laudibus
3666 4204 3754 4260 in-

2162 4289 2406 4356 falsaret;
2435 4290 2602 4362 magis
2630 4290 2836 4347 evitans
2860 4291 3084 4348 alienam
3111 4296 3505 4365 corruptionem
3542 4295 3598 4350 in
3623 4312 3755 4350 cor-

2162 4396 2291 4451 pore
2320 4396 2438 4449 suo,
2466 4397 2623 4453 quam
2651 4383 2703 4437 in
2733 4382 2972 4439 doctrina
2993 4386 3426 4441 sanctiﬁcationis
3449 4389 3756 4444 animarum

2161 4479 2320 4543 atque
2360 4485 2643 4540 corporum
2685 4474 3078 4544 corruptionem
3121 4491 3291 4533 suam.
3319 4478 3677 4547 Quamobrem
3727 4498 3756 4533 a

2163 4563 2403 4620 doctrina
2422 4563 2716 4635 religionis,
2739 4575 2898 4637 atque
2926 4568 2992 4623 ab
3021 4572 3099 4622 eis
3125 4571 3345 4627 omnino
3369 4573 3755 4628 enuntiationi-

2164 4657 2298 4726 bus,
2342 4672 2460 4728 qua:
2487 4667 2705 4728 propter
2744 4657 3038 4715 doctrinam
3083 4662 3356 4734 religionis
3385 4666 3760 4729 enuntiantur.

2164 4765 2285 4805 cum
2309 4749 2395 4804 illa
2422 4749 2643 4805 docetur
2667 4759 2720 4806 et
2755 4750 2997 4818 discitur,
3026 4755 3203 4809 omnia
3239 4757 3448 4827 penitus
3476 4757 3762 4814 mendacia

2166 4838 2484 4896 removenda
2514 4848 2659 4895 sunt.
2679 4839 2787 4895 Nec
2817 4842 2920 4897 ulla
2944 4843 3162 4898 omnino
3189 4860 3345 4900 causa
3378 4848 3602 4902 inveniri
3628 4862 3767 4917 pos-

2167 4945 2226 4986 se
2263 4929 2546 4996 credatur,
2577 4945 2673 4985 cur
2713 4931 2766 4985 in
2806 4932 2969 4987 rebus
2998 4930 3203 4989 talibus
3233 4937 3594 4992 mentiendum
3632 4939 3711 4993 sit
3748 4960 3762 4996 :

2167 5019 2380 5091 quando
2407 5036 2503 5075 nec
2532 5020 2651 5075 ideo
2673 5022 2723 5076 in
2750 5036 2812 5077 ea
2838 5022 3079 5078 doctrina
3102 5026 3463 5081 mentiendum
3485 5037 3589 5095 est,
3614 5039 3676 5083 ut
3694 5032 3767 5086 ad

2169 5129 2286 5170 eam
2322 5114 2490 5182 ipsam
2519 5114 2743 5184 quisque
2775 5114 2981 5171 facilius
3010 5118 3350 5187 perducatur.
3393 5120 3581 5177 Fracta
3611 5126 3766 5179 enim

2169 5204 2251 5259 vel
2284 5204 2469 5259 leviter
2492 5204 2750 5260 diminuta
2770 5207 2792 5237 ²
2816 5209 3131 5265 auctoritate
3160 5211 3417 5275 veritatis,
3445 5214 3621 5268 omnia
3653 5214 3769 5268 du-

2169 5294 2253 5350 bia
2296 5296 2643 5351 remanebunt
2694 5315 2708 5351 :
2758 5314 2877 5369 qua:
2929 5299 3029 5355 nisi
3079 5316 3203 5356 vera
3247 5303 3555 5369 credantur,
3588 5309 3769 5363 teneri

2170 5400 2315 5443 certa
2349 5402 2452 5443 non
2500 5390 2909 5459 possunt.Licet
2934 5392 3095 5462 igitur
3121 5393 3208 5448 vel
3232 5394 3510 5450 dissertori
3550 5410 3615 5452 ac
3644 5397 3771 5451 dis-

2170 5482 2396 5549 putatori
2459 5492 2618 5550 atque
2663 5482 2994 5551 praedicatori
3042 5500 3220 5539 rerum
3271 5496 3629 5555 :cternarum,
3677 5495 3770 5546 vel

2172 5570 2431 5625 narraturi
2476 5570 2559 5626 vel
2609 5573 2990 5640 pronuntiatori
3041 5590 3218 5629 rerum
3270 5578 3643 5648 tempomlium
3698 5583 3772 5639 ad

2172 5661 2533 5717 tedilicandam
2558 5664 2863 5735 religionem
2894 5676 3049 5736 atque
3077 5668 3321 5736 pietatem
3356 5670 3773 5746 pertinentium,

2240 5818 2254 5849 ¹
2294 5818 2573 5883 tuvss.,scd
2594 5827 2785 5883 peccato
2809 5820 2924 5870 dum
2938 5833 2996 5871 ea
3021 5836 3131 5871 cum
3156 5834 3323 5883 posset.

2240 5883 2258 5910 ¹
2295 5881 2478 5940 Aliquot
2506 5889 2622 5941 “55.,
2650 5881 2850 5932 demota.
2880 5885 2981 5942 Alii,
3010 5881 3268 5936 deminuta.
