4048 6526
286 425 382 481 501
1706 420 1890 474 ΗΒΕιῖ

2003 418 2146 475 NUS.

284 538 555 594 occultare
582 537 636 591 in
663 547 901 607 tempore
928 535 1180 607 quidquid
1208 533 1581 590 occultandum
1612 532 1823 588 videtur
1856 550 1869 585 :

285 628 505 684 mentiri
550 639 729 685 autem
778 644 1049 701 nunquam
1093 628 1250 693 licet;
1300 642 1427 698 ergo
1466 642 1563 683 nec
1609 626 1878 682 occultare

288 720 616 777 mentiendo.
1206 786 1209 789 δ

358 810 587 867 CAPUT
628 810 720 866 XI.
748 841 820 851 —
850 811 937 867 18.
970 808 1242 865 Mendacia
1270 809 1419 863 etiam
1444 807 1743 863 removenda
1768 822 1881 876 qua:

292 915 377 959 aut
413 904 561 959 alteri
588 903 795 971 obsunt,
824 913 913 959 aut
940 903 1039 973 ipsi
1066 902 1343 957 mentienti.
1374 900 1626 956 Mentiens
1663 909 1709 953 ct
1742 915 1882 952 men-

289 999 393 1054 dux
419 996 685 1064 di/ferunt.
726 996 840 1052 Hoc
870 995 1115 1065 primitus
1139 1002 1194 1050 et
1222 992 1527 1049 ﬁrmissime
1553 991 1843 1046 constituto
1862 1030 1875 1054 ,

288 1090 353 1144 de
382 1088 599 1142 czeteris
636 1085 927 1142 mendaciis
965 1086 1207 1141 securius
1244 1084 1520 1155 qumritur.
1553 1081 1660 1138 Sed
1688 1096 1877 1137 conse-

286 1191 517 1252 quenter
543 1180 702 1235 etiam
731 1179 1017 1234 videndum
1059 1186 1173 1243 est,
1214 1175 1533 1233 removenda
1573 1189 1693 1230 esse
1721 1175 1881 1229 etiam

288 1274 471 1327 omnia
498 1272 775 1328 mendacia
819 1287 939 1342 qua:
982 1271 1213 1341 aliquem
1244 1270 1448 1325 Izcdunt
1490 1268 1727 1338 injuste:
1758 1268 1880 1338 quia

290 1363 423 1419 nulli
452 1372 537 1419 est
572 1363 764 1434 injuria
791 1363 879 1418 vel
913 1362 1082 1417 levior
1107 1359 1382 1416 inferenda
1403 1401 1418 1426 ,
1450 1368 1507 1415 ut
1534 1360 1601 1415 ab
1629 1359 1737 1413 alio
1758 1374 1881 1429 gra-

289 1456 405 1510 vior
431 1455 746 1527 repellatur.
777 1455 887 1510 Nec
932 1454 1019 1509 illa
1052 1462 1177 1509 sunt
1212 1453 1538 1509 admittenda
1582 1451 1878 1515 mendacia,

289 1564 409 1618 quae
434 1547 680 1617 quamvis
709 1562 816 1602 non
860 1547 1040 1601 obsint
1063 1546 1239 1613 alteri,
1269 1545 1402 1599 nulli
1430 1554 1606 1600 tamen
1635 1553 1877 1614 prosunt,

287 1650 343 1695 ct
374 1638 573 1693 obsunt
610 1638 689 1693 eis
730 1638 859 1708 ipsis
886 1638 975 1708 qui
1014 1636 1183 1707 gratis
1222 1638 1573 1691 mentiuntur.
1606 1634 1709 1704 Ipsi
1740 1634 1884 1689 enim

289 1730 511 1800 preprie
540 1730 828 1785 mendaces
867 1728 1077 1783 dicendi
1116 1735 1259 1782 sunt.
1302 1727 1529 1781 Interest
1565 1725 1707 1780 enim
1746 1726 1884 1780 inter

293 1822 643 1877 mentientem
662 1830 823 1891 atque
850 1821 1181 1877 mendacem.
1200 1819 1331 1874 Nam
1351 1820 1613 1873 mentiens
1627 1827 1710 1873 est
1724 1817 1884 1871 etiam

291 1915 381 1984 qui
411 1916 670 1971 mentitur
697 1918 892 1973 invitus
922 1935 936 1972 :
970 1917 1198 1973 mendax
1227 1931 1354 1971 vero
1373 1924 1517 1969 amat
1544 1912 1780 1979 mentiri,
1808 1921 1887 1967 at-

290 2022 396 2076 que
428 2006 632 2062 habitat
666 2009 847 2065 animo
875 2008 928 2063 iu
959 2008 1313 2064 delectatione
1349 2006 1699 2063 meutieudi‘.
1729 2004 1884 2060 Juxta

292 2098 527 2167 ponendi
557 2106 686 2154 sunt
711 2108 767 2155 et
805 2101 894 2170 qui
925 2099 992 2155 de
1018 2098 1297 2154 mendacio
1333 2099 1517 2153 volunt
1548 2098 1759 2168 placere
1786 2095 1885 2150 bo-

292 2193 555 2255 minibus,
585 2208 691 2248 non
722 2203 781 2249 ut
822 2194 977 2249 alicui
1023 2193 1220 2249 faciant
1253 2192 1502 2263 injuriam
1542 2191 1625 2247 vel
1656 2189 1888 2245 inferant

290 2284 711 2351 contumeliam;
729 2284 839 2356 jam
860 2284 1003 2340 enim
1031 2299 1192 2356 supra
1217 2282 1321 2339 hoc
1345 2298 1512 2355 genus
1538 2281 1885 2345 removimus;

292 2378 386 2432 sed
413 2386 469 2432 ut
498 2392 691 2433 suaves
721 2378 831 2432 sint
860 2379 912 2432 in
939 2378 1277 2433 sermonibus
1300 2377 1431 2431 suis.
1459 2374 1550 2430 Isti
1580 2372 1763 2429 abillo
1791 2385 1888 2441 ge-

292 2487 425 2525 nere
452 2471 502 2524 in
531 2486 638 2540 quo
678 2470 964 2527 mendaces
994 2471 1293 2541 posuimus,
1324 2468 1426 2523 hoc
1448 2467 1719 2532 ditl‘erunt,
1747 2465 1888 2535 quod

294 2564 416 2616 illos
446 2564 661 2618 mentiri
684 2563 934 2629 delectat,
961 2562 1258 2634 gaudentes
1284 2560 1351 2617 de
1371 2560 1483 2630 ipsa
1510 2558 1714 2613 fallacia
1740 2576 1752 2611 :
1776 2556 1891 2611 istis

291 2665 475 2709 autem
506 2655 716 2725 placere
747 2655 877 2710 libet
901 2654 967 2709 de
1008 2654 1349 2725 suaviloquio
1370 2694 1385 2716 ,
1411 2652 1501 2722 qui
1539 2661 1717 2706 tamen
1748 2649 1893 2704 veris

294 2746 519 2801 mallent
552 2746 795 2817 placere;
826 2746 919 2802 sed
948 2747 1159 2816 quando
1187 2761 1291 2801 non
1324 2745 1475 2799 facile
1505 2744 1779 2799 inveniunt
1804 2756 1894 2795 ve-

293 2856 353 2894 ra
384 2856 505 2910 qua:
534 2849 681 2910 grata
708 2841 817 2894 sint
841 2839 1201 2907 audientibus,
1234 2839 1449 2895 mentiri
1488 2838 1689 2907 eligunt
1718 2836 1893 2906 potius

294 2947 457 3000 quam
488 2940 687 2986 tacere.
734 2930 959 2986 Difﬁcile
984 2940 1067 2985 est
1094 2939 1267 2985 tamen
1301 2938 1357 2983 ut
1393 2929 1479 2983 isti
1517 2936 1681 2982 totam
1711 2940 1895 2981 narra-

298 3024 500 3078 tionem
534 3023 721 3077 falsam
752 3022 1040 3094 aliquando
1081 3022 1406 3091 suscipiant;
1437 3020 1533 3076 sed
1579 3020 1893 3089 plerumque

296 3116 443 3171 veris
470 3116 595 3170 falsa
639 3124 949 3181 contexunt,
982 3115 1073 3170 ubi
1117 3115 1352 3169 suavitas
1379 3128 1472 3168 eos
1501 3113 1720 3167 deserit.
1770 3112 1894 3166 Ilaec

297 3218 477 3262 autem
506 3208 611 3262 duo
633 3223 829 3279 genera
853 3206 1249 3263 mendaciorum
1279 3222 1383 3260 non
1413 3205 1608 3260 obsunt
1628 3203 1894 3259 credenti-

302 3300 426 3364 bus,
450 3299 571 3369 quia
600 3299 730 3353 nihil
759 3298 826 3354 de
855 3299 1098 3353 doctrina
1128 3296 1399 3367 religionis
1425 3296 1767 3363 veritatisque
1798 3294 1895 3348 fal-

298 3391 503 3456 luntur,
533 3401 620 3445 aut
649 3390 717 3446 de
740 3391 845 3445 ullo
866 3390 1149 3446 commodo
1181 3390 1263 3445 vel
1294 3389 1517 3443 utilitate
1538 3403 1654 3441 sua.
1686 3384 1895 3441 Sufficit

298 3484 446 3537 cnim
478 3485 555 3538 cis
585 3492 645 3538 ut
664 3483 903 3553 judicent
930 3482 1044 3538 fieri
1077 3483 1315 3553 potuisse
1342 3480 1481 3551 quod
1505 3479 1717 3545 dicitur,
1750 3488 1803 3534 et
1829 3478 1893 3531 li-

298 3575 425 3629 dem
456 3574 687 3629 habeant
711 3575 911 3629 homini
937 3590 1093 3645 quem
1118 3588 1225 3627 non
1256 3572 1451 3628 debent
1479 3581 1681 3627 temere
1707 3569 1892 3625 existi-

300 3684 452 3723 mare
483 3668 852 3722 mentientem.
876 3667 1013 3736 Quid
1039 3668 1181 3723 enim
1209 3667 1389 3732 obesr,
1407 3666 1449 3720 si
1470 3665 1656 3720 credat
1686 3674 1891 3735 patrem

300 3768 397 3812 aut
425 3774 581 3813 avum
612 3758 838 3829 alicujus
882 3759 1054 3814 virum
1082 3758 1281 3814 bonum
1310 3758 1471 3812 fuisse
1491 3798 1504 3821 ,
1548 3758 1757 3812 etiamsi
1790 3771 1895 3811 non

299 3851 435 3919 fuit;
458 3862 548 3907 aut
564 3868 733 3924 usque
753 3851 818 3907 ad
842 3852 1039 3907 Persas
1060 3848 1338 3905 militando
1358 3850 1683 3919 pervenisse.
1709 3848 1899 3902 ctiam-

298 3944 345 4000 si
378 3960 408 3998 a
440 3944 607 3998 Roma
636 3958 911 4013 nunquam
946 3941 1207 3998 recessit?
1236 3939 1371 4010 Ipsis
1409 3948 1586 3995 autem
1627 3939 1895 3993 mentien-

298 4036 446 4092 tibus
480 4036 634 4092 valde
672 4037 867 4093 ohsuut
896 4052 909 4088 :
944 4034 1049 4089 illis
1082 4032 1326 4103 quidem,
1370 4028 1493 4102 quia
1538 4031 1615 4086 sic
1644 4030 1897 4085 deserunt

299 4127 609 4192 veritatem,
641 4135 699 4182 ut
725 4124 928 4183 fallacia
956 4126 1229 4190 laetentur;
1264 4122 1379 4178 istis
1400 4165 1414 4189 ,
1456 4122 1577 4192 quia
1603 4138 1661 4177 se
1693 4121 1901 4176 malunt

300 4220 537 4290 placere,
570 4233 731 4289 quam
761 4218 1007 4273 verum’.

374 4310 604 4368 CAPUT
642 4310 761 4366 XII.
796 4340 869 4351 ——
902 4311 990 4365 19.
1029 4308 1353 4363 Mendacium
1381 4308 1515 4378 quod
1538 4316 1585 4361 et
1612 4307 1741 4362 nulli
1764 4308 1898 4363 obest

300 4415 348 4458 et
369 4405 527 4458 alicui
556 4404 758 4474 prodest
776 4420 843 4458 an
871 4401 1234 4457 adhibendum.
1271 4401 1351 4455 An
1376 4400 1637 4455 mendacia
1665 4400 1899 4471 quwdam

301 4497 544 4561 honesta,
574 4512 687 4567 qua:
714 4496 947 4550 nonnulli
989 4503 1197 4565 prosunt
1222 4503 1267 4547 et
1302 4494 1431 4547 nulli
1457 4494 1656 4547 obsunt.
1693 4493 1899 4548 Mentiri

300 4604 472 4641 annon
486 4603 681 4658 semper
695 4587 758 4641 sit
771 4585 956 4656 falsum
973 4585 1309 4639 testimonium
1336 4583 1519 4638 dicere.
1546 4583 1662 4637 Istis
1690 4584 1899 4654 generi-

301 4680 402 4733 bus
432 4679 550 4733 sine
595 4678 701 4733 ulla
738 4676 1074 4732 dubitatione
1111 4674 1405 4736 damnatis,
1450 4676 1690 4745 sequitur
1732 4690 1901 4745 genus

302 4771 567 4826 mendacii
595 4779 846 4840 tanquam
873 4768 1132 4839 gradatim
1160 4766 1228 4821 ad
1263 4766 1485 4823 meliora
1524 4766 1863 4835 surgentibus
1882 4808 1897 4831 ,

299 4862 442 4931 quod
476 4862 751 4916 benevolis
780 4870 832 4914 ct
864 4860 1017 4913 bonis
1060 4858 1217 4929 vulgo
1260 4857 1419 4912 tribui
1460 4857 1624 4923 solet,
1658 4872 1778 4911 cum
1812 4858 1900 4913 ille

300 4956 389 5024 qui
422 4933 702 5019 tuentitur,
737 4967 842 5006 non
871 4952 1043 5007 solum
1085 4951 1241 5006 alteri
1274 4967 1378 5003 non
1407 4950 1558 5004 obest
1580 4991 1593 5015 ,
1618 4949 1710 5003 sed
1739 4950 1898 5003 etiam

303 5047 524 5116 prodest
574 5045 754 5099 alicui.
810 5043 887 5099 De
935 5042 1037 5097 isto
1079 5058 1275 5114 genere
1318 5053 1399 5096 est
1442 5050 1547 5095 tota
1596 5042 1896 5107 contentio,

306 5149 556 5192 utrumne
592 5138 691 5193 sibi
719 5137 893 5203 obsit,
924 5136 1012 5205 qui
1059 5136 1138 5189 sic
1168 5134 1381 5203 prodest
1412 5132 1602 5197 alteri,
1646 5142 1703 5186 ut
1748 5133 1902 5186 faciat

302 5239 486 5283 (cntra
513 5228 820 5281 veritatem.
860 5228 967 5280 Aut
994 5226 1037 5281 si
1065 5225 1262 5279 veritas
1291 5225 1377 5278 illa
1407 5224 1517 5276 sola
1546 5224 1767 5277 dicenda
1795 5232 1896 5289 est,

300 5339 418 5389 qtue
447 5322 589 5391 ipsas
614 5329 823 5374 mentes
850 5318 1037 5372 intimo
1060 5326 1218 5387 atque
1249 5316 1665 5370 ineommutabili
1701 5316 1900 5369 lumine

300 5412 561 5478 illustrat;
599 5412 726 5467 facit
750 5418 895 5465 certe
939 5418 1126 5465 Contra
1154 5406 1367 5478 aliquod
1402 5424 1616 5472 verunt,
1644 5407 1763 5476 quia
1799 5409 1899 5461 etsi

272 5503 554 5583 ‘falluntur
581 5502 824 5572 Corporis
854 5515 1064 5565 sensus,
1092 5509 1272 5554 contra
1311 5516 1493 5553 verum
1527 5507 1700 5551 tamen
1736 5499 1857 5551 facit
1884 5542 1897 5564 ,

300 5599 387 5669 qui
418 5598 545 5653 dicit
577 5594 780 5667 aliquid
814 5596 881 5647 ita
914 5610 1063 5661 esse,
1108 5593 1188 5647 vel
1224 5608 1325 5645 non
1377 5592 1475 5657 ita,
1522 5591 1659 5660 quod
1708 5591 1751 5643 ei
1802 5609 1900 5643 nec.

359 5755 375 5786 ι
416 5752 615 5817 Aliquot
628 5758 764 5817 stam,
785 5747 835 5797 in
857 5746 1112 5817 dilectione
1129 5744 1406 5817 nuwnen‘rli.
1846 5807 1877 5817 Η

359 5818 379 5846 ¹
412 5807 516 5865 Soli
554 5814 709 5865 editio
747 5818 877 5871 Lov.,
908 5808 1099 5871 placere
1138 5808 1427 5859 homiml'ns.
1458 5818 1598 5865 quem
1639 5818 1795 5854 rerum
1825 5807 1873 5854 tlt‘

302 5890 415 5929 βεγιν,

3467 425 3573 481 50‘)

1990 545 2142 585 mens
2180 545 2279 585 nec
2308 544 2495 585 sensus
2526 546 2623 587 nec
2661 531 2900 603 opinatio
2926 549 3020 589 sua
3052 534 3254 592 lldcsve
3280 540 3569 593 renuntiat.

1989 623 2178 681 Utrum
2205 639 2333 694 ergo
2354 639 2460 679 non
2487 625 2587 679 sibi
2617 624 2781 694 obsit,
2808 627 2895 697 qui
2927 627 3028 683 hoc
3068 628 3228 683 modo
3254 632 3409 686 alteri
3450 648 3562 699 pro-

1988 715 2108 771 dcst
2135 732 2151 781 ;
2179 730 2245 769 an
2274 715 2361 770 illa
2391 716 2827 787 compensatione
2863 734 2969 773 non
3001 719 3141 773 obsit
3168 719 3289 784 sibi,
3318 736 3421 791 qua
3448 736 3577 791 pro-

1988 805 2109 861 dest
2135 807 2309 872 alteri,
2339 822 2526 879 magna
2555 809 2780 878 quaistio
2803 818 2905 866 est.
2936 810 2991 866 Si
3013 810 3083 865 ita
3109 818 3212 877 est,
3236 827 3541 884 consequen

1991 909 2072 956 ter
2096 901 2255 956 etiam
2302 901 2405 956 sibi
2450 902 2705 973 prodesse
2732 902 2890 958 debet
2932 919 3031 975 per
3058 904 3392 961 mendacium
3434 907 3574 976 quod

1989 993 2117 1047 nulli
2144 995 2315 1048 obest.
2339 992 2443 1049 Sed
2466 1008 2528 1048 ea
2550 1008 2789 1049 connexa
2815 1004 2959 1063 sunt,
2982 1003 3038 1051 et
3056 995 3171 1051 istis
3191 998 3459 1052 concessis
3480 1014 3576 1054 ne-

1989 1087 2221 1142 cessario
2251 1086 2533 1142 trahuntur
2560 1104 2680 1158 quae
2724 1088 2949 1144 multum
2974 1089 3312 1146 conturbant.
3346 1090 3403 1146 Si
3432 1092 3576 1146 enim

1988 1186 2259 1247 quaeratur
2298 1177 2426 1248 quid
2452 1179 2592 1234 obsit
2618 1179 2819 1235 homini
2858 1180 3028 1251 copiis
3069 1182 3350 1252 superfluis
3376 1183 3579 1238 redun-

1988 1269 2155 1334 danti,
2185 1272 2230 1325 si
2254 1270 2323 1327 de
2356 1271 2652 1329 innumeris
2681 1274 2916 1331 millibus
2942 1273 3329 1332 frumentorum
3370 1277 3582 1333 amittat

1990 1378 2153 1416 unum
2181 1362 2439 1428 modium,
2465 1364 2554 1434 qui
2588 1374 2767 1421 tamen
2790 1367 3001 1423 modius
3038 1368 3211 1439 possit
3232 1368 3300 1424 ad
3328 1385 3580 1426 necessa-

1990 1454 2127 1508 rium
2158 1454 2352 1509 victum
2391 1456 2649 1526 prodesse
2678 1455 2909 1523 iuranti;
2939 1474 3273 1530 consequens
3305 1463 3406 1514 erit
3438 1470 3492 1515 ut
3527 1476 3583 1517 et

1991 1545 2187 1600 furtum
2218 1547 2333 1602 sine
2362 1548 2779 1618 reprehensione
2805 1551 2921 1606 fieri
2953 1553 3142 1623 possit,
3175 1564 3228 1609 et
3254 1554 3447 1611 falsum
3502 1566 3581 1613 te-

1992 1638 2299 1694 stimonium
2326 1638 2442 1694 sine
2462 1650 2683 1709 peccato
2698 1641 2820 1697 dici.
2840 1642 2957 1711 Quo
2976 1644 3101 1715 quid
3124 1645 3229 1700 dici
3256 1655 3431 1716 potest
3456 1664 3580 1717 per-

1992 1730 2235 1786 versius?
2260 1732 2343 1785 An
2368 1747 2494 1786 vero
2519 1733 2562 1786 si
2584 1733 2720 1788 alius
2747 1732 2951 1789 furatus
2971 1746 3117 1792 esset
3146 1737 3293 1791 illum
3318 1738 3579 1803 modium,

1958 1858 1959 1861 η
1992 1831 2048 1877 et
2076 1830 2131 1876 tu
2156 1821 2398 1889 videres,
2440 1823 2901 1895 interrogatusque
2926 1840 3075 1883 esses
3096 1867 3113 1894 ,
3150 1830 3453 1884 mentireris
3482 1831 3582 1885 bo-

1992 1922 2144 1971 neste
2169 1930 2265 1985 pro
2294 1930 2549 1985 paupere,
2578 1925 2635 1971 et
2670 1919 2715 1973 si
2741 1917 2793 1974 id
2824 1934 2921 1989 pro
2948 1928 3036 1974 tua
3061 1931 3371 1991 paupertate
3399 1922 3580 1987 facias,

1993 2005 2333 2076 culpaberis?
2357 2007 2510 2077 quasi
2538 2008 2764 2078 amplius
2790 2010 2952 2065 alium
2979 2027 3137 2082 quam
3170 2022 3223 2069 te
3251 2014 3471 2085 diligere
3499 2010 3585 2071 de-

1994 2098 2142 2155 beas.
2164 2098 2461 2170 Utrumque
2479 2116 2608 2171 ergo
2636 2110 2789 2171 turpe
2808 2111 2968 2173 atque
2995 2104 3267 2160 vitandum
3298 2116 3401 2162 est.

2066 2190 2157 2246 20.
2199 2191 2304 2247 Sed
2334 2190 2576 2248 fortassis
2600 2194 2970 2263 exceptionem
3004 2195 3305 2251 addendam
3343 2198 3463 2267 quis
3489 2214 3590 2268 pu-

1997 2291 2095 2350 tet,
2122 2290 2179 2337 ut
2201 2283 2308 2337 sint
2333 2283 2578 2354 qumdam
2608 2285 2832 2341 honesta
2864 2286 3162 2353 mendacia,
3205 2304 3324 2358 quae
3360 2306 3466 2345 non
3496 2306 3588 2346 so-

1996 2375 2106 2431 lum
2143 2375 2276 2430 nuili
2305 2375 2525 2443 obsunt,
2555 2376 2648 2431 sed
2674 2378 2832 2432 etiam
2863 2379 3107 2433 nonnulli
3148 2388 3390 2449 prosunt,
3425 2397 3587 2435 exce-

1998 2470 2103 2539 ptis
2131 2468 2216 2523 his
2259 2469 2451 2537 quibus
2477 2469 2700 2524 crimina
2735 2470 3073 2525 occultantur
3099 2482 3155 2527 et
3180 2472 3540 2527 defenduntur
3571 2493 3585 2529 :

2000 2572 2053 2615 ut
2076 2560 2196 2615 ideo
2222 2561 2290 2614 sit
2314 2560 2445 2615 illud
2470 2570 2623 2631 turpe
2648 2562 3006 2630 mendacium,
3028 2562 3167 2633 quod
3190 2564 3432 2634 quamvis
3456 2566 3588 2619 nulli

1997 2652 2157 2717 obsit,
2176 2660 2231 2706 et
2253 2652 2421 2720 prosit
2446 2652 2685 2721 pauperi,
2712 2652 2911 2707 furtum
2933 2662 3110 2708 tamen
3132 2655 3395 2721 occultat;
3426 2658 3467 2710 si
3492 2672 3587 2711 auo

2001 2753 2105 2799 tem
2133 2744 2201 2799 ita
2234 2744 2363 2799 nulli
2384 2745 2599 2799 obesset
2622 2754 2675 2799 ct
2696 2745 2974 2816 prodesset
2996 2747 3175 2813 alicui,
3203 2757 3260 2802 ut
3285 2749 3443 2803 etiam
3468 2750 3588 2803 nul-

1998 2836 2108 2890 lum
2158 2844 2433 2905 peccatum
2485 2836 2777 2892 occultaret
2823 2847 2981 2908 atque
3029 2837 3375 2903 defenderet,
3434 2847 3590 2909 turpe

2000 2944 2107 2983 non
2136 2938 2301 2985 esset.
2336 2929 2489 2984 Velut
2534 2930 2578 2984 si
2620 2930 2882 3001 quispiam
2924 2933 3202 3000 pecuniam
3246 2948 3395 2987 suam
3434 2943 3484 2989 te
3514 2936 3591 2988 vi-

1999 3020 2159 3077 dente
2186 3021 2568 3087 absconderet,
2599 3038 2666 3077 uc
2691 3039 2789 3093 per
2815 3024 3013 3078 furtum
3045 3034 3137 3079 aut
3164 3025 3268 3079 vim
3298 3027 3585 3092 amitteret,

2000 3121 2159 3181 atque
2201 3111 2326 3167 inde
2373 3112 2728 3184 interrogatus
2770 3116 3104 3182 mentireris;
3153 3132 3325 3186 neque
3369 3118 3592 3173 obesses

2000 3204 2245 3274 cuiquam
2273 3247 2288 3272 ,
2320 3214 2373 3260 et
2402 3204 2451 3260 ei
2492 3206 2774 3275 prodesses
2804 3208 2886 3261 cui
2930 3223 3064 3278 OpIIS
3104 3218 3220 3264 erat
3251 3210 3375 3264 illud
3411 3211 3593 3266 occul-

2002 3303 2112 3349 tum
2136 3297 2149 3326 ¹
2172 3337 2188 3361 ,
2217 3307 2270 3350 ct
2301 3297 2499 3350 nullum
2538 3308 2811 3368 peceatum
2841 3300 3148 3357 mentiendo
3182 3303 3425 3357 texisses.
3472 3303 3589 3358 Non

2001 3389 2142 3442 enim
2171 3391 2452 3460 quisquam
2482 3400 2668 3460 peccat
2697 3392 3077 3448 abscondendo
3100 3410 3210 3449 rem
3241 3410 3589 3465 suam,quam

2003 3480 2158 3533 timet
2180 3481 2449 3536 amittere.
2474 3480 2579 3537 Sed
2608 3483 2651 3537 si
2682 3493 2959 3554 preptcrea
2996 3500 3101 3540 non
3131 3502 3415 3554 peccamus
3446 3503 3594 3541 men—

2003 3569 2205 3638 ticudo,
2231 3572 2351 3641 quia
2381 3572 2579 3627 nullius
2605 3582 2877 3643 peccatum
2912 3584 3172 3647 tegentes,
3194 3586 3248 3632 et
3278 3578 3407 3633 nulli
3435 3579 3595 3634 obsu-

2002 3674 2139 3725 Inus,
2176 3669 2228 3714 et
2252 3661 2406 3716 alicui
2430 3677 2733 3732 prosumus,
2755 3666 2881 3734 quid
2908 3667 3115 3737 agimus
3140 3668 3208 3723 de
3234 3669 3349 3739 ipso
3378 3682 3596 3739 peccato

2003 3752 2305 3808 mendacii?
2340 3754 2438 3810 Ubi
2464 3755 2607 3810 enim
2650 3758 2877 3826 positum
2907 3768 3008 3824 est,
3045 3759 3127 3813 Ne
3155 3764 3346 3831 furtum
3376 3765 3596 3832 feceris;

2004 3845 2073 3899 ibi
2100 3845 2331 3915 positum
2362 3855 2464 3911 cst,
2500 3846 2582 3900 Ne
2615 3849 2802 3919 falsum
2832 3850 3151 3903 testimonum
3175 3852 3362 3906 dixeris
3387 3854 3405 3923 (
3426 3853 3594 3907 Exod.

2002 3953 2097 4003 xx,
2135 3936 2222 4000 l5,
2254 3935 2369 4007 16).
2397 3935 2535 3991 Cum
2559 3952 2687 4007 ergo
2716 3938 2919 4008 singula
2950 3939 3353 4009 prohibeantur,
3376 3958 3471 3999 cur
3499 3946 3598 4000 fal-

2003 4042 2121 4083 sum
2146 4027 2507 4083 testimonium
2536 4038 2659 4085 tunc
2692 4041 2775 4085 cst
2802 4032 3087 4102 culpabile,
3120 4035 3163 4089 si
3195 4034 3391 4091 furtum
3416 4047 3552 4108 tegat
3578 4079 3595 4105 ,

2004 4120 2087 4175 vel
2109 4120 2322 4190 aliquod
2343 4120 2487 4176 aliud
2516 4133 2821 4191 peccatum;
2851 4125 2893 4178 si
2922 4134 3099 4181 autem
3122 4127 3262 4181 nulla
3285 4129 3597 4187 defensione

2004 4212 2209 4283 peccati
2262 4228 2356 4283 per
2399 4227 2457 4267 se
2504 4214 2676 4284 ipsum
2731 4218 2848 4282 tiat,
2883 4232 2989 4271 non
3019 4227 3102 4273 est
3128 4219 3427 4289 culpabile,
3476 4237 3599 4278 cum

2004 4303 2178 4373 ipsum
2208 4302 2403 4357 furtum
2434 4320 2528 4374 per
2558 4320 2616 4360 se
2644 4305 2905 4375 culpabile
2930 4308 3017 4373 sit,
3049 4316 3313 4366 etetetera
3347 4317 3600 4382 peccata?

2007 4395 2086 4448 An
2115 4395 2383 4450 occultare
2412 4405 2684 4465 peccatum
2704 4398 2723 4427 ²
2752 4412 2859 4453 ηοη
2886 4398 3029 4465 licet,
3062 4400 3239 4457 facere
3265 4402 3424 4458 licet?

2076 4485 2165 4540 2|.
2196 4485 2346 4554 Quod
2372 4487 2415 4541 si
2442 4487 2730 4541 absurdum
2762 4498 2881 4556 est,
2919 4490 3042 4561 quid
3072 4491 3348 4548 dicemus?
3387 4497 3470 4550 An
3500 4497 3603 4551 fal-

2008 4593 2123 4632 sum
2157 4579 2521 4633 testimonium
2548 4594 2651 4634 non
2679 4589 2795 4647 cst,
2824 4582 2926 4636 nisi
2954 4597 3075 4638 cum
3101 4586 3325 4655 quisque
3358 4588 3425 4641 ita
3454 4604 3605 4644 men-

2011 4671 2169 4735 titur,
2218 4680 2275 4723 ut
2319 4679 2409 4723 aut
2448 4671 2652 4725 crimen
2696 4674 2969 4744 conlingat
3004 4674 3055 4729 in
3091 4676 3354 4747 aliquem,
3394 4687 3485 4733 aut
3509 4680 3605 4734 ali-

2008 4763 2160 4833 cujus
2200 4764 2405 4818 crimen
2437 4765 2669 4821 occultet
2689 4807 2703 4830 ,
2735 4776 2828 4820 aut
2855 4782 3071 4839 quoquo
3100 4771 3258 4823 modo
3283 4786 3603 4841 quemquam

2010 4855 2063 4909 in
2091 4855 2292 4925 judicio
2319 4857 2565 4926 premat?
2618 4858 2839 4913 Videtur
2866 4860 3009 4915 enim
3042 4862 3194 4916 testis
3218 4862 3383 4931 jndici
3412 4879 3604 4919 ncces-

2011 4948 2185 5001 sarius
2212 4948 2277 5001 ad
2300 4964 2476 5003 causae
2505 4949 2887 5019 cognitionem.
2915 4951 3020 5005 Sed
3054 4952 3097 5005 si
3129 4950 3384 5006 hactenus
3411 4963 3603 5009 testem

2011 5042 2284 5111 Scriptura
2313 5043 2651 5109 nominaret,
2684 5058 2790 5097 non
2818 5043 3023 5098 diceret
3046 5045 3336 5112 Apostolus
3358 5087 3373 5111 ,
3398 5046 3607 5101 Inveni-

2010 5150 2124 5185 mur
2146 5142 2190 5187 et
2222 5134 2342 5203 falsi
2381 5143 2524 5188 testes
2550 5133 2664 5198 Dei,
2689 5134 2734 5187 si
2763 5135 3099 5187 testimonium
3124 5135 3346 5190 diximus
3364 5136 3606 5194 adversus
3651 5128 3658 5137 ’

2011 5226 2208 5291 Deum,
2254 5227 2373 5293 quia
2410 5227 2696 5279 excitaverit
2732 5224 3017 5292 Christum,
3060 5243 3205 5296 quem
3244 5245 3345 5283 non
3374 5232 3606 5286 excitauit

2012 5319 2053 5389 (Ι
2078 5318 2194 5373 Cor.
2229 5335 2317 5383 xv,
2356 5319 2467 5386 15).
2497 5317 2572 5373 Ita
2591 5318 2732 5372 enim
2761 5320 2995 5374 ostendit
3023 5319 3212 5375 falsum
3241 5324 3604 5382 testimonium

2010 5427 2130 5465 esse
2168 5409 2543 5475 mendacium,
2587 5410 2795 5465 etiamsi
2842 5411 2892 5465 in
2923 5412 3234 5483 cujusquam
3284 5416 3411 5471 falsa
3450 5418 3607 5473 laude

2011 5504 2237 5557 dicatur.

2084 5597 2308 5652 CAPUT
2350 5596 2486 5651 XIII.
2534 5628 2603 5637 ——
2655 5598 2731 5651 An
2772 5601 3107 5653 muniendum
3150 5620 3211 5655 ne
3250 5605 3491 5672 prodatur
3533 5606 3607 5657 rel

2015 5691 2302 5756 homicida,
2350 5692 2422 5743 rrl
2463 5691 2698 5745 innocens
2740 5694 2980 5761 qmvsitus
3020 5694 3087 5746 ad
3123 5706 3350 5749 mortem.
3402 5695 3609 5753 Hrmus

2080 5806 2091 5834 ι
2130 5805 2325 5861 Quidam
2351 5812 2478 5861 Mssa,
2498 5807 2745 5857 occultari.

2086 5868 2104 5896 ¹
2132 5869 2212 5915 llic
2239 5870 2352 5915 ctltti
2382 5877 2423 5916 et
2449 5872 2640 5931 quidam
2660 5879 2763 5921 ηδε.
2794 5872 2992 5930 addunt,
3018 5873 3303 5926 mentiendo.
