  <div class='ocr_page' id='page_1' title='image "/cluster/home/n/w/nwhite01/storage/ocr_20150623/40-41/uc1.31175026811482/259.png"; bbox 0 0 3986 6546; ppageno 0'>
   <div class='ocr_carea' id='block_1_1' title="bbox 461 462 565 517">
    <p class='ocr_par' dir='ltr' id='par_1_1' title="bbox 461 462 565 517">
     <span class='ocr_line' id='line_1_1' title="bbox 461 462 565 517; baseline 0.019 -2"><span class='ocrx_word' id='word_1_1' title='bbox 461 462 565 517; x_wconf 74' lang='lat'><strong>503</strong></span> 
     </span>
    </p>
   </div>
   <div class='ocr_carea' id='block_1_2' title="bbox 459 552 2049 638">
    <p class='ocr_par' dir='ltr' id='par_1_2' title="bbox 459 552 2049 638">
     <span class='ocr_line' id='line_1_2' title="bbox 459 552 2049 638; baseline -0.013 -14"><span class='ocrx_word' id='word_1_2' title='bbox 459 571 724 638; x_wconf 68' lang='lat' dir='ltr'><strong>episcopus</strong></span> <span class='ocrx_word' id='word_1_3' title='bbox 744 561 1112 635; x_wconf 75' lang='lat' dir='ltr'><strong>Tltagastemis,</strong></span> <span class='ocrx_word' id='word_1_4' title='bbox 1139 573 1230 613; x_wconf 81' lang='lat' dir='ltr'><strong>nec</strong></span> <span class='ocrx_word' id='word_1_5' title='bbox 1255 557 1356 613; x_wconf 82' lang='lat' dir='ltr'><strong>vult</strong></span> <span class='ocrx_word' id='word_1_6' title='bbox 1371 554 1589 620; x_wconf 83' lang='lat' dir='ltr'><strong>mentiri,</strong></span> <span class='ocrx_word' id='word_1_7' title='bbox 1613 569 1702 607; x_wconf 82' lang='lat' dir='ltr'><strong>nec</strong></span> <span class='ocrx_word' id='word_1_8' title='bbox 1726 560 1778 606; x_wconf 87' lang='lat' dir='ltr'><strong>ut</strong></span> <span class='ocrx_word' id='word_1_9' title='bbox 1797 552 2049 605; x_wconf 80' lang='lat' dir='ltr'><strong>hominem</strong></span> 
     </span>
    </p>
   </div>
   <div class='ocr_carea' id='block_1_3' title="bbox 464 645 2047 732">
    <p class='ocr_par' dir='ltr' id='par_1_3' title="bbox 464 645 2047 732">
     <span class='ocr_line' id='line_1_3' title="bbox 464 645 2047 732; baseline -0.013 -16"><span class='ocrx_word' id='word_1_10' title='bbox 464 663 724 732; x_wconf 67' lang='lat' dir='ltr'><strong>quaesitum</strong></span> <span class='ocrx_word' id='word_1_11' title='bbox 751 657 944 728; x_wconf 81' lang='lat' dir='ltr'><strong>prodat-</strong></span> <span class='ocrx_word' id='word_1_12' title='bbox 970 652 1230 708; x_wconf 75' lang='lat' dir='ltr'><strong>tormentis</strong></span> <span class='ocrx_word' id='word_1_13' title='bbox 1259 649 1396 720; x_wconf 80' lang='lat' dir='ltr'><strong><em>adigi</em></strong></span> <span class='ocrx_word' id='word_1_14' title='bbox 1427 655 1609 718; x_wconf 82' lang='lat' dir='ltr'><strong>potest.</strong></span> <span class='ocrx_word' id='word_1_15' title='bbox 1657 645 1794 712; x_wconf 83' lang='lat' dir='ltr'><strong>Quid</strong></span> <span class='ocrx_word' id='word_1_16' title='bbox 1830 660 2047 714; x_wconf 77' lang='lat' dir='ltr'><strong>respon-</strong></span> 
     </span>
    </p>
   </div>
   <div class='ocr_carea' id='block_1_4' title="bbox 458 737 2052 820">
    <p class='ocr_par' dir='ltr' id='par_1_4' title="bbox 458 737 2052 820">
     <span class='ocr_line' id='line_1_4' title="bbox 458 737 2052 820; baseline -0.013 -12"><span class='ocrx_word' id='word_1_17' title='bbox 458 759 572 808; x_wconf 81' lang='lat' dir='ltr'><strong>deat</strong></span> <span class='ocrx_word' id='word_1_18' title='bbox 609 755 946 820; x_wconf 71' lang='lat' dir='ltr'><strong>interrogatus</strong></span> <span class='ocrx_word' id='word_1_19' title='bbox 985 754 1030 801; x_wconf 86' lang='lat' dir='ltr'><strong>et</strong></span> <span class='ocrx_word' id='word_1_20' title='bbox 1063 746 1224 801; x_wconf 77' lang='lat' dir='ltr'><strong>sciens</strong></span> <span class='ocrx_word' id='word_1_21' title='bbox 1266 743 1441 798; x_wconf 74' lang='lat' dir='ltr'><strong>ubisit</strong></span> <span class='ocrx_word' id='word_1_22' title='bbox 1477 740 1564 795; x_wconf 84' lang='lat' dir='ltr'><strong>ille</strong></span> <span class='ocrx_word' id='word_1_23' title='bbox 1595 739 1680 809; x_wconf 82' lang='lat' dir='ltr'><strong>qui</strong></span> <span class='ocrx_word' id='word_1_24' title='bbox 1723 737 1790 790; x_wconf 79' lang='lat' dir='ltr'><strong>ad</strong></span> <span class='ocrx_word' id='word_1_25' title='bbox 1839 746 2052 790; x_wconf 87' lang='lat' dir='ltr'><strong>mortem</strong></span> 
     </span>
    </p>
   </div>
   <div class='ocr_carea' id='block_1_5' title="bbox 458 826 2050 913">
    <p class='ocr_par' dir='ltr' id='par_1_5' title="bbox 458 826 2050 913">
     <span class='ocr_line' id='line_1_5' title="bbox 458 826 2050 913; baseline -0.011 -18"><span class='ocrx_word' id='word_1_26' title='bbox 458 844 718 913; x_wconf 65' lang='lat' dir='ltr'><strong>quaeritur.</strong></span> <span class='ocrx_word' id='word_1_27' title='bbox 767 842 853 895; x_wconf 84' lang='lat' dir='ltr'><strong>An</strong></span> <span class='ocrx_word' id='word_1_28' title='bbox 880 836 1018 894; x_wconf 83' lang='lat' dir='ltr'><strong>forte</strong></span> <span class='ocrx_word' id='word_1_29' title='bbox 1041 846 1166 892; x_wconf 89' lang='lat' dir='ltr'><strong>tunc</strong></span> <span class='ocrx_word' id='word_1_30' title='bbox 1193 833 1324 890; x_wconf 93' lang='lat' dir='ltr'><strong>dicit</strong></span> <span class='ocrx_word' id='word_1_31' title='bbox 1354 832 1543 886; x_wconf 89' lang='lat' dir='ltr'><strong>falsum</strong></span> <span class='ocrx_word' id='word_1_32' title='bbox 1571 826 1932 884; x_wconf 88' lang='lat' dir='ltr'><strong>testimonium</strong></span> <span class='ocrx_word' id='word_1_33' title='bbox 1963 827 2050 896; x_wconf 89' lang='lat' dir='ltr'><strong>qui</strong></span> 
     </span>
    </p>
   </div>
   <div class='ocr_carea' id='block_1_6' title="bbox 461 917 2057 999">
    <p class='ocr_par' dir='ltr' id='par_1_6' title="bbox 461 917 2057 999">
     <span class='ocr_line' id='line_1_6' title="bbox 461 917 2057 999; baseline -0.01 -11"><span class='ocrx_word' id='word_1_34' title='bbox 461 935 750 997; x_wconf 88' lang='lat' dir='ltr'><strong>mentitur,</strong></span> <span class='ocrx_word' id='word_1_35' title='bbox 796 946 919 987; x_wconf 91' lang='lat' dir='ltr'><strong>cum</strong></span> <span class='ocrx_word' id='word_1_36' title='bbox 949 937 1040 984; x_wconf 86' lang='lat' dir='ltr'><strong>aut</strong></span> <span class='ocrx_word' id='word_1_37' title='bbox 1079 936 1353 999; x_wconf 89' lang='lat' dir='ltr'><strong>peceatum</strong></span> <span class='ocrx_word' id='word_1_38' title='bbox 1395 923 1620 994; x_wconf 82' lang='lat' dir='ltr'><strong>alicujus</strong></span> <span class='ocrx_word' id='word_1_39' title='bbox 1659 921 1747 976; x_wconf 88' lang='lat' dir='ltr'><strong>vel</strong></span> <span class='ocrx_word' id='word_1_40' title='bbox 1788 919 1938 990; x_wconf 87' lang='lat' dir='ltr'><strong>lingit</strong></span> <span class='ocrx_word' id='word_1_41' title='bbox 1967 917 2057 974; x_wconf 90' lang='lat' dir='ltr'><strong>vel-</strong></span> 
     </span>
    </p>
   </div>
   <div class='ocr_carea' id='block_1_7' title="bbox 462 1013 2051 1098">
    <p class='ocr_par' dir='ltr' id='par_1_7' title="bbox 462 1013 2051 1098">
     <span class='ocr_line' id='line_1_7' title="bbox 462 1013 2051 1098; baseline -0.011 -16"><span class='ocrx_word' id='word_1_42' title='bbox 462 1028 624 1098; x_wconf 80' lang='lat' dir='ltr'><strong>tegit,</strong></span> <span class='ocrx_word' id='word_1_43' title='bbox 673 1034 767 1081; x_wconf 89' lang='lat' dir='ltr'><strong>aut</strong></span> <span class='ocrx_word' id='word_1_44' title='bbox 806 1023 962 1078; x_wconf 83' lang='lat' dir='ltr'><strong>alicui</strong></span> <span class='ocrx_word' id='word_1_45' title='bbox 992 1021 1147 1077; x_wconf 90' lang='lat' dir='ltr'><strong>obest</strong></span> <span class='ocrx_word' id='word_1_46' title='bbox 1173 1033 1384 1091; x_wconf 88' lang='lat' dir='ltr'><strong>quoquo</strong></span> <span class='ocrx_word' id='word_1_47' title='bbox 1421 1015 1619 1071; x_wconf 90' lang='lat' dir='ltr'><strong>modo?</strong></span> <span class='ocrx_word' id='word_1_48' title='bbox 1646 1014 1704 1069; x_wconf 89' lang='lat' dir='ltr'><strong>Si</strong></span> <span class='ocrx_word' id='word_1_49' title='bbox 1729 1013 1870 1068; x_wconf 90' lang='lat' dir='ltr'><strong>enim</strong></span> <span class='ocrx_word' id='word_1_50' title='bbox 1899 1027 2051 1065; x_wconf 88' lang='lat' dir='ltr'><strong>men-</strong></span> 
     </span>
    </p>
   </div>
   <div class='ocr_carea' id='block_1_8' title="bbox 462 1105 2056 1188">
    <p class='ocr_par' dir='ltr' id='par_1_8' title="bbox 462 1105 2056 1188">
     <span class='ocr_line' id='line_1_8' title="bbox 462 1105 2056 1188; baseline -0.01 -16"><span class='ocrx_word' id='word_1_51' title='bbox 462 1119 674 1172; x_wconf 88' lang='lat' dir='ltr'><strong>dacium</strong></span> <span class='ocrx_word' id='word_1_52' title='bbox 705 1115 852 1188; x_wconf 85' lang='lat' dir='ltr'><strong>quod</strong></span> <span class='ocrx_word' id='word_1_53' title='bbox 886 1115 1140 1170; x_wconf 88' lang='lat' dir='ltr'><strong>adversus</strong></span> <span class='ocrx_word' id='word_1_54' title='bbox 1163 1112 1322 1166; x_wconf 86' lang='lat' dir='ltr'><strong>vitam</strong></span> <span class='ocrx_word' id='word_1_55' title='bbox 1367 1109 1678 1180; x_wconf 81' lang='lat' dir='ltr'><strong>cujusquam</strong></span> <span class='ocrx_word' id='word_1_56' title='bbox 1706 1105 2056 1174; x_wconf 88' lang='lat' dir='ltr'><strong>temporalem</strong></span> 
     </span>
    </p>
   </div>
   <div class='ocr_carea' id='block_1_9' title="bbox 459 1195 2054 1273">
    <p class='ocr_par' dir='ltr' id='par_1_9' title="bbox 459 1195 2054 1273">
     <span class='ocr_line' id='line_1_9' title="bbox 459 1195 2054 1273; baseline -0.011 -9"><span class='ocrx_word' id='word_1_57' title='bbox 459 1209 658 1264; x_wconf 90' lang='lat' dir='ltr'><strong>dicitur</strong></span> <span class='ocrx_word' id='word_1_58' title='bbox 691 1206 1008 1264; x_wconf 76' lang='lat' dir='ltr'><strong>detestabile</strong></span> <span class='ocrx_word' id='word_1_59' title='bbox 1041 1213 1127 1260; x_wconf 90' lang='lat' dir='ltr'><strong>est</strong></span> <span class='ocrx_word' id='word_1_60' title='bbox 1147 1245 1161 1268; x_wconf 94' lang='lat'><strong>,</strong></span> <span class='ocrx_word' id='word_1_61' title='bbox 1208 1209 1405 1273; x_wconf 87' lang='lat' dir='ltr'><strong>quanto</strong></span> <span class='ocrx_word' id='word_1_62' title='bbox 1436 1199 1602 1270; x_wconf 88' lang='lat' dir='ltr'><strong>magis</strong></span> <span class='ocrx_word' id='word_1_63' title='bbox 1622 1195 1767 1268; x_wconf 90' lang='lat' dir='ltr'><strong>quod</strong></span> <span class='ocrx_word' id='word_1_64' title='bbox 1795 1195 2054 1250; x_wconf 91' lang='lat' dir='ltr'><strong>adversus</strong></span> 
     </span>
    </p>
   </div>
   <div class='ocr_carea' id='block_1_10' title="bbox 461 1284 2053 1354">
    <p class='ocr_par' dir='ltr' id='par_1_10' title="bbox 461 1284 2053 1354">
     <span class='ocr_line' id='line_1_10' title="bbox 461 1284 2053 1354; baseline -0.009 -2"><span class='ocrx_word' id='word_1_65' title='bbox 461 1300 626 1354; x_wconf 74' lang='lat' dir='ltr'><strong>vitam</strong></span> <span class='ocrx_word' id='word_1_66' title='bbox 669 1297 967 1354; x_wconf 73' lang='lat' dir='ltr'><strong>mternam?</strong></span> <span class='ocrx_word' id='word_1_67' title='bbox 1012 1293 1168 1350; x_wconf 86' lang='lat' dir='ltr'><strong>sicuti</strong></span> <span class='ocrx_word' id='word_1_68' title='bbox 1203 1302 1285 1348; x_wconf 91' lang='lat' dir='ltr'><strong>est</strong></span> <span class='ocrx_word' id='word_1_69' title='bbox 1310 1305 1468 1346; x_wconf 91' lang='lat' dir='ltr'><strong>omne</strong></span> <span class='ocrx_word' id='word_1_70' title='bbox 1511 1287 1883 1351; x_wconf 83' lang='lat' dir='ltr'><strong>mendacium,</strong></span> <span class='ocrx_word' id='word_1_71' title='bbox 1924 1284 1968 1340; x_wconf 89' lang='lat' dir='ltr'><strong>si</strong></span> <span class='ocrx_word' id='word_1_72' title='bbox 2002 1284 2053 1338; x_wconf 93' lang='lat' dir='ltr'><strong>in</strong></span> 
     </span>
    </p>
   </div>
   <div class='ocr_carea' id='block_1_11' title="bbox 416 1378 2052 1461">
    <p class='ocr_par' dir='ltr' id='par_1_11' title="bbox 416 1378 2052 1461">
     <span class='ocr_line' id='line_1_11' title="bbox 416 1378 2052 1461; baseline -0.008 -16"><span class='ocrx_word' id='word_1_73' title='bbox 416 1427 419 1429; x_wconf 95' lang='lat'><em>-</em></span> <span class='ocrx_word' id='word_1_74' title='bbox 464 1392 706 1447; x_wconf 79' lang='lat' dir='ltr'><strong>doctrina</strong></span> <span class='ocrx_word' id='word_1_75' title='bbox 739 1389 1016 1461; x_wconf 76' lang='lat' dir='ltr'><strong>religionis</strong></span> <span class='ocrx_word' id='word_1_76' title='bbox 1047 1388 1158 1442; x_wconf 90' lang='lat' dir='ltr'><strong>liat.</strong></span> <span class='ocrx_word' id='word_1_77' title='bbox 1201 1387 1267 1441; x_wconf 85' lang='lat' dir='ltr'><strong>Et</strong></span> <span class='ocrx_word' id='word_1_78' title='bbox 1304 1385 1424 1440; x_wconf 91' lang='lat' dir='ltr'><strong>ideo</strong></span> <span class='ocrx_word' id='word_1_79' title='bbox 1450 1383 1640 1438; x_wconf 76' lang='lat' dir='ltr'><strong>falsum</strong></span> <span class='ocrx_word' id='word_1_80' title='bbox 1689 1378 2052 1436; x_wconf 89' lang='lat' dir='ltr'><strong>testimonium</strong></span> 
     </span>
    </p>
   </div>
   <div class='ocr_carea' id='block_1_12' title="bbox 465 1469 2052 1552">
    <p class='ocr_par' dir='ltr' id='par_1_12' title="bbox 465 1469 2052 1552">
     <span class='ocr_line' id='line_1_12' title="bbox 465 1469 2052 1552; baseline -0.008 -16"><span class='ocrx_word' id='word_1_81' title='bbox 465 1492 621 1537; x_wconf 84' lang='lat' dir='ltr'><strong>vocat</strong></span> <span class='ocrx_word' id='word_1_82' title='bbox 658 1481 976 1552; x_wconf 80' lang='lat' dir='ltr'><strong>Apostolus,</strong></span> <span class='ocrx_word' id='word_1_83' title='bbox 1020 1478 1066 1534; x_wconf 90' lang='lat' dir='ltr'><strong>si</strong></span> <span class='ocrx_word' id='word_1_84' title='bbox 1097 1478 1213 1549; x_wconf 88' lang='lat' dir='ltr'><strong>quis</strong></span> <span class='ocrx_word' id='word_1_85' title='bbox 1237 1476 1303 1532; x_wconf 92' lang='lat' dir='ltr'><strong>de</strong></span> <span class='ocrx_word' id='word_1_86' title='bbox 1332 1475 1546 1531; x_wconf 81' lang='lat' dir='ltr'><strong>Christo</strong></span> <span class='ocrx_word' id='word_1_87' title='bbox 1567 1515 1583 1541; x_wconf 92' lang='lat'><strong>,</strong></span> <span class='ocrx_word' id='word_1_88' title='bbox 1620 1473 1780 1527; x_wconf 85' lang='lat' dir='ltr'><strong>etiam</strong></span> <span class='ocrx_word' id='word_1_89' title='bbox 1809 1469 1954 1541; x_wconf 91' lang='lat' dir='ltr'><strong>quod</strong></span> <span class='ocrx_word' id='word_1_90' title='bbox 1986 1469 2052 1524; x_wconf 89' lang='lat' dir='ltr'><strong>ad</strong></span> 
     </span>
    </p>
   </div>
   <div class='ocr_carea' id='block_1_13' title="bbox 468 1563 2054 1644">
    <p class='ocr_par' dir='ltr' id='par_1_13' title="bbox 468 1563 2054 1644">
     <span class='ocr_line' id='line_1_13' title="bbox 468 1563 2054 1644; baseline -0.008 -16"><span class='ocrx_word' id='word_1_91' title='bbox 468 1578 585 1644; x_wconf 85' lang='lat' dir='ltr'><strong>ejus</strong></span> <span class='ocrx_word' id='word_1_92' title='bbox 609 1573 820 1629; x_wconf 86' lang='lat' dir='ltr'><strong>laudem</strong></span> <span class='ocrx_word' id='word_1_93' title='bbox 850 1571 1057 1628; x_wconf 86' lang='lat' dir='ltr'><strong>videtur</strong></span> <span class='ocrx_word' id='word_1_94' title='bbox 1082 1569 1353 1642; x_wconf 87' lang='lat' dir='ltr'><strong>pertinere</strong></span> <span class='ocrx_word' id='word_1_95' title='bbox 1380 1608 1393 1632; x_wconf 93' lang='lat'><strong>,</strong></span> <span class='ocrx_word' id='word_1_96' title='bbox 1422 1566 1730 1621; x_wconf 78' lang='lat' dir='ltr'><strong>mentiatur.</strong></span> <span class='ocrx_word' id='word_1_97' title='bbox 1775 1563 1832 1620; x_wconf 91' lang='lat' dir='ltr'><strong>Si</strong></span> <span class='ocrx_word' id='word_1_98' title='bbox 1875 1573 2054 1617; x_wconf 90' lang='lat' dir='ltr'><strong>autem</strong></span> 
     </span>
    </p>
   </div>
   <div class='ocr_carea' id='block_1_14' title="bbox 468 1650 2052 1733">
    <p class='ocr_par' dir='ltr' id='par_1_14' title="bbox 468 1650 2052 1733">
     <span class='ocr_line' id='line_1_14' title="bbox 468 1650 2052 1733; baseline -0.007 -14"><span class='ocrx_word' id='word_1_99' title='bbox 468 1664 805 1724; x_wconf 79' lang='lat' dir='ltr'><strong>mendacium</strong></span> <span class='ocrx_word' id='word_1_100' title='bbox 859 1650 972 1730; x_wconf 80' lang='lat' dir='ltr'><strong>sit,</strong></span> <span class='ocrx_word' id='word_1_101' title='bbox 1015 1661 1155 1733; x_wconf 86' lang='lat' dir='ltr'><strong>quod</strong></span> <span class='ocrx_word' id='word_1_102' title='bbox 1202 1675 1377 1731; x_wconf 90' lang='lat' dir='ltr'><strong>neque</strong></span> <span class='ocrx_word' id='word_1_103' title='bbox 1419 1657 1730 1729; x_wconf 89' lang='lat' dir='ltr'><strong>cujusquam</strong></span> <span class='ocrx_word' id='word_1_104' title='bbox 1775 1665 2052 1725; x_wconf 88' lang='lat' dir='ltr'><strong>peccatum</strong></span> 
     </span>
    </p>
   </div>
   <div class='ocr_carea' id='block_1_15' title="bbox 468 1748 2056 1826">
    <p class='ocr_par' dir='ltr' id='par_1_15' title="bbox 468 1748 2056 1826">
     <span class='ocr_line' id='line_1_15' title="bbox 468 1748 2056 1826; baseline -0.005 -16"><span class='ocrx_word' id='word_1_105' title='bbox 468 1767 559 1810; x_wconf 89' lang='lat' dir='ltr'><strong>aut</strong></span> <span class='ocrx_word' id='word_1_106' title='bbox 583 1757 849 1826; x_wconf 80' lang='lat' dir='ltr'><strong>conlingat</strong></span> <span class='ocrx_word' id='word_1_107' title='bbox 867 1765 959 1810; x_wconf 88' lang='lat' dir='ltr'><strong>aut</strong></span> <span class='ocrx_word' id='word_1_108' title='bbox 980 1763 1143 1825; x_wconf 83' lang='lat' dir='ltr'><strong>tegat,</strong></span> <span class='ocrx_word' id='word_1_109' title='bbox 1172 1769 1271 1808; x_wconf 84' lang='lat' dir='ltr'><strong>nec</strong></span> <span class='ocrx_word' id='word_1_110' title='bbox 1294 1768 1323 1806; x_wconf 89' lang='lat' dir='ltr'><strong>a</strong></span> <span class='ocrx_word' id='word_1_111' title='bbox 1351 1751 1521 1822; x_wconf 88' lang='lat' dir='ltr'><strong>judice</strong></span> <span class='ocrx_word' id='word_1_112' title='bbox 1537 1758 1830 1822; x_wconf 66' lang='lat' dir='ltr'><strong>quaeratur,</strong></span> <span class='ocrx_word' id='word_1_113' title='bbox 1855 1759 1909 1804; x_wconf 91' lang='lat' dir='ltr'><strong>et</strong></span> <span class='ocrx_word' id='word_1_114' title='bbox 1925 1748 2056 1803; x_wconf 90' lang='lat' dir='ltr'><strong>nulli</strong></span> 
     </span>
    </p>
   </div>
   <div class='ocr_carea' id='block_1_16' title="bbox 466 1841 2055 1917">
    <p class='ocr_par' dir='ltr' id='par_1_16' title="bbox 466 1841 2055 1917">
     <span class='ocr_line' id='line_1_16' title="bbox 466 1841 2055 1917; baseline -0.004 -16"><span class='ocrx_word' id='word_1_115' title='bbox 466 1844 610 1902; x_wconf 89' lang='lat' dir='ltr'><strong>obsit</strong></span> <span class='ocrx_word' id='word_1_116' title='bbox 637 1856 689 1902; x_wconf 87' lang='lat' dir='ltr'><strong>et</strong></span> <span class='ocrx_word' id='word_1_117' title='bbox 717 1846 885 1917; x_wconf 86' lang='lat' dir='ltr'><strong>prosit</strong></span> <span class='ocrx_word' id='word_1_118' title='bbox 913 1845 1071 1900; x_wconf 89' lang='lat' dir='ltr'><strong>alicui</strong></span> <span class='ocrx_word' id='word_1_119' title='bbox 1097 1861 1112 1910; x_wconf 90' lang='lat'><strong>;</strong></span> <span class='ocrx_word' id='word_1_120' title='bbox 1163 1859 1260 1899; x_wconf 92' lang='lat' dir='ltr'><strong>nec</strong></span> <span class='ocrx_word' id='word_1_121' title='bbox 1286 1843 1479 1898; x_wconf 87' lang='lat' dir='ltr'><strong>falsum</strong></span> <span class='ocrx_word' id='word_1_122' title='bbox 1523 1841 1886 1898; x_wconf 86' lang='lat' dir='ltr'><strong>testimonium</strong></span> <span class='ocrx_word' id='word_1_123' title='bbox 1914 1856 2055 1906; x_wconf 90' lang='lat' dir='ltr'><strong>esse,</strong></span> 
     </span>
    </p>
   </div>
   <div class='ocr_carea' id='block_1_17' title="bbox 473 1937 1429 2011">
    <p class='ocr_par' dir='ltr' id='par_1_17' title="bbox 473 1937 1429 2011">
     <span class='ocr_line' id='line_1_17' title="bbox 473 1937 1429 2011; baseline -0.003 -17"><span class='ocrx_word' id='word_1_124' title='bbox 473 1955 572 1995; x_wconf 85' lang='lat' dir='ltr'><strong>nec</strong></span> <span class='ocrx_word' id='word_1_125' title='bbox 601 1939 1021 2011; x_wconf 90' lang='lat' dir='ltr'><strong>reprehensibile</strong></span> <span class='ocrx_word' id='word_1_126' title='bbox 1047 1937 1429 1994; x_wconf 87' lang='lat' dir='ltr'><strong>mendacium?</strong></span> 
     </span>
    </p>
   </div>
   <div class='ocr_carea' id='block_1_18' title="bbox 543 2027 2059 2106">
    <p class='ocr_par' dir='ltr' id='par_1_18' title="bbox 543 2027 2059 2106">
     <span class='ocr_line' id='line_1_18' title="bbox 543 2027 2059 2106; baseline -0.004 -18"><span class='ocrx_word' id='word_1_127' title='bbox 543 2034 633 2088; x_wconf 70' lang='lat'><strong>22-.</strong></span> <span class='ocrx_word' id='word_1_128' title='bbox 664 2034 801 2103; x_wconf 86' lang='lat' dir='ltr'><strong>Quid</strong></span> <span class='ocrx_word' id='word_1_129' title='bbox 843 2034 1003 2106; x_wconf 85' lang='lat' dir='ltr'><strong>ergo,</strong></span> <span class='ocrx_word' id='word_1_130' title='bbox 1045 2033 1090 2087; x_wconf 91' lang='lat' dir='ltr'><strong>si</strong></span> <span class='ocrx_word' id='word_1_131' title='bbox 1135 2032 1203 2087; x_wconf 89' lang='lat' dir='ltr'><strong>ad</strong></span> <span class='ocrx_word' id='word_1_132' title='bbox 1250 2030 1596 2086; x_wconf 85' lang='lat' dir='ltr'><strong>christianum</strong></span> <span class='ocrx_word' id='word_1_133' title='bbox 1636 2027 1902 2084; x_wconf 86' lang='lat' dir='ltr'><strong>homicida</strong></span> <span class='ocrx_word' id='word_1_134' title='bbox 1931 2043 2059 2084; x_wconf 83' lang='lat' dir='ltr'><strong>con-</strong></span> 
     </span>
    </p>
   </div>
   <div class='ocr_carea' id='block_1_19' title="bbox 471 2120 2060 2196">
    <p class='ocr_par' dir='ltr' id='par_1_19' title="bbox 471 2120 2060 2196">
     <span class='ocr_line' id='line_1_19' title="bbox 471 2120 2060 2196; baseline -0.004 -16"><span class='ocrx_word' id='word_1_135' title='bbox 471 2125 659 2196; x_wconf 78' lang='lat' dir='ltr'><strong>fugiat,</strong></span> <span class='ocrx_word' id='word_1_136' title='bbox 691 2135 782 2180; x_wconf 89' lang='lat' dir='ltr'><strong>aut</strong></span> <span class='ocrx_word' id='word_1_137' title='bbox 810 2125 990 2179; x_wconf 83' lang='lat' dir='ltr'><strong>videat</strong></span> <span class='ocrx_word' id='word_1_138' title='bbox 1030 2137 1138 2194; x_wconf 91' lang='lat' dir='ltr'><strong>quo</strong></span> <span class='ocrx_word' id='word_1_139' title='bbox 1163 2121 1436 2192; x_wconf 80' lang='lat' dir='ltr'><strong>confugit;</strong></span> <span class='ocrx_word' id='word_1_140' title='bbox 1488 2130 1542 2176; x_wconf 92' lang='lat' dir='ltr'><strong>et</strong></span> <span class='ocrx_word' id='word_1_141' title='bbox 1567 2121 1634 2175; x_wconf 91' lang='lat' dir='ltr'><strong>de</strong></span> <span class='ocrx_word' id='word_1_142' title='bbox 1661 2120 1762 2175; x_wconf 89' lang='lat' dir='ltr'><strong>hac</strong></span> <span class='ocrx_word' id='word_1_143' title='bbox 1807 2135 1865 2174; x_wconf 90' lang='lat' dir='ltr'><strong>re</strong></span> <span class='ocrx_word' id='word_1_144' title='bbox 1893 2120 2060 2174; x_wconf 90' lang='lat' dir='ltr'><strong>inter-</strong></span> 
     </span>
    </p>
   </div>
   <div class='ocr_carea' id='block_1_20' title="bbox 474 2209 2060 2286">
    <p class='ocr_par' dir='ltr' id='par_1_20' title="bbox 474 2209 2060 2286">
     <span class='ocr_line' id='line_1_20' title="bbox 474 2209 2060 2286; baseline -0.003 -16"><span class='ocrx_word' id='word_1_145' title='bbox 474 2225 691 2286; x_wconf 78' lang='lat' dir='ltr'><strong>rogetur</strong></span> <span class='ocrx_word' id='word_1_146' title='bbox 718 2216 785 2271; x_wconf 89' lang='lat' dir='ltr'><strong>ab</strong></span> <span class='ocrx_word' id='word_1_147' title='bbox 805 2209 870 2271; x_wconf 85' lang='lat' dir='ltr'><strong>eo</strong></span> <span class='ocrx_word' id='word_1_148' title='bbox 889 2215 978 2286; x_wconf 90' lang='lat' dir='ltr'><strong>qui</strong></span> <span class='ocrx_word' id='word_1_149' title='bbox 1003 2215 1070 2269; x_wconf 88' lang='lat' dir='ltr'><strong>ad</strong></span> <span class='ocrx_word' id='word_1_150' title='bbox 1099 2213 1418 2284; x_wconf 87' lang='lat' dir='ltr'><strong>supplicium</strong></span> <span class='ocrx_word' id='word_1_151' title='bbox 1443 2213 1631 2282; x_wconf 87' lang='lat' dir='ltr'><strong>quaerit</strong></span> <span class='ocrx_word' id='word_1_152' title='bbox 1658 2210 1925 2266; x_wconf 90' lang='lat' dir='ltr'><strong>hominem</strong></span> <span class='ocrx_word' id='word_1_153' title='bbox 1957 2211 2060 2266; x_wconf 88' lang='lat' dir='ltr'><strong>ho-</strong></span> 
     </span>
    </p>
   </div>
   <div class='ocr_carea' id='block_1_21' title="bbox 474 2302 2059 2371">
    <p class='ocr_par' dir='ltr' id='par_1_21' title="bbox 474 2302 2059 2371">
     <span class='ocr_line' id='line_1_21' title="bbox 474 2302 2059 2371; baseline -0.003 -10"><span class='ocrx_word' id='word_1_154' title='bbox 474 2309 633 2362; x_wconf 85' lang='lat' dir='ltr'><strong>minis</strong></span> <span class='ocrx_word' id='word_1_155' title='bbox 648 2305 1077 2362; x_wconf 78' lang='lat' dir='ltr'><strong>interfectorem?</strong></span> <span class='ocrx_word' id='word_1_156' title='bbox 1100 2304 1460 2360; x_wconf 89' lang='lat' dir='ltr'><strong>mentiendum</strong></span> <span class='ocrx_word' id='word_1_157' title='bbox 1479 2302 1600 2359; x_wconf 89' lang='lat' dir='ltr'><strong>est?</strong></span> <span class='ocrx_word' id='word_1_158' title='bbox 1622 2303 1899 2371; x_wconf 88' lang='lat' dir='ltr'><strong>Quomodo</strong></span> <span class='ocrx_word' id='word_1_159' title='bbox 1919 2303 2059 2358; x_wconf 90' lang='lat' dir='ltr'><strong>enim</strong></span> 
     </span>
    </p>
   </div>
   <div class='ocr_carea' id='block_1_22' title="bbox 475 2396 2062 2475">
    <p class='ocr_par' dir='ltr' id='par_1_22' title="bbox 475 2396 2062 2475">
     <span class='ocr_line' id='line_1_22' title="bbox 475 2396 2062 2475; baseline -0.003 -21"><span class='ocrx_word' id='word_1_160' title='bbox 475 2414 582 2454; x_wconf 85' lang='lat' dir='ltr'><strong>non</strong></span> <span class='ocrx_word' id='word_1_161' title='bbox 632 2398 762 2475; x_wconf 85' lang='lat' dir='ltr'><strong>tegit</strong></span> <span class='ocrx_word' id='word_1_162' title='bbox 806 2407 1081 2470; x_wconf 89' lang='lat' dir='ltr'><strong>peccatum</strong></span> <span class='ocrx_word' id='word_1_163' title='bbox 1130 2396 1467 2461; x_wconf 87' lang='lat' dir='ltr'><strong>mentiendo,</strong></span> <span class='ocrx_word' id='word_1_164' title='bbox 1518 2412 1638 2451; x_wconf 89' lang='lat' dir='ltr'><strong>cum</strong></span> <span class='ocrx_word' id='word_1_165' title='bbox 1686 2397 1772 2452; x_wconf 91' lang='lat' dir='ltr'><strong>ille</strong></span> <span class='ocrx_word' id='word_1_166' title='bbox 1815 2410 1911 2466; x_wconf 90' lang='lat' dir='ltr'><strong>pro</strong></span> <span class='ocrx_word' id='word_1_167' title='bbox 1955 2411 2062 2466; x_wconf 91' lang='lat' dir='ltr'><strong>quo</strong></span> 
     </span>
    </p>
   </div>
   <div class='ocr_carea' id='block_1_23' title="bbox 475 2489 2060 2563">
    <p class='ocr_par' dir='ltr' id='par_1_23' title="bbox 475 2489 2060 2563">
     <span class='ocr_line' id='line_1_23' title="bbox 475 2489 2060 2563; baseline -0.003 -15"><span class='ocrx_word' id='word_1_168' title='bbox 475 2494 732 2548; x_wconf 81' lang='lat' dir='ltr'><strong>mentitur</strong></span> <span class='ocrx_word' id='word_1_169' title='bbox 756 2533 772 2560; x_wconf 92' lang='lat'><strong>,</strong></span> <span class='ocrx_word' id='word_1_170' title='bbox 821 2501 1096 2563; x_wconf 90' lang='lat' dir='ltr'><strong>peccatum</strong></span> <span class='ocrx_word' id='word_1_171' title='bbox 1124 2492 1444 2546; x_wconf 86' lang='lat' dir='ltr'><strong>sceleratum</strong></span> <span class='ocrx_word' id='word_1_172' title='bbox 1474 2489 1787 2544; x_wconf 88' lang='lat' dir='ltr'><strong>admiserit?</strong></span> <span class='ocrx_word' id='word_1_173' title='bbox 1826 2490 1908 2543; x_wconf 81' lang='lat' dir='ltr'><strong>An</strong></span> <span class='ocrx_word' id='word_1_174' title='bbox 1935 2489 2060 2560; x_wconf 90' lang='lat' dir='ltr'><strong>quia</strong></span> 
     </span>
    </p>
   </div>
   <div class='ocr_carea' id='block_1_24' title="bbox 477 2579 2062 2656">
    <p class='ocr_par' dir='ltr' id='par_1_24' title="bbox 477 2579 2062 2656">
     <span class='ocr_line' id='line_1_24' title="bbox 477 2579 2062 2656; baseline -0.002 -17"><span class='ocrx_word' id='word_1_175' title='bbox 477 2601 580 2640; x_wconf 89' lang='lat' dir='ltr'><strong>non</strong></span> <span class='ocrx_word' id='word_1_176' title='bbox 603 2585 671 2641; x_wconf 90' lang='lat' dir='ltr'><strong>de</strong></span> <span class='ocrx_word' id='word_1_177' title='bbox 697 2593 917 2656; x_wconf 90' lang='lat' dir='ltr'><strong>peccato</strong></span> <span class='ocrx_word' id='word_1_178' title='bbox 946 2584 1063 2656; x_wconf 88' lang='lat' dir='ltr'><strong>ejus</strong></span> <span class='ocrx_word' id='word_1_179' title='bbox 1085 2585 1442 2655; x_wconf 82' lang='lat' dir='ltr'><strong>interrogatur</strong></span> <span class='ocrx_word' id='word_1_180' title='bbox 1463 2625 1476 2648; x_wconf 93' lang='lat'><strong>,</strong></span> <span class='ocrx_word' id='word_1_181' title='bbox 1505 2579 1598 2638; x_wconf 90' lang='lat' dir='ltr'><strong>sed</strong></span> <span class='ocrx_word' id='word_1_182' title='bbox 1626 2582 1691 2636; x_wconf 92' lang='lat' dir='ltr'><strong>de</strong></span> <span class='ocrx_word' id='word_1_183' title='bbox 1723 2583 1838 2638; x_wconf 93' lang='lat' dir='ltr'><strong>loco</strong></span> <span class='ocrx_word' id='word_1_184' title='bbox 1861 2582 1950 2637; x_wconf 91' lang='lat' dir='ltr'><strong>ubi</strong></span> <span class='ocrx_word' id='word_1_185' title='bbox 1985 2583 2062 2636; x_wconf 82' lang='lat' dir='ltr'><strong>la-</strong></span> 
     </span>
    </p>
   </div>
   <div class='ocr_carea' id='block_1_25' title="bbox 478 2676 2062 2750">
    <p class='ocr_par' dir='ltr' id='par_1_25' title="bbox 478 2676 2062 2750">
     <span class='ocr_line' id='line_1_25' title="bbox 478 2676 2062 2750; baseline -0.001 -18"><span class='ocrx_word' id='word_1_186' title='bbox 478 2679 628 2734; x_wconf 88' lang='lat' dir='ltr'><strong>teat?</strong></span> <span class='ocrx_word' id='word_1_187' title='bbox 670 2679 811 2750; x_wconf 86' lang='lat' dir='ltr'><strong>Ergo</strong></span> <span class='ocrx_word' id='word_1_188' title='bbox 839 2679 1054 2735; x_wconf 91' lang='lat' dir='ltr'><strong>mentiri</strong></span> <span class='ocrx_word' id='word_1_189' title='bbox 1083 2678 1150 2733; x_wconf 91' lang='lat' dir='ltr'><strong>ad</strong></span> <span class='ocrx_word' id='word_1_190' title='bbox 1195 2677 1474 2749; x_wconf 82' lang='lat' dir='ltr'><strong>tegendum</strong></span> <span class='ocrx_word' id='word_1_191' title='bbox 1527 2676 1841 2747; x_wconf 84' lang='lat' dir='ltr'><strong>cujusquam</strong></span> <span class='ocrx_word' id='word_1_192' title='bbox 1872 2691 2062 2746; x_wconf 87' lang='lat' dir='ltr'><strong>pecca-</strong></span> 
     </span>
    </p>
   </div>
   <div class='ocr_carea' id='block_1_26' title="bbox 480 2768 2062 2838">
    <p class='ocr_par' dir='ltr' id='par_1_26' title="bbox 480 2768 2062 2838">
     <span class='ocr_line' id='line_1_26' title="bbox 480 2768 2062 2838; baseline -0.001 -14"><span class='ocrx_word' id='word_1_193' title='bbox 480 2780 590 2825; x_wconf 91' lang='lat' dir='ltr'><strong>tum</strong></span> <span class='ocrx_word' id='word_1_194' title='bbox 615 2813 630 2837; x_wconf 91' lang='lat'><strong>,</strong></span> <span class='ocrx_word' id='word_1_195' title='bbox 679 2770 876 2828; x_wconf 90' lang='lat' dir='ltr'><strong>malum</strong></span> <span class='ocrx_word' id='word_1_196' title='bbox 904 2777 1026 2837; x_wconf 90' lang='lat' dir='ltr'><strong>est;</strong></span> <span class='ocrx_word' id='word_1_197' title='bbox 1070 2770 1281 2825; x_wconf 89' lang='lat' dir='ltr'><strong>mentiri</strong></span> <span class='ocrx_word' id='word_1_198' title='bbox 1311 2779 1487 2824; x_wconf 90' lang='lat' dir='ltr'><strong>autem</strong></span> <span class='ocrx_word' id='word_1_199' title='bbox 1517 2768 1582 2823; x_wconf 89' lang='lat' dir='ltr'><strong>ad</strong></span> <span class='ocrx_word' id='word_1_200' title='bbox 1615 2768 1895 2837; x_wconf 86' lang='lat' dir='ltr'><strong>tegendum</strong></span> <span class='ocrx_word' id='word_1_201' title='bbox 1935 2782 2062 2838; x_wconf 87' lang='lat' dir='ltr'><strong>pec-</strong></span> 
     </span>
    </p>
   </div>
   <div class='ocr_carea' id='block_1_27' title="bbox 477 2861 2060 2932">
    <p class='ocr_par' dir='ltr' id='par_1_27' title="bbox 477 2861 2060 2932">
     <span class='ocr_line' id='line_1_27' title="bbox 477 2861 2060 2932; baseline 0 -16"><span class='ocrx_word' id='word_1_202' title='bbox 477 2871 711 2917; x_wconf 89' lang='lat' dir='ltr'><strong>catorem</strong></span> <span class='ocrx_word' id='word_1_203' title='bbox 738 2903 754 2928; x_wconf 91' lang='lat'><strong>,</strong></span> <span class='ocrx_word' id='word_1_204' title='bbox 803 2877 908 2918; x_wconf 86' lang='lat' dir='ltr'><strong>non</strong></span> <span class='ocrx_word' id='word_1_205' title='bbox 937 2871 1021 2918; x_wconf 89' lang='lat' dir='ltr'><strong>est</strong></span> <span class='ocrx_word' id='word_1_206' title='bbox 1051 2863 1290 2918; x_wconf 87' lang='lat' dir='ltr'><strong>malum?</strong></span> <span class='ocrx_word' id='word_1_207' title='bbox 1334 2861 1405 2916; x_wconf 92' lang='lat' dir='ltr'><strong>Ita</strong></span> <span class='ocrx_word' id='word_1_208' title='bbox 1445 2876 1574 2917; x_wconf 86' lang='lat' dir='ltr'><strong>sane</strong></span> <span class='ocrx_word' id='word_1_209' title='bbox 1599 2903 1613 2927; x_wconf 89' lang='lat'><strong>,</strong></span> <span class='ocrx_word' id='word_1_210' title='bbox 1653 2861 1728 2915; x_wconf 89' lang='lat' dir='ltr'><strong>ait</strong></span> <span class='ocrx_word' id='word_1_211' title='bbox 1757 2861 2017 2932; x_wconf 84' lang='lat' dir='ltr'><strong>quispiam</strong></span> <span class='ocrx_word' id='word_1_212' title='bbox 2046 2878 2060 2916; x_wconf 91' lang='lat'><strong>:</strong></span> 
     </span>
    </p>
   </div>
   <div class='ocr_carea' id='block_1_28' title="bbox 479 2953 2063 3025">
    <p class='ocr_par' dir='ltr' id='par_1_28' title="bbox 479 2953 2063 3025">
     <span class='ocr_line' id='line_1_28' title="bbox 479 2953 2063 3025; baseline -0.001 -17"><span class='ocrx_word' id='word_1_213' title='bbox 479 2970 584 3008; x_wconf 90' lang='lat' dir='ltr'><strong>non</strong></span> <span class='ocrx_word' id='word_1_214' title='bbox 615 2955 761 3010; x_wconf 89' lang='lat' dir='ltr'><strong>enim</strong></span> <span class='ocrx_word' id='word_1_215' title='bbox 793 2964 918 3009; x_wconf 88' lang='lat' dir='ltr'><strong>tunc</strong></span> <span class='ocrx_word' id='word_1_216' title='bbox 946 2963 1134 3025; x_wconf 85' lang='lat' dir='ltr'><strong>peccat</strong></span> <span class='ocrx_word' id='word_1_217' title='bbox 1161 2955 1440 3024; x_wconf 89' lang='lat' dir='ltr'><strong>quisquam</strong></span> <span class='ocrx_word' id='word_1_218' title='bbox 1465 2995 1480 3020; x_wconf 91' lang='lat'><strong>,</strong></span> <span class='ocrx_word' id='word_1_219' title='bbox 1524 2968 1642 3008; x_wconf 85' lang='lat' dir='ltr'><strong>cum</strong></span> <span class='ocrx_word' id='word_1_220' title='bbox 1672 2953 1832 3007; x_wconf 80' lang='lat' dir='ltr'><strong>evitat</strong></span> <span class='ocrx_word' id='word_1_221' title='bbox 1860 2953 2063 3022; x_wconf 86' lang='lat' dir='ltr'><strong>suppli-</strong></span> 
     </span>
    </p>
   </div>
   <div class='ocr_carea' id='block_1_29' title="bbox 477 3045 2064 3117">
    <p class='ocr_par' dir='ltr' id='par_1_29' title="bbox 477 3045 2064 3117">
     <span class='ocr_line' id='line_1_29' title="bbox 477 3045 2064 3117; baseline 0 -15"><span class='ocrx_word' id='word_1_222' title='bbox 477 3048 653 3112; x_wconf 81' lang='lat' dir='ltr'><strong>cium;</strong></span> <span class='ocrx_word' id='word_1_223' title='bbox 692 3047 784 3102; x_wconf 88' lang='lat' dir='ltr'><strong>sed</strong></span> <span class='ocrx_word' id='word_1_224' title='bbox 810 3063 931 3102; x_wconf 90' lang='lat' dir='ltr'><strong>eum</strong></span> <span class='ocrx_word' id='word_1_225' title='bbox 962 3047 1088 3102; x_wconf 87' lang='lat' dir='ltr'><strong>facit</strong></span> <span class='ocrx_word' id='word_1_226' title='bbox 1117 3047 1315 3117; x_wconf 78' lang='lat' dir='ltr'><strong>aliquid</strong></span> <span class='ocrx_word' id='word_1_227' title='bbox 1357 3046 1574 3116; x_wconf 87' lang='lat' dir='ltr'><strong>dignum</strong></span> <span class='ocrx_word' id='word_1_228' title='bbox 1607 3045 1886 3116; x_wconf 82' lang='lat' dir='ltr'><strong>Supplicia.</strong></span> <span class='ocrx_word' id='word_1_229' title='bbox 1932 3046 2064 3102; x_wconf 82' lang='lat' dir='ltr'><strong>Per-</strong></span> 
     </span>
    </p>
   </div>
   <div class='ocr_carea' id='block_1_30' title="bbox 480 3137 2067 3210">
    <p class='ocr_par' dir='ltr' id='par_1_30' title="bbox 480 3137 2067 3210">
     <span class='ocr_line' id='line_1_30' title="bbox 480 3137 2067 3210; baseline 0.002 -18"><span class='ocrx_word' id='word_1_230' title='bbox 480 3141 615 3193; x_wconf 80' lang='lat' dir='ltr'><strong>tinet</strong></span> <span class='ocrx_word' id='word_1_231' title='bbox 649 3147 833 3195; x_wconf 87' lang='lat' dir='ltr'><strong>autem</strong></span> <span class='ocrx_word' id='word_1_232' title='bbox 862 3137 929 3192; x_wconf 91' lang='lat' dir='ltr'><strong>ad</strong></span> <span class='ocrx_word' id='word_1_233' title='bbox 959 3137 1292 3209; x_wconf 90' lang='lat' dir='ltr'><strong>disciplinam</strong></span> <span class='ocrx_word' id='word_1_234' title='bbox 1324 3138 1690 3204; x_wconf 80' lang='lat' dir='ltr'><strong>Christianam,</strong></span> <span class='ocrx_word' id='word_1_235' title='bbox 1721 3147 1778 3193; x_wconf 90' lang='lat' dir='ltr'><strong>ut</strong></span> <span class='ocrx_word' id='word_1_236' title='bbox 1807 3154 1978 3210; x_wconf 89' lang='lat' dir='ltr'><strong>neque</strong></span> <span class='ocrx_word' id='word_1_237' title='bbox 2000 3138 2067 3196; x_wconf 89' lang='lat' dir='ltr'><strong>de</strong></span> 
     </span>
    </p>
   </div>
   <div class='ocr_carea' id='block_1_31' title="bbox 476 3229 2065 3301">
    <p class='ocr_par' dir='ltr' id='par_1_31' title="bbox 476 3229 2065 3301">
     <span class='ocr_line' id='line_1_31' title="bbox 476 3229 2065 3301; baseline 0.001 -17"><span class='ocrx_word' id='word_1_238' title='bbox 476 3230 790 3300; x_wconf 83' lang='lat' dir='ltr'><strong>cujusquam</strong></span> <span class='ocrx_word' id='word_1_239' title='bbox 832 3230 1163 3285; x_wconf 86' lang='lat' dir='ltr'><strong>correctione</strong></span> <span class='ocrx_word' id='word_1_240' title='bbox 1208 3229 1558 3298; x_wconf 90' lang='lat' dir='ltr'><strong>desperetur,</strong></span> <span class='ocrx_word' id='word_1_241' title='bbox 1609 3245 1782 3300; x_wconf 86' lang='lat' dir='ltr'><strong>neque</strong></span> <span class='ocrx_word' id='word_1_242' title='bbox 1820 3231 2065 3301; x_wconf 86' lang='lat' dir='ltr'><strong>cuiquam</strong></span> 
     </span>
    </p>
   </div>
   <div class='ocr_carea' id='block_1_32' title="bbox 479 3320 2065 3393">
    <p class='ocr_par' dir='ltr' id='par_1_32' title="bbox 479 3320 2065 3393">
     <span class='ocr_line' id='line_1_32' title="bbox 479 3320 2065 3393; baseline 0.001 -19"><span class='ocrx_word' id='word_1_243' title='bbox 479 3321 771 3392; x_wconf 75' lang='lat' dir='ltr'><strong>pmnitendi</strong></span> <span class='ocrx_word' id='word_1_244' title='bbox 797 3320 970 3377; x_wconf 90' lang='lat' dir='ltr'><strong>aditus</strong></span> <span class='ocrx_word' id='word_1_245' title='bbox 1011 3320 1413 3377; x_wconf 88' lang='lat' dir='ltr'><strong>intercludatur.</strong></span> <span class='ocrx_word' id='word_1_246' title='bbox 1460 3320 1595 3388; x_wconf 84' lang='lat' dir='ltr'><strong>Quid</strong></span> <span class='ocrx_word' id='word_1_247' title='bbox 1615 3363 1630 3387; x_wconf 96' lang='lat'><strong>,</strong></span> <span class='ocrx_word' id='word_1_248' title='bbox 1663 3323 1705 3376; x_wconf 92' lang='lat' dir='ltr'><strong>si</strong></span> <span class='ocrx_word' id='word_1_249' title='bbox 1735 3322 1799 3376; x_wconf 89' lang='lat' dir='ltr'><strong>ad</strong></span> <span class='ocrx_word' id='word_1_250' title='bbox 1831 3322 2065 3393; x_wconf 88' lang='lat' dir='ltr'><strong>judicem</strong></span> 
     </span>
    </p>
   </div>
   <div class='ocr_carea' id='block_1_33' title="bbox 479 3413 2066 3485">
    <p class='ocr_par' dir='ltr' id='par_1_33' title="bbox 479 3413 2066 3485">
     <span class='ocr_line' id='line_1_33' title="bbox 479 3413 2066 3485; baseline 0.001 -19"><span class='ocrx_word' id='word_1_251' title='bbox 479 3415 674 3469; x_wconf 88' lang='lat' dir='ltr'><strong>ductus</strong></span> <span class='ocrx_word' id='word_1_252' title='bbox 712 3414 782 3470; x_wconf 91' lang='lat' dir='ltr'><strong>de</strong></span> <span class='ocrx_word' id='word_1_253' title='bbox 810 3414 923 3484; x_wconf 93' lang='lat' dir='ltr'><strong>ipso</strong></span> <span class='ocrx_word' id='word_1_254' title='bbox 953 3414 1070 3469; x_wconf 92' lang='lat' dir='ltr'><strong>loco</strong></span> <span class='ocrx_word' id='word_1_255' title='bbox 1098 3413 1184 3468; x_wconf 92' lang='lat' dir='ltr'><strong>ubi</strong></span> <span class='ocrx_word' id='word_1_256' title='bbox 1209 3428 1267 3468; x_wconf 91' lang='lat' dir='ltr'><strong>se</strong></span> <span class='ocrx_word' id='word_1_257' title='bbox 1305 3413 1391 3468; x_wconf 90' lang='lat' dir='ltr'><strong>ille</strong></span> <span class='ocrx_word' id='word_1_258' title='bbox 1417 3413 1646 3468; x_wconf 90' lang='lat' dir='ltr'><strong>occultet</strong></span> <span class='ocrx_word' id='word_1_259' title='bbox 1685 3413 2066 3485; x_wconf 85' lang='lat' dir='ltr'><strong>interrogeris?</strong></span> 
     </span>
    </p>
   </div>
   <div class='ocr_carea' id='block_1_34' title="bbox 480 3507 2062 3574">
    <p class='ocr_par' dir='ltr' id='par_1_34' title="bbox 480 3507 2062 3574">
     <span class='ocr_line' id='line_1_34' title="bbox 480 3507 2062 3574; baseline -0.001 -12"><span class='ocrx_word' id='word_1_260' title='bbox 480 3507 719 3562; x_wconf 83' lang='lat' dir='ltr'><strong>dicturus</strong></span> <span class='ocrx_word' id='word_1_261' title='bbox 749 3523 829 3573; x_wconf 90' lang='lat' dir='ltr'><strong>es,</strong></span> <span class='ocrx_word' id='word_1_262' title='bbox 860 3515 973 3573; x_wconf 85' lang='lat' dir='ltr'><strong>aut,</strong></span> <span class='ocrx_word' id='word_1_263' title='bbox 1002 3507 1116 3561; x_wconf 82' lang='lat' dir='ltr'><strong>Non</strong></span> <span class='ocrx_word' id='word_1_264' title='bbox 1147 3507 1216 3562; x_wconf 86' lang='lat' dir='ltr'><strong>ibi</strong></span> <span class='ocrx_word' id='word_1_265' title='bbox 1247 3515 1348 3574; x_wconf 91' lang='lat' dir='ltr'><strong>est,</strong></span> <span class='ocrx_word' id='word_1_266' title='bbox 1375 3507 1461 3561; x_wconf 91' lang='lat' dir='ltr'><strong>ubi</strong></span> <span class='ocrx_word' id='word_1_267' title='bbox 1493 3522 1613 3562; x_wconf 89' lang='lat' dir='ltr'><strong>eum</strong></span> <span class='ocrx_word' id='word_1_268' title='bbox 1643 3507 1746 3562; x_wconf 89' lang='lat' dir='ltr'><strong>scis</strong></span> <span class='ocrx_word' id='word_1_269' title='bbox 1769 3521 1922 3571; x_wconf 89' lang='lat' dir='ltr'><strong>esse;</strong></span> <span class='ocrx_word' id='word_1_270' title='bbox 1955 3517 2062 3574; x_wconf 91' lang='lat' dir='ltr'><strong>aut,</strong></span> 
     </span>
    </p>
   </div>
   <div class='ocr_carea' id='block_1_35' title="bbox 489 3598 2067 3670">
    <p class='ocr_par' dir='ltr' id='par_1_35' title="bbox 489 3598 2067 3670">
     <span class='ocr_line' id='line_1_35' title="bbox 489 3598 2067 3670; baseline 0.002 -19"><span class='ocrx_word' id='word_1_271' title='bbox 489 3617 593 3652; x_wconf 86' lang='lat' dir='ltr'><strong>non</strong></span> <span class='ocrx_word' id='word_1_272' title='bbox 623 3599 742 3654; x_wconf 88' lang='lat' dir='ltr'><strong>novi</strong></span> <span class='ocrx_word' id='word_1_273' title='bbox 771 3609 824 3654; x_wconf 91' lang='lat' dir='ltr'><strong>ct</strong></span> <span class='ocrx_word' id='word_1_274' title='bbox 845 3613 949 3653; x_wconf 89' lang='lat' dir='ltr'><strong>non</strong></span> <span class='ocrx_word' id='word_1_275' title='bbox 976 3598 1103 3666; x_wconf 88' lang='lat' dir='ltr'><strong>vidi,</strong></span> <span class='ocrx_word' id='word_1_276' title='bbox 1135 3599 1276 3670; x_wconf 89' lang='lat' dir='ltr'><strong>quod</strong></span> <span class='ocrx_word' id='word_1_277' title='bbox 1316 3599 1455 3654; x_wconf 86' lang='lat' dir='ltr'><strong>nosti</strong></span> <span class='ocrx_word' id='word_1_278' title='bbox 1487 3609 1538 3654; x_wconf 91' lang='lat' dir='ltr'><strong>et</strong></span> <span class='ocrx_word' id='word_1_279' title='bbox 1564 3598 1784 3652; x_wconf 77' lang='lat' dir='ltr'><strong>vidisti?</strong></span> <span class='ocrx_word' id='word_1_280' title='bbox 1821 3599 2067 3655; x_wconf 90' lang='lat' dir='ltr'><strong>Dicturus</strong></span> 
     </span>
    </p>
   </div>
   <div class='ocr_carea' id='block_1_36' title="bbox 479 3690 2066 3763">
    <p class='ocr_par' dir='ltr' id='par_1_36' title="bbox 479 3690 2066 3763">
     <span class='ocr_line' id='line_1_36' title="bbox 479 3690 2066 3763; baseline 0 -17"><span class='ocrx_word' id='word_1_281' title='bbox 479 3705 607 3763; x_wconf 84' lang='lat' dir='ltr'><strong>ergo</strong></span> <span class='ocrx_word' id='word_1_282' title='bbox 647 3706 706 3747; x_wconf 90' lang='lat' dir='ltr'><strong>es</strong></span> <span class='ocrx_word' id='word_1_283' title='bbox 743 3690 933 3746; x_wconf 81' lang='lat' dir='ltr'><strong>falsum</strong></span> <span class='ocrx_word' id='word_1_284' title='bbox 976 3691 1334 3747; x_wconf 90' lang='lat' dir='ltr'><strong>testimonium</strong></span> <span class='ocrx_word' id='word_1_285' title='bbox 1359 3733 1374 3759; x_wconf 93' lang='lat'><strong>,</strong></span> <span class='ocrx_word' id='word_1_286' title='bbox 1425 3699 1480 3746; x_wconf 90' lang='lat' dir='ltr'><strong>et</strong></span> <span class='ocrx_word' id='word_1_287' title='bbox 1519 3691 1795 3746; x_wconf 90' lang='lat' dir='ltr'><strong>occisurus</strong></span> <span class='ocrx_word' id='word_1_288' title='bbox 1834 3692 2066 3746; x_wconf 89' lang='lat' dir='ltr'><strong>animam</strong></span> 
     </span>
    </p>
   </div>
   <div class='ocr_carea' id='block_1_37' title="bbox 481 3783 2065 3854">
    <p class='ocr_par' dir='ltr' id='par_1_37' title="bbox 481 3783 2065 3854">
     <span class='ocr_line' id='line_1_37' title="bbox 481 3783 2065 3854; baseline 0.002 -17"><span class='ocrx_word' id='word_1_289' title='bbox 481 3795 624 3838; x_wconf 85' lang='lat' dir='ltr'><strong>tuam</strong></span> <span class='ocrx_word' id='word_1_290' title='bbox 648 3824 663 3850; x_wconf 93' lang='lat'><strong>,</strong></span> <span class='ocrx_word' id='word_1_291' title='bbox 693 3799 760 3839; x_wconf 92' lang='lat' dir='ltr'><strong>ne</strong></span> <span class='ocrx_word' id='word_1_292' title='bbox 784 3783 1054 3840; x_wconf 81' lang='lat' dir='ltr'><strong>occidatur</strong></span> <span class='ocrx_word' id='word_1_293' title='bbox 1085 3783 1346 3838; x_wconf 83' lang='lat' dir='ltr'><strong>homicida</strong></span> <span class='ocrx_word' id='word_1_294' title='bbox 1369 3783 1394 3835; x_wconf 85' lang='lat'><strong>?</strong></span> <span class='ocrx_word' id='word_1_295' title='bbox 1444 3785 1519 3838; x_wconf 77' lang='lat' dir='ltr'><strong>An</strong></span> <span class='ocrx_word' id='word_1_296' title='bbox 1545 3799 1710 3854; x_wconf 90' lang='lat' dir='ltr'><strong>usque</strong></span> <span class='ocrx_word' id='word_1_297' title='bbox 1738 3783 1804 3838; x_wconf 91' lang='lat' dir='ltr'><strong>ad</strong></span> <span class='ocrx_word' id='word_1_298' title='bbox 1837 3798 2065 3854; x_wconf 88' lang='lat' dir='ltr'><strong>conspe-</strong></span> 
     </span>
    </p>
   </div>
   <div class='ocr_carea' id='block_1_38' title="bbox 480 3877 2064 3950">
    <p class='ocr_par' dir='ltr' id='par_1_38' title="bbox 480 3877 2064 3950">
     <span class='ocr_line' id='line_1_38' title="bbox 480 3877 2064 3950; baseline 0.005 -23"><span class='ocrx_word' id='word_1_299' title='bbox 480 3887 623 3932; x_wconf 78' lang='lat' dir='ltr'><strong>etum</strong></span> <span class='ocrx_word' id='word_1_300' title='bbox 650 3877 842 3947; x_wconf 90' lang='lat' dir='ltr'><strong>judicis</strong></span> <span class='ocrx_word' id='word_1_301' title='bbox 871 3878 1142 3933; x_wconf 90' lang='lat' dir='ltr'><strong>mentieris</strong></span> <span class='ocrx_word' id='word_1_302' title='bbox 1165 3921 1180 3944; x_wconf 92' lang='lat'><strong>,</strong></span> <span class='ocrx_word' id='word_1_303' title='bbox 1221 3877 1399 3948; x_wconf 88' lang='lat' dir='ltr'><strong>judice</strong></span> <span class='ocrx_word' id='word_1_304' title='bbox 1440 3892 1617 3934; x_wconf 81' lang='lat' dir='ltr'><strong>autem</strong></span> <span class='ocrx_word' id='word_1_305' title='bbox 1656 3889 1933 3950; x_wconf 77' lang='lat' dir='ltr'><strong>quaerente</strong></span> <span class='ocrx_word' id='word_1_306' title='bbox 1954 3879 2064 3950; x_wconf 89' lang='lat' dir='ltr'><strong>jam</strong></span> 
     </span>
    </p>
   </div>
   <div class='ocr_carea' id='block_1_39' title="bbox 482 3969 2065 4044">
    <p class='ocr_par' dir='ltr' id='par_1_39' title="bbox 482 3969 2065 4044">
     <span class='ocr_line' id='line_1_39' title="bbox 482 3969 2065 4044; baseline 0.003 -22"><span class='ocrx_word' id='word_1_307' title='bbox 482 3985 664 4025; x_wconf 88' lang='lat' dir='ltr'><strong>verum</strong></span> <span class='ocrx_word' id='word_1_308' title='bbox 694 3969 875 4038; x_wconf 83' lang='lat' dir='ltr'><strong>dices,</strong></span> <span class='ocrx_word' id='word_1_309' title='bbox 916 3985 984 4026; x_wconf 89' lang='lat' dir='ltr'><strong>ne</strong></span> <span class='ocrx_word' id='word_1_310' title='bbox 1024 3971 1098 4027; x_wconf 91' lang='lat' dir='ltr'><strong>sis</strong></span> <span class='ocrx_word' id='word_1_311' title='bbox 1129 3970 1290 4028; x_wconf 90' lang='lat' dir='ltr'><strong>falsus</strong></span> <span class='ocrx_word' id='word_1_312' title='bbox 1321 3972 1509 4027; x_wconf 73' lang='lat' dir='ltr'><strong>teatis?</strong></span> <span class='ocrx_word' id='word_1_313' title='bbox 1555 3973 1672 4043; x_wconf 90' lang='lat' dir='ltr'><strong>Ipse</strong></span> <span class='ocrx_word' id='word_1_314' title='bbox 1701 3973 1861 4044; x_wconf 80' lang='lat' dir='ltr'><strong>igitur</strong></span> <span class='ocrx_word' id='word_1_315' title='bbox 1891 3972 2065 4028; x_wconf 84' lang='lat' dir='ltr'><strong>Immi-</strong></span> 
     </span>
    </p>
   </div>
   <div class='ocr_carea' id='block_1_40' title="bbox 481 4063 2068 4137">
    <p class='ocr_par' dir='ltr' id='par_1_40' title="bbox 481 4063 2068 4137">
     <span class='ocr_line' id='line_1_40' title="bbox 481 4063 2068 4137; baseline 0.003 -20"><span class='ocrx_word' id='word_1_316' title='bbox 481 4079 599 4119; x_wconf 76' lang='lat' dir='ltr'><strong>nem</strong></span> <span class='ocrx_word' id='word_1_317' title='bbox 617 4063 921 4135; x_wconf 87' lang='lat' dir='ltr'><strong>proditione</strong></span> <span class='ocrx_word' id='word_1_318' title='bbox 941 4065 1214 4121; x_wconf 89' lang='lat' dir='ltr'><strong>occisurus</strong></span> <span class='ocrx_word' id='word_1_319' title='bbox 1236 4080 1313 4120; x_wconf 86' lang='lat' dir='ltr'><strong>cs.</strong></span> <span class='ocrx_word' id='word_1_320' title='bbox 1341 4065 1510 4120; x_wconf 81' lang='lat' dir='ltr'><strong>Etiam</strong></span> <span class='ocrx_word' id='word_1_321' title='bbox 1528 4065 1852 4135; x_wconf 87' lang='lat' dir='ltr'><strong>proditorem</strong></span> <span class='ocrx_word' id='word_1_322' title='bbox 1872 4067 2068 4137; x_wconf 88' lang='lat' dir='ltr'><strong>quippe</strong></span> 
     </span>
    </p>
   </div>
   <div class='ocr_carea' id='block_1_41' title="bbox 479 4154 2064 4226">
    <p class='ocr_par' dir='ltr' id='par_1_41' title="bbox 479 4154 2064 4226">
     <span class='ocr_line' id='line_1_41' title="bbox 479 4154 2064 4226; baseline 0.002 -19"><span class='ocrx_word' id='word_1_323' title='bbox 479 4155 655 4208; x_wconf 83' lang='lat' dir='ltr'><strong>divina</strong></span> <span class='ocrx_word' id='word_1_324' title='bbox 701 4154 972 4223; x_wconf 89' lang='lat' dir='ltr'><strong>Scriptura</strong></span> <span class='ocrx_word' id='word_1_325' title='bbox 1017 4154 1329 4210; x_wconf 89' lang='lat' dir='ltr'><strong>detestatur.</strong></span> <span class='ocrx_word' id='word_1_326' title='bbox 1360 4155 1444 4210; x_wconf 82' lang='lat' dir='ltr'><strong>An</strong></span> <span class='ocrx_word' id='word_1_327' title='bbox 1485 4157 1620 4211; x_wconf 72' lang='lat' dir='ltr'><strong>fot&#39;tc</strong></span> <span class='ocrx_word' id='word_1_328' title='bbox 1670 4157 1912 4226; x_wconf 88' lang='lat' dir='ltr'><strong>proditor</strong></span> <span class='ocrx_word' id='word_1_329' title='bbox 1961 4171 2064 4210; x_wconf 92' lang='lat' dir='ltr'><strong>non</strong></span> 
     </span>
    </p>
   </div>
   <div class='ocr_carea' id='block_1_42' title="bbox 480 4243 2070 4316">
    <p class='ocr_par' dir='ltr' id='par_1_42' title="bbox 480 4243 2070 4316">
     <span class='ocr_line' id='line_1_42' title="bbox 480 4243 2070 4316; baseline 0.003 -20"><span class='ocrx_word' id='word_1_330' title='bbox 480 4256 595 4311; x_wconf 87' lang='lat' dir='ltr'><strong>est,</strong></span> <span class='ocrx_word' id='word_1_331' title='bbox 627 4244 714 4314; x_wconf 87' lang='lat' dir='ltr'><strong>qui</strong></span> <span class='ocrx_word' id='word_1_332' title='bbox 750 4243 916 4314; x_wconf 91' lang='lat' dir='ltr'><strong>judici</strong></span> <span class='ocrx_word' id='word_1_333' title='bbox 962 4246 1302 4316; x_wconf 83' lang='lat' dir='ltr'><strong>interroganti</strong></span> <span class='ocrx_word' id='word_1_334' title='bbox 1333 4261 1515 4300; x_wconf 87' lang='lat' dir='ltr'><strong>verum</strong></span> <span class='ocrx_word' id='word_1_335' title='bbox 1547 4246 1747 4302; x_wconf 86' lang='lat' dir='ltr'><strong>indicat</strong></span> <span class='ocrx_word' id='word_1_336' title='bbox 1770 4263 1783 4312; x_wconf 91' lang='lat'><strong>;</strong></span> <span class='ocrx_word' id='word_1_337' title='bbox 1808 4255 1951 4301; x_wconf 88' lang='lat' dir='ltr'><strong>esset</strong></span> <span class='ocrx_word' id='word_1_338' title='bbox 1977 4262 2070 4300; x_wconf 86' lang='lat' dir='ltr'><strong>au-</strong></span> 
     </span>
    </p>
   </div>
   <div class='ocr_carea' id='block_1_43' title="bbox 482 4335 2066 4407">
    <p class='ocr_par' dir='ltr' id='par_1_43' title="bbox 482 4335 2066 4407">
     <span class='ocr_line' id='line_1_43' title="bbox 482 4335 2066 4407; baseline 0.001 -17"><span class='ocrx_word' id='word_1_339' title='bbox 482 4346 588 4390; x_wconf 88' lang='lat' dir='ltr'><strong>tem</strong></span> <span class='ocrx_word' id='word_1_340' title='bbox 620 4335 860 4406; x_wconf 88' lang='lat' dir='ltr'><strong>proditor</strong></span> <span class='ocrx_word' id='word_1_341' title='bbox 881 4376 895 4399; x_wconf 96' lang='lat'><strong>,</strong></span> <span class='ocrx_word' id='word_1_342' title='bbox 947 4336 991 4390; x_wconf 88' lang='lat' dir='ltr'><strong>si</strong></span> <span class='ocrx_word' id='word_1_343' title='bbox 1033 4351 1349 4407; x_wconf 87' lang='lat' dir='ltr'><strong>quemquam</strong></span> <span class='ocrx_word' id='word_1_344' title='bbox 1375 4337 1442 4392; x_wconf 89' lang='lat' dir='ltr'><strong>ad</strong></span> <span class='ocrx_word' id='word_1_345' title='bbox 1468 4338 1686 4394; x_wconf 78' lang='lat' dir='ltr'><strong>exitium</strong></span> <span class='ocrx_word' id='word_1_346' title='bbox 1719 4339 1859 4393; x_wconf 90' lang='lat' dir='ltr'><strong>ultro</strong></span> <span class='ocrx_word' id='word_1_347' title='bbox 1886 4337 2066 4392; x_wconf 86' lang='lat' dir='ltr'><strong>defer-</strong></span> 
     </span>
    </p>
   </div>
   <div class='ocr_carea' id='block_1_44' title="bbox 483 4425 2071 4499">
    <p class='ocr_par' dir='ltr' id='par_1_44' title="bbox 483 4425 2071 4499">
     <span class='ocr_line' id='line_1_44' title="bbox 483 4425 2071 4499; baseline 0.003 -19"><span class='ocrx_word' id='word_1_348' title='bbox 483 4427 605 4482; x_wconf 89' lang='lat' dir='ltr'><strong>ret?</strong></span> <span class='ocrx_word' id='word_1_349' title='bbox 650 4425 816 4494; x_wconf 87' lang='lat' dir='ltr'><strong>Quid,</strong></span> <span class='ocrx_word' id='word_1_350' title='bbox 867 4426 921 4481; x_wconf 90' lang='lat' dir='ltr'><strong>si-</strong></span> <span class='ocrx_word' id='word_1_351' title='bbox 949 4426 1017 4483; x_wconf 89' lang='lat' dir='ltr'><strong>de</strong></span> <span class='ocrx_word' id='word_1_352' title='bbox 1053 4427 1198 4498; x_wconf 91' lang='lat' dir='ltr'><strong>justo</strong></span> <span class='ocrx_word' id='word_1_353' title='bbox 1238 4438 1398 4499; x_wconf 86' lang='lat' dir='ltr'><strong>atque</strong></span> <span class='ocrx_word' id='word_1_354' title='bbox 1443 4429 1728 4485; x_wconf 88' lang='lat' dir='ltr'><strong>innocente</strong></span> <span class='ocrx_word' id='word_1_355' title='bbox 1776 4430 1865 4485; x_wconf 89' lang='lat' dir='ltr'><strong>ubi</strong></span> <span class='ocrx_word' id='word_1_356' title='bbox 1911 4429 2071 4484; x_wconf 86' lang='lat' dir='ltr'><strong>lateat</strong></span> 
     </span>
    </p>
   </div>
   <div class='ocr_carea' id='block_1_45' title="bbox 482 4515 2067 4590">
    <p class='ocr_par' dir='ltr' id='par_1_45' title="bbox 482 4515 2067 4590">
     <span class='ocr_line' id='line_1_45' title="bbox 482 4515 2067 4590; baseline 0.003 -22"><span class='ocrx_word' id='word_1_357' title='bbox 482 4517 661 4572; x_wconf 84' lang='lat' dir='ltr'><strong>sciens</strong></span> <span class='ocrx_word' id='word_1_358' title='bbox 692 4532 720 4570; x_wconf 89' lang='lat' dir='ltr'><strong>a</strong></span> <span class='ocrx_word' id='word_1_359' title='bbox 743 4515 924 4586; x_wconf 91' lang='lat' dir='ltr'><strong>judice</strong></span> <span class='ocrx_word' id='word_1_360' title='bbox 953 4517 1296 4588; x_wconf 84' lang='lat' dir='ltr'><strong>interrogeris</strong></span> <span class='ocrx_word' id='word_1_361' title='bbox 1316 4560 1331 4585; x_wconf 92' lang='lat'><strong>,</strong></span> <span class='ocrx_word' id='word_1_362' title='bbox 1361 4519 1448 4590; x_wconf 91' lang='lat' dir='ltr'><strong>qui</strong></span> <span class='ocrx_word' id='word_1_363' title='bbox 1480 4528 1657 4574; x_wconf 84' lang='lat' dir='ltr'><strong>tamen</strong></span> <span class='ocrx_word' id='word_1_364' title='bbox 1684 4519 1748 4574; x_wconf 91' lang='lat' dir='ltr'><strong>ad</strong></span> <span class='ocrx_word' id='word_1_365' title='bbox 1780 4527 2006 4575; x_wconf 82' lang='lat' dir='ltr'><strong>mortem</strong></span> <span class='ocrx_word' id='word_1_366' title='bbox 2037 4534 2067 4573; x_wconf 88' lang='lat' dir='ltr'><strong>a</strong></span> 
     </span>
    </p>
   </div>
   <div class='ocr_carea' id='block_1_46' title="bbox 482 4610 2070 4683">
    <p class='ocr_par' dir='ltr' id='par_1_46' title="bbox 482 4610 2070 4683">
     <span class='ocr_line' id='line_1_46' title="bbox 482 4610 2070 4683; baseline 0.002 -19"><span class='ocrx_word' id='word_1_367' title='bbox 482 4610 684 4680; x_wconf 85' lang='lat' dir='ltr'><strong>majore</strong></span> <span class='ocrx_word' id='word_1_368' title='bbox 731 4619 991 4680; x_wconf 86' lang='lat' dir='ltr'><strong>potestate</strong></span> <span class='ocrx_word' id='word_1_369' title='bbox 1026 4611 1206 4682; x_wconf 84' lang='lat' dir='ltr'><strong>jussus</strong></span> <span class='ocrx_word' id='word_1_370' title='bbox 1234 4620 1318 4668; x_wconf 85' lang='lat' dir='ltr'><strong>est</strong></span> <span class='ocrx_word' id='word_1_371' title='bbox 1347 4613 1494 4681; x_wconf 84' lang='lat' dir='ltr'><strong>rapi,</strong></span> <span class='ocrx_word' id='word_1_372' title='bbox 1545 4621 1605 4668; x_wconf 90' lang='lat' dir='ltr'><strong>ut</strong></span> <span class='ocrx_word' id='word_1_373' title='bbox 1651 4613 1739 4667; x_wconf 81' lang='lat' dir='ltr'><strong>ille</strong></span> <span class='ocrx_word' id='word_1_374' title='bbox 1785 4613 1875 4683; x_wconf 88' lang='lat' dir='ltr'><strong>qui</strong></span> <span class='ocrx_word' id='word_1_375' title='bbox 1903 4619 2070 4667; x_wconf 83' lang='lat' dir='ltr'><strong>inter-</strong></span> 
     </span>
    </p>
   </div>
   <div class='ocr_carea' id='block_1_47' title="bbox 481 4702 2067 4773">
    <p class='ocr_par' dir='ltr' id='par_1_47' title="bbox 481 4702 2067 4773">
     <span class='ocr_line' id='line_1_47' title="bbox 481 4702 2067 4773; baseline 0.001 -17"><span class='ocrx_word' id='word_1_376' title='bbox 481 4709 634 4773; x_wconf 80' lang='lat' dir='ltr'><strong>rogat</strong></span> <span class='ocrx_word' id='word_1_377' title='bbox 657 4711 938 4757; x_wconf 77' lang='lat' dir='ltr'><strong>exsecutor</strong></span> <span class='ocrx_word' id='word_1_378' title='bbox 963 4702 1031 4758; x_wconf 90' lang='lat' dir='ltr'><strong>sit</strong></span> <span class='ocrx_word' id='word_1_379' title='bbox 1061 4703 1218 4773; x_wconf 86' lang='lat' dir='ltr'><strong>legis,</strong></span> <span class='ocrx_word' id='word_1_380' title='bbox 1266 4719 1374 4758; x_wconf 79' lang='lat' dir='ltr'><strong>non</strong></span> <span class='ocrx_word' id='word_1_381' title='bbox 1402 4702 1690 4759; x_wconf 89' lang='lat' dir='ltr'><strong>conditor?</strong></span> <span class='ocrx_word' id='word_1_382' title='bbox 1716 4721 1782 4758; x_wconf 83' lang='lat' dir='ltr'><strong>an</strong></span> <span class='ocrx_word' id='word_1_383' title='bbox 1815 4703 1936 4759; x_wconf 89' lang='lat' dir='ltr'><strong>ideo</strong></span> <span class='ocrx_word' id='word_1_384' title='bbox 1965 4719 2067 4758; x_wconf 92' lang='lat' dir='ltr'><strong>non</strong></span> 
     </span>
    </p>
   </div>
   <div class='ocr_carea' id='block_1_48' title="bbox 481 4792 2067 4865">
    <p class='ocr_par' dir='ltr' id='par_1_48' title="bbox 481 4792 2067 4865">
     <span class='ocr_line' id='line_1_48' title="bbox 481 4792 2067 4865; baseline 0.001 -17"><span class='ocrx_word' id='word_1_385' title='bbox 481 4793 584 4848; x_wconf 88' lang='lat' dir='ltr'><strong>erit</strong></span> <span class='ocrx_word' id='word_1_386' title='bbox 600 4792 784 4851; x_wconf 90' lang='lat' dir='ltr'><strong>falsum</strong></span> <span class='ocrx_word' id='word_1_387' title='bbox 809 4793 1166 4849; x_wconf 87' lang='lat' dir='ltr'><strong>testimonium</strong></span> <span class='ocrx_word' id='word_1_388' title='bbox 1188 4794 1326 4865; x_wconf 90' lang='lat' dir='ltr'><strong>quod</strong></span> <span class='ocrx_word' id='word_1_389' title='bbox 1354 4810 1450 4865; x_wconf 86' lang='lat' dir='ltr'><strong>pro</strong></span> <span class='ocrx_word' id='word_1_390' title='bbox 1474 4795 1756 4850; x_wconf 88' lang='lat' dir='ltr'><strong>innocente</strong></span> <span class='ocrx_word' id='word_1_391' title='bbox 1773 4795 2067 4862; x_wconf 84' lang='lat' dir='ltr'><strong>mentieris,</strong></span> 
     </span>
    </p>
   </div>
   <div class='ocr_carea' id='block_1_49' title="bbox 479 4885 2066 4959">
    <p class='ocr_par' dir='ltr' id='par_1_49' title="bbox 479 4885 2066 4959">
     <span class='ocr_line' id='line_1_49' title="bbox 479 4885 2066 4959; baseline 0.001 -19"><span class='ocrx_word' id='word_1_392' title='bbox 479 4886 603 4954; x_wconf 86' lang='lat' dir='ltr'><strong>quia</strong></span> <span class='ocrx_word' id='word_1_393' title='bbox 632 4901 732 4943; x_wconf 89' lang='lat' dir='ltr'><strong>nec</strong></span> <span class='ocrx_word' id='word_1_394' title='bbox 761 4886 853 4942; x_wconf 90' lang='lat' dir='ltr'><strong>ille</strong></span> <span class='ocrx_word' id='word_1_395' title='bbox 874 4885 1036 4956; x_wconf 76' lang='lat' dir='ltr'><strong>judex</strong></span> <span class='ocrx_word' id='word_1_396' title='bbox 1063 4928 1079 4954; x_wconf 94' lang='lat'><strong>,</strong></span> <span class='ocrx_word' id='word_1_397' title='bbox 1108 4887 1202 4942; x_wconf 85' lang='lat' dir='ltr'><strong>sed</strong></span> <span class='ocrx_word' id='word_1_398' title='bbox 1230 4898 1513 4943; x_wconf 83' lang='lat' dir='ltr'><strong>exsecutor</strong></span> <span class='ocrx_word' id='word_1_399' title='bbox 1541 4888 1868 4959; x_wconf 82' lang='lat' dir='ltr'><strong>interrogat?</strong></span> <span class='ocrx_word' id='word_1_400' title='bbox 1908 4889 2066 4955; x_wconf 85' lang='lat' dir='ltr'><strong>Quid,</strong></span> 
     </span>
    </p>
   </div>
   <div class='ocr_carea' id='block_1_50' title="bbox 481 4977 2066 5051">
    <p class='ocr_par' dir='ltr' id='par_1_50' title="bbox 481 4977 2066 5051">
     <span class='ocr_line' id='line_1_50' title="bbox 481 4977 2066 5051; baseline 0.002 -19"><span class='ocrx_word' id='word_1_401' title='bbox 481 4979 524 5032; x_wconf 81' lang='lat' dir='ltr'><strong>si</strong></span> <span class='ocrx_word' id='word_1_402' title='bbox 555 4980 668 5050; x_wconf 90' lang='lat' dir='ltr'><strong>ipse</strong></span> <span class='ocrx_word' id='word_1_403' title='bbox 697 4977 939 5035; x_wconf 89' lang='lat' dir='ltr'><strong>conditor</strong></span> <span class='ocrx_word' id='word_1_404' title='bbox 977 4978 1112 5049; x_wconf 74' lang='lat' dir='ltr'><strong>legis</strong></span> <span class='ocrx_word' id='word_1_405' title='bbox 1157 4979 1484 5051; x_wconf 87' lang='lat' dir='ltr'><strong>interroget,</strong></span> <span class='ocrx_word' id='word_1_406' title='bbox 1532 4989 1623 5034; x_wconf 87' lang='lat' dir='ltr'><strong>aut</strong></span> <span class='ocrx_word' id='word_1_407' title='bbox 1659 4980 1882 5050; x_wconf 85' lang='lat' dir='ltr'><strong>quilibet</strong></span> <span class='ocrx_word' id='word_1_408' title='bbox 1904 4981 2066 5050; x_wconf 85' lang='lat' dir='ltr'><strong>judex</strong></span> 
     </span>
    </p>
   </div>
   <div class='ocr_carea' id='block_1_51' title="bbox 483 5069 2068 5142">
    <p class='ocr_par' dir='ltr' id='par_1_51' title="bbox 483 5069 2068 5142">
     <span class='ocr_line' id='line_1_51' title="bbox 483 5069 2068 5142; baseline 0.001 -20"><span class='ocrx_word' id='word_1_409' title='bbox 483 5069 693 5137; x_wconf 82' lang='lat' dir='ltr'><strong>iniquus</strong></span> <span class='ocrx_word' id='word_1_410' title='bbox 739 5069 804 5124; x_wconf 89' lang='lat' dir='ltr'><strong>ad</strong></span> <span class='ocrx_word' id='word_1_411' title='bbox 850 5069 1168 5140; x_wconf 85' lang='lat' dir='ltr'><strong>supplicium</strong></span> <span class='ocrx_word' id='word_1_412' title='bbox 1212 5085 1460 5140; x_wconf 87' lang='lat' dir='ltr'><strong>quaerens</strong></span> <span class='ocrx_word' id='word_1_413' title='bbox 1504 5071 1886 5126; x_wconf 89' lang='lat' dir='ltr'><strong>innocentem?</strong></span> <span class='ocrx_word' id='word_1_414' title='bbox 1943 5071 2068 5142; x_wconf 89' lang='lat' dir='ltr'><strong>quid</strong></span> 
     </span>
    </p>
   </div>
   <div class='ocr_carea' id='block_1_52' title="bbox 477 5159 2072 5230">
    <p class='ocr_par' dir='ltr' id='par_1_52' title="bbox 477 5159 2072 5230">
     <span class='ocr_line' id='line_1_52' title="bbox 477 5159 2072 5230; baseline 0.003 -18"><span class='ocrx_word' id='word_1_415' title='bbox 477 5159 684 5214; x_wconf 72' lang='lat' dir='ltr'><strong>faetet?</strong></span> <span class='ocrx_word' id='word_1_416' title='bbox 728 5159 892 5215; x_wconf 86' lang='lat' dir='ltr'><strong>falsus</strong></span> <span class='ocrx_word' id='word_1_417' title='bbox 930 5160 1080 5215; x_wconf 89' lang='lat' dir='ltr'><strong>testis</strong></span> <span class='ocrx_word' id='word_1_418' title='bbox 1105 5201 1119 5225; x_wconf 93' lang='lat'><strong>,</strong></span> <span class='ocrx_word' id='word_1_419' title='bbox 1163 5176 1230 5215; x_wconf 93' lang='lat' dir='ltr'><strong>an</strong></span> <span class='ocrx_word' id='word_1_420' title='bbox 1276 5160 1516 5230; x_wconf 89' lang='lat' dir='ltr'><strong>proditor</strong></span> <span class='ocrx_word' id='word_1_421' title='bbox 1545 5161 1652 5215; x_wconf 87' lang='lat' dir='ltr'><strong>eris</strong></span> <span class='ocrx_word' id='word_1_422' title='bbox 1673 5161 1698 5213; x_wconf 93' lang='lat'><strong>?</strong></span> <span class='ocrx_word' id='word_1_423' title='bbox 1742 5163 1823 5215; x_wconf 83' lang='lat' dir='ltr'><strong>An</strong></span> <span class='ocrx_word' id='word_1_424' title='bbox 1853 5161 1939 5216; x_wconf 81' lang='lat' dir='ltr'><strong>ille</strong></span> <span class='ocrx_word' id='word_1_425' title='bbox 1969 5163 2072 5217; x_wconf 88' lang='lat' dir='ltr'><strong>erit</strong></span> 
     </span>
    </p>
   </div>
   <div class='ocr_carea' id='block_1_53' title="bbox 479 5248 2070 5322">
    <p class='ocr_par' dir='ltr' id='par_1_53' title="bbox 479 5248 2070 5322">
     <span class='ocr_line' id='line_1_53' title="bbox 479 5248 2070 5322; baseline 0.001 -17"><span class='ocrx_word' id='word_1_426' title='bbox 479 5248 752 5321; x_wconf 87' lang='lat' dir='ltr'><strong>proditor,</strong></span> <span class='ocrx_word' id='word_1_427' title='bbox 803 5252 892 5320; x_wconf 90' lang='lat' dir='ltr'><strong>qui</strong></span> <span class='ocrx_word' id='word_1_428' title='bbox 917 5251 1065 5320; x_wconf 88' lang='lat' dir='ltr'><strong>justo</strong></span> <span class='ocrx_word' id='word_1_429' title='bbox 1101 5250 1267 5322; x_wconf 90' lang='lat' dir='ltr'><strong>judici</strong></span> <span class='ocrx_word' id='word_1_430' title='bbox 1295 5252 1547 5307; x_wconf 88' lang='lat' dir='ltr'><strong>latentem</strong></span> <span class='ocrx_word' id='word_1_431' title='bbox 1579 5251 1898 5307; x_wconf 88' lang='lat' dir='ltr'><strong>homicidam</strong></span> <span class='ocrx_word' id='word_1_432' title='bbox 1930 5253 2070 5307; x_wconf 90' lang='lat' dir='ltr'><strong>ultro</strong></span> 
     </span>
    </p>
   </div>
   <div class='ocr_carea' id='block_1_54' title="bbox 478 5341 2067 5414">
    <p class='ocr_par' dir='ltr' id='par_1_54' title="bbox 478 5341 2067 5414">
     <span class='ocr_line' id='line_1_54' title="bbox 478 5341 2067 5414; baseline 0.001 -16"><span class='ocrx_word' id='word_1_433' title='bbox 478 5341 728 5400; x_wconf 80' lang='lat' dir='ltr'><strong>detulerit</strong></span> <span class='ocrx_word' id='word_1_434' title='bbox 755 5357 771 5407; x_wconf 90' lang='lat'><strong>;</strong></span> <span class='ocrx_word' id='word_1_435' title='bbox 820 5352 875 5397; x_wconf 88' lang='lat' dir='ltr'><strong>et</strong></span> <span class='ocrx_word' id='word_1_436' title='bbox 903 5343 993 5397; x_wconf 89' lang='lat' dir='ltr'><strong>ille</strong></span> <span class='ocrx_word' id='word_1_437' title='bbox 1035 5358 1142 5398; x_wconf 91' lang='lat' dir='ltr'><strong>non</strong></span> <span class='ocrx_word' id='word_1_438' title='bbox 1169 5345 1293 5408; x_wconf 88' lang='lat' dir='ltr'><strong>erit,</strong></span> <span class='ocrx_word' id='word_1_439' title='bbox 1339 5345 1426 5414; x_wconf 90' lang='lat' dir='ltr'><strong>qui</strong></span> <span class='ocrx_word' id='word_1_440' title='bbox 1455 5344 1620 5414; x_wconf 88' lang='lat' dir='ltr'><strong>judici</strong></span> <span class='ocrx_word' id='word_1_441' title='bbox 1648 5345 1844 5414; x_wconf 88' lang='lat' dir='ltr'><strong>injusto</strong></span> <span class='ocrx_word' id='word_1_442' title='bbox 1873 5345 1959 5399; x_wconf 91' lang='lat' dir='ltr'><strong>ubi</strong></span> <span class='ocrx_word' id='word_1_443' title='bbox 1989 5347 2067 5400; x_wconf 91' lang='lat' dir='ltr'><strong>la-</strong></span> 
     </span>
    </p>
   </div>
   <div class='ocr_carea' id='block_1_55' title="bbox 480 5436 2070 5508">
    <p class='ocr_par' dir='ltr' id='par_1_55' title="bbox 480 5436 2070 5508">
     <span class='ocr_line' id='line_1_55' title="bbox 480 5436 2070 5508; baseline -0.001 -15"><span class='ocrx_word' id='word_1_444' title='bbox 480 5447 583 5493; x_wconf 88' lang='lat' dir='ltr'><strong>teat</strong></span> <span class='ocrx_word' id='word_1_445' title='bbox 635 5436 893 5489; x_wconf 85' lang='lat' dir='ltr'><strong>innocens</strong></span> <span class='ocrx_word' id='word_1_446' title='bbox 937 5450 1094 5505; x_wconf 88' lang='lat' dir='ltr'><strong>quem</strong></span> <span class='ocrx_word' id='word_1_447' title='bbox 1141 5437 1352 5505; x_wconf 72' lang='lat' dir='ltr'><strong>quazrit-</strong></span> <span class='ocrx_word' id='word_1_448' title='bbox 1385 5437 1668 5500; x_wconf 88' lang='lat' dir='ltr'><strong>occidere,</strong></span> <span class='ocrx_word' id='word_1_449' title='bbox 1721 5437 2070 5508; x_wconf 88' lang='lat' dir='ltr'><strong>interroganti</strong></span> 
     </span>
    </p>
   </div>
   <div class='ocr_carea' id='block_1_56' title="bbox 483 5525 2070 5596">
    <p class='ocr_par' dir='ltr' id='par_1_56' title="bbox 483 5525 2070 5596">
     <span class='ocr_line' id='line_1_56' title="bbox 483 5525 2070 5596; baseline 0 -12"><span class='ocrx_word' id='word_1_450' title='bbox 483 5525 801 5584; x_wconf 78' lang='lat' dir='ltr'><strong>iud&#39;caverit</strong></span> <span class='ocrx_word' id='word_1_451' title='bbox 847 5541 969 5579; x_wconf 88' lang='lat' dir='ltr'><strong>eum</strong></span> <span class='ocrx_word' id='word_1_452' title='bbox 1017 5527 1104 5596; x_wconf 91' lang='lat' dir='ltr'><strong>qui</strong></span> <span class='ocrx_word' id='word_1_453' title='bbox 1155 5542 1215 5581; x_wconf 90' lang='lat' dir='ltr'><strong>se</strong></span> <span class='ocrx_word' id='word_1_454' title='bbox 1258 5526 1381 5582; x_wconf 81' lang='lat' dir='ltr'><strong>fidei</strong></span> <span class='ocrx_word' id='word_1_455' title='bbox 1409 5528 1523 5596; x_wconf 89' lang='lat' dir='ltr'><strong>ejus</strong></span> <span class='ocrx_word' id='word_1_456' title='bbox 1560 5530 1943 5584; x_wconf 86' lang='lat' dir='ltr'><strong>commiserat?</strong></span> <span class='ocrx_word' id='word_1_457' title='bbox 1989 5529 2070 5584; x_wconf 81' lang='lat' dir='ltr'><strong>Au</strong></span> 
     </span>
    </p>
   </div>
   <div class='ocr_carea' id='block_1_57' title="bbox 483 5615 2070 5688">
    <p class='ocr_par' dir='ltr' id='par_1_57' title="bbox 483 5615 2070 5688">
     <span class='ocr_line' id='line_1_57' title="bbox 483 5615 2070 5688; baseline 0.001 -15"><span class='ocrx_word' id='word_1_458' title='bbox 483 5621 589 5674; x_wconf 88' lang='lat' dir='ltr'><strong>inte</strong></span> <span class='ocrx_word' id='word_1_459' title='bbox 650 5615 853 5672; x_wconf 89' lang='lat' dir='ltr'><strong>crimen</strong></span> <span class='ocrx_word' id='word_1_460' title='bbox 884 5615 998 5670; x_wconf 86' lang='lat' dir='ltr'><strong>falsi</strong></span> <span class='ocrx_word' id='word_1_461' title='bbox 1027 5617 1319 5672; x_wconf 88' lang='lat' dir='ltr'><strong>testimonii</strong></span> <span class='ocrx_word' id='word_1_462' title='bbox 1347 5627 1396 5672; x_wconf 93' lang='lat' dir='ltr'><strong>et</strong></span> <span class='ocrx_word' id='word_1_463' title='bbox 1425 5619 1742 5688; x_wconf 83' lang='lat' dir='ltr'><strong>proditionis</strong></span> <span class='ocrx_word' id='word_1_464' title='bbox 1766 5619 1958 5674; x_wconf 70' lang='lat' dir='ltr'><strong>dubius</strong></span> <span class='ocrx_word' id='word_1_465' title='bbox 1985 5620 2070 5674; x_wconf 88' lang='lat' dir='ltr'><strong>iu-</strong></span> 
     </span>
    </p>
   </div>
   <div class='ocr_carea' id='block_1_58' title="bbox 481 5707 2072 5782">
    <p class='ocr_par' dir='ltr' id='par_1_58' title="bbox 481 5707 2072 5782">
     <span class='ocr_line' id='line_1_58' title="bbox 481 5707 2072 5782; baseline 0.003 -17"><span class='ocrx_word' id='word_1_466' title='bbox 481 5718 768 5773; x_wconf 75' lang='lat' dir='ltr'><strong>Certusque</strong></span> <span class='ocrx_word' id='word_1_467' title='bbox 791 5707 1132 5763; x_wconf 88' lang='lat' dir='ltr'><strong>remanebis?</strong></span> <span class='ocrx_word' id='word_1_468' title='bbox 1174 5711 1256 5763; x_wconf 83' lang='lat' dir='ltr'><strong>An</strong></span> <span class='ocrx_word' id='word_1_469' title='bbox 1289 5711 1510 5765; x_wconf 89' lang='lat' dir='ltr'><strong>tacendo</strong></span> <span class='ocrx_word' id='word_1_470' title='bbox 1533 5751 1548 5776; x_wconf 94' lang='lat'><strong>,</strong></span> <span class='ocrx_word' id='word_1_471' title='bbox 1579 5713 1661 5767; x_wconf 92' lang='lat' dir='ltr'><strong>vel</strong></span> <span class='ocrx_word' id='word_1_472' title='bbox 1700 5712 1998 5782; x_wconf 81' lang='lat' dir='ltr'><strong>protendo</strong></span> <span class='ocrx_word' id='word_1_473' title='bbox 2023 5724 2072 5769; x_wconf 85' lang='lat' dir='ltr'><strong>te</strong></span> 
     </span>
    </p>
   </div>
   <div class='ocr_carea' id='block_1_59' title="bbox 483 5797 2071 5873">
    <p class='ocr_par' dir='ltr' id='par_1_59' title="bbox 483 5797 2071 5873">
     <span class='ocr_line' id='line_1_59' title="bbox 483 5797 2071 5873; baseline 0.007 -24"><span class='ocrx_word' id='word_1_474' title='bbox 483 5820 585 5858; x_wconf 73' lang='lat' dir='ltr'><strong>mm</strong></span> <span class='ocrx_word' id='word_1_475' title='bbox 639 5812 760 5853; x_wconf 77' lang='lat' dir='ltr'><strong>esse</strong></span> <span class='ocrx_word' id='word_1_476' title='bbox 799 5797 1061 5856; x_wconf 87' lang='lat' dir='ltr'><strong>dicturum</strong></span> <span class='ocrx_word' id='word_1_477' title='bbox 1087 5844 1101 5868; x_wconf 95' lang='lat'><strong>,</strong></span> <span class='ocrx_word' id='word_1_478' title='bbox 1151 5809 1332 5856; x_wconf 87' lang='lat' dir='ltr'><strong>certus</strong></span> <span class='ocrx_word' id='word_1_479' title='bbox 1374 5812 1653 5873; x_wconf 88' lang='lat' dir='ltr'><strong>utrumque</strong></span> <span class='ocrx_word' id='word_1_480' title='bbox 1695 5806 1920 5861; x_wconf 79' lang='lat' dir='ltr'><strong>vitabis?</strong></span> <span class='ocrx_word' id='word_1_481' title='bbox 1967 5809 2071 5861; x_wconf 79' lang='lat' dir='ltr'><strong>Cur</strong></span> 
     </span>
    </p>
   </div>
   <div class='ocr_carea' id='block_1_60' title="bbox 481 5889 2066 5969">
    <p class='ocr_par' dir='ltr' id='par_1_60' title="bbox 481 5889 2066 5969">
     <span class='ocr_line' id='line_1_60' title="bbox 481 5889 2066 5969; baseline 0.003 -21"><span class='ocrx_word' id='word_1_482' title='bbox 481 5909 606 5965; x_wconf 77' lang='lat' dir='ltr'><strong>crgo</strong></span> <span class='ocrx_word' id='word_1_483' title='bbox 636 5905 744 5945; x_wconf 85' lang='lat' dir='ltr'><strong>non</strong></span> <span class='ocrx_word' id='word_1_484' title='bbox 772 5889 868 5944; x_wconf 84' lang='lat' dir='ltr'><strong>hoc</strong></span> <span class='ocrx_word' id='word_1_485' title='bbox 914 5891 1101 5962; x_wconf 78' lang='lat' dir='ltr'><strong>iacias,</strong></span> <span class='ocrx_word' id='word_1_486' title='bbox 1149 5894 1456 5964; x_wconf 78' lang='lat' dir='ltr'><strong>priusquam</strong></span> <span class='ocrx_word' id='word_1_487' title='bbox 1495 5895 1557 5948; x_wconf 88' lang='lat' dir='ltr'><strong>ad</strong></span> <span class='ocrx_word' id='word_1_488' title='bbox 1601 5896 1832 5963; x_wconf 78' lang='lat' dir='ltr'><strong>judieem</strong></span> <span class='ocrx_word' id='word_1_489' title='bbox 1867 5903 2066 5969; x_wconf 85' lang='lat' dir='ltr'><strong>venias,</strong></span> 
     </span>
    </p>
   </div>
   <div class='ocr_carea' id='block_1_61' title="bbox 1615 435 2609 505">
    <p class='ocr_par' dir='ltr' id='par_1_61' title="bbox 1615 435 2609 505">
     <span class='ocr_line' id='line_1_61' title="bbox 1615 435 2609 505; baseline -0.007 -8"><span class='ocrx_word' id='word_1_490' title='bbox 1615 442 1702 496; x_wconf 82' lang='lat' dir='ltr'><strong>DE</strong></span> <span class='ocrx_word' id='word_1_491' title='bbox 1744 437 2115 505; x_wconf 73' lang='lat' dir='ltr'><strong>MENDACIO,</strong></span> <span class='ocrx_word' id='word_1_492' title='bbox 2143 436 2200 491; x_wconf 87' lang='lat' dir='ltr'><strong>S.</strong></span> <span class='ocrx_word' id='word_1_493' title='bbox 2242 435 2609 493; x_wconf 71' lang='lat' dir='ltr'><strong>AUGUSTINI</strong></span> 
     </span>
    </p>
   </div>
   <div class='ocr_carea' id='block_1_62' title="bbox 3649 440 3750 497">
    <p class='ocr_par' dir='ltr' id='par_1_62' title="bbox 3649 440 3750 497">
     <span class='ocr_line' id='line_1_62' title="bbox 3649 440 3750 497; baseline 0.02 -2"><span class='ocrx_word' id='word_1_494' title='bbox 3649 440 3750 497; x_wconf 69' lang='grc' dir='ltr'><strong>5</strong></span> 
     </span>
    </p>
   </div>
   <div class='ocr_carea' id='block_1_63' title="bbox 2160 547 3746 626">
    <p class='ocr_par' dir='ltr' id='par_1_63' title="bbox 2160 547 3746 626">
     <span class='ocr_line' id='line_1_63' title="bbox 2160 547 3746 626; baseline 0.003 -23"><span class='ocrx_word' id='word_1_495' title='bbox 2160 557 2217 603; x_wconf 92' lang='lat' dir='ltr'><strong>ut</strong></span> <span class='ocrx_word' id='word_1_496' title='bbox 2241 564 2429 604; x_wconf 85' lang='lat' dir='ltr'><strong>caveas</strong></span> <span class='ocrx_word' id='word_1_497' title='bbox 2449 551 2608 604; x_wconf 88' lang='lat' dir='ltr'><strong>etiam</strong></span> <span class='ocrx_word' id='word_1_498' title='bbox 2627 549 2962 605; x_wconf 87' lang='lat' dir='ltr'><strong>mendacium</strong></span> <span class='ocrx_word' id='word_1_499' title='bbox 2980 549 3243 605; x_wconf 43' lang='lat' dir='ltr'><strong>tvaitato</strong></span> <span class='ocrx_word' id='word_1_500' title='bbox 3271 547 3414 606; x_wconf 90' lang='lat' dir='ltr'><strong>enim</strong></span> <span class='ocrx_word' id='word_1_501' title='bbox 3443 551 3746 626; x_wconf 72' lang='lat' dir='ltr'><strong>mendacio,</strong></span> 
     </span>
    </p>
   </div>
   <div class='ocr_carea' id='block_1_64' title="bbox 2159 640 3744 712">
    <p class='ocr_par' dir='ltr' id='par_1_64' title="bbox 2159 640 3744 712">
     <span class='ocr_line' id='line_1_64' title="bbox 2159 640 3744 712; baseline 0.004 -18"><span class='ocrx_word' id='word_1_502' title='bbox 2159 654 2317 696; x_wconf 87' lang='lat' dir='ltr'><strong>omne</strong></span> <span class='ocrx_word' id='word_1_503' title='bbox 2345 641 2699 696; x_wconf 87' lang='lat' dir='ltr'><strong>testimonium</strong></span> <span class='ocrx_word' id='word_1_504' title='bbox 2731 641 2919 696; x_wconf 87' lang='lat' dir='ltr'><strong>falsum</strong></span> <span class='ocrx_word' id='word_1_505' title='bbox 2946 640 3202 712; x_wconf 86' lang='lat' dir='ltr'><strong>ell&#39;ugies;</strong></span> <span class='ocrx_word' id='word_1_506' title='bbox 3245 643 3360 699; x_wconf 84' lang='lat' dir='ltr'><strong>sive</strong></span> <span class='ocrx_word' id='word_1_507' title='bbox 3392 658 3559 700; x_wconf 88' lang='lat' dir='ltr'><strong>omne</strong></span> <span class='ocrx_word' id='word_1_508' title='bbox 3602 661 3744 700; x_wconf 77' lang='lat' dir='ltr'><strong>men-</strong></span> 
     </span>
    </p>
   </div>
   <div class='ocr_carea' id='block_1_65' title="bbox 2159 733 3745 801">
    <p class='ocr_par' dir='ltr' id='par_1_65' title="bbox 2159 733 3745 801">
     <span class='ocr_line' id='line_1_65' title="bbox 2159 733 3745 801; baseline 0.005 -14"><span class='ocrx_word' id='word_1_509' title='bbox 2159 733 2365 788; x_wconf 91' lang='lat' dir='ltr'><strong>dacium</strong></span> <span class='ocrx_word' id='word_1_510' title='bbox 2393 736 2459 789; x_wconf 90' lang='lat' dir='ltr'><strong>sit</strong></span> <span class='ocrx_word' id='word_1_511' title='bbox 2485 734 2674 789; x_wconf 90' lang='lat' dir='ltr'><strong>falsum</strong></span> <span class='ocrx_word' id='word_1_512' title='bbox 2703 735 3088 801; x_wconf 91' lang='lat' dir='ltr'><strong>testimonium,</strong></span> <span class='ocrx_word' id='word_1_513' title='bbox 3120 735 3234 792; x_wconf 87' lang='lat' dir='ltr'><strong>sive</strong></span> <span class='ocrx_word' id='word_1_514' title='bbox 3260 751 3367 791; x_wconf 91' lang='lat' dir='ltr'><strong>non</strong></span> <span class='ocrx_word' id='word_1_515' title='bbox 3395 752 3562 794; x_wconf 89' lang='lat' dir='ltr'><strong>omne</strong></span> <span class='ocrx_word' id='word_1_516' title='bbox 3595 755 3608 790; x_wconf 92' lang='lat'><em>:</em></span> <span class='ocrx_word' id='word_1_517' title='bbox 3641 742 3745 794; x_wconf 82' lang='lat' dir='ltr'><strong>evi-</strong></span> 
     </span>
    </p>
   </div>
   <div class='ocr_carea' id='block_1_66' title="bbox 2163 825 3746 900">
    <p class='ocr_par' dir='ltr' id='par_1_66' title="bbox 2163 825 3746 900">
     <span class='ocr_line' id='line_1_66' title="bbox 2163 825 3746 900; baseline 0.003 -20"><span class='ocrx_word' id='word_1_518' title='bbox 2163 835 2270 881; x_wconf 90' lang='lat' dir='ltr'><strong>tato</strong></span> <span class='ocrx_word' id='word_1_519' title='bbox 2317 836 2495 881; x_wconf 90' lang='lat' dir='ltr'><strong>autem</strong></span> <span class='ocrx_word' id='word_1_520' title='bbox 2539 825 2674 881; x_wconf 82' lang='lat' dir='ltr'><strong>falso</strong></span> <span class='ocrx_word' id='word_1_521' title='bbox 2716 827 3022 882; x_wconf 87' lang='lat' dir='ltr'><strong>testimonio</strong></span> <span class='ocrx_word' id='word_1_522' title='bbox 3056 827 3198 898; x_wconf 89' lang='lat' dir='ltr'><strong>quod</strong></span> <span class='ocrx_word' id='word_1_523' title='bbox 3236 839 3290 884; x_wconf 89' lang='lat' dir='ltr'><strong>tu</strong></span> <span class='ocrx_word' id='word_1_524' title='bbox 3315 843 3439 884; x_wconf 86' lang='lat' dir='ltr'><strong>esse</strong></span> <span class='ocrx_word' id='word_1_525' title='bbox 3480 829 3746 900; x_wconf 88' lang='lat' dir='ltr'><strong>intelligis,</strong></span> 
     </span>
    </p>
   </div>
   <div class='ocr_carea' id='block_1_67' title="bbox 2162 919 3748 995">
    <p class='ocr_par' dir='ltr' id='par_1_67' title="bbox 2162 919 3748 995">
     <span class='ocr_line' id='line_1_67' title="bbox 2162 919 3748 995; baseline 0.003 -21"><span class='ocrx_word' id='word_1_526' title='bbox 2162 935 2268 975; x_wconf 92' lang='lat' dir='ltr'><strong>non</strong></span> <span class='ocrx_word' id='word_1_527' title='bbox 2299 919 2518 992; x_wconf 74' lang='lat' dir='ltr'><strong>ellugies</strong></span> <span class='ocrx_word' id='word_1_528' title='bbox 2547 935 2707 976; x_wconf 90' lang='lat' dir='ltr'><strong>omne</strong></span> <span class='ocrx_word' id='word_1_529' title='bbox 2746 919 3106 976; x_wconf 90' lang='lat' dir='ltr'><strong>mendacium.</strong></span> <span class='ocrx_word' id='word_1_530' title='bbox 3138 921 3351 990; x_wconf 89' lang='lat' dir='ltr'><strong>Quanto</strong></span> <span class='ocrx_word' id='word_1_531' title='bbox 3382 938 3514 995; x_wconf 85' lang='lat' dir='ltr'><strong>ergo</strong></span> <span class='ocrx_word' id='word_1_532' title='bbox 3539 922 3748 992; x_wconf 79' lang='lat' dir='ltr'><strong>fortius,</strong></span> 
     </span>
    </p>
   </div>
   <div class='ocr_carea' id='block_1_68' title="bbox 2161 1014 3753 1086">
    <p class='ocr_par' dir='ltr' id='par_1_68' title="bbox 2161 1014 3753 1086">
     <span class='ocr_line' id='line_1_68' title="bbox 2161 1014 3753 1086; baseline 0.007 -23"><span class='ocrx_word' id='word_1_533' title='bbox 2161 1022 2358 1082; x_wconf 89' lang='lat' dir='ltr'><strong>quanto</strong></span> <span class='ocrx_word' id='word_1_534' title='bbox 2386 1014 2731 1070; x_wconf 77' lang='lat' dir='ltr'><strong>excellentius</strong></span> <span class='ocrx_word' id='word_1_535' title='bbox 2754 1015 2901 1070; x_wconf 89' lang='lat' dir='ltr'><strong>dices</strong></span> <span class='ocrx_word' id='word_1_536' title='bbox 2929 1032 2941 1068; x_wconf 93' lang='lat'>:</span> <span class='ocrx_word' id='word_1_537' title='bbox 2970 1014 3080 1070; x_wconf 81' lang='lat' dir='ltr'><strong>Nec</strong></span> <span class='ocrx_word' id='word_1_538' title='bbox 3095 1016 3338 1086; x_wconf 86' lang='lat' dir='ltr'><strong>prodam,</strong></span> <span class='ocrx_word' id='word_1_539' title='bbox 3362 1032 3462 1073; x_wconf 90' lang='lat' dir='ltr'><strong>nec</strong></span> <span class='ocrx_word' id='word_1_540' title='bbox 3487 1019 3753 1074; x_wconf 76' lang='lat' dir='ltr'><strong>mentiar?</strong></span> 
     </span>
    </p>
   </div>
   <div class='ocr_carea' id='block_1_69' title="bbox 2232 1105 3756 1179">
    <p class='ocr_par' dir='ltr' id='par_1_69' title="bbox 2232 1105 3756 1179">
     <span class='ocr_line' id='line_1_69' title="bbox 2232 1105 3756 1179; baseline 0.005 -21"><span class='ocrx_word' id='word_1_541' title='bbox 2232 1105 2321 1160; x_wconf 77' lang='lat'><strong>9.5.</strong></span> <span class='ocrx_word' id='word_1_542' title='bbox 2375 1105 2524 1160; x_wconf 89' lang='lat' dir='ltr'><strong>Fecit</strong></span> <span class='ocrx_word' id='word_1_543' title='bbox 2571 1106 2672 1161; x_wconf 88' lang='lat' dir='ltr'><strong>hoc</strong></span> <span class='ocrx_word' id='word_1_544' title='bbox 2698 1107 2981 1178; x_wconf 89' lang='lat' dir='ltr'><strong>episcopus</strong></span> <span class='ocrx_word' id='word_1_545' title='bbox 3007 1107 3275 1178; x_wconf 90' lang='lat' dir='ltr'><strong>quondam</strong></span> <span class='ocrx_word' id='word_1_546' title='bbox 3329 1107 3711 1179; x_wconf 84' lang='lat' dir='ltr'><strong>Thagastensis</strong></span> <span class='ocrx_word' id='word_1_547' title='bbox 3733 1112 3756 1143; x_wconf 58' lang='grc' dir='ltr'><strong></strong></span> 
     </span>
    </p>
   </div>
   <div class='ocr_carea' id='block_1_70' title="bbox 2165 1197 3747 1264">
    <p class='ocr_par' dir='ltr' id='par_1_70' title="bbox 2165 1197 3747 1264">
     <span class='ocr_line' id='line_1_70' title="bbox 2165 1197 3747 1264; baseline 0.001 -11"><span class='ocrx_word' id='word_1_548' title='bbox 2165 1198 2448 1264; x_wconf 67' lang='lat' dir='ltr'><strong>Ecclesiae,</strong></span> <span class='ocrx_word' id='word_1_549' title='bbox 2486 1197 2695 1252; x_wconf 85' lang='lat' dir='ltr'><strong>Firmus</strong></span> <span class='ocrx_word' id='word_1_550' title='bbox 2748 1198 2990 1263; x_wconf 89' lang='lat' dir='ltr'><strong>nomine,</strong></span> <span class='ocrx_word' id='word_1_551' title='bbox 3032 1199 3236 1253; x_wconf 90' lang='lat' dir='ltr'><strong>lirmior</strong></span> <span class='ocrx_word' id='word_1_552' title='bbox 3288 1199 3588 1254; x_wconf 88' lang='lat' dir='ltr'><strong>voluntate.</strong></span> <span class='ocrx_word' id='word_1_553' title='bbox 3617 1199 3747 1255; x_wconf 79' lang='lat' dir='ltr'><strong>Nam</strong></span> 
     </span>
    </p>
   </div>
   <div class='ocr_carea' id='block_1_71' title="bbox 2163 1286 3756 1361">
    <p class='ocr_par' dir='ltr' id='par_1_71' title="bbox 2163 1286 3756 1361">
     <span class='ocr_line' id='line_1_71' title="bbox 2163 1286 3756 1361; baseline 0.003 -19"><span class='ocrx_word' id='word_1_554' title='bbox 2163 1301 2282 1342; x_wconf 92' lang='lat' dir='ltr'><strong>cum</strong></span> <span class='ocrx_word' id='word_1_555' title='bbox 2311 1286 2377 1341; x_wconf 90' lang='lat' dir='ltr'><strong>ab</strong></span> <span class='ocrx_word' id='word_1_556' title='bbox 2406 1302 2470 1342; x_wconf 91' lang='lat' dir='ltr'><strong>eo</strong></span> <span class='ocrx_word' id='word_1_557' title='bbox 2511 1297 2842 1358; x_wconf 60' lang='lat' dir='ltr'><strong>quaereretur</strong></span> <span class='ocrx_word' id='word_1_558' title='bbox 2889 1287 3050 1342; x_wconf 90' lang='lat' dir='ltr'><strong>homo</strong></span> <span class='ocrx_word' id='word_1_559' title='bbox 3081 1287 3234 1359; x_wconf 80' lang='lat' dir='ltr'><strong>jussu</strong></span> <span class='ocrx_word' id='word_1_560' title='bbox 3276 1289 3624 1358; x_wconf 86' lang='lat' dir='ltr'><strong>Imperatoris</strong></span> <span class='ocrx_word' id='word_1_561' title='bbox 3663 1306 3756 1361; x_wconf 84' lang='lat' dir='ltr'><strong>per</strong></span> 
     </span>
    </p>
   </div>
   <div class='ocr_carea' id='block_1_72' title="bbox 2163 1381 3754 1454">
    <p class='ocr_par' dir='ltr' id='par_1_72' title="bbox 2163 1381 3754 1454">
     <span class='ocr_line' id='line_1_72' title="bbox 2163 1381 3754 1454; baseline 0.002 -19"><span class='ocrx_word' id='word_1_562' title='bbox 2163 1381 2497 1452; x_wconf 88' lang='lat' dir='ltr'><strong>apparitores</strong></span> <span class='ocrx_word' id='word_1_563' title='bbox 2521 1381 2589 1435; x_wconf 90' lang='lat' dir='ltr'><strong>ab</strong></span> <span class='ocrx_word' id='word_1_564' title='bbox 2626 1396 2691 1436; x_wconf 92' lang='lat' dir='ltr'><strong>eo</strong></span> <span class='ocrx_word' id='word_1_565' title='bbox 2719 1382 2911 1436; x_wconf 92' lang='lat' dir='ltr'><strong>missos</strong></span> <span class='ocrx_word' id='word_1_566' title='bbox 2931 1421 2946 1446; x_wconf 92' lang='lat'><strong>,</strong></span> <span class='ocrx_word' id='word_1_567' title='bbox 2988 1397 3147 1452; x_wconf 90' lang='lat' dir='ltr'><strong>quem</strong></span> <span class='ocrx_word' id='word_1_568' title='bbox 3172 1381 3236 1436; x_wconf 91' lang='lat' dir='ltr'><strong>ad</strong></span> <span class='ocrx_word' id='word_1_569' title='bbox 3265 1397 3323 1436; x_wconf 90' lang='lat' dir='ltr'><strong>se</strong></span> <span class='ocrx_word' id='word_1_570' title='bbox 3353 1381 3754 1454; x_wconf 84' lang='lat' dir='ltr'><strong>confugientem</strong></span> 
     </span>
    </p>
   </div>
   <div class='ocr_carea' id='block_1_73' title="bbox 2165 1472 3752 1544">
    <p class='ocr_par' dir='ltr' id='par_1_73' title="bbox 2165 1472 3752 1544">
     <span class='ocr_line' id='line_1_73' title="bbox 2165 1472 3752 1544; baseline 0.003 -19"><span class='ocrx_word' id='word_1_571' title='bbox 2165 1472 2436 1542; x_wconf 86' lang='lat' dir='ltr'><strong>diligentia</strong></span> <span class='ocrx_word' id='word_1_572' title='bbox 2458 1481 2652 1542; x_wconf 88' lang='lat' dir='ltr'><strong>quanta</strong></span> <span class='ocrx_word' id='word_1_573' title='bbox 2683 1481 2893 1542; x_wconf 86' lang='lat' dir='ltr'><strong>poterat</strong></span> <span class='ocrx_word' id='word_1_574' title='bbox 2920 1473 3223 1528; x_wconf 84' lang='lat' dir='ltr'><strong>occultabat</strong></span> <span class='ocrx_word' id='word_1_575' title='bbox 3247 1491 3261 1540; x_wconf 92' lang='lat'><strong>;</strong></span> <span class='ocrx_word' id='word_1_576' title='bbox 3299 1475 3585 1544; x_wconf 84' lang='lat' dir='ltr'><strong>respondit</strong></span> <span class='ocrx_word' id='word_1_577' title='bbox 3608 1491 3752 1544; x_wconf 77' lang='lat' dir='ltr'><strong>qua:-</strong></span> 
     </span>
    </p>
   </div>
   <div class='ocr_carea' id='block_1_74' title="bbox 2163 1563 3754 1634">
    <p class='ocr_par' dir='ltr' id='par_1_74' title="bbox 2163 1563 3754 1634">
     <span class='ocr_line' id='line_1_74' title="bbox 2163 1563 3754 1634; baseline 0.001 -17"><span class='ocrx_word' id='word_1_578' title='bbox 2163 1563 2404 1618; x_wconf 77' lang='lat' dir='ltr'><strong>rentibus</strong></span> <span class='ocrx_word' id='word_1_579' title='bbox 2446 1577 2544 1618; x_wconf 89' lang='lat' dir='ltr'><strong>nec</strong></span> <span class='ocrx_word' id='word_1_580' title='bbox 2571 1563 2782 1618; x_wconf 89' lang='lat' dir='ltr'><strong>mentiri</strong></span> <span class='ocrx_word' id='word_1_581' title='bbox 2827 1577 2886 1618; x_wconf 88' lang='lat' dir='ltr'><strong>se</strong></span> <span class='ocrx_word' id='word_1_582' title='bbox 2925 1577 3084 1634; x_wconf 90' lang='lat' dir='ltr'><strong>posse</strong></span> <span class='ocrx_word' id='word_1_583' title='bbox 3109 1605 3123 1628; x_wconf 91' lang='lat'><strong>,</strong></span> <span class='ocrx_word' id='word_1_584' title='bbox 3164 1578 3263 1618; x_wconf 87' lang='lat' dir='ltr'><strong>nec</strong></span> <span class='ocrx_word' id='word_1_585' title='bbox 3308 1564 3584 1619; x_wconf 88' lang='lat' dir='ltr'><strong>hominem</strong></span> <span class='ocrx_word' id='word_1_586' title='bbox 3635 1580 3754 1634; x_wconf 88' lang='lat' dir='ltr'><strong>pro-</strong></span> 
     </span>
    </p>
   </div>
   <div class='ocr_carea' id='block_1_75' title="bbox 2164 1655 3753 1730">
    <p class='ocr_par' dir='ltr' id='par_1_75' title="bbox 2164 1655 3753 1730">
     <span class='ocr_line' id='line_1_75' title="bbox 2164 1655 3753 1730; baseline 0.001 -20"><span class='ocrx_word' id='word_1_587' title='bbox 2164 1655 2321 1721; x_wconf 88' lang='lat' dir='ltr'><strong>dere,</strong></span> <span class='ocrx_word' id='word_1_588' title='bbox 2365 1671 2657 1726; x_wconf 90' lang='lat' dir='ltr'><strong>passusque</strong></span> <span class='ocrx_word' id='word_1_589' title='bbox 2696 1667 2802 1710; x_wconf 91' lang='lat' dir='ltr'><strong>tam</strong></span> <span class='ocrx_word' id='word_1_590' title='bbox 2841 1656 3006 1710; x_wconf 88' lang='lat' dir='ltr'><strong>multa</strong></span> <span class='ocrx_word' id='word_1_591' title='bbox 3033 1665 3295 1711; x_wconf 85' lang='lat' dir='ltr'><strong>tormenta</strong></span> <span class='ocrx_word' id='word_1_592' title='bbox 3322 1658 3569 1727; x_wconf 90' lang='lat' dir='ltr'><strong>corporis</strong></span> <span class='ocrx_word' id='word_1_593' title='bbox 3602 1657 3753 1730; x_wconf 85' lang='lat' dir='ltr'><strong>(non-</strong></span> 
     </span>
    </p>
   </div>
   <div class='ocr_carea' id='block_1_76' title="bbox 2165 1746 3758 1818">
    <p class='ocr_par' dir='ltr' id='par_1_76' title="bbox 2165 1746 3758 1818">
     <span class='ocr_line' id='line_1_76' title="bbox 2165 1746 3758 1818; baseline -0.001 -15"><span class='ocrx_word' id='word_1_594' title='bbox 2165 1748 2289 1803; x_wconf 89' lang='lat' dir='ltr'><strong>dum</strong></span> <span class='ocrx_word' id='word_1_595' title='bbox 2315 1748 2455 1803; x_wconf 93' lang='lat' dir='ltr'><strong>cnim</strong></span> <span class='ocrx_word' id='word_1_596' title='bbox 2493 1757 2644 1802; x_wconf 91' lang='lat' dir='ltr'><strong>erant</strong></span> <span class='ocrx_word' id='word_1_597' title='bbox 2686 1747 3040 1818; x_wconf 88' lang='lat' dir='ltr'><strong>Imperatores</strong></span> <span class='ocrx_word' id='word_1_598' title='bbox 3077 1746 3416 1818; x_wconf 86' lang='lat' dir='ltr'><strong>christiani),</strong></span> <span class='ocrx_word' id='word_1_599' title='bbox 3463 1751 3758 1817; x_wconf 74' lang='lat' dir='ltr'><strong>permansit</strong></span> 
     </span>
    </p>
   </div>
   <div class='ocr_carea' id='block_1_77' title="bbox 2166 1843 3757 1914">
    <p class='ocr_par' dir='ltr' id='par_1_77' title="bbox 2166 1843 3757 1914">
     <span class='ocr_line' id='line_1_77' title="bbox 2166 1843 3757 1914; baseline -0.001 -15"><span class='ocrx_word' id='word_1_600' title='bbox 2166 1843 2219 1899; x_wconf 92' lang='lat' dir='ltr'><strong>in</strong></span> <span class='ocrx_word' id='word_1_601' title='bbox 2249 1845 2530 1900; x_wconf 88' lang='lat' dir='ltr'><strong>sententia.</strong></span> <span class='ocrx_word' id='word_1_602' title='bbox 2581 1843 2781 1899; x_wconf 88' lang='lat' dir='ltr'><strong>Deinde</strong></span> <span class='ocrx_word' id='word_1_603' title='bbox 2809 1843 2876 1897; x_wconf 90' lang='lat' dir='ltr'><strong>ad</strong></span> <span class='ocrx_word' id='word_1_604' title='bbox 2919 1844 3298 1913; x_wconf 86' lang='lat' dir='ltr'><strong>Imperatorem</strong></span> <span class='ocrx_word' id='word_1_605' title='bbox 3327 1844 3522 1897; x_wconf 89' lang='lat' dir='ltr'><strong>ductus</strong></span> <span class='ocrx_word' id='word_1_606' title='bbox 3543 1887 3557 1910; x_wconf 88' lang='lat'><strong>,</strong></span> <span class='ocrx_word' id='word_1_607' title='bbox 3591 1859 3757 1914; x_wconf 87' lang='lat' dir='ltr'><strong>usque</strong></span> 
     </span>
    </p>
   </div>
   <div class='ocr_carea' id='block_1_78' title="bbox 2166 1936 3759 2008">
    <p class='ocr_par' dir='ltr' id='par_1_78' title="bbox 2166 1936 3759 2008">
     <span class='ocr_line' id='line_1_78' title="bbox 2166 1936 3759 2008; baseline -0.001 -16"><span class='ocrx_word' id='word_1_608' title='bbox 2166 1939 2301 1994; x_wconf 91' lang='lat' dir='ltr'><strong>adeo</strong></span> <span class='ocrx_word' id='word_1_609' title='bbox 2327 1938 2584 1993; x_wconf 91' lang='lat' dir='ltr'><strong>mirabilis</strong></span> <span class='ocrx_word' id='word_1_610' title='bbox 2624 1938 2887 2008; x_wconf 87' lang='lat' dir='ltr'><strong>apparuit,</strong></span> <span class='ocrx_word' id='word_1_611' title='bbox 2919 1945 2977 1991; x_wconf 93' lang='lat' dir='ltr'><strong>ut</strong></span> <span class='ocrx_word' id='word_1_612' title='bbox 3013 1937 3127 2006; x_wconf 87' lang='lat' dir='ltr'><strong>ipse</strong></span> <span class='ocrx_word' id='word_1_613' title='bbox 3154 1936 3354 1991; x_wconf 89' lang='lat' dir='ltr'><strong>homini</strong></span> <span class='ocrx_word' id='word_1_614' title='bbox 3384 1952 3545 2006; x_wconf 89' lang='lat' dir='ltr'><strong>quem</strong></span> <span class='ocrx_word' id='word_1_615' title='bbox 3573 1951 3759 1991; x_wconf 83' lang='lat' dir='ltr'><strong>serva-</strong></span> 
     </span>
    </p>
   </div>
   <div class='ocr_carea' id='block_1_79' title="bbox 2166 2026 3752 2098">
    <p class='ocr_par' dir='ltr' id='par_1_79' title="bbox 2166 2026 3752 2098">
     <span class='ocr_line' id='line_1_79' title="bbox 2166 2026 3752 2098; baseline -0.001 -15"><span class='ocrx_word' id='word_1_616' title='bbox 2166 2029 2294 2097; x_wconf 88' lang='lat' dir='ltr'><strong>bat,</strong></span> <span class='ocrx_word' id='word_1_617' title='bbox 2346 2028 2725 2098; x_wconf 84' lang='lat' dir='ltr'><strong>indulgentiam</strong></span> <span class='ocrx_word' id='word_1_618' title='bbox 2765 2028 2883 2082; x_wconf 90' lang='lat' dir='ltr'><strong>sine</strong></span> <span class='ocrx_word' id='word_1_619' title='bbox 2931 2027 3036 2082; x_wconf 91' lang='lat' dir='ltr'><strong>ulla</strong></span> <span class='ocrx_word' id='word_1_620' title='bbox 3078 2026 3390 2082; x_wconf 81' lang='lat' dir='ltr'><strong>difcultate</strong></span> <span class='ocrx_word' id='word_1_621' title='bbox 3419 2029 3752 2097; x_wconf 85' lang='lat' dir='ltr'><strong>impetraret.</strong></span> 
     </span>
    </p>
   </div>
   <div class='ocr_carea' id='block_1_80' title="bbox 2167 2120 3762 2194">
    <p class='ocr_par' dir='ltr' id='par_1_80' title="bbox 2167 2120 3762 2194">
     <span class='ocr_line' id='line_1_80' title="bbox 2167 2120 3762 2194; baseline -0.001 -17"><span class='ocrx_word' id='word_1_622' title='bbox 2167 2123 2303 2190; x_wconf 87' lang='lat' dir='ltr'><strong>Quid</strong></span> <span class='ocrx_word' id='word_1_623' title='bbox 2334 2123 2434 2177; x_wconf 89' lang='lat' dir='ltr'><strong>hoc</strong></span> <span class='ocrx_word' id='word_1_624' title='bbox 2459 2121 2572 2177; x_wconf 85' lang='lat' dir='ltr'><strong>eri</strong></span> <span class='ocrx_word' id='word_1_625' title='bbox 2607 2131 2785 2194; x_wconf 81' lang='lat' dir='ltr'><strong>potest</strong></span> <span class='ocrx_word' id='word_1_626' title='bbox 2833 2120 3020 2176; x_wconf 83' lang='lat' dir='ltr'><strong>fortius</strong></span> <span class='ocrx_word' id='word_1_627' title='bbox 3058 2129 3217 2192; x_wconf 90' lang='lat' dir='ltr'><strong>atque</strong></span> <span class='ocrx_word' id='word_1_628' title='bbox 3245 2122 3625 2177; x_wconf 88' lang='lat' dir='ltr'><strong>constantius?</strong></span> <span class='ocrx_word' id='word_1_629' title='bbox 3655 2123 3762 2177; x_wconf 81' lang='lat' dir='ltr'><strong>Sed</strong></span> 
     </span>
    </p>
   </div>
   <div class='ocr_carea' id='block_1_81' title="bbox 2167 2215 3754 2286">
    <p class='ocr_par' dir='ltr' id='par_1_81' title="bbox 2167 2215 3754 2286">
     <span class='ocr_line' id='line_1_81' title="bbox 2167 2215 3754 2286; baseline 0.001 -17"><span class='ocrx_word' id='word_1_630' title='bbox 2167 2217 2242 2270; x_wconf 92' lang='lat' dir='ltr'><strong>ait</strong></span> <span class='ocrx_word' id='word_1_631' title='bbox 2271 2216 2548 2286; x_wconf 90' lang='lat' dir='ltr'><strong>quisquam</strong></span> <span class='ocrx_word' id='word_1_632' title='bbox 2573 2215 2805 2270; x_wconf 88' lang='lat' dir='ltr'><strong>timidior</strong></span> <span class='ocrx_word' id='word_1_633' title='bbox 2838 2232 2851 2269; x_wconf 89' lang='lat'>:</span> <span class='ocrx_word' id='word_1_634' title='bbox 2885 2215 3106 2269; x_wconf 81' lang='lat' dir='ltr'><strong>Paratus</strong></span> <span class='ocrx_word' id='word_1_635' title='bbox 3127 2229 3245 2270; x_wconf 89' lang='lat' dir='ltr'><strong>csse</strong></span> <span class='ocrx_word' id='word_1_636' title='bbox 3271 2230 3486 2284; x_wconf 86' lang='lat' dir='ltr'><strong>possum</strong></span> <span class='ocrx_word' id='word_1_637' title='bbox 3518 2215 3587 2270; x_wconf 89' lang='lat' dir='ltr'><strong>ad</strong></span> <span class='ocrx_word' id='word_1_638' title='bbox 3614 2232 3754 2286; x_wconf 56' lang='lat' dir='ltr'><strong>quas.</strong></span> 
     </span>
    </p>
   </div>
   <div class='ocr_carea' id='block_1_82' title="bbox 2168 2305 3757 2380">
    <p class='ocr_par' dir='ltr' id='par_1_82' title="bbox 2168 2305 3757 2380">
     <span class='ocr_line' id='line_1_82' title="bbox 2168 2305 3757 2380; baseline -0.001 -19"><span class='ocrx_word' id='word_1_639' title='bbox 2168 2305 2297 2362; x_wconf 89' lang='lat' dir='ltr'><strong>libet</strong></span> <span class='ocrx_word' id='word_1_640' title='bbox 2326 2305 2540 2361; x_wconf 87' lang='lat' dir='ltr'><strong>ferenda</strong></span> <span class='ocrx_word' id='word_1_641' title='bbox 2565 2314 2846 2372; x_wconf 87' lang='lat' dir='ltr'><strong>tormenta,</strong></span> <span class='ocrx_word' id='word_1_642' title='bbox 2877 2307 2959 2360; x_wconf 87' lang='lat' dir='ltr'><strong>vel</strong></span> <span class='ocrx_word' id='word_1_643' title='bbox 2982 2307 3138 2360; x_wconf 90' lang='lat' dir='ltr'><strong>etiam</strong></span> <span class='ocrx_word' id='word_1_644' title='bbox 3169 2317 3396 2360; x_wconf 89' lang='lat' dir='ltr'><strong>mortem</strong></span> <span class='ocrx_word' id='word_1_645' title='bbox 3423 2307 3757 2380; x_wconf 82' lang='lat' dir='ltr'><strong>obeundam,</strong></span> 
     </span>
    </p>
   </div>
   <div class='ocr_carea' id='block_1_83' title="bbox 2170 2398 3757 2470">
    <p class='ocr_par' dir='ltr' id='par_1_83' title="bbox 2170 2398 3757 2470">
     <span class='ocr_line' id='line_1_83' title="bbox 2170 2398 3757 2470; baseline 0.001 -17"><span class='ocrx_word' id='word_1_646' title='bbox 2170 2415 2238 2454; x_wconf 91' lang='lat' dir='ltr'><strong>ne</strong></span> <span class='ocrx_word' id='word_1_647' title='bbox 2280 2414 2493 2470; x_wconf 88' lang='lat' dir='ltr'><strong>peccem</strong></span> <span class='ocrx_word' id='word_1_648' title='bbox 2527 2417 2540 2454; x_wconf 89' lang='lat'><strong>:</strong></span> <span class='ocrx_word' id='word_1_649' title='bbox 2573 2414 2692 2455; x_wconf 92' lang='lat' dir='ltr'><strong>cum</strong></span> <span class='ocrx_word' id='word_1_650' title='bbox 2737 2408 2916 2454; x_wconf 87' lang='lat' dir='ltr'><strong>autem</strong></span> <span class='ocrx_word' id='word_1_651' title='bbox 2945 2407 3220 2468; x_wconf 87' lang='lat' dir='ltr'><strong>peccatum</strong></span> <span class='ocrx_word' id='word_1_652' title='bbox 3251 2414 3360 2452; x_wconf 90' lang='lat' dir='ltr'><strong>non</strong></span> <span class='ocrx_word' id='word_1_653' title='bbox 3395 2398 3465 2453; x_wconf 90' lang='lat' dir='ltr'><strong>sit</strong></span> <span class='ocrx_word' id='word_1_654' title='bbox 3498 2399 3571 2453; x_wconf 89' lang='lat' dir='ltr'><strong>ita</strong></span> <span class='ocrx_word' id='word_1_655' title='bbox 3610 2415 3757 2455; x_wconf 90' lang='lat' dir='ltr'><strong>men-</strong></span> 
     </span>
    </p>
   </div>
   <div class='ocr_carea' id='block_1_84' title="bbox 2172 2491 3760 2562">
    <p class='ocr_par' dir='ltr' id='par_1_84' title="bbox 2172 2491 3760 2562">
     <span class='ocr_line' id='line_1_84' title="bbox 2172 2491 3760 2562; baseline 0 -16"><span class='ocrx_word' id='word_1_656' title='bbox 2172 2492 2290 2557; x_wconf 88' lang='lat' dir='ltr'><strong>tiri,</strong></span> <span class='ocrx_word' id='word_1_657' title='bbox 2327 2500 2385 2546; x_wconf 89' lang='lat' dir='ltr'><strong>ut</strong></span> <span class='ocrx_word' id='word_1_658' title='bbox 2409 2507 2580 2562; x_wconf 89' lang='lat' dir='ltr'><strong>neque</strong></span> <span class='ocrx_word' id='word_1_659' title='bbox 2609 2493 2855 2562; x_wconf 89' lang='lat' dir='ltr'><strong>cuiquam</strong></span> <span class='ocrx_word' id='word_1_660' title='bbox 2883 2491 3027 2546; x_wconf 90' lang='lat' dir='ltr'><strong>obsis</strong></span> <span class='ocrx_word' id='word_1_661' title='bbox 3052 2533 3067 2557; x_wconf 96' lang='lat'><strong>,</strong></span> <span class='ocrx_word' id='word_1_662' title='bbox 3111 2506 3281 2560; x_wconf 90' lang='lat' dir='ltr'><strong>neque</strong></span> <span class='ocrx_word' id='word_1_663' title='bbox 3304 2491 3494 2544; x_wconf 87' lang='lat' dir='ltr'><strong>falsum</strong></span> <span class='ocrx_word' id='word_1_664' title='bbox 3521 2493 3760 2546; x_wconf 84' lang='lat' dir='ltr'><strong>testimo-</strong></span> 
     </span>
    </p>
   </div>
   <div class='ocr_carea' id='block_1_85' title="bbox 2171 2581 3760 2653">
    <p class='ocr_par' dir='ltr' id='par_1_85' title="bbox 2171 2581 3760 2653">
     <span class='ocr_line' id='line_1_85' title="bbox 2171 2581 3760 2653; baseline -0.001 -15"><span class='ocrx_word' id='word_1_665' title='bbox 2171 2583 2319 2639; x_wconf 93' lang='lat' dir='ltr'><strong>nium</strong></span> <span class='ocrx_word' id='word_1_666' title='bbox 2345 2583 2511 2648; x_wconf 89' lang='lat' dir='ltr'><strong>dicas,</strong></span> <span class='ocrx_word' id='word_1_667' title='bbox 2545 2592 2599 2638; x_wconf 89' lang='lat' dir='ltr'><strong>et</strong></span> <span class='ocrx_word' id='word_1_668' title='bbox 2644 2585 2816 2653; x_wconf 83' lang='lat' dir='ltr'><strong>prosis</strong></span> <span class='ocrx_word' id='word_1_669' title='bbox 2860 2583 3057 2647; x_wconf 81' lang='lat' dir='ltr'><strong>alicui;</strong></span> <span class='ocrx_word' id='word_1_670' title='bbox 3109 2581 3329 2636; x_wconf 87' lang='lat' dir='ltr'><strong>stultum</strong></span> <span class='ocrx_word' id='word_1_671' title='bbox 3378 2591 3462 2637; x_wconf 84' lang='lat' dir='ltr'><strong>est</strong></span> <span class='ocrx_word' id='word_1_672' title='bbox 3503 2593 3557 2636; x_wconf 89' lang='lat' dir='ltr'><strong>et</strong></span> <span class='ocrx_word' id='word_1_673' title='bbox 3603 2598 3760 2652; x_wconf 85' lang='lat' dir='ltr'><strong>grave</strong></span> 
     </span>
    </p>
   </div>
   <div class='ocr_carea' id='block_1_86' title="bbox 2173 2673 3761 2748">
    <p class='ocr_par' dir='ltr' id='par_1_86' title="bbox 2173 2673 3761 2748">
     <span class='ocr_line' id='line_1_86' title="bbox 2173 2673 3761 2748; baseline 0 -18"><span class='ocrx_word' id='word_1_674' title='bbox 2173 2685 2482 2748; x_wconf 89' lang='lat' dir='ltr'><strong>peccatum,</strong></span> <span class='ocrx_word' id='word_1_675' title='bbox 2526 2676 2820 2730; x_wconf 89' lang='lat' dir='ltr'><strong>voluntaria</strong></span> <span class='ocrx_word' id='word_1_676' title='bbox 2865 2673 3059 2729; x_wconf 85' lang='lat' dir='ltr'><strong>frustra</strong></span> <span class='ocrx_word' id='word_1_677' title='bbox 3091 2675 3355 2729; x_wconf 88' lang='lat' dir='ltr'><strong>sustinere</strong></span> <span class='ocrx_word' id='word_1_678' title='bbox 3381 2683 3674 2740; x_wconf 89' lang='lat' dir='ltr'><strong>tormenta,</strong></span> <span class='ocrx_word' id='word_1_679' title='bbox 3713 2686 3761 2730; x_wconf 91' lang='lat' dir='ltr'><strong>ct</strong></span> 
     </span>
    </p>
   </div>
   <div class='ocr_carea' id='block_1_87' title="bbox 2173 2770 3764 2827">
    <p class='ocr_par' dir='ltr' id='par_1_87' title="bbox 2173 2770 3764 2827">
     <span class='ocr_line' id='line_1_87' title="bbox 2173 2770 3764 2827; baseline -0.002 0"><span class='ocrx_word' id='word_1_680' title='bbox 2173 2770 2409 2827; x_wconf 85' lang='lat' dir='ltr'><strong>fortassis</strong></span> <span class='ocrx_word' id='word_1_681' title='bbox 2441 2771 2625 2827; x_wconf 91' lang='lat' dir='ltr'><strong>utilem</strong></span> <span class='ocrx_word' id='word_1_682' title='bbox 2653 2771 2878 2826; x_wconf 89' lang='lat' dir='ltr'><strong>salutem</strong></span> <span class='ocrx_word' id='word_1_683' title='bbox 2909 2786 2972 2825; x_wconf 90' lang='lat' dir='ltr'><strong>ac</strong></span> <span class='ocrx_word' id='word_1_684' title='bbox 3003 2772 3161 2824; x_wconf 88' lang='lat' dir='ltr'><strong>vitam</strong></span> <span class='ocrx_word' id='word_1_685' title='bbox 3201 2771 3467 2825; x_wconf 91' lang='lat' dir='ltr'><strong>incassum</strong></span> <span class='ocrx_word' id='word_1_686' title='bbox 3501 2771 3764 2825; x_wconf 60' lang='lat' dir='ltr'><strong>saevienti-</strong></span> 
     </span>
    </p>
   </div>
   <div class='ocr_carea' id='block_1_88' title="bbox 2171 2863 3764 2935">
    <p class='ocr_par' dir='ltr' id='par_1_88' title="bbox 2171 2863 3764 2935">
     <span class='ocr_line' id='line_1_88' title="bbox 2171 2863 3764 2935; baseline -0.001 -15"><span class='ocrx_word' id='word_1_687' title='bbox 2171 2865 2270 2920; x_wconf 90' lang='lat' dir='ltr'><strong>bus</strong></span> <span class='ocrx_word' id='word_1_688' title='bbox 2292 2865 2568 2935; x_wconf 90' lang='lat' dir='ltr'><strong>projicere.</strong></span> <span class='ocrx_word' id='word_1_689' title='bbox 2601 2869 2642 2919; x_wconf 87' lang='lat' dir='ltr'><strong>A</strong></span> <span class='ocrx_word' id='word_1_690' title='bbox 2669 2881 2773 2934; x_wconf 92' lang='lat' dir='ltr'><strong>quo</strong></span> <span class='ocrx_word' id='word_1_691' title='bbox 2799 2881 2980 2935; x_wconf 77' lang='lat' dir='ltr'><strong>quzrro</strong></span> <span class='ocrx_word' id='word_1_692' title='bbox 2998 2879 3092 2919; x_wconf 93' lang='lat' dir='ltr'><strong>cur</strong></span> <span class='ocrx_word' id='word_1_693' title='bbox 3119 2865 3301 2918; x_wconf 87' lang='lat' dir='ltr'><strong>timeat</strong></span> <span class='ocrx_word' id='word_1_694' title='bbox 3329 2863 3473 2934; x_wconf 91' lang='lat' dir='ltr'><strong>quod</strong></span> <span class='ocrx_word' id='word_1_695' title='bbox 3505 2865 3764 2935; x_wconf 55' lang='lat' dir='ltr'><strong>scriptum.</strong></span> 
     </span>
    </p>
   </div>
   <div class='ocr_carea' id='block_1_89' title="bbox 2171 2953 3759 3027">
    <p class='ocr_par' dir='ltr' id='par_1_89' title="bbox 2171 2953 3759 3027">
     <span class='ocr_line' id='line_1_89' title="bbox 2171 2953 3759 3027; baseline -0.002 -14"><span class='ocrx_word' id='word_1_696' title='bbox 2171 2956 2513 3024; x_wconf 77' lang='lat' dir='ltr'><strong>est,Falsum</strong></span> <span class='ocrx_word' id='word_1_697' title='bbox 2548 2957 2882 3010; x_wconf 82' lang='lat' dir='ltr'><strong>testimonium</strong></span> <span class='ocrx_word' id='word_1_698' title='bbox 2929 2972 3029 3008; x_wconf 83' lang='lat' dir='ltr'><strong>non</strong></span> <span class='ocrx_word' id='word_1_699' title='bbox 3070 2955 3203 3009; x_wconf 77' lang='lat' dir='ltr'><strong>dices</strong></span> <span class='ocrx_word' id='word_1_700' title='bbox 3241 2953 3435 3023; x_wconf 72' lang='lat' dir='ltr'><strong>(Exod.</strong></span> <span class='ocrx_word' id='word_1_701' title='bbox 3478 2970 3556 3008; x_wconf 79' lang='lat' dir='ltr'><strong>xx</strong></span> <span class='ocrx_word' id='word_1_702' title='bbox 3581 2997 3598 3021; x_wconf 93' lang='lat'><strong>,</strong></span> <span class='ocrx_word' id='word_1_703' title='bbox 3635 2954 3759 3027; x_wconf 74' lang='lat' dir='ltr'><strong>iii);</strong></span> 
     </span>
    </p>
   </div>
   <div class='ocr_carea' id='block_1_90' title="bbox 2172 3045 3767 3118">
    <p class='ocr_par' dir='ltr' id='par_1_90' title="bbox 2172 3045 3767 3118">
     <span class='ocr_line' id='line_1_90' title="bbox 2172 3045 3767 3118; baseline -0.004 -12"><span class='ocrx_word' id='word_1_704' title='bbox 2172 3059 2226 3106; x_wconf 88' lang='lat' dir='ltr'><strong>et</strong></span> <span class='ocrx_word' id='word_1_705' title='bbox 2251 3064 2356 3105; x_wconf 92' lang='lat' dir='ltr'><strong>non</strong></span> <span class='ocrx_word' id='word_1_706' title='bbox 2381 3049 2562 3103; x_wconf 90' lang='lat' dir='ltr'><strong>timeat</strong></span> <span class='ocrx_word' id='word_1_707' title='bbox 2586 3047 2726 3118; x_wconf 89' lang='lat' dir='ltr'><strong>quod</strong></span> <span class='ocrx_word' id='word_1_708' title='bbox 2752 3048 2859 3101; x_wconf 89' lang='lat' dir='ltr'><strong>Deo</strong></span> <span class='ocrx_word' id='word_1_709' title='bbox 2886 3047 3086 3101; x_wconf 89' lang='lat' dir='ltr'><strong>dictum</strong></span> <span class='ocrx_word' id='word_1_710' title='bbox 3114 3055 3196 3101; x_wconf 88' lang='lat' dir='ltr'><strong>est</strong></span> <span class='ocrx_word' id='word_1_711' title='bbox 3219 3087 3233 3110; x_wconf 92' lang='lat'><strong>,</strong></span> <span class='ocrx_word' id='word_1_712' title='bbox 3269 3045 3463 3099; x_wconf 83' lang='lat' dir='ltr'><strong>Perdes</strong></span> <span class='ocrx_word' id='word_1_713' title='bbox 3484 3063 3660 3100; x_wconf 71' lang='lat' dir='ltr'><strong>omnes</strong></span> <span class='ocrx_word' id='word_1_714' title='bbox 3687 3046 3767 3117; x_wconf 83' lang='lat' dir='ltr'><strong>qui</strong></span> 
     </span>
    </p>
   </div>
   <div class='ocr_carea' id='block_1_91' title="bbox 2173 3136 3762 3210">
    <p class='ocr_par' dir='ltr' id='par_1_91' title="bbox 2173 3136 3762 3210">
     <span class='ocr_line' id='line_1_91' title="bbox 2173 3136 3762 3210; baseline -0.003 -14"><span class='ocrx_word' id='word_1_715' title='bbox 2173 3142 2450 3210; x_wconf 72' lang='lat' dir='ltr'><strong>(aquantur</strong></span> <span class='ocrx_word' id='word_1_716' title='bbox 2474 3139 2787 3192; x_wconf 81' lang='lat' dir='ltr'><strong>mendacium</strong></span> <span class='ocrx_word' id='word_1_717' title='bbox 2814 3138 2986 3210; x_wconf 72' lang='lat' dir='ltr'><strong>(Paul.</strong></span> <span class='ocrx_word' id='word_1_718' title='bbox 3017 3154 3049 3192; x_wconf 88' lang='lat' dir='ltr'><strong>v</strong></span> <span class='ocrx_word' id='word_1_719' title='bbox 3070 3179 3086 3205; x_wconf 93' lang='lat'><strong>,</strong></span> <span class='ocrx_word' id='word_1_720' title='bbox 3116 3136 3206 3210; x_wconf 87' lang='lat'><strong>7)?</strong></span> <span class='ocrx_word' id='word_1_721' title='bbox 3248 3136 3363 3191; x_wconf 87' lang='lat' dir='ltr'><strong>Non</strong></span> <span class='ocrx_word' id='word_1_722' title='bbox 3385 3179 3400 3202; x_wconf 94' lang='lat'><strong>,</strong></span> <span class='ocrx_word' id='word_1_723' title='bbox 3436 3137 3614 3207; x_wconf 86' lang='lat' dir='ltr'><strong>inquit</strong></span> <span class='ocrx_word' id='word_1_724' title='bbox 3639 3139 3762 3192; x_wconf 53' lang='lat' dir='ltr'><strong>seri.</strong></span> 
     </span>
    </p>
   </div>
   <div class='ocr_carea' id='block_1_92' title="bbox 2173 3229 3766 3304">
    <p class='ocr_par' dir='ltr' id='par_1_92' title="bbox 2173 3229 3766 3304">
     <span class='ocr_line' id='line_1_92' title="bbox 2173 3229 3766 3304; baseline -0.001 -16"><span class='ocrx_word' id='word_1_725' title='bbox 2173 3245 2320 3304; x_wconf 88' lang='lat' dir='ltr'><strong>ptum</strong></span> <span class='ocrx_word' id='word_1_726' title='bbox 2351 3240 2466 3298; x_wconf 89' lang='lat' dir='ltr'><strong>est,</strong></span> <span class='ocrx_word' id='word_1_727' title='bbox 2501 3231 2671 3286; x_wconf 87' lang='lat' dir='ltr'><strong>Omne</strong></span> <span class='ocrx_word' id='word_1_728' title='bbox 2700 3232 3033 3286; x_wconf 89' lang='lat' dir='ltr'><strong>mendacium</strong></span> <span class='ocrx_word' id='word_1_729' title='bbox 3061 3249 3074 3285; x_wconf 90' lang='lat'><strong>:</strong></span> <span class='ocrx_word' id='word_1_730' title='bbox 3109 3230 3202 3285; x_wconf 78' lang='lat' dir='ltr'><strong>sed</strong></span> <span class='ocrx_word' id='word_1_731' title='bbox 3235 3230 3305 3284; x_wconf 86' lang='lat' dir='ltr'><strong>ita</strong></span> <span class='ocrx_word' id='word_1_732' title='bbox 3337 3229 3605 3301; x_wconf 87' lang='lat' dir='ltr'><strong>intelligo,</strong></span> <span class='ocrx_word' id='word_1_733' title='bbox 3633 3246 3694 3286; x_wconf 89' lang='lat' dir='ltr'><strong>ac</strong></span> <span class='ocrx_word' id='word_1_734' title='bbox 3722 3231 3766 3286; x_wconf 90' lang='lat' dir='ltr'><strong>si</strong></span> 
     </span>
    </p>
   </div>
   <div class='ocr_carea' id='block_1_93' title="bbox 2172 3313 3768 3396">
    <p class='ocr_par' dir='ltr' id='par_1_93' title="bbox 2172 3313 3768 3396">
     <span class='ocr_line' id='line_1_93' title="bbox 2172 3313 3768 3396; baseline -0.003 -14"><span class='ocrx_word' id='word_1_735' title='bbox 2172 3327 2242 3382; x_wconf 91' lang='lat' dir='ltr'><strong>sit</strong></span> <span class='ocrx_word' id='word_1_736' title='bbox 2269 3313 2524 3396; x_wconf 80' lang='lat' dir='ltr'><strong>scriptum</strong></span> <span class='ocrx_word' id='word_1_737' title='bbox 2557 3369 2571 3393; x_wconf 95' lang='lat'><strong>,</strong></span> <span class='ocrx_word' id='word_1_738' title='bbox 2603 3323 2800 3380; x_wconf 84' lang='lat' dir='ltr'><strong>Perdes</strong></span> <span class='ocrx_word' id='word_1_739' title='bbox 2826 3339 3013 3379; x_wconf 86' lang='lat' dir='ltr'><strong>omnes</strong></span> <span class='ocrx_word' id='word_1_740' title='bbox 3036 3323 3124 3394; x_wconf 92' lang='lat' dir='ltr'><strong>qui</strong></span> <span class='ocrx_word' id='word_1_741' title='bbox 3155 3324 3448 3394; x_wconf 88' lang='lat' dir='ltr'><strong>loquuntur</strong></span> <span class='ocrx_word' id='word_1_742' title='bbox 3471 3322 3669 3378; x_wconf 85' lang='lat' dir='ltr'><strong>falsum</strong></span> <span class='ocrx_word' id='word_1_743' title='bbox 3697 3333 3768 3377; x_wconf 85' lang='lat' dir='ltr'><strong>te-</strong></span> 
     </span>
    </p>
   </div>
   <div class='ocr_carea' id='block_1_94' title="bbox 2173 3413 3766 3480">
    <p class='ocr_par' dir='ltr' id='par_1_94' title="bbox 2173 3413 3766 3480">
     <span class='ocr_line' id='line_1_94' title="bbox 2173 3413 3766 3480; baseline -0.004 -6"><span class='ocrx_word' id='word_1_744' title='bbox 2173 3419 2503 3474; x_wconf 89' lang='lat' dir='ltr'><strong>stimonium.</strong></span> <span class='ocrx_word' id='word_1_745' title='bbox 2531 3418 2599 3473; x_wconf 84' lang='lat' dir='ltr'><strong>At</strong></span> <span class='ocrx_word' id='word_1_746' title='bbox 2629 3431 2726 3472; x_wconf 90' lang='lat' dir='ltr'><strong>nec</strong></span> <span class='ocrx_word' id='word_1_747' title='bbox 2766 3417 2834 3471; x_wconf 88' lang='lat' dir='ltr'><strong>ibi</strong></span> <span class='ocrx_word' id='word_1_748' title='bbox 2873 3415 3071 3469; x_wconf 87' lang='lat' dir='ltr'><strong>dictum</strong></span> <span class='ocrx_word' id='word_1_749' title='bbox 3100 3423 3216 3480; x_wconf 90' lang='lat' dir='ltr'><strong>est,</strong></span> <span class='ocrx_word' id='word_1_750' title='bbox 3263 3413 3434 3472; x_wconf 89' lang='lat' dir='ltr'><strong>Omne</strong></span> <span class='ocrx_word' id='word_1_751' title='bbox 3459 3413 3659 3468; x_wconf 85' lang='lat' dir='ltr'><strong>falsum</strong></span> <span class='ocrx_word' id='word_1_752' title='bbox 3690 3423 3766 3468; x_wconf 90' lang='lat' dir='ltr'><strong>te-</strong></span> 
     </span>
    </p>
   </div>
   <div class='ocr_carea' id='block_1_95' title="bbox 2173 3507 3766 3577">
    <p class='ocr_par' dir='ltr' id='par_1_95' title="bbox 2173 3507 3766 3577">
     <span class='ocr_line' id='line_1_95' title="bbox 2173 3507 3766 3577; baseline -0.003 -12"><span class='ocrx_word' id='word_1_753' title='bbox 2173 3511 2505 3567; x_wconf 89' lang='lat' dir='ltr'><strong>stimonium.</strong></span> <span class='ocrx_word' id='word_1_754' title='bbox 2556 3509 2660 3564; x_wconf 91' lang='lat' dir='ltr'><strong>Sed</strong></span> <span class='ocrx_word' id='word_1_755' title='bbox 2693 3508 2762 3562; x_wconf 88' lang='lat' dir='ltr'><strong>ibi</strong></span> <span class='ocrx_word' id='word_1_756' title='bbox 2791 3509 3015 3577; x_wconf 80' lang='lat' dir='ltr'><strong>positum</strong></span> <span class='ocrx_word' id='word_1_757' title='bbox 3045 3517 3126 3560; x_wconf 87' lang='lat' dir='ltr'><strong>est</strong></span> <span class='ocrx_word' id='word_1_758' title='bbox 3151 3547 3165 3573; x_wconf 92' lang='lat'><strong>,</strong></span> <span class='ocrx_word' id='word_1_759' title='bbox 3209 3507 3410 3576; x_wconf 90' lang='lat' dir='ltr'><strong>inquit,</strong></span> <span class='ocrx_word' id='word_1_760' title='bbox 3454 3507 3550 3561; x_wconf 89' lang='lat' dir='ltr'><strong>ubi</strong></span> <span class='ocrx_word' id='word_1_761' title='bbox 3578 3516 3766 3562; x_wconf 73' lang='lat' dir='ltr'><strong>czrtera</strong></span> 
     </span>
    </p>
   </div>
   <div class='ocr_carea' id='block_1_96' title="bbox 2172 3597 3765 3674">
    <p class='ocr_par' dir='ltr' id='par_1_96' title="bbox 2172 3597 3765 3674">
     <span class='ocr_line' id='line_1_96' title="bbox 2172 3597 3765 3674; baseline -0.003 -19"><span class='ocrx_word' id='word_1_762' title='bbox 2172 3619 2291 3674; x_wconf 76' lang='lat' dir='ltr'><strong>qua:</strong></span> <span class='ocrx_word' id='word_1_763' title='bbox 2321 3602 2467 3657; x_wconf 83' lang='lat' dir='ltr'><strong>omni</strong></span> <span class='ocrx_word' id='word_1_764' title='bbox 2511 3600 2669 3656; x_wconf 90' lang='lat' dir='ltr'><strong>modo</strong></span> <span class='ocrx_word' id='word_1_765' title='bbox 2699 3600 2835 3654; x_wconf 88' lang='lat' dir='ltr'><strong>mala</strong></span> <span class='ocrx_word' id='word_1_766' title='bbox 2875 3609 3016 3654; x_wconf 82' lang='lat' dir='ltr'><strong>sunt.</strong></span> <span class='ocrx_word' id='word_1_767' title='bbox 3069 3597 3336 3667; x_wconf 87' lang='lat' dir='ltr'><strong>Numquid</strong></span> <span class='ocrx_word' id='word_1_768' title='bbox 3369 3607 3424 3652; x_wconf 91' lang='lat' dir='ltr'><strong>ct</strong></span> <span class='ocrx_word' id='word_1_769' title='bbox 3463 3597 3598 3656; x_wconf 90' lang='lat' dir='ltr'><strong>illud</strong></span> <span class='ocrx_word' id='word_1_770' title='bbox 3629 3599 3765 3668; x_wconf 87' lang='lat' dir='ltr'><strong>quod</strong></span> 
     </span>
    </p>
   </div>
   <div class='ocr_carea' id='block_1_97' title="bbox 2174 3690 3771 3763">
    <p class='ocr_par' dir='ltr' id='par_1_97' title="bbox 2174 3690 3771 3763">
     <span class='ocr_line' id='line_1_97' title="bbox 2174 3690 3771 3763; baseline -0.004 -11"><span class='ocrx_word' id='word_1_771' title='bbox 2174 3697 2244 3752; x_wconf 86' lang='lat' dir='ltr'><strong>ibi</strong></span> <span class='ocrx_word' id='word_1_772' title='bbox 2271 3705 2384 3762; x_wconf 88' lang='lat' dir='ltr'><strong>cst,</strong></span> <span class='ocrx_word' id='word_1_773' title='bbox 2416 3693 2537 3749; x_wconf 88' lang='lat' dir='ltr'><strong>Non</strong></span> <span class='ocrx_word' id='word_1_774' title='bbox 2579 3693 2773 3748; x_wconf 82' lang='lat' dir='ltr'><strong>occides</strong></span> <span class='ocrx_word' id='word_1_775' title='bbox 2804 3691 2994 3763; x_wconf 66' lang='lat' dir='ltr'><strong>(Exod.</strong></span> <span class='ocrx_word' id='word_1_776' title='bbox 3030 3707 3126 3756; x_wconf 72' lang='lat' dir='ltr'><strong>xx,</strong></span> <span class='ocrx_word' id='word_1_777' title='bbox 3162 3691 3294 3758; x_wconf 70' lang='lat'><strong>15)?</strong></span> <span class='ocrx_word' id='word_1_778' title='bbox 3344 3690 3498 3759; x_wconf 92' lang='lat' dir='ltr'><strong>Quod</strong></span> <span class='ocrx_word' id='word_1_779' title='bbox 3538 3692 3583 3746; x_wconf 91' lang='lat' dir='ltr'><strong>si</strong></span> <span class='ocrx_word' id='word_1_780' title='bbox 3625 3691 3771 3745; x_wconf 84' lang='lat' dir='ltr'><strong>omni</strong></span> 
     </span>
    </p>
   </div>
   <div class='ocr_carea' id='block_1_98' title="bbox 2175 3782 3770 3854">
    <p class='ocr_par' dir='ltr' id='par_1_98' title="bbox 2175 3782 3770 3854">
     <span class='ocr_line' id='line_1_98' title="bbox 2175 3782 3770 3854; baseline -0.008 -11"><span class='ocrx_word' id='word_1_781' title='bbox 2175 3788 2335 3843; x_wconf 90' lang='lat' dir='ltr'><strong>modo</strong></span> <span class='ocrx_word' id='word_1_782' title='bbox 2364 3787 2558 3841; x_wconf 89' lang='lat' dir='ltr'><strong>malum</strong></span> <span class='ocrx_word' id='word_1_783' title='bbox 2587 3794 2668 3840; x_wconf 90' lang='lat' dir='ltr'><strong>cst</strong></span> <span class='ocrx_word' id='word_1_784' title='bbox 2691 3826 2706 3850; x_wconf 96' lang='lat'><strong>,</strong></span> <span class='ocrx_word' id='word_1_785' title='bbox 2749 3784 3017 3854; x_wconf 83' lang='lat' dir='ltr'><strong>quomodo</strong></span> <span class='ocrx_word' id='word_1_786' title='bbox 3061 3784 3126 3837; x_wconf 89' lang='lat' dir='ltr'><strong>ab</strong></span> <span class='ocrx_word' id='word_1_787' title='bbox 3158 3782 3260 3837; x_wconf 90' lang='lat' dir='ltr'><strong>hoc</strong></span> <span class='ocrx_word' id='word_1_788' title='bbox 3287 3783 3513 3838; x_wconf 89' lang='lat' dir='ltr'><strong>crimine</strong></span> <span class='ocrx_word' id='word_1_789' title='bbox 3547 3798 3770 3838; x_wconf 59' lang='lat' dir='ltr'><strong>excusa.</strong></span> 
     </span>
    </p>
   </div>
   <div class='ocr_carea' id='block_1_99' title="bbox 2174 3874 3769 3948">
    <p class='ocr_par' dir='ltr' id='par_1_99' title="bbox 2174 3874 3769 3948">
     <span class='ocr_line' id='line_1_99' title="bbox 2174 3874 3769 3948; baseline -0.005 -13"><span class='ocrx_word' id='word_1_790' title='bbox 2174 3880 2372 3936; x_wconf 88' lang='lat' dir='ltr'><strong>buntur</strong></span> <span class='ocrx_word' id='word_1_791' title='bbox 2410 3879 2574 3948; x_wconf 91' lang='lat' dir='ltr'><strong>justi,</strong></span> <span class='ocrx_word' id='word_1_792' title='bbox 2625 3877 2712 3947; x_wconf 89' lang='lat' dir='ltr'><strong>qui</strong></span> <span class='ocrx_word' id='word_1_793' title='bbox 2753 3885 2869 3946; x_wconf 91' lang='lat' dir='ltr'><strong>post</strong></span> <span class='ocrx_word' id='word_1_794' title='bbox 2912 3876 3080 3946; x_wconf 85' lang='lat' dir='ltr'><strong>legem</strong></span> <span class='ocrx_word' id='word_1_795' title='bbox 3117 3874 3295 3929; x_wconf 91' lang='lat' dir='ltr'><strong>datam</strong></span> <span class='ocrx_word' id='word_1_796' title='bbox 3338 3875 3533 3929; x_wconf 91' lang='lat' dir='ltr'><strong>multos</strong></span> <span class='ocrx_word' id='word_1_797' title='bbox 3561 3876 3769 3930; x_wconf 87' lang='lat' dir='ltr'><strong>occide-</strong></span> 
     </span>
    </p>
   </div>
   <div class='ocr_carea' id='block_1_100' title="bbox 2174 3966 3768 4038">
    <p class='ocr_par' dir='ltr' id='par_1_100' title="bbox 2174 3966 3768 4038">
     <span class='ocr_line' id='line_1_100' title="bbox 2174 3966 3768 4038; baseline -0.005 -11"><span class='ocrx_word' id='word_1_798' title='bbox 2174 3971 2342 4028; x_wconf 86' lang='lat' dir='ltr'><strong>runt?</strong></span> <span class='ocrx_word' id='word_1_799' title='bbox 2385 3970 2490 4026; x_wconf 90' lang='lat' dir='ltr'><strong>Sed</strong></span> <span class='ocrx_word' id='word_1_800' title='bbox 2540 3968 2890 4038; x_wconf 67' lang='lat' dir='ltr'><strong>respondetur</strong></span> <span class='ocrx_word' id='word_1_801' title='bbox 2931 3966 3071 4038; x_wconf 84' lang='lat' dir='ltr'><strong>quod</strong></span> <span class='ocrx_word' id='word_1_802' title='bbox 3115 3982 3220 4020; x_wconf 92' lang='lat' dir='ltr'><strong>non</strong></span> <span class='ocrx_word' id='word_1_803' title='bbox 3263 3967 3376 4037; x_wconf 91' lang='lat' dir='ltr'><strong>ipse</strong></span> <span class='ocrx_word' id='word_1_804' title='bbox 3411 3966 3651 4032; x_wconf 87' lang='lat' dir='ltr'><strong>occidat,</strong></span> <span class='ocrx_word' id='word_1_805' title='bbox 3682 3967 3768 4037; x_wconf 90' lang='lat' dir='ltr'><strong>qui</strong></span> 
     </span>
    </p>
   </div>
   <div class='ocr_carea' id='block_1_101' title="bbox 2169 4058 3771 4136">
    <p class='ocr_par' dir='ltr' id='par_1_101' title="bbox 2169 4058 3771 4136">
     <span class='ocr_line' id='line_1_101' title="bbox 2169 4058 3771 4136; baseline -0.004 -17"><span class='ocrx_word' id='word_1_806' title='bbox 2169 4065 2298 4136; x_wconf 63' lang='lat' dir='ltr'><strong>jUsti</strong></span> <span class='ocrx_word' id='word_1_807' title='bbox 2341 4062 2563 4132; x_wconf 88' lang='lat' dir='ltr'><strong>alicujus</strong></span> <span class='ocrx_word' id='word_1_808' title='bbox 2597 4061 2845 4132; x_wconf 81' lang='lat' dir='ltr'><strong>praecepti</strong></span> <span class='ocrx_word' id='word_1_809' title='bbox 2890 4060 3134 4113; x_wconf 87' lang='lat' dir='ltr'><strong>minister</strong></span> <span class='ocrx_word' id='word_1_810' title='bbox 3161 4068 3264 4113; x_wconf 91' lang='lat' dir='ltr'><strong>cst.</strong></span> <span class='ocrx_word' id='word_1_811' title='bbox 3320 4058 3520 4113; x_wconf 86' lang='lat' dir='ltr'><strong>Horum</strong></span> <span class='ocrx_word' id='word_1_812' title='bbox 3552 4074 3684 4128; x_wconf 87' lang='lat' dir='ltr'><strong>ergo</strong></span> <span class='ocrx_word' id='word_1_813' title='bbox 3709 4059 3771 4113; x_wconf 84' lang='lat' dir='ltr'><strong>ti-</strong></span> 
     </span>
    </p>
   </div>
   <div class='ocr_carea' id='block_1_102' title="bbox 2175 4150 3769 4223">
    <p class='ocr_par' dir='ltr' id='par_1_102' title="bbox 2175 4150 3769 4223">
     <span class='ocr_line' id='line_1_102' title="bbox 2175 4150 3769 4223; baseline -0.006 -10"><span class='ocrx_word' id='word_1_814' title='bbox 2175 4173 2380 4213; x_wconf 88' lang='lat' dir='ltr'><strong>morem</strong></span> <span class='ocrx_word' id='word_1_815' title='bbox 2403 4157 2478 4210; x_wconf 90' lang='lat' dir='ltr'><strong>sic</strong></span> <span class='ocrx_word' id='word_1_816' title='bbox 2505 4155 2726 4223; x_wconf 84' lang='lat' dir='ltr'><strong>accipio,</strong></span> <span class='ocrx_word' id='word_1_817' title='bbox 2754 4162 2813 4206; x_wconf 88' lang='lat' dir='ltr'><strong>ut</strong></span> <span class='ocrx_word' id='word_1_818' title='bbox 2841 4162 3016 4206; x_wconf 87' lang='lat' dir='ltr'><strong>tamen</strong></span> <span class='ocrx_word' id='word_1_819' title='bbox 3043 4153 3187 4205; x_wconf 89' lang='lat' dir='ltr'><strong>illum</strong></span> <span class='ocrx_word' id='word_1_820' title='bbox 3216 4150 3538 4206; x_wconf 87' lang='lat' dir='ltr'><strong>laudabilem</strong></span> <span class='ocrx_word' id='word_1_821' title='bbox 3571 4151 3769 4215; x_wconf 86' lang='lat' dir='ltr'><strong>virum,</strong></span> 
     </span>
    </p>
   </div>
   <div class='ocr_carea' id='block_1_103' title="bbox 2173 4242 3768 4320">
    <p class='ocr_par' dir='ltr' id='par_1_103' title="bbox 2173 4242 3768 4320">
     <span class='ocr_line' id='line_1_103' title="bbox 2173 4242 3768 4320; baseline -0.004 -18"><span class='ocrx_word' id='word_1_822' title='bbox 2173 4250 2262 4320; x_wconf 87' lang='lat' dir='ltr'><strong>qui</strong></span> <span class='ocrx_word' id='word_1_823' title='bbox 2311 4263 2409 4303; x_wconf 91' lang='lat' dir='ltr'><strong>nec</strong></span> <span class='ocrx_word' id='word_1_824' title='bbox 2451 4245 2662 4301; x_wconf 91' lang='lat' dir='ltr'><strong>mentiri</strong></span> <span class='ocrx_word' id='word_1_825' title='bbox 2706 4244 2908 4307; x_wconf 89' lang='lat' dir='ltr'><strong>voluit,</strong></span> <span class='ocrx_word' id='word_1_826' title='bbox 2956 4259 3054 4298; x_wconf 86' lang='lat' dir='ltr'><strong>nec</strong></span> <span class='ocrx_word' id='word_1_827' title='bbox 3095 4242 3364 4297; x_wconf 82' lang='lat' dir='ltr'><strong>hominem</strong></span> <span class='ocrx_word' id='word_1_828' title='bbox 3393 4242 3666 4314; x_wconf 85' lang='lat' dir='ltr'><strong>prodere,</strong></span> <span class='ocrx_word' id='word_1_829' title='bbox 3713 4253 3768 4298; x_wconf 81' lang='lat' dir='ltr'><strong>et</strong></span> 
     </span>
    </p>
   </div>
   <div class='ocr_carea' id='block_1_104' title="bbox 2177 4336 3774 4406">
    <p class='ocr_par' dir='ltr' id='par_1_104' title="bbox 2177 4336 3774 4406">
     <span class='ocr_line' id='line_1_104' title="bbox 2177 4336 3774 4406; baseline -0.004 -9"><span class='ocrx_word' id='word_1_830' title='bbox 2177 4343 2364 4398; x_wconf 83' lang='lat' dir='ltr'><strong>melius</strong></span> <span class='ocrx_word' id='word_1_831' title='bbox 2401 4341 2630 4394; x_wconf 85' lang='lat' dir='ltr'><strong>arbitrer</strong></span> <span class='ocrx_word' id='word_1_832' title='bbox 2664 4337 2990 4392; x_wconf 74' lang='lat' dir='ltr'><strong>intellexisse</strong></span> <span class='ocrx_word' id='word_1_833' title='bbox 3014 4336 3155 4406; x_wconf 90' lang='lat' dir='ltr'><strong>quod</strong></span> <span class='ocrx_word' id='word_1_834' title='bbox 3183 4336 3436 4406; x_wconf 89' lang='lat' dir='ltr'><strong>scriptum</strong></span> <span class='ocrx_word' id='word_1_835' title='bbox 3465 4344 3579 4404; x_wconf 86' lang='lat' dir='ltr'><strong>est,</strong></span> <span class='ocrx_word' id='word_1_836' title='bbox 3611 4345 3666 4390; x_wconf 86' lang='lat' dir='ltr'><strong>et</strong></span> <span class='ocrx_word' id='word_1_837' title='bbox 3696 4339 3774 4391; x_wconf 84' lang='lat' dir='ltr'><strong>in-</strong></span> 
     </span>
    </p>
   </div>
   <div class='ocr_carea' id='block_1_105' title="bbox 2177 4429 3753 4498">
    <p class='ocr_par' dir='ltr' id='par_1_105' title="bbox 2177 4429 3753 4498">
     <span class='ocr_line' id='line_1_105' title="bbox 2177 4429 3753 4498; baseline -0.006 -11"><span class='ocrx_word' id='word_1_838' title='bbox 2177 4433 2446 4488; x_wconf 85' lang='lat' dir='ltr'><strong>tellectum</strong></span> <span class='ocrx_word' id='word_1_839' title='bbox 2476 4430 2680 4486; x_wconf 82' lang='lat' dir='ltr'><strong>fortiter</strong></span> <span class='ocrx_word' id='word_1_840' title='bbox 2711 4429 3036 4498; x_wconf 86' lang='lat' dir='ltr'><strong>implevisse.</strong></span> <span class='ocrx_word' id='word_1_841' title='bbox 3747 4432 3753 4437; x_wconf 85' lang='lat'><strong>&#39;</strong></span> 
     </span>
    </p>
   </div>
   <div class='ocr_carea' id='block_1_106' title="bbox 2246 4517 3768 4590">
    <p class='ocr_par' dir='ltr' id='par_1_106' title="bbox 2246 4517 3768 4590">
     <span class='ocr_line' id='line_1_106' title="bbox 2246 4517 3768 4590; baseline -0.005 -12"><span class='ocrx_word' id='word_1_842' title='bbox 2246 4524 2332 4578; x_wconf 69' lang='grc'><strong>24.</strong></span> <span class='ocrx_word' id='word_1_843' title='bbox 2364 4523 2467 4578; x_wconf 89' lang='lat' dir='ltr'><strong>Sed</strong></span> <span class='ocrx_word' id='word_1_844' title='bbox 2495 4521 2702 4576; x_wconf 91' lang='lat' dir='ltr'><strong>venitur</strong></span> <span class='ocrx_word' id='word_1_845' title='bbox 2723 4519 3010 4590; x_wconf 88' lang='lat' dir='ltr'><strong>aliquando</strong></span> <span class='ocrx_word' id='word_1_846' title='bbox 3035 4518 3100 4574; x_wconf 92' lang='lat' dir='ltr'><strong>ad</strong></span> <span class='ocrx_word' id='word_1_847' title='bbox 3133 4518 3430 4590; x_wconf 87' lang='lat' dir='ltr'><strong>hujusmodi</strong></span> <span class='ocrx_word' id='word_1_848' title='bbox 3453 4517 3768 4583; x_wconf 86' lang='lat' dir='ltr'><strong>articulum,</strong></span> 
     </span>
    </p>
   </div>
   <div class='ocr_carea' id='block_1_107' title="bbox 2176 4610 3777 4683">
    <p class='ocr_par' dir='ltr' id='par_1_107' title="bbox 2176 4610 3777 4683">
     <span class='ocr_line' id='line_1_107' title="bbox 2176 4610 3777 4683; baseline -0.003 -12"><span class='ocrx_word' id='word_1_849' title='bbox 2176 4625 2234 4670; x_wconf 91' lang='lat' dir='ltr'><strong>ut</strong></span> <span class='ocrx_word' id='word_1_850' title='bbox 2260 4631 2367 4671; x_wconf 90' lang='lat' dir='ltr'><strong>non</strong></span> <span class='ocrx_word' id='word_1_851' title='bbox 2399 4615 2790 4683; x_wconf 88' lang='lat' dir='ltr'><strong>interrogemur</strong></span> <span class='ocrx_word' id='word_1_852' title='bbox 2821 4611 2906 4665; x_wconf 92' lang='lat' dir='ltr'><strong>ubi</strong></span> <span class='ocrx_word' id='word_1_853' title='bbox 2939 4611 3007 4664; x_wconf 91' lang='lat' dir='ltr'><strong>sit</strong></span> <span class='ocrx_word' id='word_1_854' title='bbox 3036 4611 3124 4666; x_wconf 93' lang='lat' dir='ltr'><strong>ille</strong></span> <span class='ocrx_word' id='word_1_855' title='bbox 3163 4611 3253 4681; x_wconf 88' lang='lat' dir='ltr'><strong>qui</strong></span> <span class='ocrx_word' id='word_1_856' title='bbox 3280 4610 3569 4680; x_wconf 64' lang='lat' dir='ltr'><strong>qureritur,</strong></span> <span class='ocrx_word' id='word_1_857' title='bbox 3600 4625 3777 4679; x_wconf 86' lang='lat' dir='ltr'><strong>neque</strong></span> 
     </span>
    </p>
   </div>
   <div class='ocr_carea' id='block_1_108' title="bbox 2176 4701 3780 4776">
    <p class='ocr_par' dir='ltr' id='par_1_108' title="bbox 2176 4701 3780 4776">
     <span class='ocr_line' id='line_1_108' title="bbox 2176 4701 3780 4776; baseline -0.004 -14"><span class='ocrx_word' id='word_1_858' title='bbox 2176 4722 2428 4776; x_wconf 88' lang='lat' dir='ltr'><strong>cogamur</strong></span> <span class='ocrx_word' id='word_1_859' title='bbox 2457 4713 2515 4759; x_wconf 88' lang='lat' dir='ltr'><strong>ut</strong></span> <span class='ocrx_word' id='word_1_860' title='bbox 2540 4720 2659 4759; x_wconf 92' lang='lat' dir='ltr'><strong>cum</strong></span> <span class='ocrx_word' id='word_1_861' title='bbox 2699 4701 2984 4773; x_wconf 87' lang='lat' dir='ltr'><strong>prodamus</strong></span> <span class='ocrx_word' id='word_1_862' title='bbox 3008 4744 3023 4769; x_wconf 95' lang='lat'><strong>,</strong></span> <span class='ocrx_word' id='word_1_863' title='bbox 3069 4703 3112 4756; x_wconf 90' lang='lat' dir='ltr'><strong>si</strong></span> <span class='ocrx_word' id='word_1_864' title='bbox 3145 4703 3222 4757; x_wconf 89' lang='lat' dir='ltr'><strong>sic</strong></span> <span class='ocrx_word' id='word_1_865' title='bbox 3241 4702 3536 4757; x_wconf 86' lang='lat' dir='ltr'><strong>occultatus</strong></span> <span class='ocrx_word' id='word_1_866' title='bbox 3562 4711 3649 4756; x_wconf 87' lang='lat' dir='ltr'><strong>est</strong></span> <span class='ocrx_word' id='word_1_867' title='bbox 3671 4743 3688 4767; x_wconf 97' lang='lat'><strong>,</strong></span> <span class='ocrx_word' id='word_1_868' title='bbox 3723 4711 3780 4756; x_wconf 88' lang='lat' dir='ltr'><strong>ut</strong></span> 
     </span>
    </p>
   </div>
   <div class='ocr_carea' id='block_1_109' title="bbox 2177 4794 3779 4865">
    <p class='ocr_par' dir='ltr' id='par_1_109' title="bbox 2177 4794 3779 4865">
     <span class='ocr_line' id='line_1_109' title="bbox 2177 4794 3779 4865; baseline -0.003 -11"><span class='ocrx_word' id='word_1_869' title='bbox 2177 4798 2407 4854; x_wconf 75' lang='lat' dir='ltr'><strong>inveniri</strong></span> <span class='ocrx_word' id='word_1_870' title='bbox 2451 4797 2602 4851; x_wconf 81' lang='lat' dir='ltr'><strong>facile</strong></span> <span class='ocrx_word' id='word_1_871' title='bbox 2647 4795 2747 4849; x_wconf 81' lang='lat' dir='ltr'><strong>nisi</strong></span> <span class='ocrx_word' id='word_1_872' title='bbox 2801 4794 3041 4865; x_wconf 87' lang='lat' dir='ltr'><strong>proditus</strong></span> <span class='ocrx_word' id='word_1_873' title='bbox 3083 4804 3314 4865; x_wconf 85' lang='lat' dir='ltr'><strong>nequeat</strong></span> <span class='ocrx_word' id='word_1_874' title='bbox 3347 4813 3360 4848; x_wconf 89' lang='lat'>:</span> <span class='ocrx_word' id='word_1_875' title='bbox 3393 4795 3484 4848; x_wconf 88' lang='lat' dir='ltr'><strong>sed</strong></span> <span class='ocrx_word' id='word_1_876' title='bbox 3515 4798 3779 4864; x_wconf 49' lang='lat' dir='ltr'><strong>quaeritur</strong></span> 
     </span>
    </p>
   </div>
   <div class='ocr_carea' id='block_1_110' title="bbox 2176 4884 3778 4952">
    <p class='ocr_par' dir='ltr' id='par_1_110' title="bbox 2176 4884 3778 4952">
     <span class='ocr_line' id='line_1_110' title="bbox 2176 4884 3778 4952; baseline -0.002 -10"><span class='ocrx_word' id='word_1_877' title='bbox 2176 4905 2206 4942; x_wconf 91' lang='lat' dir='ltr'><strong>a</strong></span> <span class='ocrx_word' id='word_1_878' title='bbox 2233 4888 2386 4944; x_wconf 70' lang='lat' dir='ltr'><strong>nobis</strong></span> <span class='ocrx_word' id='word_1_879' title='bbox 2417 4897 2591 4941; x_wconf 88' lang='lat' dir='ltr'><strong>utrum</strong></span> <span class='ocrx_word' id='word_1_880' title='bbox 2632 4886 2729 4940; x_wconf 85' lang='lat' dir='ltr'><strong>illo</strong></span> <span class='ocrx_word' id='word_1_881' title='bbox 2776 4885 2894 4940; x_wconf 91' lang='lat' dir='ltr'><strong>loco</strong></span> <span class='ocrx_word' id='word_1_882' title='bbox 2927 4885 3024 4952; x_wconf 88' lang='lat' dir='ltr'><strong>sit,</strong></span> <span class='ocrx_word' id='word_1_883' title='bbox 3073 4900 3138 4938; x_wconf 91' lang='lat' dir='ltr'><strong>an</strong></span> <span class='ocrx_word' id='word_1_884' title='bbox 3181 4900 3284 4939; x_wconf 92' lang='lat' dir='ltr'><strong>non</strong></span> <span class='ocrx_word' id='word_1_885' title='bbox 3313 4886 3400 4940; x_wconf 89' lang='lat' dir='ltr'><strong>sit.</strong></span> <span class='ocrx_word' id='word_1_886' title='bbox 3447 4884 3548 4940; x_wconf 88' lang='lat' dir='ltr'><strong>Ubi</strong></span> <span class='ocrx_word' id='word_1_887' title='bbox 3576 4886 3623 4939; x_wconf 92' lang='lat' dir='ltr'><strong>si</strong></span> <span class='ocrx_word' id='word_1_888' title='bbox 3654 4901 3778 4940; x_wconf 89' lang='lat' dir='ltr'><strong>cum</strong></span> 
     </span>
    </p>
   </div>
   <div class='ocr_carea' id='block_1_111' title="bbox 2177 4979 3782 5049">
    <p class='ocr_par' dir='ltr' id='par_1_111' title="bbox 2177 4979 3782 5049">
     <span class='ocr_line' id='line_1_111' title="bbox 2177 4979 3782 5049; baseline -0.004 -11"><span class='ocrx_word' id='word_1_889' title='bbox 2177 4999 2298 5040; x_wconf 88' lang='lat' dir='ltr'><strong>esse</strong></span> <span class='ocrx_word' id='word_1_890' title='bbox 2336 4983 2534 5036; x_wconf 89' lang='lat' dir='ltr'><strong>scimus</strong></span> <span class='ocrx_word' id='word_1_891' title='bbox 2557 5022 2572 5045; x_wconf 90' lang='lat'><strong>,</strong></span> <span class='ocrx_word' id='word_1_892' title='bbox 2619 4980 2846 5036; x_wconf 81' lang='lat' dir='ltr'><strong>tacendo</strong></span> <span class='ocrx_word' id='word_1_893' title='bbox 2874 4995 2995 5033; x_wconf 91' lang='lat' dir='ltr'><strong>eum</strong></span> <span class='ocrx_word' id='word_1_894' title='bbox 3043 4979 3353 5049; x_wconf 86' lang='lat' dir='ltr'><strong>prodimus;</strong></span> <span class='ocrx_word' id='word_1_895' title='bbox 3395 4981 3476 5033; x_wconf 87' lang='lat' dir='ltr'><strong>vel</strong></span> <span class='ocrx_word' id='word_1_896' title='bbox 3504 4981 3669 5033; x_wconf 89' lang='lat' dir='ltr'><strong>etiam</strong></span> <span class='ocrx_word' id='word_1_897' title='bbox 3699 4979 3782 5034; x_wconf 88' lang='lat' dir='ltr'><strong>di-</strong></span> 
     </span>
    </p>
   </div>
   <div class='ocr_carea' id='block_1_112' title="bbox 2177 5072 3777 5144">
    <p class='ocr_par' dir='ltr' id='par_1_112' title="bbox 2177 5072 3777 5144">
     <span class='ocr_line' id='line_1_112' title="bbox 2177 5072 3777 5144; baseline -0.003 -14"><span class='ocrx_word' id='word_1_898' title='bbox 2177 5074 2349 5130; x_wconf 77' lang='lat' dir='ltr'><strong>cendo</strong></span> <span class='ocrx_word' id='word_1_899' title='bbox 2401 5089 2731 5144; x_wconf 87' lang='lat' dir='ltr'><strong>nequaquam</strong></span> <span class='ocrx_word' id='word_1_900' title='bbox 2771 5088 2868 5126; x_wconf 91' lang='lat' dir='ltr'><strong>nos</strong></span> <span class='ocrx_word' id='word_1_901' title='bbox 2895 5088 3015 5126; x_wconf 87' lang='lat' dir='ltr'><strong>esse</strong></span> <span class='ocrx_word' id='word_1_902' title='bbox 3044 5072 3283 5127; x_wconf 86' lang='lat' dir='ltr'><strong>dicturos</strong></span> <span class='ocrx_word' id='word_1_903' title='bbox 3313 5113 3327 5138; x_wconf 91' lang='lat'><strong>,</strong></span> <span class='ocrx_word' id='word_1_904' title='bbox 3372 5083 3548 5126; x_wconf 89' lang='lat' dir='ltr'><strong>utrum</strong></span> <span class='ocrx_word' id='word_1_905' title='bbox 3582 5073 3658 5127; x_wconf 86' lang='lat' dir='ltr'><strong>ibi</strong></span> <span class='ocrx_word' id='word_1_906' title='bbox 3691 5076 3777 5132; x_wconf 86' lang='lat' dir='ltr'><strong>sit,</strong></span> 
     </span>
    </p>
   </div>
   <div class='ocr_carea' id='block_1_113' title="bbox 2178 5163 3777 5234">
    <p class='ocr_par' dir='ltr' id='par_1_113' title="bbox 2178 5163 3777 5234">
     <span class='ocr_line' id='line_1_113' title="bbox 2178 5163 3777 5234; baseline -0.001 -14"><span class='ocrx_word' id='word_1_907' title='bbox 2178 5182 2243 5220; x_wconf 89' lang='lat' dir='ltr'><strong>an</strong></span> <span class='ocrx_word' id='word_1_908' title='bbox 2273 5182 2377 5219; x_wconf 90' lang='lat' dir='ltr'><strong>non</strong></span> <span class='ocrx_word' id='word_1_909' title='bbox 2407 5165 2474 5220; x_wconf 92' lang='lat' dir='ltr'><strong>sit</strong></span> <span class='ocrx_word' id='word_1_910' title='bbox 2507 5182 2520 5218; x_wconf 93' lang='lat'>:</span> <span class='ocrx_word' id='word_1_911' title='bbox 2555 5180 2619 5218; x_wconf 89' lang='lat' dir='ltr'><strong>ex</strong></span> <span class='ocrx_word' id='word_1_912' title='bbox 2649 5164 2749 5219; x_wconf 89' lang='lat' dir='ltr'><strong>hoc</strong></span> <span class='ocrx_word' id='word_1_913' title='bbox 2774 5163 2920 5219; x_wconf 84' lang='lat' dir='ltr'><strong>enim</strong></span> <span class='ocrx_word' id='word_1_914' title='bbox 2950 5164 3151 5234; x_wconf 85' lang='lat' dir='ltr'><strong>colligit</strong></span> <span class='ocrx_word' id='word_1_915' title='bbox 3187 5164 3275 5218; x_wconf 91' lang='lat' dir='ltr'><strong>ille</strong></span> <span class='ocrx_word' id='word_1_916' title='bbox 3304 5163 3392 5233; x_wconf 87' lang='lat' dir='ltr'><strong>qui</strong></span> <span class='ocrx_word' id='word_1_917' title='bbox 3436 5165 3630 5233; x_wconf 71' lang='lat' dir='ltr'><strong>qttmrit</strong></span> <span class='ocrx_word' id='word_1_918' title='bbox 3651 5208 3667 5232; x_wconf 92' lang='lat'><strong>,</strong></span> <span class='ocrx_word' id='word_1_919' title='bbox 3711 5165 3777 5219; x_wconf 79' lang='lat' dir='ltr'><strong>ibi</strong></span> 
     </span>
    </p>
   </div>
   <div class='ocr_carea' id='block_1_114' title="bbox 2178 5244 3778 5328">
    <p class='ocr_par' dir='ltr' id='par_1_114' title="bbox 2178 5244 3778 5328">
     <span class='ocr_line' id='line_1_114' title="bbox 2178 5244 3778 5328; baseline -0.001 -16"><span class='ocrx_word' id='word_1_920' title='bbox 2178 5273 2297 5312; x_wconf 90' lang='lat' dir='ltr'><strong>cum</strong></span> <span class='ocrx_word' id='word_1_921' title='bbox 2339 5271 2458 5311; x_wconf 80' lang='lat' dir='ltr'><strong>esse</strong></span> <span class='ocrx_word' id='word_1_922' title='bbox 2483 5298 2497 5321; x_wconf 96' lang='lat'><strong>,</strong></span> <span class='ocrx_word' id='word_1_923' title='bbox 2544 5255 2631 5309; x_wconf 89' lang='lat' dir='ltr'><strong>ubi</strong></span> <span class='ocrx_word' id='word_1_924' title='bbox 2673 5255 2717 5309; x_wconf 91' lang='lat' dir='ltr'><strong>si</strong></span> <span class='ocrx_word' id='word_1_925' title='bbox 2765 5272 2869 5309; x_wconf 91' lang='lat' dir='ltr'><strong>non</strong></span> <span class='ocrx_word' id='word_1_926' title='bbox 2913 5244 3095 5322; x_wconf 82' lang='lat' dir='ltr'><strong>esset,</strong></span> <span class='ocrx_word' id='word_1_927' title='bbox 3147 5255 3277 5309; x_wconf 85' lang='lat' dir='ltr'><strong>nihil</strong></span> <span class='ocrx_word' id='word_1_928' title='bbox 3316 5255 3456 5310; x_wconf 90' lang='lat' dir='ltr'><strong>aliud</strong></span> <span class='ocrx_word' id='word_1_929' title='bbox 3495 5258 3565 5311; x_wconf 88' lang='lat' dir='ltr'><strong>ab</strong></span> <span class='ocrx_word' id='word_1_930' title='bbox 3593 5273 3664 5311; x_wconf 89' lang='lat' dir='ltr'><strong>eo</strong></span> <span class='ocrx_word' id='word_1_931' title='bbox 3689 5258 3778 5328; x_wconf 88' lang='lat' dir='ltr'><strong>qui</strong></span> 
     </span>
    </p>
   </div>
   <div class='ocr_carea' id='block_1_115' title="bbox 2179 5347 3777 5417">
    <p class='ocr_par' dir='ltr' id='par_1_115' title="bbox 2179 5347 3777 5417">
     <span class='ocr_line' id='line_1_115' title="bbox 2179 5347 3777 5417; baseline -0.001 -14"><span class='ocrx_word' id='word_1_932' title='bbox 2179 5347 2390 5403; x_wconf 87' lang='lat' dir='ltr'><strong>mentirt</strong></span> <span class='ocrx_word' id='word_1_933' title='bbox 2419 5349 2618 5413; x_wconf 92' lang='lat' dir='ltr'><strong>nollet,</strong></span> <span class='ocrx_word' id='word_1_934' title='bbox 2654 5363 2752 5402; x_wconf 91' lang='lat' dir='ltr'><strong>nec</strong></span> <span class='ocrx_word' id='word_1_935' title='bbox 2782 5347 3051 5402; x_wconf 91' lang='lat' dir='ltr'><strong>hominem</strong></span> <span class='ocrx_word' id='word_1_936' title='bbox 3080 5348 3307 5417; x_wconf 89' lang='lat' dir='ltr'><strong>prodere</strong></span> <span class='ocrx_word' id='word_1_937' title='bbox 3331 5391 3348 5415; x_wconf 92' lang='lat'><strong>,</strong></span> <span class='ocrx_word' id='word_1_938' title='bbox 3388 5349 3489 5402; x_wconf 89' lang='lat' dir='ltr'><strong>nisi</strong></span> <span class='ocrx_word' id='word_1_939' title='bbox 3520 5365 3645 5404; x_wconf 90' lang='lat' dir='ltr'><strong>eum</strong></span> <span class='ocrx_word' id='word_1_940' title='bbox 3673 5365 3777 5402; x_wconf 88' lang='lat' dir='ltr'><strong>non</strong></span> 
     </span>
    </p>
   </div>
   <div class='ocr_carea' id='block_1_116' title="bbox 2182 5438 3779 5510">
    <p class='ocr_par' dir='ltr' id='par_1_116' title="bbox 2182 5438 3779 5510">
     <span class='ocr_line' id='line_1_116' title="bbox 2182 5438 3779 5510; baseline -0.001 -16"><span class='ocrx_word' id='word_1_941' title='bbox 2182 5441 2248 5494; x_wconf 90' lang='lat' dir='ltr'><strong>ibi</strong></span> <span class='ocrx_word' id='word_1_942' title='bbox 2274 5456 2391 5510; x_wconf 74' lang='lat' dir='ltr'><strong>esse</strong></span> <span class='ocrx_word' id='word_1_943' title='bbox 2417 5438 2853 5510; x_wconf 86' lang='lat' dir='ltr'><strong>responderetur.</strong></span> <span class='ocrx_word' id='word_1_944' title='bbox 2904 5439 2974 5494; x_wconf 85' lang='lat' dir='ltr'><strong>ita</strong></span> <span class='ocrx_word' id='word_1_945' title='bbox 3003 5455 3101 5509; x_wconf 90' lang='lat' dir='ltr'><strong>per</strong></span> <span class='ocrx_word' id='word_1_946' title='bbox 3125 5450 3362 5495; x_wconf 89' lang='lat' dir='ltr'><strong>nostram</strong></span> <span class='ocrx_word' id='word_1_947' title='bbox 3383 5440 3471 5494; x_wconf 82' lang='lat' dir='ltr'><strong>vel</strong></span> <span class='ocrx_word' id='word_1_948' title='bbox 3501 5441 3779 5494; x_wconf 85' lang='lat' dir='ltr'><strong>taciturni-</strong></span> 
     </span>
    </p>
   </div>
   <div class='ocr_carea' id='block_1_117' title="bbox 2181 5503 3777 5600">
    <p class='ocr_par' dir='ltr' id='par_1_117' title="bbox 2181 5503 3777 5600">
     <span class='ocr_line' id='line_1_117' title="bbox 2181 5503 3777 5600; baseline -0.003 -13"><span class='ocrx_word' id='word_1_949' title='bbox 2181 5503 2340 5587; x_wconf 62' lang='lat' dir='ltr'><strong>tatem</strong></span> <span class='ocrx_word' id='word_1_950' title='bbox 2381 5532 2465 5585; x_wconf 90' lang='lat' dir='ltr'><strong>vel</strong></span> <span class='ocrx_word' id='word_1_951' title='bbox 2515 5530 2634 5583; x_wconf 87' lang='lat' dir='ltr'><strong>talia</strong></span> <span class='ocrx_word' id='word_1_952' title='bbox 2685 5530 2844 5586; x_wconf 67' lang='lat' dir='ltr'><strong>verba</strong></span> <span class='ocrx_word' id='word_1_953' title='bbox 2894 5531 3053 5584; x_wconf 90' lang='lat' dir='ltr'><strong>homo</strong></span> <span class='ocrx_word' id='word_1_954' title='bbox 3083 5531 3363 5600; x_wconf 90' lang='lat' dir='ltr'><strong>proditur,</strong></span> <span class='ocrx_word' id='word_1_955' title='bbox 3394 5539 3453 5584; x_wconf 91' lang='lat' dir='ltr'><strong>ut</strong></span> <span class='ocrx_word' id='word_1_956' title='bbox 3495 5531 3658 5584; x_wconf 81' lang='lat' dir='ltr'><strong>intret</strong></span> <span class='ocrx_word' id='word_1_957' title='bbox 3688 5530 3777 5598; x_wconf 88' lang='lat' dir='ltr'><strong>qui</strong></span> 
     </span>
    </p>
   </div>
   <div class='ocr_carea' id='block_1_118' title="bbox 2180 5619 3775 5694">
    <p class='ocr_par' dir='ltr' id='par_1_118' title="bbox 2180 5619 3775 5694">
     <span class='ocr_line' id='line_1_118' title="bbox 2180 5619 3775 5694; baseline -0.003 -16"><span class='ocrx_word' id='word_1_958' title='bbox 2180 5624 2390 5694; x_wconf 58' lang='grc' dir='ltr'><strong>(-,</strong></span> <span class='ocrx_word' id='word_1_959' title='bbox 2414 5623 2456 5676; x_wconf 88' lang='lat' dir='ltr'><strong>si</strong></span> <span class='ocrx_word' id='word_1_960' title='bbox 2506 5630 2824 5691; x_wconf 88' lang='lat' dir='ltr'><strong>potestatem</strong></span> <span class='ocrx_word' id='word_1_961' title='bbox 2873 5620 3064 5686; x_wconf 89' lang='lat' dir='ltr'><strong>habet,</strong></span> <span class='ocrx_word' id='word_1_962' title='bbox 3113 5631 3166 5675; x_wconf 90' lang='lat' dir='ltr'><strong>et</strong></span> <span class='ocrx_word' id='word_1_963' title='bbox 3209 5621 3444 5676; x_wconf 85' lang='lat' dir='ltr'><strong>inveniat</strong></span> <span class='ocrx_word' id='word_1_964' title='bbox 3484 5636 3608 5676; x_wconf 88' lang='lat' dir='ltr'><strong>eum</strong></span> <span class='ocrx_word' id='word_1_965' title='bbox 3645 5619 3775 5689; x_wconf 86' lang='lat' dir='ltr'><strong>:qni</strong></span> 
     </span>
    </p>
   </div>
   <div class='ocr_carea' id='block_1_119' title="bbox 2184 5711 3777 5782">
    <p class='ocr_par' dir='ltr' id='par_1_119' title="bbox 2184 5711 3777 5782">
     <span class='ocr_line' id='line_1_119' title="bbox 2184 5711 3777 5782; baseline -0.003 -14"><span class='ocrx_word' id='word_1_966' title='bbox 2184 5725 2354 5768; x_wconf 90' lang='lat' dir='ltr'><strong>tamen</strong></span> <span class='ocrx_word' id='word_1_967' title='bbox 2403 5713 2468 5766; x_wconf 91' lang='lat' dir='ltr'><strong>ab</strong></span> <span class='ocrx_word' id='word_1_968' title='bbox 2517 5711 2631 5782; x_wconf 85' lang='lat' dir='ltr'><strong>ejus</strong></span> <span class='ocrx_word' id='word_1_969' title='bbox 2682 5711 2988 5766; x_wconf 80' lang='lat' dir='ltr'><strong>inventione</strong></span> <span class='ocrx_word' id='word_1_970' title='bbox 3035 5711 3316 5766; x_wconf 71' lang='lat' dir='ltr'><strong>mendacio</strong></span> <span class='ocrx_word' id='word_1_971' title='bbox 3363 5724 3546 5766; x_wconf 88' lang='lat' dir='ltr'><strong>nostro</strong></span> <span class='ocrx_word' id='word_1_972' title='bbox 3592 5720 3777 5781; x_wconf 85' lang='lat' dir='ltr'><strong>posset</strong></span> 
     </span>
    </p>
   </div>
   <div class='ocr_carea' id='block_1_120' title="bbox 2247 5847 3776 5918">
    <p class='ocr_par' dir='ltr' id='par_1_120' title="bbox 2247 5847 3776 5918">
     <span class='ocr_line' id='line_1_120' title="bbox 2247 5847 3776 5918; baseline 0 -22"><span class='ocrx_word' id='word_1_973' title='bbox 2247 5851 2259 5878; x_wconf 92' lang='grc'></span> <span class='ocrx_word' id='word_1_974' title='bbox 2299 5856 2346 5897; x_wconf 84' lang='grc' dir='ltr'><strong></strong></span> <span class='ocrx_word' id='word_1_975' title='bbox 2373 5850 2527 5896; x_wconf 73' lang='lat' dir='ltr'><strong>veteri</strong></span> <span class='ocrx_word' id='word_1_976' title='bbox 2549 5848 2860 5918; x_wconf 60' lang='lat' dir='ltr'><strong>germaneusi</strong></span> <span class='ocrx_word' id='word_1_977' title='bbox 2885 5849 3082 5909; x_wconf 82' lang='lat' dir='ltr'><strong>codice,</strong></span> <span class='ocrx_word' id='word_1_978' title='bbox 3114 5847 3437 5910; x_wconf 68' lang='lat' dir='ltr'><strong>Tit/tgust&#39;itsis.</strong></span> <span class='ocrx_word' id='word_1_979' title='bbox 3484 5861 3529 5900; x_wconf 82' lang='lat' dir='ltr'><strong>tn</strong></span> <span class='ocrx_word' id='word_1_980' title='bbox 3577 5851 3776 5900; x_wconf 63' lang='lat' dir='ltr'><strong>(tullio:-</strong></span> 
     </span>
    </p>
   </div>
   <div class='ocr_carea' id='block_1_121' title="bbox 2186 5912 2610 5973">
    <p class='ocr_par' dir='ltr' id='par_1_121' title="bbox 2186 5912 2610 5973">
     <span class='ocr_line' id='line_1_121' title="bbox 2186 5912 2610 5973; baseline 0.002 -15"><span class='ocrx_word' id='word_1_981' title='bbox 2186 5912 2301 5971; x_wconf 84' lang='lat' dir='ltr'><strong>tino,</strong></span> <span class='ocrx_word' id='word_1_982' title='bbox 2328 5912 2610 5973; x_wconf 67' lang='lat' dir='ltr'><strong>&#39;Icguseusis.</strong></span> 
     </span>
    </p>
   </div>
  </div>
