4048 6502
221 421 320 477 505

217 535 415 592 averti.
457 533 801 603 Quapmpter
827 535 870 589 si
901 534 1075 589 nescis
1113 535 1200 589 ubi
1230 533 1333 597 sit,
1368 533 1512 587 nulla
1541 540 1625 588 est
1655 546 1814 587 causa

212 628 552 685 occultanda:
601 629 881 695 veritatis,
921 627 1015 681 sed
1066 636 1118 681 te
1151 627 1359 681 nescire
1402 624 1672 680 fatendum
1712 633 1815 678 est.

213 726 268 778 Si
298 731 479 777 autem
511 721 620 775 seis
651 720 740 776 ubi
768 721 836 776 sit
857 763 871 786 ,
919 724 1031 775 sive
1071 719 1141 774 ibi
1173 720 1240 774 sit
1277 719 1364 774 ubi
1392 718 1677 789 quwritur,
1703 717 1820 772 sive

213 813 340 869 alibi
366 831 381 879 ;
407 829 518 866 non
549 821 635 866 est
660 812 967 877 dicendum,
997 827 1118 866 cum
1145 811 1427 881 quaesitum
1453 809 1611 864 fuerit
1641 817 1820 862 utrum

209 907 280 961 ibi
328 905 400 959 sit
420 943 436 966 ,
481 921 550 958 an
579 919 688 958 non
719 904 824 971 sit,
852 903 970 958 Non
1008 903 1128 958 dico
1154 901 1295 972 quod
1340 903 1535 973 quaeris
1568 920 1582 956 :
1613 900 1708 956 sed
1735 899 1819 955 di-

209 996 443 1051 cendum
467 1037 482 1060 ,
513 995 638 1050 Scio
665 995 755 1050 ubi
781 996 869 1062 sit,
898 993 993 1049 sed
1030 1009 1300 1064 nunquam
1330 993 1658 1047 monstrabo.
1688 992 1820 1045 Nam

162 1111 182 1158 ξ
211 1088 250 1138 si
283 1087 350 1141 de
376 1103 486 1141 uno
532 1087 653 1141 loco
695 1101 800 1141 non
839 1085 1167 1156 respondeas
1192 1126 1206 1150 ,
1237 1095 1290 1140 ει
1321 1095 1373 1139 ιε
1417 1099 1520 1138 non
1553 1099 1673 1138 esse
1702 1099 1822 1153 pro-

151 1249 154 1254 ‘
211 1179 449 1233 diturum
483 1179 732 1244 fatearis;
781 1179 883 1233 tale
913 1187 996 1234 est
1024 1193 1087 1231 ac
1112 1179 1153 1231 si
1183 1176 1430 1232 eumdem
1458 1176 1629 1231 locum
1657 1175 1823 1245 digito

210 1271 513 1327 ostendas:
547 1281 794 1326 movetur
835 1269 980 1324 enim
1033 1278 1178 1323 certa
1231 1267 1483 1338 suspicio.
1541 1267 1596 1320 Si
1642 1274 1820 1321 autem

215 1365 393 1437 primo
421 1365 645 1419 fatearis
675 1371 727 1419 te
754 1363 893 1419 scire
915 1363 1002 1418 ubi
1031 1362 1120 1426 sit,
1145 1360 1240 1416 sed
1267 1375 1373 1416 non
1404 1359 1619 1426 dicere;
1651 1367 1824 1430 potest

213 1457 448 1513 fortasse
469 1457 538 1511 ab
569 1457 662 1511 illo
699 1457 817 1511 loco
847 1453 1129 1526 inquisitor
1154 1454 1323 1508 averti
1349 1495 1365 1521 ,
1397 1463 1451 1508 et
1482 1453 1571 1507 tibi
1598 1453 1706 1522 jam
1739 1453 1822 1506 in-

210 1550 494 1617 cumbere,
527 1558 584 1603 ut
605 1549 693 1603 ubi
719 1556 802 1603 εει
829 1563 860 1602 a
891 1556 942 1602 te
971 1545 1248 1617 prodatur.
1277 1545 1382 1600 Pro
1405 1560 1506 1615 qua
1533 1544 1636 1599 fide
1663 1553 1822 1613 atque

213 1642 551 1700 humanitate
577 1638 836 1711 quidquid
867 1637 1077 1693 fortiter
1109 1635 1296 1692 tuleris
1320 1678 1335 1702 ,
1370 1651 1476 1690 non
1503 1635 1680 1689 solum
1712 1648 1820 1688 non

209 1732 482 1802 culpabile
507 1771 523 1797 ,
573 1731 669 1786 sed
718 1730 880 1786 etiam
924 1727 1189 1783 laudabile
1223 1727 1493 1797 jndicatur
1533 1744 1547 1781 :
1583 1726 1821 1796 exceptis

211 1825 474 1878 duntaxat
525 1823 608 1878 his
637 1839 756 1894 qua:
789 1823 834 1876 si
879 1835 1069 1894 passus
1093 1821 1250 1875 fuerit
1281 1819 1444 1875 homo
1469 1861 1483 1883 ,
1531 1834 1637 1874 non
1667 1818 1820 1873 forti-

215 1927 295 1972 tcr
319 1958 336 1983 ,
379 1915 479 1971 sed
529 1915 796 1985 impudice
825 1929 888 1968 ac
926 1913 1152 1983 turpiter
1181 1913 1288 1983 pati
1333 1911 1545 1966 dicitur.
1597 1910 1710 1965 lloc
1738 1919 1822 1966 est

212 2011 358 2064 enim
390 2009 641 2063 ultinmm
684 2006 1060 2074 mendacium,
1111 2004 1179 2060 de
1217 2019 1323 2075 quo
1367 2002 1674 2074 diligentius
1715 2011 1823 2057 tra-

213 2099 473 2155 ctandum
502 2110 606 2154 εει.

282 2191 517 2247 CAPUT
540 2191 680 2246 XIV.
703 2221 776 2232 —
793 2191 883 2247 25.
903 2190 1288 2246 Mendaciorum
1316 2200 1428 2246 octo
1445 2207 1650 2263 genera.
1684 2189 1818 2244 Nam

217 2286 449 2353 primum
478 2292 560 2338 est
587 2283 652 2337 ad
684 2283 990 2338 evitandum
1023 2283 1248 2354 capitale
1278 2283 1612 2338 mendacium
1638 2283 1820 2353 longe-

220 2393 316 2446 que
364 2375 710 2446 fugiendum,
756 2376 898 2445 quod
938 2375 995 2430 fit
1036 2377 1089 2430 in
1129 2376 1370 2431 doctrina
1411 2376 1684 2446 religionis
1714 2394 1726 2429 :
1751 2375 1818 2431 ad

221 2467 356 2538 quod
403 2467 742 2522 mendacium
785 2467 926 2522 nulla
968 2468 1279 2526 conditione
1324 2469 1608 2539 quisquam
1660 2467 1820 2522 debet

219 2561 432 2614 adduci.
471 2559 779 2615 Secundum
817 2567 992 2614 autem
1015 2601 1030 2627 ,
1060 2570 1119 2614 ut
1140 2560 1372 2630 aliquem
1404 2560 1559 2614 lardat
1583 2560 1814 2629 injuste:

215 2654 356 2723 quod
389 2654 495 2709 tale
523 2662 624 2720 est,
657 2663 714 2707 ιιι
739 2663 794 2708 ει
818 2653 944 2711 nulli
976 2653 1180 2723 prosit,
1222 2660 1279 2708 et
1306 2653 1446 2707 obsit
1467 2653 1645 2708 alicui.
1681 2653 1818 2708 Ter-

215 2751 378 2813 tium,
426 2747 568 2818 quod
598 2747 667 2801 ita
703 2747 919 2818 prodest
941 2747 1128 2810 alteri,
1162 2755 1218 2800 ut
1243 2745 1386 2800 obsit
1407 2745 1562 2800 alteri
1589 2786 1602 2809 ,
1633 2761 1821 2815 quam-

216 2842 296 2894 vis
324 2857 430 2895 non
454 2840 522 2895 ad
553 2839 941 2894 immunditiam
973 2839 1116 2894 obsit
1139 2837 1495 2909 cor'poralem.
1536 2837 1814 2906 Quartum,

213 2933 355 3006 quod
385 2934 444 2987 fit
485 2933 597 2988 sola
648 2932 942 2988 mentiendi
991 2931 1314 3002 fallendique
1360 2931 1577 2985 libidine
1608 2973 1623 2997 ,
1675 2927 1817 3000 quod

215 3042 422 3080 merum
454 3025 791 3080 mendacium
836 3035 938 3080 est.
984 3024 1239 3094 Quintum
1265 3066 1278 3088 ,
1312 3024 1452 3094 quod
1483 3024 1539 3077 fit
1574 3024 1818 3093 placendi

215 3119 508 3188 cupiditate
549 3117 614 3172 de
652 3118 1012 3187 suaviloqnio.
1059 3117 1153 3170 His
1182 3115 1432 3170 omnibus
1457 3116 1670 3186 penitus
1699 3114 1817 3168 evi-

216 3211 337 3265 tatis
361 3217 525 3280 atque
560 3209 776 3278 rejectis
800 3249 815 3274 ,
861 3208 1101 3278 sequitur
1128 3216 1336 3262 sextum
1361 3221 1531 3276 genus
1554 3249 1568 3273 ,
1597 3207 1738 3278 quod
1765 3215 1820 3261 ει

215 3302 344 3358 nulli
373 3302 563 3366 obest,
605 3311 659 3355 ct
686 3299 904 3370 prodest
939 3299 1098 3354 alicui
1130 3316 1143 3352 :
1179 3299 1324 3352 velut
1351 3297 1396 3351 si
1423 3297 1685 3368 quispiam
1717 3311 1816 3368 pe-

213 3396 424 3451 cuniam
475 3392 702 3462 alicujus
748 3391 942 3461 injuste
989 3391 1278 3446 tollendam
1306 3432 1322 3457 ,
1375 3391 1553 3445 sciens
1598 3389 1685 3444 ubi
1723 3389 1813 3458 sit,

214 3486 428 3540 nescire
453 3500 514 3540 se
544 3485 834 3540 mentiatur
858 3498 1196 3553 quocumque
1224 3483 1605 3554 interrogante.
1635 3482 1816 3552 Septi-

213 3595 382 3644 mutn,
425 3576 568 3648 quod
593 3586 645 3630 et
676 3575 807 3630 nulli
830 3575 1012 3642 obest,
1037 3583 1092 3630 et
1117 3575 1334 3644 prodest
1359 3575 1514 3630 alicui
1547 3593 1560 3629 :
1589 3583 1815 3644 excepto

211 3671 253 3724 si
297 3669 471 3739 judex
537 3668 831 3738 interrogat
865 3684 878 3720 :
911 3667 1057 3720 velut
1101 3665 1145 3720 si
1195 3666 1382 3720 nolens
1429 3665 1700 3720 hominem
1746 3663 1812 3719 ad

211 3769 439 3818 mortem
467 3758 749 3828 qumsitum
791 3755 1056 3828 prodere,
1106 3757 1438 3819 mentiatur;
1486 3773 1590 3809 non
1639 3757 1812 3810 solum

206 3851 408 3921 justum
454 3859 615 3919 atque
645 3849 982 3903 innocentem
1009 3891 1024 3915 ,
1058 3847 1150 3902 sed
1191 3855 1244 3902 et
1288 3863 1436 3902 reum
1467 3865 1480 3912 ;
1515 3849 1637 3918 quia
1668 3847 1806 3900 chri-

211 3945 398 3999 etiame
429 3942 724 4012 disciplina:
755 3942 856 4009 sit,
907 3951 967 3996 ut
1013 3957 1186 4012 neque
1221 3941 1289 3996 de
1331 3942 1644 4011 cujusquam
1686 3957 1810 3997 cor-

209 4037 448 4090 rectione
475 4034 826 4104 desperetur,
874 4049 1049 4104 neque
1084 4036 1331 4104 cuiquam
1374 4033 1666 4103 pmnitendi
1714 4033 1807 4087 ad-

207 4127 311 4180 itus
339 4125 777 4180 intercludatur‘:
806 4124 883 4179 De
905 4125 1098 4195 quibus
1127 4123 1333 4178 duobus
1355 4123 1665 4195 generibus,
1690 4142 1808 4195 qua:

205 4220 382 4274 solent
409 4218 610 4273 habere
636 4232 882 4287 magnam
927 4215 1348 4271 controversiam
1370 4259 1385 4281 ,
1435 4217 1565 4272 satis
1611 4226 1810 4274 tracta-

205 4313 411 4375 vimus,
455 4318 510 4364 et
538 4308 663 4378 quid
692 4308 847 4363 nobis
874 4308 1110 4377 placeret
1149 4307 1484 4363 ostendimus
1511 4326 1524 4363 :
1556 4318 1612 4363 ut
1642 4311 1809 4364 susci-

207 4401 420 4472 pieadis
472 4398 1042 4465 incommoditatibus,
1082 4414 1202 4467 quze
1245 4397 1470 4453 honeste
1499 4416 1563 4454 ac
1601 4399 1810 4455 fortiter

207 4495 511 4547 tolerantur
531 4533 544 4556 ,
576 4491 692 4546 hinc
715 4506 929 4560 quoque
957 4506 1157 4562 genera
1181 4490 1489 4546 devitenlur
1517 4507 1546 4546 a
1580 4493 1807 4548 fortibus

199 4599 247 4641 et
297 4584 554 4640 fidelibus
599 4593 655 4640 et
694 4584 973 4638 veracibus
1004 4583 1134 4638 viris
1162 4598 1225 4638 ac
1265 4581 1496 4638 feminis.
1544 4582 1804 4638 Octavum

198 4689 275 4730 est
303 4691 485 4748 genus
515 4675 814 4742 mendacii,
846 4673 988 4746 quod
1031 4684 1085 4729 et
1128 4675 1259 4729 nulli
1294 4675 1449 4730 obest
1473 4717 1488 4741 ,
1521 4684 1575 4730 ει
1609 4677 1674 4731 ad
1707 4676 1808 4733 hoc

203 4769 445 4836 prodest,
479 4777 536 4822 ut
561 4768 630 4822 ab
660 4766 994 4822 immunditia
1020 4767 1284 4836 corporali
1309 4768 1538 4836 aliquem
1573 4777 1804 4837 tueatur,

199 4862 463 4915 duntaxat
492 4875 556 4915 ea
583 4875 743 4930 quam
788 4859 1035 4931 superius
1070 4862 1626 4927 commemorauimus.
1673 4861 1803 4916 Nam

199 4955 359 5008 etiam
402 4969 512 5006 non
561 4951 687 5006 lotis
718 4951 962 5005 manibus
1003 4949 1324 5007 manducare
1349 4993 1363 5018 ,
1415 4952 1802 5008 immunditiam

201 5048 462 5116 putabant
502 5044 674 5100 Judaei
715 5043 924 5114 (Matth.
957 5059 1027 5098 xv
1053 5084 1067 5109 ,
1099 5043 1168 5109 2,
1197 5042 1310 5114 ‘20).
1358 5044 1464 5098 Aut
1501 5045 1544 5099 si
1577 5053 1630 5099 et
1668 5044 1806 5100 hanc

199 5139 480 5208 quisquam
509 5134 898 5190 immunditiam
930 5143 1112 5200 vocat;
1151 5149 1256 5188 non
1281 5143 1454 5189 tamen
1485 5136 1640 5194 talem
1664 5179 1676 5201 ,
1705 5152 1803 5209 pro

197 5250 296 5306 qua
323 5231 572 5290 evitanda
603 5229 972 5286 mentiendum
1014 5228 1102 5288 sit.
1154 5227 1209 5284 Si
1245 5238 1420 5284 autem
1466 5231 1801 5287 mendacium

199 5325 300 5381 tale
329 5335 446 5392 est,
491 5323 636 5394 quod
665 5321 823 5377 alicui
857 5321 1016 5375 faciat
1054 5320 1298 5389 injuriam
1325 5336 1340 5387 ;
1371 5323 1579 5377 etiamsi
1606 5323 1673 5377 ab
1703 5324 1802 5381 hac

197 5417 534 5472 immnnditia
561 5460 574 5483 ,
623 5431 784 5486 quam
810 5430 999 5470 omnes
1025 5414 1268 5470 homines
1296 5415 1584 5471 abhorrent
1614 5433 1675 5472 ac
1702 5417 1800 5473 de-

197 5519 496 5574 ιεςιειιιιιιιο,
545 5506 752 5561 muniat
801 5504 1111 5568 hominem;
1157 5515 1334 5560 utrum
1367 5515 1422 5561 et
1465 5505 1568 5562 hoc
1600 5523 1800 5578 genere

195 5599 562 5656 mentiendum
597 5598 669 5652 sit
697 5639 712 5665 ,
755 5597 800 5652 si
833 5597 952 5652 talis
983 5597 1073 5651 fiat
1099 5596 1289 5668 injuria
1318 5613 1411 5669 per
1440 5598 1797 5671 mendacium,

255 5717 271 5747 ³
308 5715 453 5778 Lugd.
491 5712 706 5765 omittit.
742 5716 953 5778 Excepto
982 5711 1027 5762 si
1051 5710 1216 5773 jadcx
1257 5709 1551 5776 interrogat,
1581 5721 1632 5764 et
1661 5716 1800 5766 uncis

190 5777 425 5828 ennchtdit
446 5778 602 5827 vet-ha
625 5777 914 5838 sequentia,
942 5787 1052 5837 qua:
1084 5781 1304 5838 Erasmus
1326 5779 1540 5838 praeterit
1563 5780 1758 5827 omnino
1782 5793 1793 5827 :

200 5841 328 5891 νήνι
344 5841 387 5891 si
409 5841 500 5892 ηοιε
519 5852 578 5888 m-
616 5834 975 5887 homincm.....'
1001 5834 1262 5900 pu'm'tcmli
1308 5834 1467 5889 aditus
1499 5838 1796 5894 interi-(mlit-

189 5908 278 5952 tur.
343 5912 398 5954 ιι.

1652 413 1856 470 LIBER
1899 414 2093 476 UNUS.

3420 442 3525 494 506

1927 549 2048 602 qua:
2089 552 2191 592 non
2223 540 2291 593 sit
2321 541 2372 594 in
2400 556 2466 597 eo
2493 558 2690 614 genere
2719 546 3067 606 immunditiae
3090 593 3106 620 ,
3139 553 3208 609 de
3246 570 3352 626 quo
3379 569 3522 612 nunc

1928 627 2153 696 agimus,
2182 631 2282 684 alia
2313 635 2535 702 qu:estio
2562 647 2645 692 cst
2671 655 2684 691 :
2713 655 2817 695 non
2847 643 2989 696 enim
3014 643 3124 713 jam
3156 645 3222 700 de
3243 649 3524 704 mendacio

1928 720 2218 787 quan-itur;
2251 723 2344 778 sed
2374 729 2629 795 quaeritur
2656 739 2830 784 utrum
2874 733 3030 788 alicui
3069 735 3303 792 facienda
3332 739 3401 794 sit
3436 739 3522 795 in-

1925 808 2063 877 juria
2088 813 2250 867 etiam
2283 831 2386 869 nou
2415 833 2508 885 per
2532 820 2866 876 mendacium
2889 865 2902 886 ,
2933 833 2990 878 ut
3014 826 3098 879 illa
3126 829 3193 882 ab
3213 829 3381 885 altero
3415 830 3520 887 im-

1929 903 2187 958 munditia
2229 906 2545 978 depellatur.
2601 913 2752 981 Quod
2799 916 2944 969 nullo
2987 922 3146 973 modo
3187 924 3522 991 putaverim:

1929 1011 2229 1067 quanquam
2259 1014 2621 1073 proponantur
2657 1007 2940 1064 levissima:
2979 1011 3186 1082 injuriae
3209 1055 3224 1078 ,
3256 1016 3416 1070 veluti
3445 1025 3528 1072 est

1930 1089 2016 1143 illa
2047 1108 2205 1163 quam
2232 1096 2298 1150 de
2327 1113 2431 1152 uno
2452 1100 2632 1154 modio
2656 1103 2854 1156 amisso
2883 1119 3042 1174 supra
3072 1109 3484 1163 commemoravi
3507 1126 3522 1177 ;

1929 1191 1985 1236 et
2027 1185 2246 1240 multum
2291 1190 2634 1258 perturbent,
2683 1203 2856 1248 utrum
2896 1210 3000 1250 non
3029 1195 3317 1254 debeamus
3353 1200 3526 1256 facere

1928 1275 2174 1346 cuiquam
2204 1281 2284 1335 vel
2326 1281 2486 1337 talem
2533 1284 2779 1354 injuriam
2808 1329 2821 1352 ,
2861 1288 2906 1342 si
2951 1303 3013 1343 ea
3043 1298 3216 1358 potest
3255 1292 3425 1358 alius,
3457 1309 3526 1349 ne

1929 1375 2170 1434 susp-rum
2213 1370 2474 1439 patiatur,
2507 1373 2722 1430 defendi
2752 1386 2844 1433 aut
2873 1379 3090 1434 muniri.
3132 1379 3240 1437 Sed
3264 1424 3279 1450 ,
3308 1391 3366 1438 ut
3391 1383 3521 1452 dixi,

1927 1457 2028 1511 alia
2060 1462 2280 1527 qumSIio
2302 1472 2404 1518 est.

1998 1546 2224 1604 CAPUT
2249 1551 2366 1607 XV.
2398 1585 2468 1596 -ο
2492 1555 2826 1615 Auctoritates
2855 1561 3058 1630 divince,
3100 1565 3278 1635 quibus
3316 1567 3526 1621 menda-

1927 1639 2060 1692 cium
2106 1643 2420 1711 prohibetur,
2452 1648 2654 1716 aliaque
2681 1663 2935 1723 prwccpta
2964 1671 3026 1708 cx
3055 1658 3206 1726 factis
3232 1667 3523 1712 sanctorum

1929 1730 2278 1803 intelligenda.
2311 1734 2631 1808 Praeceptum
2686 1742 2946 1812 pra'bcndi
2990 1747 3202 1800 alterunt
3257 1748 3521 1803 maxillam

1928 1824 2244 1889 percutienti.
2273 1824 2591 1900 Prteceptum
2620 1849 2722 1887 non
2769 1835 2987 1904 jurandi
3034 1839 3259 1892 omnino.
3314 1838 3518 1894 Prtere-

1926 1924 2067 1986 ptum
2097 1935 2197 1972 non
2218 1922 2476 1991 cogitandi
2501 1923 2564 1978 de
2591 1927 2831 1980 crastino.
2857 1929 3175 1999 Prwceptum
3201 1947 3262 1984 ne
3283 1930 3513 2000 Apostoli

1925 2027 2090 2065 secum
2115 2014 2309 2082 aliquid
2337 2027 2534 2084 portent
2563 2019 2614 2072 in
2642 2019 2740 2073 via.
2782 2020 2933 2077 Nunc
2957 2023 3085 2078 illud
3115 2023 3256 2096 quod
3284 2026 3523 2080 institui-

1925 2121 2069 2170 mus,
2099 2123 2415 2179 peragamus
2446 2129 2459 2164 :
2490 2123 2666 2167 utrtun
2718 2116 3080 2171 mentiendum
3123 2119 3211 2184 sit,
3266 2119 3310 2173 si
3359 2119 3520 2174 etiam

1925 2197 2248 2255 inevitabilis
2272 2203 2505 2257 conditio
2535 2217 2884 2276 pr0ponatur,
2906 2219 2962 2264 ut
2988 2218 3082 2264 aut
3111 2213 3210 2265 hnc
3235 2211 3512 2281 faciamus,

1923 2299 2016 2343 aut
2046 2299 2288 2360 stuprum
2323 2294 2608 2362 patiamur,
2651 2298 2736 2352 vel
2763 2299 2992 2369 aliquam
3019 2302 3403 2356 exsecrabilem
3437 2305 3519 2358 in-

1923 2382 2320 2450 quinationcm;
2355 2387 2565 2442 etiamsi
2608 2391 2920 2445 mentiendo
2952 2393 3087 2446 nulli
3131 2393 3390 2450 faciamus
3433 2396 3516 2449 in-

1920 2472 2134 2543 juriam.

1992 2565 2084 2622 26.
2116 2568 2188 2622 De
2215 2583 2318 2639 qua
2340 2587 2398 2626 re
2427 2572 2628 2644 patebit
2666 2574 2859 2645 aliquis
2883 2575 3298 2632 considerationi
3344 2579 3516 2648 locus,

1923 2659 1966 2712 si
2001 2660 2146 2728 prius
2173 2661 2382 2716 divinas
2408 2665 2779 2734 auctoritates,
2813 2685 2931 2738 qua:
2963 2669 3300 2725 mendacium
3335 2671 3518 2740 prohi-

1924 2752 2070 2821 bent,
2102 2755 2388 2826 diligenter
2435 2757 2783 2814 discutiamus
2814 2777 2828 2813 :
2855 2761 2898 2815 si
2940 2763 3082 2816 enim
3125 2763 3254 2832 ipsm
3308 2765 3512 2819 nullum

1922 2845 2049 2900 dant
2079 2847 2274 2913 locum,
2309 2850 2503 2904 frustra
2523 2852 2812 2921 qumrimus
2838 2870 2941 2923 qua
2984 2870 3281 2921 exeamus;
3326 2866 3516 2911 tenen-

1922 2937 2048 2993 dum
2079 2948 2162 2994 cst
2201 2942 2343 2995 enim
2377 2944 2521 2997 omni
2555 2944 2715 2999 modo
2743 2955 3069 3016 pra‘ceptum
3097 2948 3211 3014 Dei,
3248 2949 3514 3003 ctvolun-

1925 3037 2006 3084 tas
2056 3030 2150 3085 Dei
2192 3032 2245 3086 in
2303 3033 2368 3088 iis
2397 3050 2516 3104 qttze
2557 3037 2787 3090 tenendo
2830 3047 3154 3108 princepfum
3208 3039 3326 3108 ejus
3371 3041 3516 3110 passi

1923 3124 2202 3188 fuerimus,
2245 3141 2399 3197 mqno
2428 3128 2608 3182 animo
2634 3128 2906 3198 sequenda
2951 3129 3038 3184 :si
3082 3139 3259 3183 autem
3308 3132 3516 3185 relaxa-

1926 3226 2009 3270 tur
2029 3218 2220 3287 aliquis
2247 3220 2448 3286 exitus,
2481 3235 2585 3275 non
2626 3231 2708 3275 est
2750 3222 2801 3275 in
2831 3221 2918 3276 tali
2947 3237 3106 3276 causa
3152 3224 3512 3278 recusandum

1923 3307 2280 3364 mendacium.
2313 3311 2604 3381 Pr0pterea
2641 3311 2834 3367 divina:
2863 3313 3157 3383 Scriptura:
3201 3331 3304 3368 non
3339 3317 3511 3369 solum

1868 3447 1873 3452 .
1921 3412 2186 3473 praecepta
2216 3403 2306 3457 Dei
2346 3406 2638 3470 continent,
2669 3405 2763 3459 sed
2810 3408 2969 3461 etiam
3011 3408 3177 3462 vitam
3227 3423 3514 3478 moresque

1913 3493 2217 3563 justorum;
2250 3504 2305 3549 ut
2348 3496 2393 3551 si
2422 3495 2558 3552 forte
2607 3498 2874 3552 occultum
2901 3507 3004 3562 est,
3061 3499 3508 3569 quemadmodum

1918 3590 2285 3659 accipiendum
2311 3591 2379 3644 sit
2405 3591 2546 3662 quod
2577 3593 2903 3662 pra-cipitur,
2949 3594 2998 3647 in
3050 3592 3204 3647 factis
3242 3595 3508 3662 justormn

1919 3680 2260 3750 intelligatur.
2309 3683 2560 3752 Exceptis
2614 3683 2791 3754 itaque
2833 3683 2914 3737 his
2960 3683 3114 3738 factis
3169 3700 3288 3754 quae
3337 3693 3513 3754 potest

1917 3771 2142 3842 quisque
2158 3772 2224 3826 ad
2242 3773 2583 3843 allegorieam
2604 3774 3047 3844 significationetn
3076 3774 3298 3842 referre,
3322 3791 3512 3844 quam-

1916 3865 1996 3918 vis
2025 3874 2170 3934 gesta
2194 3881 2313 3919 csse
2353 3881 2511 3920 nemo
2541 3867 2797 3938 ambigat,
2829 3868 2984 3921 sicuti
3012 3875 3138 3921 sunt
3179 3868 3289 3921 fere
3328 3867 3507 3921 omnia

1917 3957 1967 4011 in
1990 3957 2136 4012 libris
2165 3957 2375 4013 Veteris
2414 3959 2742 4014 Testamenti
2770 3960 3077 4030 :qnisenim
3102 3960 3172 4015 ibi
3194 3961 3392 4030 aliquid
3414 3977 3507 4014 au-

1915 4049 2042 4103 deat
2069 4050 2338 4104 aflirmare
2365 4067 2468 4105 non
2511 4051 2780 4122 pertinere
2820 4052 2885 4106 ad
2917 4054 3191 4122 figuratam
3252 4068 3506 4122 prtenun-

1916 4141 2234 4196 tiationcm?
2262 4143 2467 4214 Quippe
2489 4159 2611 4198 cum
2640 4144 2928 4213 ApOstolus
2958 4145 3120 4200 etiam
3151 4144 3288 4200 filios
3338 4147 3508 4200 Abra-

1916 4233 2020 4300 ha:,
2051 4250 2185 4304 quos
2238 4237 2420 4306 utique
2455 4237 2679 4290 naturali
2708 4236 2901 4292 ordine
2954 4239 3279 4308 prepagandi
3325 4241 3505 4310 populi

1914 4327 2090 4382 editos
2117 4343 2236 4382 esse
2264 4340 2425 4398 atque
2449 4330 2645 4384 vixisse
2673 4328 2926 4384 facillime
2953 4329 3150 4385 dicitur
3202 4331 3328 4396 (mm
3361 4334 3501 4386 enim

1913 4428 2153 4475 monstra
2183 4431 2237 4476 ct
2264 4420 2501 4492 prodigia
2531 4429 2653 4476 nata
2677 4433 2819 4488 sunt,
2863 4431 2919 4476 ut
2947 4421 3012 4476 ad
3055 4421 3498 4493 significationem

1912 4514 2145 4582 aliquam
2198 4513 2397 4567 ducant
2432 4514 2720 4585 animum),
2767 4514 2874 4568 duo
2931 4526 3106 4569 tamen
3153 4516 3498 4572 Testamenta

1911 4605 2213 4676 significare
2241 4617 2445 4661 asserat
2475 4605 2669 4678 (Gulal.
2702 4623 2772 4675 tv,
2817 4607 3038 4680 22-24);
3093 4619 3147 4663 ct
3190 4609 3500 4664 beneficium

1912 4698 2040 4752 illud
2080 4699 2343 4762 mirabile,
2386 4699 2529 4770 quod
2561 4701 2702 4755 Deus
2726 4702 2922 4770 populo
2947 4702 3103 4756 Israel
3147 4705 3393 4772 praestitit
3431 4704 3497 4759 ad

1911 4791 2177 4847 emendos
2207 4808 2301 4847 eos
2328 4793 2395 4848 dc
2423 4794 2698 4859 servitute,
2751 4811 2855 4865 qua
2898 4795 2949 4848 in
2998 4794 3235 4866 ngypto
3280 4811 3492 4866 preme-

1911 4885 2122 4950 bantur,
2155 4900 2480 4955 pmnamquc
2503 4886 2774 4951 vindicttc,
2814 4902 2934 4942 cum
2969 4887 3019 4941 in
3062 4888 3252 4942 itinere
3277 4903 3497 4956 peccas-

1910 4983 2050 5042 sent,
2117 4975 2170 5028 in
2235 4974 2401 5044 ﬁgura
2455 4977 2742 5046 contigisse
2787 4977 2929 5031 dicat
2978 4975 3157 5046 (lCor.
3193 4995 3245 5039 x,
3287 4979 3495 5047 i-ll):

1909 5083 2028 5136 quae
2066 5066 2202 5120 facta
2243 5066 2502 5133 invenies,
2528 5068 2720 5138 quibus
2759 5067 2912 5120 istam
2966 5068 3201 5136 regulam
3247 5068 3496 5138 derogcs,

1908 5171 1962 5216 cl
1988 5162 2258 5219 affirmare
2281 5177 2574 5232 praesumas
2602 5160 2668 5214 ad
2699 5162 2918 5231 figuram
2943 5160 3176 5230 aliquam
3227 5178 3331 5215 non
3374 5178 3495 5218 esse

1909 5255 2234 5326 redigenda?
2263 5255 2358 5308 llis
2375 5270 2500 5322 ergo
2523 5253 2783 5322 exceptis,
2808 5269 2868 5307 ea
2899 5269 3016 5321 qtae
3040 5253 3091 5307 in
3125 5252 3275 5309 Novo
3311 5254 3501 5311 Testa-

1908 5357 2090 5402 mento
2128 5363 2156 5400 a
2198 5346 2395 5399 sanctis
2441 5343 2576 5397 facta
2617 5351 2772 5408 suat,
2830 5343 2917 5397 ubi
2959 5359 3166 5399 morum
3218 5345 3502 5400 imitando-

1907 5442 2064 5495 rum‘
2117 5439 2518 5494 evidentissima
2578 5437 2974 5492 commendatio
3021 5448 3125 5505 est,
3160 5441 3371 5495 valeant
3426 5440 3493 5496 ad

1905 5533 2147 5601 exempla
2183 5531 2644 5602 infclligcndarum
2673 5532 3092 5602 Scripturarum,
3127 5549 3245 5604 qua:
3273 5535 3324 5590 itt
3355 5551 3493 5606 prze-

1905 5627 2074 5696 ceptis
2104 5625 2305 5694 digesta
2347 5633 2491 5679 sunt.

1975 5719 2062 5774 27.
2101 5719 2256 5772 Velut
2284 5735 2405 5772 cum
2431 5718 2656 5789 legimus
2679 5719 2729 5772 in
2772 5718 3085 5790 Evangelio,
3112 5719 3362 5789 Accepiin
3384 5721 3492 5774 ala-

1905 5829 2044 5884 pam,
2076 5831 2196 5881 pura
2238 5813 2450 5866 alterum
2490 5814 2752 5866 uinxit/um
2795 5813 3003 5880 (ναίω.
3036 5831 3087 5880 v,
3117 5814 3228 5884 30).
3294 5813 3493 5870 Excut-

1975 5906 1988 5936 ι
2030 5900 2192 5953 t‘lures
2219 5910 2342 5963 uss,
2369 5901 2745 5954 cmcmfatormn.
