3986 6514
506 415 607 472 50³1

507 531 647 598 plum
687 532 862 579 autent
902 518 1166 591 patientiae
1206 515 1406 571 nullum
1443 529 1598 584 quam
1644 512 1810 582 ipsius
1863 510 2073 566 Domini

506 616 769 687 potentius
801 620 857 668 et
899 609 1242 666 excellentius
1283 605 1587 660 invenimus
1630 611 1724 657 :at
1775 602 1892 672 ipse
1947 616 2068 656 curn

502 707 648 774 alapa
674 716 957 774 percussus
983 710 1146 766 esset,
1179 715 1284 754 non
1325 696 1417 761 ait,
1454 697 1592 750 Ecce
1619 695 1785 749 altera
1825 693 2074 758 maxilla;

502 796 594 850 sed
621 797 715 861 ait,
757 794 818 850 Si
871 792 1002 847 ntale
1028 791 1157 858 dixi,
1204 788 1451 860 exprobra
1499 788 1562 840 de
1610 784 1782 848 malo;
1827 783 1871 839 si
1912 792 2078 836 autem

503 889 642 952 bene,
670 884 792 958 quid
818 899 896 938 me
921 882 1073 938 ewdis
1127 880 1304 953 (Joan.
1357 894 1480 933 xvut
1511 919 1526 942 ,
1563 876 1704 946 25)?
1756 874 1854 931 Ubi
1893 880 2080 928 osten-

503 977 603 1042 dit,
649 977 792 1030 illam
832 971 1273 1044 prazparationem
1318 967 1542 1022 alterius
1584 965 1811 1020 maxilla:
1839 963 1890 1017 in
1919 961 2081 1018 corde

506 1067 823 1120 faciendam.
851 1063 1003 1132 Quod
1029 1063 1188 1118 etiam
1225 1059 1498 1130 apostolus
1539 1057 1731 1111 Paulus
1760 1055 1942 1124 utique
1979 1067 2080 1106 no-

504 1169 695 1214 verat:
729 1174 850 1212 nam
883 1167 936 1212 et
958 1157 1070 1226 ipse
1099 1170 1220 1210 cum
1259 1159 1404 1208 esset
1443 1152 1595 1221 alapa
1629 1162 1912 1220 percussus
1958 1155 2082 1201 ante

507 1254 840 1315 Pontilicem,
871 1266 978 1306 non
1005 1251 1099 1315 ait,
1134 1249 1358 1304 Percute
1385 1245 1655 1300 maxillam
1682 1242 1926 1304 alteram;
1956 1238 2074 1305 sed,

507 1344 761 1399 Percutiet
791 1354 837 1398 te
863 1342 1109 1396 Dominus
1161 1340 1350 1408 inquit,
1405 1339 1569 1407 paries
1624 1332 1852 1387 dealbate
1883 1347 1900 1384 :
1935 1340 1980 1384 et
2027 1340 2081 1383 tu

509 1437 650 1490 sedes
667 1435 904 1506 judicare
931 1449 1008 1486 me
1027 1431 1301 1486 secundum
1327 1428 1508 1499 legem,
1533 1436 1578 1480 et
1608 1433 1783 1478 contra
1813 1423 1972 1494 legem
1991 1421 2083 1491 ju-

511 1525 593 1579 bes
625 1540 702 1578 me
731 1523 918 1595 percuti
968 1523 1104 1592 (Act.
1132 1536 1280 1585 χχιιι,
1329 1516 1703 1589 5)?altissime
1739 1514 1952 1569 intuens
2004 1526 2084 1566 sa-

509 1617 802 1672 cerdotium
867 1613 1171 1669 Iudaeorum
1241 1611 1351 1682 jam
1410 1610 1513 1663 tale
1553 1607 1748 1662 factum
1795 1604 1975 1666 fuisse,
2027 1609 2085 1656 ut.

510 1707 725 1761 nomine
755 1705 1048 1758 forinsecus
1086 1704 1298 1766 niteret,
1341 1701 1656 1754 intrinsecus
1701 1705 1877 1750 autem
1927 1693 2084 1748 luteis

507 1795 949 1865 concupiscentiis
971 1793 1247 1857 sorderet;
1275 1791 1415 1859 quod
1445 1790 1790 1845 transiturum
1818 1801 1938 1842 esse
1965 1785 2084 1838 vin-

507 1889 646 1942 dicta
675 1887 878 1941 Domini
909 1884 1122 1940 videbat
1159 1883 1212 1937 in
1243 1883 1462 1953 Spiritu,
1495 1897 1616 1936 cum
1661 1877 1790 1934 illud
1831 1878 2033 1932 diceret
2067 1893 2079 1930 :

507 1978 602 2032 sed
644 1985 816 2032 tamen
856 1991 950 2031 cor
980 1983 1220 2045 paratum
1246 1973 1494 2037 habebat,
1525 1987 1629 2026 non
1661 1971 1831 2024 solum
1860 1967 1926 2023 ad
1955 1969 2086 2022 alias

509 2068 692 2136 alapas
719 2065 1076 2136 accipiendas,
1108 2064 1202 2119 sed
1233 2065 1391 2118 etiam
1412 2061 1663 2133 qumlihet
1701 2068 1962 2114 tormenta
1991 2073 2086 2128 pro

509 2161 737 2216 veritate
764 2158 1029 2229 patienda,
1071 2173 1193 2212 cum
1242 2171 1427 2212 eorum
1484 2154 1770 2209 dilectione
1818 2169 1847 2205 a
1894 2150 2088 2221 quibus

511 2253 598 2308 illa
641 2261 931 2322 pateretur.

582 2346 672 2400 28.
712 2343 977 2414 Scriptum
1004 2353 1084 2397 est
1113 2343 1294 2406 etiam,
1329 2339 1439 2412 Ego
1467 2349 1634 2394 autem
1661 2339 1772 2392 dico
1797 2337 1952 2403 vobis,
1987 2353 2087 2390 non

511 2437 682 2502 iurare
711 2436 933 2489 omnino.
973 2435 1374 2491 .luravitautcm
1397 2435 1508 2503 ipse
1553 2432 1836 2499 Apostolus
1873 2431 1924 2485 in
1967 2430 2090 2499 Epi-

510 2527 663 2581 stolis
683 2529 794 2582 suis
823 2525 997 2600 (Rom.
1040 2543 1116 2593 tx,
1149 2527 1202 2589 ις
1229 2524 1461 2595 Philipp.
1490 2540 1526 2589 ι,
1555 2525 1612 2588 8,
1644 2533 1689 2578 et
1711 2521 1879 2576 Galat.
1907 2537 1945 2586 ι,
1967 2520 2086 2591 20).

511 2616 577 2672 Ει
603 2619 678 2671 sic
705 2618 938 2672 ostendit
962 2617 1231 2687 quomodo
1259 2615 1624 2685 accipiendum
1661 2621 1804 2669 esset
1843 2610 1985 2683 quod
2019 2610 2092 2665 di-

509 2718 652 2762 ctum
678 2716 778 2772 est,
821 2706 949 2762 Dico
975 2708 1132 2772 vobis,
1177 2725 1278 2761 non
1290 2707 1474 2778 jurare
1507 2705 1710 2758 omnino
1739 2719 1758 2758 :
1788 2720 1855 2758 ne
1890 2702 2092 2756 scilicet

504 2802 738 2872 jurando
775 2801 842 2856 ad
883 2802 1186 2856 facilitatem
1205 2799 1418 2870 jurandi
1439 2798 1700 2862 veniatur,
1732 2811 1800 2851 ex
1841 2794 2091 2850 facilitate

510 2891 577 2945 ad
615 2892 1076 2958 consuetudinem,
1106 2899 1264 2960 atque
1286 2891 1355 2943 ita
1385 2905 1449 2944 ex
1477 2885 1865 2943 consuetudine
1903 2885 1955 2940 in
1980 2900 2092 2955 per-

506 2982 706 3053 jurium
759 2983 1051 3039 decidatur.
1107 2983 1175 3036 Et
1227 2981 1349 3036 ideo
1379 2996 1484 3034 non
1545 2980 1812 3034 invenitur
1858 2978 2090 3047 iurasse,

511 3074 615 3128 nisi
670 3074 934 3140 scribens,
989 3074 1078 3129 ubi
1124 3072 1483 3128 consideratio
1519 3070 1726 3126 cautior
1782 3084 1893 3124 non
1933 3069 2094 3125 habet

517 3165 751 3235 linguam
806 3164 1155 3236 praecipitem.
1203 3164 1270 3218 Et
1307 3162 1409 3217 hoc
1451 3163 1632 3231 utique
1675 3177 1704 3215 a
1744 3161 1906 3228 malo,
1956 3161 2094 3215 sicut

513 3256 714 3311 dictum
763 3267 865 3321 est,
930 3256 1079 3323 Quod
1127 3265 1290 3309 autem
1345 3254 1566 3324 amplius
1615 3263 1708 3320 est,
1754 3270 1785 3306 a
1833 3252 1968 3307 malo
2017 3262 2092 3309 est

513 3347 729 3420 (Matth.
761 3364 814 3413 v,
846 3347 935 3412 54,
969 3347 1062 3418 57)
1097 3365 1111 3402 :
1143 3363 1248 3401 non
1290 3353 1466 3400 tamen
1498 3360 1619 3412 suo,
1661 3343 1756 3399 sed
1783 3358 1968 3398 eorum
2005 3343 2089 3397 in-

515 3437 803 3501 firmitatis,
833 3438 1025 3508 quibus
1050 3439 1211 3492 etiam
1237 3439 1318 3493 sic
1355 3437 1513 3492 fidem
1563 3435 1740 3491 facere
1776 3434 2088 3488 conabatur.

514 3530 648 3586 Nam
702 3530 846 3600 quod
893 3531 1118 3599 loquens
1178 3529 1432 3601 jurasset,
1479 3529 1603 3583 dum
1658 3544 1764 3582 non
1807 3527 2088 3593 scriberet,

514 3623 696 3676 nescio
727 3632 899 3675 utrum
924 3623 1098 3692 aliqua
1137 3622 1204 3678 de
1231 3621 1320 3676 illo
1359 3622 1635 3692 Scriptura
1683 3621 1997 3675 narraverit.
2026 3620 2093 3674 Et

515 3722 692 3767 tamen
743 3713 997 3767 Dominus
1032 3713 1128 3780 ait,
1161 3713 1366 3767 omnino
1411 3729 1513 3766 non
1547 3713 1730 3782 jurare
1755 3728 1774 3766 :
1802 3728 1907 3766 non
1948 3711 2090 3766 enim

511 3809 776 3862 concessit
814 3816 871 3862 ut
897 3807 950 3864 id
989 3807 1174 3863 liceret
1210 3805 1589 3861 scribentibus.
1644 3790 1759 3860 Sed.
1796 3806 1918 3875 quia
1948 3819 2091 3875 prce-

512 3901 652 3972 cepti
679 3901 858 3957 violati
901 3917 1055 3956 reum
1102 3899 1345 3966 Paulum,
1395 3898 1692 3968 praesertim
1731 3897 1783 3952 in
1834 3897 2092 3968 Epistolis

510 3992 832 4063 conscriptis
877 4002 1037 4061 atque
1077 3989 1236 4046 editis
1264 3989 1331 4044 ad
1368 3989 1697 4060 spiritualem
1737 3986 1900 4042 vitam
1944 3987 2091 4042 salu-

516 4090 731 4152 temque
783 4081 1101 4153 populorum
1135 4078 1285 4136 nefas
1324 4063 1645 4144 estdicere;
1689 4077 2090 4148 intelligendum

513 4183 601 4228 est
622 4173 750 4228 illud
776 4173 917 4244 quod
941 4173 1170 4243 positum
1207 4179 1310 4234 est,
1340 4171 1566 4239 omnino,
1606 4170 1673 4225 ad
1713 4170 1814 4225 hoc
1835 4170 2089 4240 positum,

516 4273 574 4317 ut
601 4274 852 4333 quantum
876 4265 926 4318 in
956 4272 1009 4318 te
1054 4271 1154 4328 est,
1197 4278 1302 4316 non
1344 4260 1584 4328 affectes,
1622 4277 1728 4316 non
1765 4277 1934 4329 ames,
1986 4279 2090 4317 non

517 4355 670 4423 quasi
703 4369 799 4424 pro
837 4355 978 4410 bono
1003 4370 1123 4410 cum
1151 4354 1328 4426 aliqua
1348 4354 1701 4410 delectatione
1721 4364 1946 4425 appetas
1970 4355 2091 4426 jus-

510 4443 822 4517 iurandum.

589 4538 682 4594 29.
713 4539 861 4594 Sicut
888 4538 1038 4603 illttd,
1072 4537 1246 4593 Nolite
1263 4539 1485 4610 cogitare
1505 4539 1568 4594 de
1588 4539 1808 4594 crastino
1827 4556 1845 4602 ;
1869 4546 1940 4603 et,
1978 4538 2031 4592 Ν
2035 4557 2091 4593 ο-

515 4630 605 4686 lite
633 4630 802 4700 itaque
835 4632 1058 4702 cogitare
1083 4630 1205 4700 quid
1229 4631 1563 4697 manducetis,
1595 4639 1643 4684 et
1670 4631 1794 4701 quid
1819 4628 2018 4694 bibatis,
2044 4639 2090 4684 et

513 4722 637 4791 quid
659 4720 942 4775 induamini
967 4719 1178 4793 (Matth.
1214 4737 1285 4786 vt,
1312 4721 1400 4786 54,
1569 4721 1702 4776 Cum
1730 4729 1906 4776 autem
1935 4719 2082 4774 vide-

517 4827 637 4867 mus
661 4820 718 4867 et
770 4813 941 4882 ipsum
985 4813 1263 4868 Dominum
1309 4811 1559 4867 habuisse
1607 4812 1830 4878 loculos,
1869 4827 1975 4881 quo
2027 4827 2090 4866 ea

513 4921 634 4974 qua:
689 4903 974 4972 dabantur,
1023 4904 1390 4969 mittebantur,
1431 4913 1488 4959 ut
1516 4904 1716 4958 servari
1766 4913 1987 4974 possent
2023 4903 2088 4957 ad

513 5010 640 5050 usus
673 5012 767 5064 pro
808 5004 1047 5066 tempore
1073 4992 1604 5064 necessarios(.loan.
1630 5009 1729 5058 xu,
1750 4994 1826 5064 6);
1861 5003 1914 5048 et
1946 4993 2090 5062 ipsos

515 5087 800 5155 Apostolos
826 5102 1140 5157 procurasse
1160 5087 1325 5142 multa
1348 5085 1570 5142 fratrum
1611 5085 1931 5156 indigentiae,
1982 5103 2087 5140 non

517 5177 689 5229 solum
717 5178 772 5232 in
808 5179 1122 5247 crastinum,
1176 5178 1270 5234 sed
1308 5179 1469 5233 etiam
1499 5179 1550 5232 in
1594 5179 1852 5248 prolixius
1881 5193 2088 5248 tempus

519 5268 872 5337 impendentis
901 5270 1076 5337 famis,
1117 5271 1254 5326 sicut
1282 5273 1334 5325 in
1365 5271 1585 5326 Actibus
1615 5271 1988 5341 Apostolorum
2008 5269 2087 5323 le-

519 5359 694 5428 gimus
739 5358 874 5429 (Act.
901 5377 977 5426 xt,
1017 5359 1253 5433 28-30):
1287 5361 1415 5416 satis
1457 5362 1632 5416 elucet
1679 5362 1764 5415 illa
1822 5369 2086 5432 praecepta

519 5449 598 5501 sic
637 5448 996 5518 intelligenda,
1027 5459 1086 5505 ut
1115 5451 1246 5504 nihil
1284 5451 1464 5520 operis
1495 5450 1661 5506 nostri
1715 5450 2085 5520 temporalium

516 5535 980 5605 adipiscendorum
1006 5555 1188 5595 amore
1211 5540 1294 5595 vel
1328 5541 1518 5595 timore
1545 5542 1798 5610 egestatis
1838 5551 2087 5610 tanquam

515 5641 582 5680 ex
623 5627 933 5684 necessitate
970 5629 1242 5685 faciamus.

589 5715 677 5769 30.
723 5715 848 5771 Item
878 5718 1074 5774 dictum
1097 5729 1179 5775 est
1203 5721 1496 5790 Apostolis,
1522 5732 1578 5776 ιιι
1600 5723 1728 5777 nihil
1751 5741 1930 5778 secum
1962 5705 2087 5793 por-

519 5815 692 5863 tantcs
753 5807 804 5862 in
832 5808 932 5875 via,
989 5826 1050 5865 ex
1096 5809 1384 5880 Evangelio
1430 5817 1689 5870 viverent.
1731 5815 1797 5869 Et
1853 5815 2086 5884 quodam

1629 400 1715 455 DE
1755 398 2122 464 MENDACIO,
2163 398 2218 452 S.
2261 394 2633 453 AUGUSTINI

3660 398 3763 454 508

2170 509 2312 575 loco
2337 509 2496 564 etiam
2538 509 2654 577 ipse
2676 509 2929 564 Dominus
2954 509 3269 580 significavit
3288 525 3381 567 cur
3416 511 3518 568 hoc
3546 512 3765 579 dixerit,

2186 615 2306 655 cum
2337 600 2560 666 addidit,
2590 599 2786 671 Dignus
2829 610 2902 654 est
2947 601 3081 654 enim
3109 602 3370 671 operarius
3423 609 3649 657 mercede
3672 623 3763 659 sua

2189 690 2339 766 (Luc.
2393 707 2448 756 x,
2473 692 2526 756 4,
2555 693 2608 757 7,
2640 701 2683 745 et
2711 690 2899 744 Matth.
2939 707 2997 756 ι,
3031 692 3119 762 10)
3150 710 3162 744 :
3197 693 3286 748 ubi
3345 695 3474 748 satis
3520 699 3758 750 ostendit

2191 785 2503 853 permissum
2534 783 2636 839 hoc
2659 798 2797 849 esse,
2826 799 2930 838 non
2966 784 3208 854 iussum;
3252 802 3319 841 ne
3357 785 3496 843 forte
3532 790 3622 857 qui
3658 789 3758 844 hoc

2189 874 2405 942 faceret,
2439 887 2494 930 ut
2519 877 2568 929 in
2593 891 2756 946 Opere
2781 877 3174 945 praedicationis
3197 878 3345 933 verbi
3370 879 3568 950 aliquid
3595 881 3663 934 ab
3683 881 3762 934 eis

2188 959 2380 1029 quibus
2403 959 2741 1030 praedicaret,
2772 961 2823 1014 in
2866 975 2990 1015 usus
3027 961 3151 1015 vitae
3181 961 3339 1032 hujus
3374 973 3636 1031 sumeret,
3663 965 3768 1019 illi-

2187 1052 2350 1104 citum
2394 1051 2592 1121 aliquid
2640 1066 2698 1105 se
2744 1049 2919 1106 facere
2961 1051 3328 1107 arbitraretur.
3379 1053 3544 1110 Posse
3584 1065 3765 1110 tamen

2188 1140 2500 1196 laudabilius
2531 1156 2635 1196 non
2661 1141 2794 1206 fieri,
2825 1141 2876 1196 in
2910 1143 3151 1210 apostolo
3179 1143 3340 1198 Paulo
3375 1144 3506 1199 satis
3543 1145 3767 1199 demon-

2188 1239 2410 1284 stratum
2459 1239 2541 1285 est
2581 1248 2594 1284 :
2630 1230 2719 1300 qui
2762 1246 2884 1286 cum
2936 1232 3162 1300 diceret,
3203 1231 3547 1289 Communieet
3591 1246 3763 1289 autent

2187 1322 2272 1391 qui
2293 1323 2626 1376 eatechizatur
2653 1321 2818 1389 verba,
2851 1323 2894 1376 ei
2916 1323 3003 1392 qui
3040 1341 3093 1378 se
3130 1326 3423 1391 catechizat,
3453 1326 3506 1379 in
3533 1327 3767 1380 omnibus

2190 1413 2328 1466 bonis
2359 1412 2551 1484 (Galat.
2583 1429 2654 1475 vt,
2683 1413 2763 1486 6);
2797 1423 2849 1468 et
2887 1414 3068 1468 multis
3099 1415 3230 1471 locis
3253 1415 3305 1470 id
3327 1417 3615 1472 salubriter
3650 1417 3768 1472 fieri

2196 1504 2262 1557 ah
2286 1505 2364 1558 eis
2401 1505 2592 1574 quibus
2632 1505 2850 1559 verbum
2912 1505 3244 1575 praedicaret,
3285 1507 3624 1564 ostenderet:
3662 1508 3768 1563 Sed

2191 1605 2355 1650 tamen
2380 1613 2490 1666 ego,
2521 1596 2709 1666 inquit,
2742 1614 2840 1650 non
2882 1613 2992 1650 sum
3019 1614 3137 1651 usus
3167 1598 3260 1651 hac
3281 1608 3519 1668 potestate
3569 1600 3610 1669 (Ι
3643 1597 3767 1654 Cor.

2191 1704 2268 1754 Ix,
2295 1687 2406 1759 12).
2435 1689 2754 1743 Potestatem
2806 1704 2931 1758 ergo
2951 1689 3095 1743 dedit
3117 1689 3390 1757 Dominus,
3416 1706 3535 1746 cum
3559 1692 3658 1746 ista
3686 1692 3770 1746 di‘

2191 1789 2356 1846 ceret,
2379 1795 2481 1834 non
2513 1781 2733 1850 imperio
2762 1780 3096 1835 constrinxit.
3130 1783 3197 1835 Ita
3230 1784 3480 1854 pleraque
3503 1785 3554 1838 in
3584 1785 3770 1840 verbis

2191 1869 2483 1940 intelligere
2512 1888 2617 1924 non
2648 1871 2902 1938 valentes,
2937 1871 2988 1925 in
3017 1872 3165 1927 laetis
3209 1885 3512 1928 sanctorum
3559 1875 3771 1945 colligi-

2193 1979 2310 2017 mus
2353 1963 2795 2034 quemadmodum
2848 1971 3092 2034 oporteat
3144 1967 3330 2036 accipi,
3362 1969 3502 2038 quod
3535 1968 3687 2024 facile
3714 1969 3770 2024 in

2193 2053 2346 2108 aliam
2378 2064 2576 2123 partem
2607 2055 2909 2121 duceretur,
2938 2055 3037 2110 nisi
3063 2057 3308 2126 exemplo
3335 2069 3692 2113 revocaretur.

2264 2148 2488 2204 CAPUT
2518 2148 2722 2203 X\"l.——
2743 2151 2829 2204 51.
2865 2148 2934 2203 0s
2961 2149 3168 2218 duplex,
3196 2150 3330 2203 cocis
3373 2161 3417 2203 et
3465 2153 3630 2205 cordis
3663 2167 3680 2204 :
3706 2152 3773 2205 de

2193 2257 2289 2312 quo
2315 2257 2400 2294 ore
2441 2241 2626 2295 dictum
2664 2243 2747 2308 sit,
2792 2241 2864 2296 Os
2914 2241 3052 2311 quod
3080 2244 3350 2309 mentitur,
3380 2255 3470 2297 etc.
3510 2245 3579 2298 Os
3603 2246 3774 2301 cordis

2195 2335 2341 2387 etiam
2368 2334 2419 2386 in
2447 2331 2719 2404 Evangelia
2749 2344 3100 2387 monstratum.
3129 2333 3207 2386 An
3235 2335 3435 2387 vetitum
3485 2336 3538 2388 id
3577 2346 3775 2389 tantum

2196 2425 2531 2486 mendacium,
2578 2441 2674 2494 quo
2724 2423 2876 2477 alicui
2914 2424 3211 2478 detrahitur.
3253 2426 3440 2479 Sensus
3485 2427 3668 2495 triplex
3721 2430 3777 2482 in

2198 2514 2305 2568 loco
2335 2514 2671 2568 Ecclesiastici
2726 2512 2862 2586 (cap.
2886 2515 2938 2578 7,
2961 2515 2992 2586 ᾗ
3019 2553 3032 2567 .
3064 2516 3170 2584 il).
3199 2516 3287 2570 Sic
3315 2531 3439 2586 ergo
3465 2516 3601 2587 quod
3643 2520 3780 2572 scri-

2197 2614 2341 2674 ptum
2372 2615 2474 2670 est,
2504 2604 2573 2659 Us
2614 2614 2778 2659 autent
2827 2605 2962 2676 quod
2989 2607 3242 2673 mentitur,
3291 2608 3469 2660 occidit
3513 2608 3776 2673 animam;

2197 2697 2264 2751 de
2289 2713 2394 2767 quo
2419 2713 2512 2752 ore
2538 2698 2752 2764 dixerit,
2780 2699 3052 2769 quieritur.
3085 2699 3404 2769 Plerumque
3439 2701 3580 2755 enim
3628 2703 3778 2756 Scri-

2198 2797 2350 2857 ptura
2377 2804 2497 2842 eum
2529 2805 2589 2844 os
2629 2789 2778 2855 dicit,
2807 2791 3239 2860 conceptaculum
3270 2793 3441 2861 ipsum
3486 2793 3664 2848 cordis
3702 2796 3779 2848 si-

2196 2879 2429 2950 gnificat,
2463 2881 2548 2935 ubi
2577 2881 2742 2951 placet
2773 2890 2826 2936 et
2868 2881 3170 2936 decernitur
3196 2883 3446 2954 quidquid
3489 2886 3648 2939 etiam
3679 2901 3778 2954 per

2197 2986 2403 3037 vocem,
2433 2963 2553 3027 eum
2578 2990 2760 3027 verum
2807 2973 3090 3042 loquimur,
3136 2956 3438 3029 enuntiatur
3471 2986 3566 3030 :ut
3612 2979 3780 3033 corde

2200 3063 2502 3128 mentiatur,
2527 3064 2610 3117 cui
2640 3065 2810 3134 placet
2841 3065 3174 3120 mendacium
3200 3081 3214 3130 ;
3248 3067 3414 3135 possit
3446 3078 3618 3122 autem
3669 3086 3777 3123 non

2197 3153 2356 3207 corde
2383 3155 2622 3219 mentiri,
2651 3156 2738 3224 qui
2764 3172 2861 3225 per
2885 3171 3066 3210 vocem
3093 3157 3232 3210 aliud
3263 3174 3418 3226 quam
3447 3167 3528 3212 est
3561 3159 3610 3212 in
3656 3161 3777 3214 ani-

2198 3261 2287 3300 mo
2325 3247 2394 3300 ita
2451 3247 2667 3316 profert,
2703 3257 2760 3302 ut
2801 3249 3019 3318 majoris
3048 3251 3168 3303 mali
3201 3252 3429 3305 evitandi
3467 3268 3620 3306 causa
3659 3270 3778 3306 ma-

2200 3341 2307 3395 lum
2334 3357 2392 3396 se
2417 3342 2696 3397 admittere
2723 3345 2946 3409 noverit,
2976 3345 3059 3398 cui
3085 3353 3259 3398 tamen
3289 3355 3566 3414 utrumque
3591 3345 3780 3416 displi-

2197 3443 2332 3487 ceat.
2372 3434 2433 3486 Et
2475 3434 2562 3504 qui
2621 3435 2721 3488 hoc
2775 3445 3038 3498 asserunt,
3085 3437 3154 3489 ita
3201 3437 3383 3490 dicunt
3436 3439 3593 3491 etiam
3647 3439 3778 3492 illud

2198 3523 2590 3593 intelligendum
2622 3523 2759 3592 quod
2789 3525 3042 3594 scriptum
3081 3537 3179 3590 est,
3219 3527 3316 3591 Qui
3344 3527 3562 3597 loquitur
3591 3529 3781 3580 verita-

2199 3622 2294 3666 tem
2317 3614 2365 3666 in
2395 3614 2544 3667 corde
2570 3631 2659 3668 suo
2691 3613 2860 3684 (Psal.
2886 3631 2994 3681 xxv,
3024 3617 3077 3685 5)
3111 3635 3124 3670 :
3152 3617 3271 3685 quia
3290 3631 3502 3686 semper
3534 3617 3585 3670 in
3617 3617 3784 3672 corde

2199 3704 2394 3757 veritas
2421 3703 2677 3774 loquenda
2709 3715 2821 3769 cst;
2855 3720 2958 3758 non
2988 3714 3164 3759 autem
3191 3721 3402 3775 semper
3432 3707 3484 3760 in
3513 3722 3608 3762 ore
3654 3723 3783 3762 cor-

2201 3793 2362 3864 poris,
2418 3794 2463 3847 si
2518 3795 2691 3865 aliqua
2730 3810 2889 3850 causa
2931 3796 3152 3851 cavendi
3200 3797 3416 3868 majoris
3464 3800 3587 3853 mali
3634 3801 3784 3854 aliud

2197 3901 2354 3956 quam
2387 3885 2438 3940 in
2467 3887 2646 3940 animo
2675 3896 2776 3952 est,
2799 3902 2930 3942 voce
2950 3888 3174 3960 proferri
3201 3890 3397 3961 exigat.
3431 3890 3496 3945 Et
3523 3907 3643 3947 esse
3660 3893 3786 3962 qui-

2198 3977 2318 4033 dem
2349 3994 2410 4033 os
2436 3977 2634 4047 cordis,
2665 3995 2728 4033 ex
2752 3977 2853 4035 hoc
2873 3979 2984 4048 jam
3009 3980 3226 4051 intelligi
3258 3990 3452 4051 potest,
3502 3982 3644 4052 quod
3691 3983 3783 4039 ubi

2200 4069 2395 4126 locutio
2424 4078 2527 4137 est,
2550 4070 2620 4126 ibi
2650 4086 2711 4126 os
2739 4087 2845 4125 non
2871 4071 3103 4127 absurde
3128 4072 3440 4144 intelligitur
3470 4091 3482 4127 :
3511 4088 3611 4129 nec
3628 4086 3780 4131 recte

2199 4163 2483 4228 diceretur,
2537 4163 2639 4231 Qui
2675 4165 2895 4232 loquitur
2943 4165 2997 4218 in
3044 4164 3194 4219 corde
3235 4182 3326 4220 suo
3348 4181 3370 4231 ;
3395 4165 3496 4220 nisi
3525 4176 3580 4222 et
3611 4181 3674 4221 os
3729 4168 3787 4222 in

2199 4255 2362 4311 corde
2391 4265 2534 4310 recte
2557 4255 2960 4326 intelligeretur.
2987 4256 3298 4327 Quanquam
3317 4267 3370 4312 et
3389 4274 3454 4314 eo
3481 4259 3598 4328 ipso
3627 4260 3773 4323 loco,

2201 4347 2290 4402 ubi
2315 4348 2571 4418 scriptum
2594 4358 2676 4402 est
2695 4390 2710 4414 ,
2746 4347 2816 4402 Os
2845 4358 3010 4403 autem
3027 4352 3159 4420 quod
3184 4350 3433 4414 mentitur,
3459 4351 3639 4403 occidit
3657 4346 3786 4403 iani-

2199 4455 2369 4506 mam;
2417 4439 2462 4493 si
2502 4439 2895 4493 circumstantia
2939 4439 3182 4494 lectionis
3229 4440 3615 4506 consideretur,
3673 4456 3786 4495 non

2198 4531 2486 4600 accipiatur
2512 4529 2735 4585 fortasse
2783 4531 2924 4585 aliud
2956 4546 3112 4602 quam
3150 4546 3210 4585 os
3255 4531 3449 4586 cordis.
3481 4530 3785 4587 Obscurum

2199 4620 2345 4676 enim
2397 4636 2706 4692 responsum
2756 4621 2825 4675 ibi
2866 4631 2966 4686 est,
3001 4622 3086 4676 ubi
3113 4622 3352 4676 homines
3390 4622 3536 4689 latet,
3581 4624 3672 4693 qui
3724 4642 3789 4679 os

2200 4712 2396 4777 cordis,
2431 4712 2530 4766 nisi
2557 4727 2618 4767 os
2638 4714 2878 4783 corporis
2907 4723 3184 4782 consonet,
3202 4714 3383 4769 audire
3404 4730 3507 4768 non
3537 4725 3787 4783 possunt.

2199 4803 2330 4858 Illud
2357 4813 2532 4858 autem
2566 4820 2627 4859 os
2647 4804 2774 4860 dicit
2796 4805 2847 4859 in
2877 4821 2941 4860 eo
2965 4806 3083 4860 loco
3109 4807 3378 4875 Scriptura
3408 4807 3691 4877 pervenire
3721 4809 3789 4861 ad

2199 4895 2433 4949 auditttm
2461 4883 2687 4964 Spﬁitus
2736 4896 2966 4960 Domini,
2995 4897 3082 4966 qui
3119 4898 3342 4967 replevit
3389 4899 3571 4951 orbem
3598 4906 3785 4954 terra-

2200 5000 2356 5039 rum:
2385 4984 2454 5038 ita
2487 4994 2542 5038 ut
2579 4985 2737 5039 etiam
2770 4984 2906 5039 labia
2936 4995 2989 5040 et
3027 5001 3211 5042 vocem
3261 4996 3315 5042 et
3347 4987 3577 5056 linguam
3631 5003 3790 5041 com-

2199 5088 2460 5134 memoret
2481 5079 2533 5132 in
2564 5095 2629 5133 eo
2659 5079 2799 5143 loco;
2831 5094 2930 5133 nec
2971 5089 3144 5134 tamen
3176 5081 3352 5134 omnia
3392 5082 3532 5135 sinat
3575 5081 3792 5135 intelle-

2198 5179 2316 5224 ctus
2363 5169 2463 5224 nisi
2491 5169 2558 5224 de
2585 5169 2745 5224 corde
2773 5170 2963 5239 accipi,
3014 5171 3136 5240 quia
3177 5170 3462 5225 Dominum
3503 5171 3632 5225 dicit
3677 5189 3789 5226 llntl

2197 5263 2362 5318 latere
2390 5263 2526 5333 quod
2554 5262 2785 5318 dicitur:
2813 5263 2952 5333 quod
2995 5274 3171 5318 autem
3222 5280 3353 5319 sono
3388 5265 3489 5319 isto
3529 5265 3595 5319 ad
3625 5281 3787 5321 aures

2199 5363 2408 5408 nostras
2444 5352 2744 5423 pertinente
2809 5353 3019 5418 dicitur,
3072 5369 3169 5408 nec
3209 5354 3452 5409 homines
3503 5355 3652 5408 latet.
3711 5356 3789 5409 lza

2198 5445 2392 5516 quippe
2419 5445 2674 5515 scriptum
2698 5453 2781 5500 est
2815 5462 2827 5498 :
2863 5443 3128 5499 Humanus
3158 5454 3231 5498 est
3257 5446 3388 5498 enim
3419 5444 3648 5516 Spiritus
3695 5465 3790 5500 sa-

2201 5537 2418 5608 pientia,
2449 5545 2495 5591 et
2519 5553 2619 5590 non
2661 5535 2889 5590 liberabit
2917 5535 3215 5589 maledicum
3239 5552 3269 5588 a
3300 5535 3445 5589 labiis
3469 5536 3580 5606 ejus
3609 5551 3628 5590 :
3651 5554 3788 5605 (1140·-

2200 5631 2337 5684 niam
2358 5646 2532 5682 renum
2555 5628 2692 5682 illius
2729 5628 2863 5682 testis
2888 5637 2961 5682 est
3009 5627 3164 5688 Deus,
3189 5638 3234 5681 et
3285 5628 3452 5681 cordis
3481 5628 3618 5680 illius
3648 5645 3791 5680 scru-

2200 5731 2330 5774 tator
2361 5729 2431 5774 est
2454 5733 2498 5773 et
2528 5735 2690 5779 verus,
2721 5717 2906 5789 lingtta'
2933 5717 3074 5772 illius
3092 5717 3312 5770 auditor.
3332 5717 3583 5783 Qumiam
3611 5717 3791 5788 Spiri-

2202 5825 2279 5868 tus
2329 5813 2526 5866 Domini
2572 5811 2775 5878 replet-it
2839 5810 3003 5865 orbem
3071 5819 3340 5873 terrarum,
3407 5819 3453 5864 et
3503 5809 3595 5864 hoc
3647 5810 3790 5874 quod
