3986 6504
254 456 354 512 509

251 570 464 625 continet
493 567 691 633 omnia,
722 565 982 620 scientiam
1019 564 1163 617 habet
1193 564 1341 618 vocis.
1375 561 1588 631 Propter
1630 562 1722 614 hoc
1746 562 1829 631 qui

254 659 471 727 loquitur
496 657 699 727 iniqua,
727 673 829 710 non
856 665 1013 727 potest
1043 655 1218 719 latere,
1245 654 1333 708 sed
1359 670 1447 707 nec
1485 653 1730 722 praeteriet
1773 652 1828 704 il-

256 754 357 807 lum
379 750 661 819 corripiens
685 750 954 817 iudicium.
983 747 1049 801 In
1091 747 1473 818 cogitationibus
1522 745 1651 798 enim
1692 744 1837 811 impii

256 841 583 912 interrogatio
610 840 1047 906 erit;sermonum
1078 848 1243 891 autent
1268 838 1404 892 illius
1446 835 1639 889 auditio
1668 852 1699 888 a
1744 835 1839 888 Do-

259 934 391 987 tnino
419 933 601 998 ueniet,
635 932 703 984 ad
729 933 1095 1002 correptionem
1122 931 1439 1001 iniquitatunt
1484 928 1643 982 illius.
1698 927 1838 993 Quo-

256 1027 392 1078 niam
416 1023 559 1077 auris
587 1023 688 1076 zeli
726 1023 868 1075 audit
892 1023 1080 1085 omnia,
1112 1030 1157 1074 et
1194 1022 1436 1074 tumultus
1481 1020 1837 1072 murmuratim

256 1134 378 1171 num
404 1134 506 1170 non
535 1116 888 1170 abscondetur.
918 1114 1176 1169 Custodtte
1198 1131 1315 1184 ergo
1342 1129 1423 1167 vos
1469 1130 1501 1166 a
1554 1128 1836 1165 murmura-

256 1210 409 1272 tione,
426 1225 541 1278 quar
562 1208 693 1262 nihil
717 1206 943 1278 prodest,
966 1214 1010 1259 et
1029 1222 1059 1257 a
1079 1205 1384 1258 detractione
1404 1204 1590 1274 lingua:
1608 1204 1799 1272 parcite
1820 1217 1838 1255 :

256 1301 498 1368 quoniam
529 1314 826 1369 responsum
854 1297 1121 1352 obscurum
1147 1296 1199 1349 in
1221 1311 1432 1350 vacuum
1477 1312 1578 1348 non
1620 1294 1734 1347 ibit.
1769 1294 1840 1346 0s

257 1403 424 1446 mitem
448 1392 586 1459 quod
612 1393 869 1455 mentitur,
919 1389 1100 1444 occidit
1140 1389 1363 1441 animam
1409 1387 1561 1458 (ευρ.
1586 1403 1624 1452 1,
1656 1386 1689 1440 6
1724 1383 1835 1455 Il).

258 1482 486 1538 Videtur
515 1498 643 1553 ergo
668 1482 753 1537 his
772 1481 982 1545 minari,
1006 1480 1091 1549 qui
1118 1480 1399 1533 obscurum
1444 1488 1627 1547 putant
1662 1488 1714 1532 et
1755 1492 1843 1531 se-

256 1556 613 1630 cretum-esse
635 1573 775 1643 quod
803 1572 964 1628 corde
1014 1572 1209 1639 agitant
1238 1580 1395 1641 atque
1426 1580 1657 1623 versant.
1708 1569 1837 1623 Tam

259 1682 388 1720 vero
419 1667 627 1721 clarum
657 1664 938 1721 ostendere
963 1664 1129 1719 voluit
1150 1664 1251 1717 hoc
1278 1677 1397 1718 esse
1447 1663 1665 1717 auribus
1723 1662 1834 1725 Dei,

257 1758 501 1811 utetiam
535 1756 816 1810 tumultum
845 1770 965 1809 eum
991 1753 1358 1824 appellaverit.

326 1849 421 1903 3‘2.
454 1848 731 1903 Manifeste
751 1848 909 1901 etiam
934 1848 985 1900 iu
1009 1844 1297 1914 Evangelio
1323 1844 1619 1898 invenimus
1641 1857 1700 1896 os
1720 1856 1842 1897 cor-

257 1939 369 2002 dis;
392 1948 454 1993 ut
472 1953 583 1993 uno
604 1938 721 1992 loco
738 1946 793 1993 et
811 1936 1049 2007 corporis
1069 1944 1122 1991 et
1141 1935 1319 1990 cordis
1339 1949 1398 1988 os
1423 1934 1675 1987 Dominus
1694 1947 1841 1987 com-

258 2042 595 2083 memorasse
626 2028 955 2091 inveniatur,
985 2026 1073 2080 ubi
1098 2028 1170 2080 ait
1200 2043 1215 2080 :
1252 2025 1430 2079 Adhuc
1454 2035 1497 2079 et
1517 2041 1601 2079 vos
1638 2025 1745 2078 sine
1763 2025 1842 2077 in-

258 2119 463 2173 tellecta
484 2120 605 2173 estis
621 2120 647 2173 ?
675 2117 795 2172 Non
834 2117 1109 2188 intelligitis
1128 2118 1245 2188 quia
1283 2134 1427 2171 omne
1447 2117 1579 2186 quod
1600 2116 1651 2168 in
1681 2131 1735 2169 os
1756 2115 1838 2168 in-

260 2218 378 2274 trat,
407 2211 463 2262 in
490 2218 711 2261 ventrem
735 2209 891 2274 vadit,
920 2217 964 2260 et
985 2208 1035 2260 in
1056 2223 1299 2260 secessum
1319 2207 1591 2272 emittitur;
1614 2221 1727 2274 quia
1744 2222 1839 2259 au-

259 2310 356 2353 tem
382 2300 665 2370 procedunt
685 2299 749 2354 de
771 2314 876 2364 ore,
904 2298 967 2351 de
984 2299 1133 2352 corde
1152 2307 1349 2363 exeunt,
1382 2306 1427 2352 et
1446 2314 1503 2351 ea
1522 2298 1843 2367 coinquinant
1902 2304 1907 2308 '

259 2392 516 2444 hominem
532 2391 558 2443 ?
580 2389 659 2443 De
685 2390 834 2443 corde
854 2390 985 2443 enim
1010 2398 1188 2442 exeunt
1208 2388 1528 2459 cogitationes
1549 2388 1696 2441 mala:
1712 2429 1726 2453 ,
1752 2388 1841 2440 ho-

257 2483 466 2535 micidia
485 2523 501 2547 ,
529 2481 782 2535 adulteria
800 2522 815 2543 ,
851 2480 1201 2552 fornicationes
1220 2520 1235 2546 ,
1260 2482 1393 2550 furta
1412 2520 1427 2543 ,
1467 2479 1597 2547 falsa
1621 2480 1841 2532 testimo-

259 2576 344 2626 nia
365 2616 379 2637 ,
410 2573 739 2643 blasphemia:
765 2588 786 2627 :
818 2574 923 2625 haec
954 2581 1069 2626 sunt
1092 2587 1205 2641 qua:
1240 2572 1561 2643 coinquinant
1594 2571 1842 2623 hominem

262 2663 478 2733 (Matth.
503 2679 572 2716 xv
590 2705 605 2730 ,
637 2662 849 2733 16-20).
877 2662 973 2716 llic
996 2663 1039 2717 si
1068 2677 1227 2716 unum
1252 2676 1345 2726 os,
1372 2661 1511 2731 quod
1550 2669 1630 2715 est
1655 2676 1843 2730 corpo-

258 2756 332 2808 ris
352 2796 366 2817 ,
397 2755 731 2809 intellexeris
750 2796 765 2821 ,
796 2753 1063 2824 quomodo
1087 2752 1451 2807 intellecturus
1477 2766 1567 2817 es,
1600 2751 1724 2816 Qua:
1746 2767 1841 2803 au-

260 2858 356 2897 tem
383 2845 665 2913 procedunt
685 2845 749 2898 de
767 2861 870 2907 ore,
899 2844 961 2897 de
984 2843 1133 2897 corde
1153 2852 1369 2907 exeunt;
1396 2858 1513 2895 cum
1540 2852 1592 2894 et
1617 2851 1801 2911 sputus
1823 2842 1840 2873 ⁸

257 2944 310 2987 et
336 2936 571 2988 vomitus
599 2934 666 2989 de
694 2950 789 2989 ore
820 2934 1144 3003 procedant?
1171 2934 1279 2987 Nisi
1310 2934 1443 2987 forte
1470 2941 1593 2987 tunc
1621 2934 1842 3003 quisque

258 3043 363 3078 non
395 3026 930 3095 coinquinatur,cum
958 3026 1067 3079 edit
1092 3026 1286 3095 aliquid
1317 3025 1843 3089 immundum;coin-

258 3119 513 3184 quinatur
538 3126 717 3170 autem
740 3158 755 3182 ,
787 3132 907 3171 cum
954 3115 1005 3170 id
1031 3116 1247 3170 evomit.
1279 3114 1429 3181 Quod
1458 3116 1500 3169 si
1527 3115 1844 3169 absurdissi-

261 3226 404 3264 um
452 3220 535 3263 est
555 3252 569 3271 ,
597 3217 764 3263 restat
791 3218 849 3262 ut
876 3224 936 3262 os
962 3208 1138 3262 cordis
1182 3208 1531 3277 intelligamus
1558 3221 1588 3260 a
1621 3207 1843 3261 Domino

259 3302 563 3370 expositum
583 3342 596 3364 ,
627 3315 748 3354 cum
775 3300 881 3363 ait,
916 3299 1041 3367 Qua:
1078 3300 1352 3370 procedunt
1378 3299 1440 3353 de
1466 3315 1549 3353 ore
1569 3341 1584 3364 ,
1613 3299 1675 3353 tte
1695 3299 1846 3354 corde

260 3400 465 3446 exeunt.
493 3391 633 3446 Nam
656 3401 710 3447 et
734 3391 932 3446 furtum
975 3407 1096 3445 cum
1126 3392 1322 3460 possit,
1354 3399 1408 3446 et
1430 3406 1570 3460 smpe
1613 3391 1683 3445 ita
1713 3391 1802 3445 fiat
1824 3430 1842 3456 ,

261 3486 312 3538 in
340 3485 561 3537 silentio
584 3485 876 3554 corporalis
899 3484 1048 3538 vocis
1072 3492 1230 3554 atque
1254 3483 1363 3537 oris
1400 3484 1720 3553 perpetrari;
1746 3483 1843 3539 de-

260 3576 656 3629 mentissimum
676 3584 754 3629 est
771 3574 849 3629 sic
865 3574 1180 3644 intelligere,
1194 3581 1255 3627 ut
1270 3583 1393 3628 tunc
1411 3585 1655 3644 putemus
1668 3590 1845 3644 quem-

258 3681 421 3735 quam
450 3674 674 3735 peccato
716 3665 838 3719 furti
868 3665 1249 3730 contaminari,
1289 3680 1410 3719 cum
1453 3666 1503 3719 id
1542 3667 1732 3720 fatetur
1754 3674 1844 3720 aut

260 3757 497 3823 indicat;
524 3771 646 3811 cum
673 3765 851 3810 autem
877 3755 929 3810 id
957 3756 1114 3810 tacite
1140 3756 1455 3821 committit,
1482 3756 1846 3824 incoinquina-

264 3856 373 3903 tum
401 3847 675 3902 arbitrari.
700 3850 768 3900 At
792 3861 921 3901 vero
940 3847 984 3900 si
1011 3846 1076 3899 ad
1098 3861 1159 3900 os
1182 3846 1358 3900 cordis
1381 3845 1520 3915 quod
1546 3845 1742 3899 dictum
1764 3854 1845 3900 est

262 3939 567 3995 referamus
586 3980 601 4003 ,
632 3937 767 3993 nihil
790 3937 1008 3992 omnino
1034 3936 1233 4007 peccati
1267 3936 1423 3991 tacite
1448 3935 1706 3991 committi
1747 3950 1845 4006 po-

262 4042 370 4088 test
398 4050 414 4087 :
447 4046 557 4086 non
584 4030 728 4087 enim
755 4029 1122 4097 committitur,
1150 4028 1253 4083 nisi
1277 4042 1344 4084 ex
1364 4043 1457 4084 ore
1477 4028 1568 4084 illo
1592 4028 1845 4085 interiore

259 4123 544 4195 procedat.

332 4216 427 4271 33.
460 4214 613 4271 Sicut
639 4220 818 4269 autem
859 4211 1115 4283 quaeritur
1140 4210 1207 4267 de
1233 4223 1340 4281 quo
1366 4224 1461 4266 ore
1506 4209 1729 4279 dixerit,
1777 4210 1849 4267 0s

258 4319 432 4363 autem
454 4306 593 4378 quod
610 4306 873 4373 mentitur,
895 4304 1078 4359 occidit
1100 4302 1355 4367 animam;
1373 4301 1443 4356 ita
1465 4302 1630 4372 quaeri
1652 4311 1845 4372 potest,

259 4401 330 4456 de
358 4414 470 4469 quo
498 4396 801 4454 mendacio.
830 4394 1054 4450 Videtur
1096 4394 1237 4450 enim
1281 4393 1348 4448 de
1375 4393 1468 4447 illo
1511 4393 1723 4463 proprie
1768 4393 1851 4447 di-

259 4505 422 4554 cere,
466 4503 576 4560 quo
616 4487 862 4556 cuiquam
889 4484 1204 4541 detrahitur.
1249 4484 1337 4537 Ait
1377 4482 1518 4538 enim
1553 4501 1567 4539 :
1598 4483 1850 4537 Abstinete

261 4598 384 4654 ergo
404 4598 493 4637 vos
529 4597 566 4634 a
602 4579 1000 4633 murmuratione
1021 4619 1036 4642 ,
1066 4592 1179 4647 qua:
1203 4577 1330 4631 nihil
1352 4578 1552 4647 prodest
1571 4616 1585 4641 ,
1612 4586 1659 4631 et
1693 4595 1725 4631 η
1757 4578 1848 4631 de-

262 4675 516 4727 tractione
557 4670 745 4742 linguae
768 4670 975 4740 parcite.
1016 4668 1101 4723 Fit
1132 4676 1306 4723 autem
1338 4668 1436 4723 ista
1462 4667 1720 4723 detractio
1759 4684 1852 4738 per

263 4762 723 4827 malevolentiam,
746 4775 868 4816 cum
890 4760 1167 4830 quisquam
1196 4774 1299 4812 non
1326 4759 1498 4813 solum
1525 4773 1618 4813 ore
1638 4774 1699 4814 ac
1723 4775 1850 4816 voce

261 4854 516 4925 corporis
540 4853 746 4926 profert
763 4852 905 4923 quod
925 4851 1178 4921 confingit
1201 4851 1253 4905 in
1276 4851 1504 4921 aliquem
1529 4894 1542 4917 ,
1570 4851 1663 4905 sed
1689 4853 1848 4906 etiam

261 4948 457 5001 tacitus
501 4946 668 5000 talem
691 4944 803 4998 vult
829 4942 1008 5008 credi;
1050 4942 1189 5012 quod
1212 4951 1294 4997 est
1335 4944 1517 5012 utique
1556 4957 1651 4997 ore
1674 4943 1851 4998 cordis

260 5037 557 5092 detrahere
582 5052 595 5088 :
619 5034 762 5105 quod
788 5034 916 5090 dicit
934 5034 1219 5089 obscurum
1244 5042 1299 5089 et
1317 5034 1580 5089 occultum
1603 5034 1713 5089 Deo
1733 5048 1852 5090 esse

263 5146 371 5183 non
403 5142 590 5198 posse.

335 5220 428 5275 54.
461 5217 597 5273 Nam
641 5215 786 5287 quod
829 5216 935 5271 alio
978 5216 1099 5275 loco
1125 5215 1377 5284 scriptum
1423 5224 1537 5282 est,
1569 5215 1695 5270 Noli
1730 5216 1855 5272 velle

264 5310 467 5365 mentiri
491 5324 643 5363 omne
671 5307 1023 5370 mendacium;
1059 5322 1165 5360 non
1193 5306 1258 5359 ad
1286 5305 1389 5359 hoc
1413 5306 1599 5360 volunt
1632 5306 1812 5362 valere
1834 5348 1850 5373 ,

264 5410 319 5454 ut
362 5400 513 5454 nullo
561 5397 842 5453 mendacio
874 5397 1150 5468 quisquam
1196 5396 1498 5451 mentiatur.
1527 5396 1705 5468 Itaque
1731 5413 1851 5452 cum

266 5492 401 5546 alius
419 5490 641 5555 dixerit,
671 5505 736 5544 ex
766 5489 868 5543 isto
891 5488 1177 5559 Scriptura:
1206 5489 1699 5559 testimoniumque
1720 5489 1853 5543 adeo

263 5582 589 5653 generaliter
631 5594 797 5633 omne
841 5578 1170 5633 mendacium
1218 5594 1337 5635 esse
1364 5580 1728 5635 detestandum
1750 5620 1764 5645 ,
1798 5591 1853 5635 ut

264 5675 421 5729 etiam
460 5675 505 5728 si
533 5672 659 5743 quis
702 5670 917 5725 mentiri
952 5671 1112 5737 velit,
1158 5672 1364 5727 etiamsi
1396 5687 1499 5727 non
1528 5671 1813 5729 mentiatur
1835 5713 1850 5738 ,

262 5768 365 5831 iam
385 5768 633 5825 voluntas
656 5766 774 5838 ipsa
792 5764 1090 5819 damnanda
1108 5765 1195 5830 sit;
1215 5775 1371 5834 atque
1392 5766 1455 5820 ad
1480 5766 1577 5820 hoc
1597 5764 1855 5834 interpre-

327 5882 341 5914 ⁸
376 5887 508 5943 Lov.,
530 5885 749 5944 sputum.
776 5884 830 5927 At
852 5883 925 5926 Er.
953 5884 1004 5927 ct
1023 5882 1150 5938 Mss,
1177 5883 1355 5940 sputus.

1683 446 1878 503 LIBER
1918 446 2117 505 UNUS.

3408 463 3512 518 510

1943 570 2100 629 tetur,
2116 563 2257 634 quod
2286 580 2387 619 non
2406 566 2600 621 dictum
2628 576 2727 627 est.
2746 568 2859 624 Noli
2884 569 3095 627 mentiri
3111 589 3269 629 omne
3290 578 3507 631 menda.

1939 655 2077 708 cium
2099 672 2112 720 ;
2141 655 2255 723 sed,
2286 656 2410 710 Noli
2430 658 2552 711 velle
2573 662 2771 713 mentiri
2790 678 2933 717 omne
2953 666 3305 731 mendacium;
3330 677 3384 721 ut
3406 686 3508 724 non

1939 744 2111 799 solum
2141 747 2351 802 mentiri
2372 789 2386 813 ,
2418 748 2511 803 sed
2543 763 2639 803 nec
2664 750 2799 805 velle
2828 754 3037 808 mentiri
3065 756 3289 826 quisque
3319 758 3509 814 audeat

1941 838 2050 893 ullo
2080 839 2375 895 mendacio.

2009 931 2233 988 CAPUT
2264 933 2424 988 XVII.
2455 966 2527 976 —
2556 935 2753 991 Psalmi
2781 938 2830 1003 ,5
2869 940 3139 995 versiculus
3182 944 3214 996 7
3252 945 3511 1013 tripliciter

1940 1037 2135 1093 quoque
2178 1023 2472 1080 intellectus.
2506 1024 2821 1097 Pratccptunt
2858 1038 3026 1083 uetans
3067 1031 3253 1101 falsum
3282 1037 3509 1088 testimo-

1940 1112 2077 1165 nium
2099 1112 2218 1179 dici,
2238 1116 2483 1184 quomodo
2500 1118 2897 1189 intelligendum.
2918 1121 3049 1175 Dicit
3071 1122 3225 1188 alius,
3248 1123 3355 1178 lmo
3371 1128 3509 1195 quod

1941 1204 2047 1270 ait,
2080 1203 2205 1258 Noli
2224 1206 2347 1260 velle
2370 1208 2565 1261 mentiri
2585 1225 2729 1263 onme
2749 1210 3102 1275 mendacium;
3126 1212 3191 1267 de
3217 1228 3309 1268 ore
3334 1217 3511 1271 cordis

1940 1296 2395 1352 exterminandum
2413 1307 2569 1368 atque
2586 1300 2917 1355 alienandum
2936 1316 3053 1356 esse
3070 1302 3400 1358 mendacium
3418 1322 3513 1359 vo-

1943 1385 2039 1440 luit
2069 1403 2082 1439 :
2118 1396 2229 1442 uta
2257 1390 2570 1459 quibusdam
2615 1393 2903 1447 mendaciis
2942 1408 3035 1449 ore
3079 1397 3322 1464 corporis
3350 1398 3514 1451 absti-

1941 1479 2173 1533 nendum
2202 1480 2290 1545 sit,
2322 1481 2457 1535 sicut
2486 1482 2571 1537 illa
2597 1492 2721 1538 sunt
2745 1485 2993 1552 maxime,
3020 1500 3138 1555 qua:
3163 1488 3427 1556 pertinent
3446 1490 3512 1544 ad

1941 1571 2237 1626 doctrinam
2280 1574 2583 1645 religionis;
2616 1592 2644 1631 a
2674 1577 2985 1647 quibusdam
3018 1594 3143 1633 vero
3178 1596 3281 1635 non
3311 1582 3379 1634 sit
3420 1598 3513 1636 ore

1941 1663 2177 1731 corporis
2202 1664 2569 1720 abstinendum
2588 1706 2604 1734 ,
2632 1667 2676 1720 si
2708 1668 2922 1737 majoris
2948 1669 3069 1722 mali
3098 1670 3327 1724 evitandi
3354 1686 3509 1725 (ausa

1944 1754 2141 1823 exigit;
2168 1770 2261 1809 ore
2302 1767 2479 1812 autem
2506 1758 2681 1812 cordis
2725 1758 2792 1812 ab
2818 1760 2961 1813 omni
2988 1759 3265 1814 mendacio
3307 1762 3513 1829 penitus

1941 1843 2208 1899 abstinere
2221 1844 2528 1902 debeamus.
2551 1846 2648 1903 Ubi
2673 1856 2883 1917 oportet
2908 1848 3127 1919 intelligi
3147 1850 3287 1920 quod
3316 1851 3512 1905 dictum

1942 1943 2055 2001 est,
2088 1933 2214 1989 Noli
2240 1937 2364 1991 velle
2393 1953 2412 1991 :
2439 1939 2683 1994 voluntas
2711 1939 2906 2010 quippe
2937 1941 3047 2011 ipsa
3077 1942 3225 2011 quasi
3251 1956 3311 1996 os
3338 1942 3515 1996 cordis

1941 2026 2228 2096 accipitur,
2260 2037 2317 2083 ut
2358 2043 2461 2084 non
2490 2030 2748 2100 pertineat
2774 2031 2839 2085 ad
2868 2046 2928 2085 os
2956 2031 3130 2086 cordis
3149 2070 3163 2097 ,
3193 2047 3312 2086 cum
3343 2032 3512 2102 majus

1943 2119 2137 2172 malum
2168 2128 2413 2176 caventes
2440 2122 2726 2177 mentimur
2750 2122 2922 2177 inviti.
2946 2123 3041 2177 Est
3065 2133 3117 2178 et
3148 2123 3334 2178 tertius
3361 2124 3516 2178 intel-

1944 2209 2140 2277 lectus,
2168 2227 2273 2281 quo
2298 2213 2375 2267 sic
2403 2214 2632 2284 accipias
2652 2256 2667 2279 ,
2698 2214 2822 2268 Noti
2858 2232 3004 2269 omne
3023 2257 3037 2281 ,
3071 2224 3126 2269 ut
3154 2217 3389 2286 exceptis
3415 2218 3511 2271 ali-

1944 2302 2132 2371 quibus
2161 2303 2447 2359 mendaciis
2476 2307 2685 2359 mentiri
2717 2315 2767 2361 te
2806 2307 2961 2361 sinat.
2992 2307 3260 2378 Tanquam
3291 2309 3333 2362 si
3364 2308 3512 2363 dice—

1944 2400 2059 2456 ret,
2091 2392 2207 2447 Noli
2240 2394 2374 2448 velle
2400 2394 2620 2450 credere
2648 2398 2791 2450 omni
2838 2396 3032 2450 homini
3068 2415 3081 2451 :
3116 2415 3216 2452 non
3251 2400 3427 2468 utique
3456 2410 3515 2453 ut

1945 2482 2074 2535 nulli
2100 2482 2407 2537 crederetur
2432 2494 2704 2549 moneret;
2748 2486 2840 2539 sed
2885 2495 2941 2539 ut
2970 2501 3072 2540 non
3104 2488 3348 2541 omnibus
3368 2529 3382 2553 ,
3415 2489 3512 2542 ali-

1945 2571 2135 2640 quibus
2174 2582 2348 2627 autem
2375 2574 2695 2629 crederetur.
2726 2576 2791 2629 Et
2820 2576 2870 2629 id
2900 2576 3036 2646 quod
3066 2579 3335 2646 sequitur,
3370 2579 3514 2631 Assi-

1945 2662 2109 2717 duitas
2128 2664 2259 2716 enim
2280 2665 2386 2734 ejus
2406 2680 2504 2717 non
2531 2665 2755 2735 proﬁciet
2780 2666 2850 2718 ad
2870 2664 3053 2719 bonum
3077 2666 3257 2735 (Eccli.
3282 2684 3372 2733 vn,
3399 2669 3511 2737 Η),

1946 2754 2016 2807 ita
2044 2763 2215 2816 sonat,
2238 2755 2385 2823 quasi
2412 2770 2517 2809 non
2544 2771 2574 2809 a
2604 2755 2897 2822 mendacio,
2922 2757 3014 2811 sed
3040 2757 3107 2811 ab
3130 2758 3341 2811 assiduo
3364 2774 3512 2811 men-

1945 2843 2116 2901 dacio.
2146 2843 2197 2897 id
2234 2852 2334 2909 est,
2365 2859 2395 2897 a
2425 2845 2804 2899 consuetudine
2829 2854 2986 2915 atque
3016 2862 3194 2900 amore
3223 2848 3513 2901 mentiendi

1947 2934 2224 3003 prohibere
2251 2935 2508 2989 videatur.
2535 2934 2649 3002 Quo
2674 2934 2909 3004 proiecto
2937 2937 3211 2991 delabetur
3229 2978 3243 3000 ,
3275 2939 3511 3008 quisquis

1946 3026 2029 3080 vel
2058 3026 2199 3080 omni
2244 3026 2517 3082 mendacio
2568 3029 2826 3097 putaverit
2862 3029 3215 3097 abutendum,
3250 3031 3340 3101 (ita
3371 3032 3512 3085 enim

1946 3131 2046 3171 nec
2072 3116 2199 3169 illud
2226 3117 2447 3181 cavebit,
2477 3117 2613 3187 quod
2644 3119 2700 3171 ﬁt
2730 3118 2778 3171 in
2808 3119 3044 3172 doctrina
3076 3121 3281 3188 pietatis
3309 3130 3359 3175 et
3389 3123 3480 3175 reli
3504 3153 3537 3189 -ν

1946 3206 2144 3278 gionis;
2167 3223 2271 3278 quo
2298 3209 2602 3263 sceleratius
2629 3208 2753 3279 quid
2779 3208 2932 3264 facile
2960 3211 3216 3277 invenias,
3245 3226 3348 3266 non
3381 3212 3518 3265 inter

1946 3299 2122 3352 omnia
2150 3297 2440 3363 mendacia,
2465 3298 2557 3353 sed
2588 3300 2722 3353 inter
2748 3301 2924 3355 omnia
2955 3300 3223 3373 peccata?)
3246 3303 3324 3355 vel
3356 3303 3510 3356 alicui

1948 3387 2255 3454 mendacio,
2285 3389 2522 3458 quamvis
2552 3388 2725 3455 facili,
2766 3392 3004 3460 quamvis
3037 3391 3251 3445 innoxio
3272 3432 3286 3457 ,
3331 3401 3512 3445 nutum

1947 3481 2235 3536 voluntatis
2271 3481 2781 3549 accommodaverit;
2819 3493 2875 3536 ut
2903 3498 3006 3536 non
3036 3483 3227 3537 invitus
3261 3483 3516 3537 evadendi

1947 3571 2163 3639 majoris
2179 3571 2300 3624 mali
2327 3585 2507 3635 causa,
2524 3570 2617 3626 sed
2637 3573 2816 3627 volens
2833 3572 3105 3641 libensque
3122 3573 3421 3626 mentiatur.
3443 3571 3515 3625 Ita

1948 3675 2070 3715 cum
2098 3660 2195 3714 tria
2225 3661 2332 3715 sint
2364 3676 2483 3730 qua:
2513 3661 2564 3715 in
2596 3661 2695 3716 hac
2723 3664 2982 3716 sententia
3023 3663 3240 3732 intelligi
3274 3665 3476 3731 possint
3501 3681 3513 3715 :

1948 3761 2073 3818 aut,
2104 3752 2273 3807 Omne
2298 3752 2628 3807 mendacium
2666 3769 2769 3807 non
2800 3755 2968 3808 solum
3000 3756 3206 3808 mentiri
3248 3757 3389 3822 noli,
3423 3758 3514 3813 sed

1950 3859 2048 3899 nec
2065 3844 2197 3899 velle
2217 3844 2426 3898 mentiri
2444 3846 2483 3909 ¹;
2500 3853 2610 3910 aut,
2630 3844 2735 3899 noli
2758 3846 2912 3910 velle,
2934 3845 3027 3901 sed
3054 3846 3135 3899 vel
3162 3846 3353 3899 invitus
3370 3863 3521 3901 men-

1952 3934 2085 4002 tire,
2112 3948 2233 3989 cum
2273 3934 2574 4005 fugiendum
2616 3934 2921 4004 estaliquid
2964 3935 3210 4006 gravius;
3253 3944 3377 4001 aut,
3410 3938 3518 3990 noli

1951 4040 2129 4092 omne,
2156 4033 2215 4080 ut
2237 4027 2473 4096 exceptis
2491 4026 2753 4096 aliquibus
2776 4026 3065 4082 mendaciis
3089 4035 3279 4082 caitera
3307 4028 3523 4096 permit-

1953 4124 2160 4173 tantur:
2180 4133 2342 4172 unum
2370 4117 2456 4173 hic
2477 4134 2573 4188 pro
2589 4118 2672 4173 his
2686 4117 2878 4189 quibus
2892 4117 3102 4173 mentiri
3130 4134 3392 4188 nunquam
3414 4120 3523 4185 pla-

1952 4218 2070 4275 cet,
2098 4209 2206 4265 duo
2234 4224 2333 4280 pro
2358 4209 2461 4265 illis
2486 4210 2577 4281 qui
2604 4208 2887 4280 aliquando
2912 4218 3096 4280 putant
3117 4224 3237 4265 esse
3262 4210 3524 4265 mentien-

1952 4299 2100 4365 dum,
2132 4300 2484 4355 inveniuntur.
2513 4299 2618 4356 Sed
2650 4312 2822 4355 tamen
2848 4299 2987 4369 quod
3015 4301 3271 4369 sequitur,
3294 4300 3525 4354 Assidui-

1955 4398 2031 4443 tas
2051 4390 2180 4442 enim
2201 4390 2307 4459 ejus
2331 4406 2429 4443 non
2450 4391 2673 4459 proﬁciet
2693 4390 2761 4443 ad
2775 4392 2975 4455 bonum,
2997 4391 3177 4445 nescio
3202 4401 3373 4446 utrum
3402 4406 3527 4462 pos-

1954 4480 2022 4535 sit
2049 4480 2231 4550 primae
2256 4480 2441 4535 harum
2460 4482 2616 4535 trium
2642 4481 2919 4537 sententia:
2948 4480 3221 4552 sun‘ragari
3242 4500 3256 4537 :
3275 4481 3374 4536 nisi
3392 4482 3526 4536 forte

1955 4570 2028 4624 ita
2054 4579 2111 4624 ut
2140 4569 2491 4640 perfectorum
2523 4580 2842 4641 prmceptum
2872 4571 2974 4637 sit,
3016 4572 3233 4627 omnino
3260 4588 3524 4642 nunquam

1956 4678 2062 4718 non
2097 4663 2268 4717 solum
2298 4664 2544 4731 mentiri,
2575 4664 2669 4719 sed
2697 4664 2782 4719 vel
2812 4664 2943 4720 velle
2970 4665 3217 4729 mentiri;
3246 4664 3528 4719 assiduitas

1956 4770 2083 4810 vero
2107 4755 2395 4809 mentiendi
2436 4770 2535 4810 nec
2564 4756 2957 4825 proficientibus
2986 4756 3336 4824 permittatur.
3384 4755 3525 4808 Tan-

1956 4862 2113 4917 quam
2137 4847 2181 4902 si
2211 4861 2330 4901 cum
2358 4848 2751 4916 praeciperetur,
2779 4862 3045 4917 nunquam
3068 4860 3287 4917 prorsus
3313 4860 3415 4898 non
3440 4860 3528 4898 so-

1957 4939 2065 4993 lum
2093 4938 2471 5003 mentiendum,
2502 4938 2593 4993 sed
2620 4953 2718 4993 nec
2741 4937 3063 4992 voluntatem
3092 4934 3387 4990 habendam
3407 4950 3529 4990 esse

1958 5031 2267 5097 mentiendi,
2284 5031 2735 5087 oontradiceretur
2759 5031 3033 5100 exemplis.
3053 5029 3193 5100 quod
3214 5029 3386 5099 aliqua
3408 5039 3529 5083 sunt

1959 5124 2117 5179 etiam
2146 5138 2331 5192 magna
2348 5123 2660 5178 auctoritate
2673 5122 2962 5192 approbata
2986 5120 3258 5176 mendacia
3278 5138 3292 5173 :
3312 5136 3531 5190 respou-

1958 5214 2174 5269 deretur
2202 5224 2376 5268 autem
2397 5256 2412 5279 ,
2453 5214 2539 5268 illa
2568 5213 2777 5283 quidem
2806 5226 2926 5267 esse
2954 5211 3337 5281 proficientium
3358 5250 3373 5274 ,
3412 5226 3530 5281 qme

1961 5305 2159 5361 habent
2202 5304 2491 5359 secundum
2524 5303 2659 5358 hanc
2688 5303 2847 5357 vitam
2875 5303 3257 5373 qualecumque
3296 5302 3527 5356 ofﬁcium

1958 5393 2366 5460 misericordiae;
2397 5393 2490 5449 sed
2517 5408 2685 5464 usque
2707 5393 2841 5449 adeo
2864 5407 2983 5449 esse
3009 5408 3166 5450 omne
3191 5391 3525 5447 mendacium

1960 5487 2154 5541 malum
2175 5526 2190 5552 ,
2221 5493 2278 5541 et
2317 5484 2566 5555 perfectis
2590 5494 2747 5555 atque
2775 5484 3131 5555 Spiritualibus
3169 5484 3360 5537 animis
3384 5482 3531 5538 omni

1960 5579 2118 5633 modo
2143 5576 2443 5648 fugiendum
2463 5617 2479 5644 ,
2507 5584 2565 5631 ut
2590 5592 2687 5632 nec
2717 5577 2844 5648 ipsis
2880 5576 3272 5646 proficientibus
3299 5574 3527 5629 assidui-

1962 5680 2042 5727 tas
2069 5671 2182 5740 ejus
2204 5669 2550 5740 permittenda
2575 5670 2661 5725 sit.
2687 5670 2891 5725 Dictum
2916 5675 3001 5724 est
3022 5669 3160 5725 enim
3182 5667 3291 5737 jam
3340 5665 3407 5721 de
3433 5664 3529 5720 ob-

1963 5764 2263 5819 stetricibus
2294 5763 2590 5834 Egyptiis,
2618 5762 2757 5833 quod
2783 5761 2848 5819 de
2876 5760 3049 5818 indole
3078 5759 3141 5817 ad
3184 5759 3372 5817 melius
3403 5770 3527 5827 pro-

2026 5877 2041 5908 ¹
2078 5883 2201 5938 Mss,
2227 5876 2310 5928 sed
2336 5876 2405 5927 t'ct
2422 5874 2534 5927 velle
2558 5874 2763 5927 mentiri.
