4078 6564
328 459 427 515 513

392 570 478 624 58.
525 569 651 624 "ch
689 577 836 626 certe
859 567 1034 624 omnis
1063 566 1351 639 disputatio
1380 566 1628 638 quamvis
1655 566 1916 628 alternet,

324 663 438 717 aliis
465 660 835 717 asserentibus
874 675 1146 730 nunquam
1182 674 1304 714 esse
1325 658 1718 724 mentiendum,
1747 665 1804 712 et
1847 656 1916 711 ad

323 752 422 809 hoc
448 753 628 807 divina
661 751 962 807 testimonia
993 749 1375 816 recitantibus;
1399 749 1518 804 aliis
1545 747 1921 803 contradicen-

319 845 483 909 tibus,
515 853 570 899 et
621 844 760 900 inter
806 845 918 914 ipsa
943 844 1105 899 verba
1135 842 1438 898 divinorum
1483 841 1918 898 testimoniorum

317 935 600 992 mendacio
652 937 828 990 locum
869 935 1456 1006 quzerentihusznemo
1507 943 1687 989 tamen
1741 940 1920 1002 potest

316 1027 520 1094 dicere,
546 1027 649 1083 hoc
678 1042 739 1083 se
765 1036 857 1081 aut
875 1028 926 1080 in
950 1026 1200 1096 exemplo
1226 1033 1321 1080 aut
1346 1026 1398 1080 in
1421 1024 1586 1080 verbo
1613 1023 1918 1094 Scriptura-

315 1136 435 1175 rum
465 1120 732 1186 invenire,
762 1128 819 1174 ut
855 1118 1184 1190 diligendum
1215 1117 1299 1172 vel
1327 1132 1433 1172 non
1460 1116 1583 1172 odio
1611 1116 1914 1172 habendum

314 1213 484 1267 ullum
512 1212 852 1268 mendacium
885 1211 1158 1274 videatur;
1191 1209 1286 1266 sed
1311 1209 1578 1265 interdum
1603 1207 1915 1264 mentiendo

311 1301 619 1359 faciendum
667 1319 791 1359 esse
843 1303 985 1372 quod
1037 1302 1235 1369 oderis,
1284 1301 1507 1372 utquod
1532 1299 1763 1370 amplius
1813 1299 1912 1356 dc-

315 1394 626 1450 testandum
655 1403 739 1450 est
759 1393 1046 1449 devitetur.
1092 1392 1197 1448 Sed
1231 1393 1285 1446 in
1311 1393 1410 1448 hoc
1433 1402 1616 1447 errant
1645 1391 1910 1456 homines,

311 1486 454 1556 quod
476 1486 714 1541 subdunt
737 1487 968 1557 pretiosa
997 1485 1294 1542 vilioribus.
1334 1487 1466 1540 Cum
1493 1487 1638 1558 enim
1683 1500 1910 1541 conces-

311 1579 449 1634 seris
505 1579 894 1634 admittendum
936 1594 1058 1634 esse
1103 1577 1313 1648 aliquod
1363 1579 1600 1641 malum,
1650 1592 1718 1632 ne
1769 1576 1911 1631 aliud

309 1672 528 1740 gravius
578 1671 938 1735 admittatur;
990 1685 1095 1724 non
1145 1685 1214 1725 ex
1275 1669 1458 1740 regula
1513 1667 1772 1734 veritatis,
1814 1668 1909 1723 sed

309 1780 375 1818 ex
403 1779 502 1818 sua
527 1767 755 1834 quisque
778 1762 1074 1833 cupiditate
1095 1772 1255 1832 atque
1284 1762 1670 1817 consuetudine
1692 1763 1911 1816 metitur

311 1857 548 1921 malum;
575 1864 630 1911 et
658 1855 707 1909 id
729 1863 874 1925 putat
903 1855 1136 1925 gravius,
1159 1852 1300 1925 quod
1322 1853 1437 1923 ipse
1461 1852 1688 1922 amplius
1709 1851 1908 1907 exhor-

309 1951 498 2013 rescit,
529 1964 634 2000 non
663 1947 806 2017 quod
839 1946 1072 2015 amplius
1109 1939 1294 2001 revera
1324 1944 1629 2014 fugiendum
1661 1952 1761 1998 est.
1796 1942 1910 1998 Hoc

310 2051 480 2097 totum
495 2042 562 2096 ab
578 2041 775 2094 amoris
789 2040 1140 2110 perversitate
1155 2039 1388 2110 gignitur
1402 2036 1747 2092 vitium.Cum
1767 2036 1908 2091 enim

307 2136 427 2190 dna:
453 2136 562 2188 sint
585 2137 704 2188 vitae
729 2142 928 2188 nostrae
953 2150 968 2198 ;
1001 2147 1103 2187 una
1131 2134 1477 2202 sempiterna,
1507 2148 1626 2202 quae
1649 2130 1907 2185 divinitus

307 2228 669 2297 promittitur;
715 2227 881 2281 altera
920 2224 1245 2295 temporalis,
1271 2225 1324 2279 in
1354 2240 1458 2296 qua
1507 2239 1646 2278 nunc
1678 2237 1902 2279 sumus:

307 2336 429 2374 cum
457 2319 687 2389 quisque
719 2319 874 2372 istam
906 2316 1257 2387 temporalem
1289 2316 1516 2385 amplius
1539 2315 1765 2384 diligere
1792 2328 1906 2369 cu:-

307 2415 465 2482 perit,
497 2429 659 2482 quam
703 2412 846 2465 illam
894 2411 1294 2480 sempiternam,
1337 2418 1556 2480 propter
1584 2408 1722 2464 hanc
1745 2424 1904 2478 quam

307 2506 496 2575 diligit,
532 2512 681 2574 putat
725 2518 846 2558 esse
891 2503 1068 2556 oinuia
1112 2501 1349 2556 facienda
1375 2517 1392 2566 ;
1417 2517 1514 2554 nec
1546 2500 1648 2553 ulla
1675 2500 1907 2554 aestimat

303 2597 553 2666 graviora
589 2611 829 2664 peccata,
869 2610 1026 2665 quam
1065 2609 1186 2665 qure
1219 2594 1340 2648 huic
1365 2593 1486 2647 vitae
1514 2592 1716 2646 faciunt
1761 2592 1904 2661 inju-

303 2689 461 2751 riam,
490 2697 544 2742 et
570 2687 649 2742 vel
669 2688 718 2742 ei
745 2686 1142 2742 commoditatis
1163 2685 1362 2756 aliquid
1380 2687 1394 2716 ι
1429 2685 1610 2756 inique
1636 2694 1690 2740 et
1717 2685 1904 2740 illicite

302 2779 578 2845 auferunt,
605 2789 696 2833 aut
722 2794 840 2835 eam
889 2779 1100 2846 penitus
1126 2777 1269 2831 illata
1309 2785 1481 2831 morte
1508 2776 1770 2832 adimunt.
1798 2777 1900 2833 Ita-

302 2887 405 2941 que
437 2871 602 2937 fures,
658 2880 710 2925 et
737 2859 1001 2940 raptores,
1045 2879 1097 2924 et
1124 2869 1570 2931 contumeliosos,
1594 2880 1647 2923 et
1672 2877 1902 2924 tortores

301 2976 463 3034 atque
501 2962 874 3017 interfectores
915 2962 1082 3032 magis
1133 2961 1397 3025 oderunt,
1441 2976 1599 3030 quam
1650 2959 1898 3027 lascivos,

301 3056 569 3121 ebriosos,
604 3056 929 3119 luxuriosos,
963 3053 1007 3107 si
1039 3054 1170 3108 nulli
1203 3054 1413 3107 molesti
1448 3054 1574 3105 sint.
1603 3052 1715 3106 Non
1756 3053 1898 3107 cttiut

302 3149 625 3219 intelligunt,
650 3157 740 3199 aut
783 3146 1003 3201 Omnino
1043 3153 1254 3209 curant,
1288 3145 1428 3214 quod
1453 3145 1537 3198 isti
1569 3145 1678 3198 Deo
1705 3143 1902 3198 faciant

301 3241 551 3310 injuriam
581 3258 596 3306 ;
633 3256 733 3293 non
753 3238 968 3309 quidem
993 3238 1044 3292 in
1077 3239 1220 3292 illius
1236 3238 1451 3308 aliquod
1473 3237 1894 3302 incommodum,

299 3335 393 3390 sed
426 3335 480 3388 in
523 3349 672 3389 suam
714 3348 962 3403 magnam
1014 3332 1336 3402 perniciem;
1369 3347 1488 3385 cum
1531 3332 1670 3386 dona
1702 3332 1814 3400 ejus
1844 3332 1896 3386 iu

298 3442 358 3483 se
410 3435 777 3496 corrumpunt,
805 3426 966 3479 etiam
999 3423 1334 3493 temporalia,
1364 3433 1525 3493 atque
1560 3422 1685 3492 ipsis
1714 3439 1898 3478 corru-

299 3519 572 3590 ptiouihus
597 3529 911 3574 aversantur
934 3527 1130 3571 aeterna
1162 3534 1174 3570 :
1203 3517 1433 3571 maxime
1454 3516 1617 3585 sijam
1639 3517 1895 3585 templum

302 3612 396 3667 Dei
426 3627 548 3666 esse
577 3617 888 3681 coeperunt;
919 3608 1058 3679 quod
1088 3607 1408 3662 Christianis
1453 3607 1703 3662 omnihus
1753 3609 1896 3677 Apo-

300 3703 471 3757 stolus
528 3701 600 3756 ita
650 3702 780 3755 dicit
813 3718 826 3753 :
861 3698 1085 3752 Nescitis
1111 3699 1230 3770 quia
1270 3699 1511 3767 templum
1538 3697 1633 3750 Dei
1659 3699 1798 3761 estis,
1846 3708 1895 3752 et

299 3795 528 3866 Spiritus
571 3793 666 3847 Dei
700 3793 893 3847 habitat
939 3793 991 3844 in
1038 3790 1210 3844 vobis?
1243 3789 1481 3860 Quisquis
1515 3791 1759 3860 templum
1801 3788 1896 3842 Dei

297 3886 600 3956 corruperit,
631 3893 917 3952 corrumpet
953 3882 1101 3936 illaut
1133 3882 1290 3936 Deus.
1322 3879 1591 3950 Templum
1619 3881 1752 3934 enim
1798 3881 1895 3935 Dei

296 3988 530 4032 sanctum
554 3986 646 4042 est,
673 3975 808 4043 quod
835 3975 952 4029 estis
982 3973 1122 4045 t-ostl
1152 3973 1268 4028 Cor.
1305 3988 1378 4038 Ill,
1416 3972 1482 4029 16
1500 3980 1546 4025 et
1567 3971 1676 4041 Π).

365 4070 457 4126 '59.
501 4070 567 4124 Et
593 4069 770 4124 omnia
812 4068 1026 4138 quidem
1055 4068 1153 4123 ista
1180 4076 1418 4136 peccata,
1448 4065 1562 4120 sive
1587 4065 1782 4135 quibus
1805 4065 1858 4119 in
1879 4095 1892 4108 -

295 4167 434 4236 juria
493 4166 552 4218 fit
579 4164 885 4218 hominibus
908 4164 960 4216 in
1012 4163 1140 4233 ipsis
1188 4162 1307 4214 vitze
1353 4160 1510 4230 hujus
1534 4158 1887 4225 commodis’,

298 4261 410 4314 sive
438 4259 632 4330 quibus
659 4273 717 4313 se
746 4257 843 4326 ipsi
872 4256 1114 4310 homines
1132 4264 1502 4324 corrumpunt,
1533 4263 1586 4309 et
1613 4254 1741 4308 nulli
1761 4255 1892 4307 invi-

297 4364 350 4407 to
381 4361 579 4408 nocent
606 4369 618 4405 :
653 4351 828 4406 omnia
851 4366 976 4422 ergo
995 4350 1092 4404 ista
1115 4360 1347 4419 peccata,
1377 4349 1582 4402 etiamsi
1606 4347 1728 4402 huic
1755 4356 1892 4402 tem-

298 4445 465 4517 porali
514 4445 636 4499 vita:
674 4444 739 4497 ad
786 4442 1016 4512 aliquam
1045 4443 1455 4497 delectationem
1496 4441 1578 4496 vel
1609 4440 1892 4494 utilitatem

299 4541 548 4596 videntur
577 4539 859 4593 consulere
908 4537 1053 4609 (nam
1097 4535 1274 4589 nullus
1318 4533 1519 4604 aliquid
1552 4534 1742 4588 horum
1786 4534 1890 4587 alio

299 4632 574 4702 proposito
600 4647 661 4683 ac
694 4632 797 4684 line
828 4628 1169 4697 t0mtttitlit);
1221 4635 1395 4680 tamen
1426 4625 1490 4679 ad
1516 4625 1674 4695 ,illatn
1702 4627 1886 4691 vitam,

298 4742 412 4794 qua.-
445 4723 770 4792 sempiterna
800 4733 902 4785 cst,
948 4720 1247 4790 implicatos
1285 4718 1537 4772 omnibus
1587 4717 1761 4771 modis
1792 4717 1890 4770 im-

298 4816 535 4888 pediunt.
579 4815 778 4868 llorum
824 4821 1002 4865 autem
1030 4811 1128 4864 alia
1153 4818 1276 4863 sunt
1301 4825 1420 4878 qu:e
1461 4809 1604 4863 solos
1636 4807 1894 4862 facientes

298 4907 612 4977 impediunt,
654 4906 755 4958 alia
799 4920 916 4974 qua:
961 4917 1054 4957 eos
1081 4903 1238 4957 etiam
1277 4901 1330 4954 in
1357 4902 1548 4970 quihus
1576 4900 1730 4954 fiunt.
1762 4899 1890 4954 Nam

299 5002 382 5056 illa
411 5015 534 5072 quae
557 4998 799 5052 utilitatis
818 4997 882 5049 ad
911 4995 1046 5048 hanc
1065 4997 1222 5047 vitam
1255 4994 1571 5063 pertinentis
1600 4994 1765 5062 gratia
1790 5010 1895 5047 ser-

299 5102 509 5155 vantur,
559 5106 680 5144 cum
731 5087 1046 5142 auferuntur
1073 5086 1139 5138 ab
1171 5085 1473 5154 injuriosis;
1521 5085 1596 5139 illi
1627 5085 1725 5138 soli
1767 5100 1892 5154 pec-

299 5195 441 5250 cant,
475 5193 528 5238 et
553 5198 581 5235 a
615 5183 721 5235 vita
763 5193 963 5234 :etcrna
1009 5179 1392 5248 impediuntur,
1431 5177 1519 5246 qui
1559 5193 1620 5231 ea
1670 5177 1888 5240 faciant,

305 5293 403 5336 non
439 5277 474 5330 ii
523 5275 719 5346 quibus
756 5274 972 5326 faciunt.
1021 5271 1201 5340 Itaque
1222 5270 1430 5324 etiamsi
1461 5285 1520 5324 ea
1549 5270 1647 5323 sibi
1692 5270 1892 5324 auferri

300 5372 524 5441 quisque
546 5367 869 5431 consentiat,
899 5365 979 5418 vel
1020 5381 1084 5419 ne
1117 5364 1274 5418 faciat
1302 5363 1501 5432 aliquid
1541 5364 1684 5426 mali,
1715 5365 1794 5417 vel
1828 5379 1893 5418 ne

298 5463 349 5518 in
380 5463 468 5516 his
497 5462 630 5532 ipsis
658 5458 831 5528 majus
873 5457 1072 5526 aliquid
1115 5455 1437 5510 incommodi
1491 5456 1753 5523 patiatur;
1786 5471 1891 5508 non

303 5555 471 5608 totum
501 5571 606 5607 non
636 5561 845 5623 peccat,
881 5551 972 5604 sed
1007 5549 1134 5603 illud
1187 5548 1397 5602 fortiter
1441 5557 1495 5602 et
1534 5548 1889 5614 laudabiliter,

304 5654 397 5704 hoe
430 5649 633 5703 utiliter
658 5659 710 5700 et
736 5643 1129 5713 inculpabilitcr
1160 5643 1303 5697 facit.
1333 5644 1460 5711 Qum
1491 5653 1667 5697 autem
1698 5644 1896 5696 sancti-

310 5744 420 5798 latis
451 5740 836 5810 religionisque
865 5752 1025 5791 causa
1055 5749 1358 5802 servantur,
1402 5752 1523 5792 eum
1551 5737 1662 5790 lucc
1696 5737 1896 5792 violare

362 5883 378 5913 ι
416 5886 542 5930 διες..
578 5882 624 5927 et
648 5872 724 5925 vel
754 5873 860 5928 eius
883 5871 1203 5937 commoditati
1226 5873 1427 5937 aliquid.

360 5945 382 5977 ο
413 5947 481 5992 sic
508 5950 613 5991 foss.
648 5947 700 5988 At
728 5938 862 5992 editi,
880 5937 1190 5988 ittcotttittmlis

1739 455 1944 511 LIBER
1986 455 2186 515 UNUS.

3523 473 3628 530 5N

2031 567 2274 638 injuriosi
2327 575 2622 641 voluerint;
2677 578 2840 634 etiam
2884 580 3113 651 peccatis
3148 583 3458 650 minoribus,
3510 603 3617 646 non

2030 665 2206 714 tamen
2231 660 2437 731 injuriis
2465 664 2716 731 aliorum,
2743 669 2789 722 si
2818 670 3056 725 conditio
3087 675 3402 742 proponitur
3445 684 3500 730 et
3525 674 3610 730 fa-

2025 749 2194 804 cultas
2215 753 2388 818 datur,
2413 753 2720 811 redimenda
2738 768 2882 814 sunt.
2897 760 2964 815 Et
2985 770 3109 816 tunc
3125 761 3233 832 jam
3258 765 3342 819 illa
3364 764 3614 820 desinunt

2024 853 2144 896 esse
2164 853 2400 911 peccata,
2415 862 2533 915 qua:
2561 857 2780 918 propter
2798 851 3041 920 graviora
3062 853 3278 908 vitanda
3298 855 3580 925 suscipiuu
3595 887 3615 898 -

2025 940 2130 987 tur.
2147 932 2532 993 Sicutenimin
2556 940 2716 995 rebus
2748 942 2988 1009 utilibus,
3035 945 3181 1000 velut
3209 945 3262 999 in
3305 950 3616 1015 pecuniaria

2022 1027 2196 1084 aliove
2219 1030 2400 1100 aliquo
2421 1033 3064 1104 commodo-corporali‘,
3107 1052 3212 1091 non
3253 1049 3472 1092 vocatur
3515 1039 3612 1093 da-

2021 1133 2229 1185 mnum,
2258 1120 2399 1191 quod
2423 1135 2639 1195 propter
2651 1124 2822 1194 majus
2840 1127 3042 1181 lucrum
3067 1127 3359 1193 amittitur;
3379 1130 3455 1184 sic
3478 1138 3532 1184 et
3561 1132 3612 1185 in

2009 1209 2183 1264 rebus
2199 1211 2400 1266 sanctis
2430 1229 2541 1268 non
2559 1224 2779 1270 vocatur
2801 1228 3098 1286 peccatum,
3141 1219 3280 1288 quod
3312 1235 3378 1274 ne
3402 1221 3616 1289 gravius

2019 1299 2350 1372 admittatur,
2373 1305 2693 1362 admittitur.
2718 1310 2880 1363 Autsi
2903 1319 2958 1365 ct
2977 1311 3104 1366 illttd
3121 1311 3374 1367 damnum
3401 1313 3614 1382 dicitur,

2019 1392 2162 1462 quod
2183 1394 2372 1465 aliquis
2396 1397 2569 1466 perdit
2587 1415 2654 1454 ne
2691 1401 2918 1470 amplius
2944 1402 3162 1471 perdat;
3182 1412 3403 1458 vocetur
3429 1413 3482 1459 et
3513 1403 3617 1460 hoc

2019 1487 2464 1553 peccatum,dum
2485 1499 2660 1546 tamen
2698 1493 3095 1562 suscipiendum
3134 1510 3274 1559 esse,
3317 1497 3616 1567 utamplius

2016 1575 2267 1646 evitetur,
2286 1580 2354 1634 ita
2384 1596 2542 1637 nemo
2563 1582 2790 1651 dubitet,
2815 1587 2951 1640 sicut
2976 1603 3132 1642 nemo
3153 1589 3356 1644 dubitat
3390 1590 3612 1645 cavendi

2017 1668 2236 1739 majoris
2250 1671 2428 1726 damni
2451 1689 2611 1729 causa
2648 1676 2957 1744 patiendum
2999 1693 3119 1733 esse
3139 1679 3280 1749 quod
3308 1680 3482 1735 minus
3509 1690 3610 1735 est.

2089 1759 2314 1818 CAPUT
2355 1763 2496 1818 XIX.
2525 1795 2596 1805 —
2623 1767 2713 1821 40.
2748 1767 2872 1821 Tria
2910 1769 3157 1822 servanda
3185 1771 3466 1825 sanctitatis
3493 1788 3616 1825 cau-

2015 1868 2074 1906 sa
2098 1868 2117 1907 :
2137 1854 2384 1924 pudicitia
2412 1859 2676 1926 corporis,
2702 1861 2905 1914 castitas
2928 1861 3106 1927 animi,
3133 1871 3181 1916 et
3219 1863 3400 1917 veritas
3420 1862 3613 1918 doctri-

2016 1959 2112 1998 ηαξ.
2159 1945 2262 1999 Ista
2294 1957 2420 2002 sunt
2447 1958 2626 2004 autem
2669 1967 2786 2020 quae
2830 1952 3130 2007 sanctitatis
3166 1968 3326 2008 causa
3349 1954 3612 2010 servanda

2015 2047 2141 2092 sunt
2169 2055 2182 2092 :
2217 2040 2468 2109 pudicitia
2494 2045 2756 2114 corporis,
2780 2055 2834 2100 et
2856 2046 3074 2102 castitas
3099 2049 3311 2113 animm,
3339 2059 3392 2104 et
3412 2052 3613 2104 veritas

2013 2129 2294 2186 doctrina}.
2359 2135 2674 2191 Pudicitiam
2732 2141 2992 2209 corporis,
3026 2156 3131 2194 non
3155 2143 3522 2198 consentiente
3547 2158 3611 2198 ac

2016 2225 2358 2293 permittente
2383 2228 2742 2294 anima,nemo
2770 2232 2949 2286 violat.
2973 2231 3240 2303 Quidquid
3281 2234 3422 2289 enim
3455 2234 3609 2288 nobis

2017 2315 2196 2370 invitis
2240 2318 2548 2388 nullamque
2598 2321 2956 2378 tribuentibus
2984 2334 3298 2393 potestatem
3329 2327 3532 2395 majore
3557 2326 3608 2380 vi

2010 2407 2268 2477 contingit
2299 2409 2350 2463 in
2379 2421 2562 2464 nostro
2583 2427 2828 2482 corpore,
2858 2415 2999 2468 nulla
3024 2416 3350 2486 impudicitia
3374 2426 3474 2472 est.
3499 2417 3605 2472 Sed

2012 2500 2355 2568 permittendi
2379 2510 2552 2570 potest
2579 2517 2700 2558 esse
2719 2505 2894 2574 aliqua
2923 2507 3082 2572 ratio,
3115 2508 3484 2564 consentiendi
3512 2523 3608 2562 au-

2013 2599 2118 2644 tem
2146 2591 2308 2645 nulla.
2343 2592 2385 2646 Τ
2391 2607 2492 2648 unc
2511 2595 2654 2649 enim
2671 2596 3054 2664 consentimus,
3084 2613 3203 2652 cum
3232 2599 3595 2668 approhamus

2009 2692 2063 2736 ct
2087 2684 2366 2739 volumus:
2402 2687 2760 2756 permittimus
2809 2698 2987 2743 autem
3010 2688 3172 2744 etiam
3200 2706 3306 2745 non
3339 2692 3600 2759 volentes,

2009 2773 2275 2828 evitandm
2299 2774 2524 2846 alicujus
2546 2778 2763 2847 majoris
2783 2779 3122 2849 turpitudinis
3146 2783 3334 2851 gratia.
3367 2782 3605 2838 Consen-

2009 2864 2089 2917 sio
2116 2878 2245 2920 sane
2274 2865 2341 2919 ad
2369 2866 2750 2935 impudicitiam
2798 2872 3152 2939 corporalem,
3195 2873 3354 2926 etiam
3388 2874 3604 2928 castita-

2010 2966 2114 3011 tem
2161 2959 2327 3013 animi
2376 2959 2556 3014 violat.
2589 2962 2765 3016 Animi
2811 2965 3006 3035 quippe
3031 2965 3246 3019 castitas
3272 2974 3355 3020 est
3383 2966 3436 3020 in
3463 2965 3602 3020 bona

2008 3049 2279 3104 voluntate
2308 3060 2361 3105 et
2381 3052 2588 3106 sincera
2609 3053 2913 3121 dilectione,
2943 3073 3061 3125 qute
3085 3073 3187 3110 non
3220 3059 3598 3127 corrumpitur,

2008 3140 2107 3194 nisi
2149 3155 2270 3195 cum
2321 3157 2563 3198 amamus
2588 3154 2746 3216 atque
2791 3147 3090 3216 appetimus
3132 3148 3272 3219 quod
3315 3151 3599 3205 amandum

2003 3242 2163 3304 atque
2191 3237 2545 3305 appetendum
2569 3254 2672 3291 non
2693 3253 2811 3293 esse
2826 3239 3024 3293 veritas
3043 3239 3217 3296 docet.
3238 3242 3598 3299 Custodietula

2003 3334 2088 3378 est
2107 3340 2235 3395 ergo
2259 3327 2536 3382 sinceritas
2565 3329 2899 3384 dilectionis’
2932 3332 3021 3386 Dei
3050 3343 3102 3387 ct
3131 3334 3387 3402 proximi;
3414 3335 3466 3389 in
3493 3335 3594 3391 hac

2003 3419 2145 3472 enim
2177 3419 2392 3474 castitas
2410 3421 2573 3474 animi
2606 3423 2972 3479 sanctificatur
3000 3442 3011 3477 :
3037 3433 3093 3480 et
3119 3428 3383 3497 agendum
3407 3428 3600 3498 quibus

2003 3525 2289 3580 possumus
2337 3512 2559 3580 viribus,
2605 3523 2662 3569 et
2691 3514 2774 3584 pia
2803 3517 3213 3586 supplicatione,
3252 3528 3308 3573 ut
3334 3535 3454 3575 cum
3484 3523 3600 3574 vio~

2002 3604 2157 3658 lauda
2189 3606 2456 3676 appetitur
2479 3606 2728 3676 pudicitia
2751 3609 2990 3679 corporis
3009 3611 3198 3677 nostri,
3225 3627 3322 3666 nec
3343 3613 3456 3681 ipse
3480 3614 3601 3666 ani-

2001 3711 2103 3750 ma:
2129 3710 2320 3750 sensus
2345 3707 2635 3763 extremus,
2665 3699 2753 3768 qui
2781 3700 2930 3754 carni
2973 3701 3274 3771 implicatus
3300 3713 3401 3767 est,
3424 3705 3599 3774 aliqua

2000 3788 2356 3844 delectatione
2405 3799 2682 3860 tangatur;
2727 3794 2770 3846 si
2812 3802 2986 3847 autem
3021 3794 3121 3848 hoc
3156 3812 3260 3850 non
3289 3806 3484 3866 potest,
3516 3799 3599 3853 vel

2001 3880 2196 3934 mentis
2227 3881 2278 3934 in
2305 3895 2408 3935 non
2435 3882 2819 3937 conscntiendo
2853 3885 3068 3938 castitas
3096 3898 3459 3942 conservetur.
3495 3887 3601 3943 Cu-

2006 3972 2287 4028 stodienda
2335 3983 2417 4028 est
2470 3983 2646 4027 autem
2679 3975 2730 4028 in
2773 3975 2934 4028 animi
2965 3977 3227 4040 castitate,
3254 3978 3395 4047 quod
3421 3978 3486 4033 ad
3516 3980 3600 4034 di-

2001 4065 2284 4119 lectionem
2310 4065 2533 4135 proximi
2575 4065 2820 4133 pertinet,
2871 4066 3170 4121 iuuoccntia
3192 4075 3244 4120 ct
3267 4067 3596 4124 benevolen-

2002 4157 2068 4211 tia
2088 4170 2106 4212 ε
2127 4157 2263 4227 quod
2281 4165 2455 4210 autem
2479 4155 2543 4210 ad
2569 4157 2680 4220 Dei,
2701 4157 2886 4227 pietas.
2909 4157 3211 4212 lnuocentia
3230 4169 3330 4223 est,
3349 4175 3447 4227 qua
3470 4160 3597 4216 nulli

1999 4265 2285 4314 uocemus;
2309 4249 2677 4304 benevolentia
2705 4265 2806 4318 qua
2827 4250 2984 4302 etiam
3019 4264 3302 4318 prosumus
3348 4251 3430 4304 cui
3474 4265 3598 4320 βοδ-

1999 4356 2216 4406 sumus;
2271 4341 2457 4410 pietas,
2508 4357 2608 4411 qua
2657 4341 2882 4396 colimus
2927 4340 3118 4395 Deum.
3165 4340 3371 4396 Veritas
3416 4351 3594 4397 autem

1999 4433 2280 4498 doctrinm,
2315 4432 2587 4502 religionis
2612 4443 2771 4501 atque
2804 4431 3042 4501 pietatis,
3082 4433 3288 4486 ni'nnisi
3317 4434 3596 4489 mendacio

1999 4525 2258 4587 violatur;
2288 4539 2405 4578 cum
2439 4524 2549 4593 ipsa
2577 4538 2783 4576 summa
2809 4535 2966 4593 atque
2989 4524 3173 4579 intima
3196 4526 3412 4593 veritas,
3441 4526 3595 4596 cujus

2001 4627 2082 4673 est
2109 4618 2206 4674 ista
2238 4617 2500 4683 doctrina,
2532 4617 2678 4671 nullo
2706 4616 2865 4672 modo
2893 4619 3060 4688 possit
3081 4619 3262 4672 violari
3295 4637 3306 4672 :
3340 4619 3405 4673 ad
3434 4636 3592 4689 quam

2001 4711 2302 4780 pervenire,
2326 4709 2558 4780 atquein
2588 4709 2675 4763 illa
2701 4710 2846 4763 omni
2872 4710 3032 4764 tnodo
3062 4726 3302 4777 manere,
3331 4711 3486 4780 eique
3513 4728 3599 4780 pc-

1999 4803 2144 4855 nitus
2170 4801 2433 4856 inhaerere
2462 4815 2568 4854 non
2600 4800 2797 4866 licebit,
2843 4801 2943 4855 nisi
2965 4817 3087 4855 cum
3119 4801 3462 4870 corruptibile
3494 4802 3597 4856 huc

2001 4894 2231 4950 induerit
2262 4895 2740 4964 incorruptionem,
2771 4902 2826 4949 et
2853 4895 3078 4949 mortale
3100 4894 3201 4949 hoc
3236 4895 3463 4948 induerit
3488 4895 3597 4950 im-

2001 4987 2374 5040 mortalitatem
2393 4985 2430 5058 (I
2451 4985 2568 5039 Cor.
2587 5002 2676 5050 xv,
2697 4986 2809 5057 55).
2833 4986 2936 5041 Sed
2960 4987 3080 5056 quia
3102 4987 3274 5040 onmis
3295 4987 3343 5040 iu
3370 4986 3466 5042 hac
3492 4989 3595 5043 vita

2001 5080 2186 5148 pietas,
2213 5079 2526 5134 exercitatio
2553 5087 2654 5144 est,
2683 5093 2783 5148 qua
2807 5079 2856 5132 in
2885 5079 3026 5132 iliam
3052 5078 3304 5144 tenditur,
3329 5079 3411 5132 cui
3443 5095 3595 5135 exer-

2000 5173 2237 5228 citationi
2266 5173 2514 5226 ducatum
2542 5171 2746 5241 prrebct
2784 5170 2882 5224 ista
2910 5169 3172 5231 doctrina,
3202 5186 3321 5240 qum
3351 5171 3594 5227 humanis

2000 5265 2179 5317 verbis
2236 5272 2290 5317 et
2349 5275 2732 5330 corporeornm
2810 5269 3266 5314 sacramentorum
3310 5262 3598 5331 signaculis

2002 5356 2170 5425 ipsam
2203 5355 2437 5408 insinuat
2458 5363 2619 5422 atque
2643 5353 2852 5406 intimat
2883 5353 3162 5407 veritatem
3194 5371 3206 5407 :
3243 5365 3521 5425 propterea
3547 5366 3599 5411 ct

2003 5447 2116 5500 lia-e
2146 5463 2263 5513 qua!
2306 5461 2402 5514 per
2450 5443 2782 5496 mendacium
2825 5444 3094 5512 corrumpi
3141 5454 3338 5514 potest,
3368 5447 3597 5501 maxime

2003 5542 2310 5608 incorrupta
2340 5535 2601 5592 servanda
2641 5548 2752 5600 est;
2787 5547 2842 5590 ut
2872 5537 2916 5591 si
2957 5537 3084 5608 quid
3129 5538 3180 5592 in
3231 5540 3318 5595 illa
3352 5541 3598 5596 castitate

2001 5636 2162 5690 animi
2192 5633 2349 5688 fuerit
2378 5633 2651 5698 violatum,
2688 5631 2881 5686 habeat
2909 5632 3050 5687 unde
3072 5643 3366 5703 reparetur.
3400 5635 3598 5688 Cori-u-

2069 5752 2082 5780 ι
2122 5755 2186 5798 tta
2208 5747 2475 5820 legendum
2490 5759 2608 5820 cum
2634 5753 2755 5820 tum,
2792 5748 2908 5797 mliti
2933 5787 2941 5805 ,
2969 5747 3093 5820 sicut
3126 5760 3412 5820 inferuuit:
3447 5748 3597 5820 atz'ot'e

2002 5812 2247 5921 rmnmortlo
2265 5808 2518 5921 icorporali
2553 5810 2696 5871 Lt'etut
2739 5810 2788 5859 in
2834 5809 3112 5872 pecuniaria
3152 5808 3304 5861 aliove
3352 5812 3598 5860 (077“:on

2003 5887 2201 5921 corpora
2226 5888 2257 5921 ι.

2060 5887 2257 5922 ἰΊῖοῗἹὶΗ.

2003 5877 2280 5935 corporali}

2072 5941 2088 5968 ²
2127 5945 2189 5985 Ita
2218 5946 2318 5985 Vss.
2347 5943 2400 5986 At
2424 5934 2556 5989 editi.
2584 5933 2836 5986 sinceriter
2861 5932 3065 5984 dilectio.
