3986 6552
392 451 500 510 515

394 571 486 633 pta
510 561 652 619 enim
671 558 985 616 auctoritate
1009 555 1264 612 doctrina:
1283 596 1300 620 ,
1327 555 1502 610 nullus
1530 563 1621 610 aut
1665 566 1859 610 cursus
1893 561 1988 608 aut

397 668 645 712 recursus
665 664 789 708 esse
807 647 875 704 ad
901 647 1201 703 castitatem
1225 645 1389 701 animi
1417 653 1612 715 potest.

471 742 696 800 CAPUT
721 740 840 797 XX.
870 767 941 781 -
970 740 1060 795 41.
1095 737 1370 794 Pudicitia:
1399 736 1679 808 corporalis
1703 751 1860 790 causa
1887 750 1988 788 non

399 835 766 892 "tendendum.
790 833 949 887 Fides
982 831 1116 886 unde
1142 831 1298 885 dicta.
1321 828 1536 884 Castitas
1561 827 1736 882 animi.
1761 824 1988 882 Conﬁci-

403 941 489 983 tur
515 941 645 997 ergo
673 940 740 981 ex
762 923 848 979 his
866 923 1121 979 omnibus
1142 921 1258 976 ιιωο
1272 918 1556 986 sententia,
1578 926 1637 973 ut
1655 915 1991 972 mendacium

398 1019 541 1088 quod
568 1031 677 1073 non
704 1017 865 1072 violat
888 1015 1183 1071 doctrinam
1215 1012 1444 1082 pietatis,
1476 1025 1648 1081 neque
1677 1009 1844 1079 ipsam
1865 1007 1984 1078 pie‘

406 1121 592 1176 tatem,
618 1123 796 1181 neque
822 1107 1200 1170 innocentiam,
1229 1120 1403 1175 neque
1426 1101 1873 1166 benevolentiam,
1896 1113 1992 1168 pro

407 1202 654 1271 pudicitia
684 1199 923 1269 corporis
947 1196 1329 1252 admittendum
1356 1195 1446 1251 sit.
1477 1193 1544 1248 Et
1566 1204 1741 1247 tamen
1770 1193 1813 1245 si
1839 1191 1992 1261 quis-

404 1309 566 1364 quam
617 1297 938 1363 pr0poneret
977 1289 1076 1344 sibi
1123 1288 1202 1342 sic
1235 1285 1520 1342 amandam
1556 1284 1854 1348 veritatem,
1885 1294 1990 1335 non

407 1393 612 1441 tantum
641 1399 759 1454 qua:
805 1382 859 1436 in
888 1378 1296 1450 contemplando
1342 1384 1445 1442 est,
1476 1375 1570 1431 sed
1594 1375 1755 1430 etiam
1786 1373 1838 1427 in
1865 1386 1993 1426 vero

409 1473 744 1531 enuntianda
768 1470 908 1542 quod
937 1471 989 1525 in
1017 1485 1115 1525 suo
1139 1482 1352 1539 quoque
1374 1481 1553 1522 rerum
1582 1478 1780 1535 genere
1806 1477 1991 1518 verum

410 1578 530 1631 est;
561 1573 616 1620 et
643 1578 750 1620 non
778 1563 932 1617 aliter
961 1559 1332 1631 proferendam
1361 1572 1457 1612 ore
1482 1554 1722 1626 corporis
1741 1555 1756 1586 ¹
1773 1561 1994 1610 senten-

411 1658 542 1712 tiam
579 1698 596 1723 ,
626 1671 786 1726 quam
811 1654 862 1709 in
897 1653 1076 1709 animo
1094 1657 1356 1722 concepta
1380 1658 1542 1721 atque
1567 1656 1852 1719 conspecta
1871 1655 1991 1713 est;

417 1766 480 1804 ut
509 1749 633 1804 ﬁdei
652 1747 937 1804 veridicam
959 1743 1406 1817 pulchritudinem
1431 1758 1538 1798 non
1558 1742 1731 1798 solum
1750 1756 1908 1808 auro,
1939 1748 1996 1794 et

412 1850 668 1914 argento,
699 1849 755 1897 et
778 1839 1036 1912 gemmis,
1065 1846 1121 1894 et
1153 1835 1384 1893 amnis
1407 1833 1643 1907 praediis,
1690 1831 1785 1890 sed
1809 1841 1865 1888 et
1892 1831 1995 1902 ipsi

410 1933 672 1990 universa:
693 1929 970 2002 temporali
995 1928 1118 1984 vitae
1139 1925 1400 1998 omnique
1417 1923 1658 1996 corporis
1687 1923 1830 1980 bono
1857 1937 1997 1994 prte-

415 2034 674 2097 poneret;
706 2023 888 2079 nescio
926 2029 1103 2076 utrum
1151 2019 1420 2090 sapienter
1463 2032 1494 2071 a
1521 2030 1786 2088 quoquam
1815 2027 1997 2069 errare

414 2117 702 2174 diceretur.
723 2115 792 2170 Et
826 2113 872 2170 si
902 2113 1005 2169 hoc
1033 2112 1144 2168 suis
1170 2111 1418 2167 omnibus
1442 2110 1636 2165 talibus
1673 2108 1832 2164 rebus
1853 2115 1997 2162 recte

415 2206 722 2272 anteferret,
744 2204 1014 2275 plurisque
1039 2201 1327 2273 penderet;
1358 2210 1505 2256 recte
1546 2200 1707 2255 etiam
1733 2208 1996 2268 tempora-

419 2299 558 2354 libus
584 2298 742 2353 rebus
771 2297 994 2352 aliorum
1016 2295 1311 2362 hominum,
1343 2309 1478 2365 quos
1506 2292 1804 2348 innocentia
1837 2293 1999 2346 bene-

416 2391 753 2460 volentiaque
815 2403 909 2444 sua
974 2402 1190 2444 servare
1245 2397 1405 2457 atque
1455 2386 1710 2456 adjuvare
1754 2385 1994 2442 deberet.

425 2483 639 2535 Amaret
664 2480 806 2534 enim
833 2479 1118 2549 perfectam
1147 2477 1327 2542 ﬁdem,
1359 2493 1464 2532 non
1495 2478 1668 2532 solum
1699 2477 1835 2533 bene
1874 2491 1995 2533 ere-

417 2570 577 2626 dendi
605 2586 667 2626 ea
694 2587 812 2641 qua:
855 2570 954 2625 sibi
986 2569 1264 2624 excellenti
1291 2577 1346 2624 et
1372 2568 1475 2624 ﬁde
1501 2568 1659 2638 digna
1684 2568 1999 2624 auctoritate

418 2665 756 2731 dicerentur,
795 2663 890 2718 sed
933 2663 1093 2718 etiam
1141 2662 1370 2718 fideliter
1408 2661 1716 2717 enuntiandi
1742 2678 1860 2732 qua:
1886 2662 2000 2731 ipse

421 2756 643 2812 dicenda
685 2756 967 2827 judicaret,
1010 2771 1073 2810 ac
1102 2755 1322 2810 diceret.
1366 2753 1524 2809 Fides
1564 2753 1706 2808 enim
1735 2753 2000 2824 appellata

420 2857 504 2903 est
531 2849 582 2902 in
614 2848 774 2903 latina
801 2847 978 2918 lingua
1003 2862 1066 2902 ex
1094 2861 1159 2901 eo
1187 2847 1309 2917 quia
1337 2845 1395 2900 ﬁt
1419 2844 1559 2914 quod
1582 2844 1775 2900 dicitur
1802 2862 1814 2898 :
1842 2861 1998 2915 quam

423 2938 759 2993 manifestum
781 2948 862 2992 est
890 2953 993 2992 non
1018 2936 1272 2991 exhibere
1307 2936 1671 2991 mentientem.
1716 2935 1845 3002 Qua:
1899 2936 1999 2989 etsi

419 3031 596 3086 minus
617 3031 862 3093 violatur,
887 3045 1008 3084 cum
1041 3029 1111 3084 ita
1140 3031 1364 3098 quisque
1392 3028 1663 3093 mentitur,
1689 3036 1749 3082 ut
1772 3029 1819 3083 ei
1853 3028 2001 3081 nullo

419 3118 756 3174 incommodo
779 3119 1024 3188 nullaque
1056 3116 1289 3186 pernicie
1322 3115 1590 3183 credatur,
1621 3115 1795 3171 addita
1838 3118 2001 3172 etiam

421 3209 712 3263 intentione
733 3208 813 3262 vel
835 3207 1018 3261 salutis
1040 3206 1266 3273 tucndm,
1298 3206 1384 3261 vel
1405 3205 1668 3276 pudicitia:
1688 3208 2000 3276 corporalis;

420 3301 648 3353 violatur
678 3309 874 3365 tamen,
893 3308 945 3353 et
972 3314 1058 3354 res
1079 3299 1304 3353 violatur
1325 3299 1376 3352 in
1401 3298 1564 3353 animi
1585 3300 1829 3354 castitate
1844 3309 2005 3369 atque

420 3394 700 3448 sanctitate
724 3391 1002 3448 servanda.
1033 3390 1186 3447 Unde
1210 3393 1470 3463 cogimur,
1500 3409 1605 3448 non
1628 3395 1876 3464 opinione
1907 3394 2007 3449 ho-

422 3487 622 3540 minum
639 3502 758 3556 quae
781 3486 1087 3556 plerumque
1104 3486 1155 3539 in
1171 3499 1353 3540 errore
1372 3495 1473 3553 est,
1493 3485 1585 3540 sed
1607 3486 1720 3555 ipsa
1745 3502 1862 3556 quae
1889 3501 2006 3542 om-

425 3576 580 3629 nibus
600 3575 961 3646 supereminet
978 3584 1136 3645 atque
1157 3591 1258 3630 una
1281 3575 1623 3631 invictissima
1649 3587 1731 3632 est
1753 3578 2000 3646 veritate,

423 3667 579 3720 etiam
609 3658 869 3736 pudicitia:
883 3666 1124 3736 corporis
1161 3665 1448 3736 perfectam
1481 3666 1636 3722 ﬁdem
1656 3676 2002 3739 anteponere.

424 3757 518 3812 Est
535 3760 674 3812 enim
700 3757 861 3811 animi
879 3757 1115 3821 castitas,
1151 3772 1303 3812 amor
1333 3756 1610 3812 ordinatus
1638 3774 1743 3812 non
1775 3758 2005 3814 subdens

424 3851 622 3922 majora
673 3851 984 3906 minoribus.
1015 3851 1188 3907 Minus
1213 3859 1485 3905 estautcm
1515 3850 1768 3922 quidquid
1799 3851 1852 3906 in
1883 3866 2004 3906 cor-

423 3959 570 4014 pore,
610 3959 766 4014 quam
813 3942 1065 4014 quidquid
1097 3943 1149 3997 in
1183 3943 1361 3997 animo
1389 3942 1577 3998 violari
1607 3952 1798 4013 potest.
1851 3945 2008 4000 Certe

423 4038 562 4090 enim
591 4052 711 4091 cum
746 4051 840 4105 pro
878 4035 1126 4106 pudicitia
1156 4035 1416 4104 corporali
1450 4035 1674 4105 quisque
1722 4037 1999 4101 mentitur,

424 4128 564 4182 videt
583 4127 795 4196 quidem
817 4125 1207 4195 corrumpendo
1223 4125 1433 4195 corpori
1453 4140 1569 4191 suo,
1585 4140 1688 4180 non
1718 4141 1888 4192 suam,
1913 4125 2008 4180 sed

425 4219 651 4274 alienam
685 4217 964 4272 imminere
993 4217 1297 4283 libidinem;
1321 4225 1473 4271 cavet
1504 4226 1701 4281 tamen,
1728 4232 1796 4272 ne
1818 4219 2006 4272 saltem

429 4306 784 4379 permittendo
843 4307 912 4360 sit
971 4306 1257 4377 particeps.
1314 4306 1604 4360 Pcrmissio
1631 4322 1758 4362 vero
1804 4307 1889 4361 illa
1921 4308 2009 4362 ubi

429 4399 532 4453 nisi
563 4399 615 4452 in
659 4398 838 4451 animo
875 4400 990 4451 est?
1032 4397 1203 4450 Etiam
1250 4398 1544 4466 corporalis
1591 4413 1718 4466 ergo
1757 4398 2010 4468 pudicitia

428 4488 697 4558 corrumpi
726 4488 824 4542 nisi
853 4488 904 4541 in
944 4487 1122 4541 animo
1149 4503 1254 4541 non
1285 4496 1492 4558 potest:
1519 4503 1624 4557 quo
1651 4503 1754 4543 non
1785 4503 2013 4543 consen-

429 4585 614 4646 tiente,
648 4596 818 4651 neque
860 4581 1225 4651 permittente,
1253 4581 1398 4635 nullo
1439 4581 1598 4635 modo
1628 4590 1774 4637 recte
1820 4582 2014 4636 dicitur

430 4674 614 4729 violari
642 4672 892 4743 pudicitia
915 4672 1228 4742 corporalis,
1257 4670 1514 4742 quidquid
1535 4672 1586 4725 in
1607 4687 1834 4743 corpore
1856 4672 2009 4728 fuerit

430 4767 602 4821 aliena
647 4762 869 4818 libidine
910 4772 1291 4833 perpetratum.
1337 4760 1491 4817 Unde
1533 4762 1816 4833 colligitur,
1846 4764 2013 4818 multo

365 4897 372 4904 .
430 4857 601 4928 magis
621 4855 784 4911 animi
815 4856 1111 4911 castitatem
1141 4854 1458 4910 servandam
1487 4870 1606 4911 esse
1634 4857 1687 4911 in
1726 4858 1926 4924 animo,
1959 4858 2010 4913 in

429 4968 536 5022 quo
565 4951 725 5006 tutela
755 4957 841 5006 est
861 4948 1127 5021 pudicitia:
1150 4949 1463 5019 corporalis.
1494 4949 1850 5016 Quamobrem
1873 4950 2012 5021 quod

429 5046 482 5100 in
512 5045 666 5100 nobis
687 5053 788 5111 est,
823 5052 1108 5114 utrumque
1136 5043 1334 5098 sanctis
1365 5042 1602 5098 moribus
1631 5052 1687 5098 et
1723 5059 2012 5099 conversa-

433 5136 575 5191 tione
612 5135 954 5190 muniendum
984 5142 1066 5190 est
1093 5143 1254 5204 atque
1298 5133 1635 5204 sepiendum,
1691 5149 1757 5189 re
1804 5134 2015 5190 aliunde

431 5228 678 5283 violetur.
704 5227 837 5284 Cum
878 5237 1055 5284 autem
1083 5237 1370 5300 utrumque
1402 5243 1508 5282 non
1542 5235 1738 5297 potest,
1769 5227 1892 5297 quid
1918 5243 2014 5298 pro

431 5333 540 5387 quo
577 5317 647 5372 sit
679 5319 1125 5374 contemnendum
1154 5319 1275 5390 quis
1317 5335 1426 5374 tton
1453 5317 1669 5374 videat?
1697 5334 1817 5374 cum
1839 5320 2017 5374 videat

431 5408 558 5477 quid
585 5408 669 5462 cui
695 5409 765 5464 sit
788 5409 1222 5479 prmponeudunt,
1244 5411 1454 5466 animus
1469 5411 1701 5481 corpori,
1729 5426 1796 5466 an
1822 5425 2016 5481 corpus

433 5498 647 5563 animo;
680 5498 842 5552 animi
862 5499 1077 5554 castitas
1101 5500 1367 5569 pudicitia:
1396 5501 1736 5572 corporis,an
1765 5502 2017 5572 pudicitia

431 5589 674 5660 corporis
696 5589 924 5644 castitati
944 5590 1139 5655 animi;
1161 5600 1215 5645 et
1233 5591 1360 5662 quid
1390 5594 1558 5664 magis
1583 5593 1635 5645 in
1668 5594 1898 5664 peccatis
1927 5609 2022 5648 ca-

435 5678 985 5748 \cndum,permissio
1002 5679 1122 5734 facti
1135 5680 1314 5749 alieni,
1341 5697 1408 5737 an
1437 5684 1745 5741 commissio
1773 5683 1895 5740 facti
1917 5686 2015 5746 tui.

500 5769 726 5828 CAPUT
746 5767 888 5825 XXI.
913 5769 1071 5824 “4‘3.
1098 5767 1343 5843 Epilogus
1365 5774 1747 5842 prtedictorttm.
1778 5776 2020 5833 Mentim-

493 5883 510 5914 ι
549 5884 621 5935 Sic
642 5886 690 5936 in
714 5894 816 5936 .ttss.
843 5893 896 5935 At
917 5893 968 5936 tn
993 5882 1153 5944 editis,
1177 5890 1305 5936 motu
1323 5889 1552 5950 corporis.

1277 396 1364 500 DE
1402 442 1772 511 MENDACIO,
1807 441 1868 499 S.
1910 437 2274 498 AUCUSTINI
2315 439 2515 496 LIBER
2554 441 2751 498 UNUS.

3577 447 3692 503 διδ

2101 553 2220 606 dum
2263 568 2518 623 nunquam
2542 555 2648 608 ulla
2675 554 2922 609 nwnducii
2947 571 3126 624 genere
3147 566 3344 626 enecta
3397 562 3679 616 recensitis.

2099 643 2397 714 Defensores
2417 647 2663 702 mendacii
2682 664 2786 718 qua
2799 664 2833 701 tt
2852 649 2994 703 ccci.
3018 649 3209 705 Elucct
3233 650 3408 722 itaque
3423 652 3684 711 discussis

2094 739 2364 807 omnibus,
2414 739 2546 794 nlbil
2590 740 2732 796 aliud
2784 741 2873 797 illa
2923 742 3232 798 testimonia
3275 743 3686 816 Scripturarum

2097 844 2334 896 monere,
2381 830 2483 886 nisi
2529 847 2798 902 nunquam
2841 846 2964 888 esse
2998 834 3223 889 cumino
3267 836 3686 898 mentiendum:

2096 923 2522 995 quandoquidem
2549 939 2649 981 nec
2674 925 2781 980 ulla
2802 925 3047 996 exempla
3077 926 3482 983 mendaciorum
3509 929 3688 983 inrita.

2096 1016 2241 1071 tione
2267 1017 2423 1088 digna
2448 1017 2498 1071 in
2528 1018 2766 1072 moribus
2788 1017 3047 1090 factisque
3072 1029 3381 1075 sanctorum
3410 1021 3694 1076 invenian-

2100 1119 2221 1176 tur;
2248 1108 2387 1179 quod
2421 1107 2486 1164 ad
2510 1125 2604 1165 eas
2642 1109 2832 1164 attinet
2863 1109 3188 1180 Scripturas,
3233 1127 3353 1182 qua:
3391 1113 3457 1167 ad
3488 1114 3690 1168 nullam

2099 1199 2374 1269 ﬁguratam
2401 1199 2837 1268 significationem
2877 1199 3210 1267 referuntur,
3256 1203 3410 1257 sicuti
3446 1214 3572 1257 sunt
3597 1217 3689 1258 res

2097 1300 2260 1361 gesta:
2303 1291 2355 1344 in
2401 1290 2621 1344 Actibus
2666 1291 3068 1360 Apostolorum.
3096 1292 3231 1348 Nam
3268 1293 3476 1349 Domini
3505 1295 3689 1350 omnia

2100 1382 2151 1436 in
2185 1381 2488 1452 Evangelio,
2513 1397 2631 1452 quae
2659 1383 3074 1452 imperitioribus
3106 1383 3383 1440 mendacia
3413 1385 3692 1451 videntur,

2097 1471 2333 1542 ﬁgurata:
2361 1471 2776 1542 signiﬁcationes
2801 1481 2952 1527 sunt.
3005 1474 3074 1529 Et
3096 1474 3239 1545 quod
3268 1476 3344 1530 ait
3370 1477 3685 1546 Apostolus,

2097 1561 2342 1617 Omnibus
2361 1564 2529 1617 omnia
2545 1568 2706 1635 {actus
2720 1581 2850 1630 sunt,
2865 1574 2918 1617 ut
2939 1581 3110 1620 omnes
3131 1565 3478 1637 iucrifacerem
3494 1567 3541 1642 (ι
3556 1568 3660 1623 Cor
3673 1613 3688 1624 .

2098 1669 2175 1720 ιι,
2194 1653 2288 1724 9.9.)
2309 1673 2323 1708 :
2345 1670 2451 1709 non
2473 1670 2592 1709 cmn
2615 1655 2938 1719 mentiendo,
2962 1656 3057 1712 sed
3082 1658 3456 1727 compatiendo
3489 1657 3688 1716 fecisse

2100 1757 2244 1802 recte
2263 1746 2572 1817 intelligitur
2594 1764 2610 1812 ;
2634 1757 2692 1802 ut
2713 1757 2855 1802 tanta
2875 1748 3135 1803 charitate
3151 1763 3278 1804 cu
3298 1749 3377 1804 eis
3396 1749 3691 1808 libet-audis

2093 1849 2300 1910 ageret,
2331 1853 2394 1894 ac
2418 1839 2464 1894 si
2493 1839 2607 1909 ipse
2632 1839 2684 1894 in
2709 1853 2776 1895 eo
2801 1840 2944 1894 malo
2967 1848 3132 1907 esset,
3157 1854 3190 1895 ι
3221 1855 3330 1912 quo
3351 1840 3469 1896 illos
3494 1857 3693 1898 sanare

2094 1931 2364 2002 cupiebat.
2413 1929 2527 1984 Non
2580 1940 2664 1986 est
2714 1930 2872 2001 igitur
2913 1930 3282 1986 mentiendum
3338 1931 3392 1987 in
3439 1931 3688 1989 doctrina

2102 2022 2312 2093 pietatis
2344 2037 2358 2074 :
2388 2037 2636 2092 magnum
2663 2022 2807 2077 enim
2838 2021 3013 2076 scelus
3037 2029 3137 2088 est,
3167 2031 3225 2078 et
3256 2022 3481 2092 primmn
3512 2039 3690 2092 genus

2101 2112 2426 2168 detestabilis
2455 2111 2734 2166 mendacii.
2787 2111 2900 2164 Non
2928 2121 3010 2166 cst
3046 2111 3414 2167 mentiendum
3446 2115 3690 2169 secundo

2101 2221 2336 2275 genere;
2384 2205 2505 2274 quia
2553 2205 2682 2258 nulli
2729 2204 2967 2259 facienda
3016 2215 3099 2260 est
3153 2204 3368 2275 injuria.
3433 2206 3549 2262 Non
3601 2219 3689 2264 est

2102 2298 2463 2352 mentiendum
2510 2298 2665 2351 tertio
2712 2297 3094 2367 genere;quia
3135 2297 3267 2352 nulli
3305 2313 3424 2352 cum
3467 2299 3690 2354 alterius

2103 2390 2292 2459 injuria
2318 2389 2698 2444 consulendum
2719 2397 2819 2442 est.
2851 2387 2967 2442 Non
2995 2396 3078 2443 est
3103 2389 3468 2444 mentiendum
3489 2401 3686 2460 quarto

2101 2496 2320 2551 genere,
2373 2489 2590 2550 propter
2650 2478 2909 2534 mendacii
2962 2479 3258 2543 libidinem,
3308 2495 3428 2549 qua:
3484 2496 3580 2550 per
3630 2496 3691 2537 se

2105 2575 2270 2644 ipsam
2302 2573 2487 2626 vitiosa
2517 2580 2616 2626 est.
2670 2570 2785 2626 Non
2830 2579 2912 2626 est
2952 2569 3316 2626 mentiendum
3365 2571 3553 2640 quinto
3592 2589 3690 2642 ge—

2105 2682 2267 2728 nere;
2298 2665 2418 2735 quia
2465 2679 2564 2718 nec
2593 2665 2704 2733 ipsa
2729 2663 2925 2718 veritas
2952 2663 3057 2718 ﬁne
3096 2662 3340 2732 placendi
3385 2662 3691 2717 hominibus

2104 2756 2424 2814 enuntianda
2452 2763 2535 2810 est
2565 2773 2579 2809 :
2613 2763 2809 2824 quanto
2834 2756 3010 2809 minus
3035 2753 3390 2820 mendacium,
3418 2753 3561 2824 quod
3591 2769 3688 2823 pcr

2104 2865 2163 2902 se
2212 2849 2404 2916 ipsum.
2452 2846 2573 2917 quia
2621 2845 2953 2900 mendacium
2999 2838 3101 2911 est,
3156 2845 3340 2916 utique
3371 2855 3526 2914 turpe
3572 2845 3695 2899 est?

2104 2939 2219 2995 Non
2247 2950 2326 2994 est
2353 2937 2714 2994 mentiendum
2736 2945 2889 2992 sexto
2916 2951 3110 3009 genere
3134 2953 3149 3002 ;
3179 2951 3354 3006 neque
3373 2937 3516 2991 enim
3543 2948 3695 2991 recte

2105 3029 2267 3085 etiam
2318 3027 2605 3082 testimonii
2652 3028 2849 3083 veritas
2894 3043 2990 3097 pro
3037 3027 3351 3098 cujusquam
3407 3031 3692 3097 temporali

2106 3119 2389 3175 commodo
2427 3134 2490 3173 ac
2537 3118 2706 3172 salute
2749 3118 3125 3188 corrumpitur.
3179 3118 3261 3174 Ad
3309 3119 3694 3188 sempiternam

2107 3225 2234 3265 vero
2278 3210 2503 3264 salutem
2554 3209 2730 3264 nullus
2772 3208 3045 3263 ducendus
3091 3210 3495 3278 est,0pitulante
3543 3225 3700 3264 men-

2107 3301 2280 3356 dacio.
2322 3301 2438 3355 Non
2478 3300 2618 3354 enim
2671 3299 2826 3353 malis
2871 3302 3294 3355 convcrtentium
3341 3301 3579 3355 moribus
3626 3303 3698 3356 ad

2109 3394 2278 3449 bonos
2320 3409 2497 3448 mores
2534 3393 2926 3448 convertendus
2965 3403 3083 3447 est:
3119 3392 3238 3462 quia
3290 3393 3335 3447 si
3383 3409 3509 3464 erga
3543 3394 3697 3448 illum

2113 3484 2411 3539 faciendum
2461 3494 2562 3547 est,
2611 3483 2771 3539 debet
2817 3483 2978 3537 etiam
3023 3485 3136 3552 ipse
3182 3497 3473 3538 conversus
3519 3483 3703 3539 facere

2109 3591 2234 3645 erga
2273 3575 2449 3639 alios;
2499 3584 2657 3644 atque
2697 3575 2767 3628 ita
2808 3590 2912 3627 non
2949 3573 3013 3627 ad
3054 3575 3242 3638 bonos,
3282 3572 3378 3628 scd
3417 3573 3484 3628 ad
3524 3573 3702 3628 malos

2111 3682 2288 3721 mores
2325 3667 2669 3726 convertitur,
2701 3681 2819 3720 cum
2862 3664 2964 3719 hoc
2995 3665 3042 3719 ci
3087 3665 3352 3733 prtebetur
3379 3665 3700 3720 imitandum

2111 3772 2391 3822 converso,
2419 3757 2559 3826 quod
2585 3757 2631 3812 ei
2659 3758 2952 3825 prmslilum
2982 3767 3064 3810 est
3091 3755 3480 3811 convortendo.
3510 3756 3702 3827 Neque

2111 3849 2338 3918 septimo
2375 3863 2570 3917 genere
2614 3847 2973 3902 mentiendmu
3019 3857 3143 3911 est;
3185 3863 3291 3902 non
3335 3850 3477 3903 enim
3511 3850 3700 3919 cujus-

2112 3955 2269 4009 quam
2314 3938 2664 3994 cammoditas
2689 3948 2780 3992 aut
2817 3939 2958 3992 salus
2999 3939 3306 4008 temporalis
3356 3939 3704 4010 perﬁcienda:

2116 4032 2238 4087 ﬁdei
2269 4031 2595 4101 praeferenda
2626 4040 2726 4087 est.
2765 4031 2874 4087 Nec
2901 4031 2944 4086 si
2974 4033 3252 4102 quisquam
3289 4033 3343 4087 in
3373 4045 3517 4089 recte
3543 4033 3704 4089 factis

2115 4125 2312 4178 nostris
2335 4133 2439 4178 tam
2479 4123 2616 4178 male
2659 4132 2934 4190 movetur,
2975 4131 3031 4177 ut
3059 4123 3152 4178 ﬁat
3187 4124 3347 4179 etiam
3391 4125 3572 4178 animo
3596 4125 3705 4179 de-

2117 4218 2278 4270 terior
2318 4216 2577 4286 longeque
2603 4230 2630 4268 a
2663 4215 2856 4286 pietate
2891 4215 3164 4283 remotior,
3207 4226 3493 4287 propterea
3541 4227 3698 4272 recte

2114 4307 2250 4362 facta
2280 4307 2570 4368 deserenda
2597 4317 2720 4362 sunt
2748 4325 2762 4363 :
2791 4323 2910 4362 cum
2933 4307 2980 4362 id
3014 4309 3167 4362 nobis
3195 4309 3463 4378 praecipue
3505 4318 3702 4363 tenen-

2115 4400 2240 4452 dum
2281 4400 2368 4465 sit,
2410 4415 2514 4468 quo
2541 4414 2730 4453 vocare
2777 4409 2935 4469 atque
2983 4400 3206 4454 invitare
3242 4399 3521 4467 debemus,
3561 4416 3708 4470 quos

2117 4492 2252 4544 sicut
2297 4491 2653 4559 nosmetipsos
2696 4491 3000 4561 diligimus;
3063 4490 3458 4562 fortissimeque
3517 4493 3708 4545 aninm

2118 4579 2341 4634 bibenda
2391 4587 2474 4633 est
2509 4580 2798 4649 apostolica
2845 4581 2930 4634 illa
2965 4583 3267 4636 sententia:
3320 4581 3450 4636 Aliis
3496 4582 3708 4653 quidem

2117 4689 2287 4727 sumus
2303 4672 2428 4726 odor
2448 4673 2562 4726 vitae
2583 4673 2634 4726 in
2657 4674 2828 4738 vitam,
2859 4673 2975 4726 aliis
3009 4673 3137 4728 odor
3167 4676 3340 4728 mortis
3367 4678 3419 4729 in
3447 4684 3657 4729 mortem
3684 4692 3710 4741 ;

2117 4776 2164 4817 et
2193 4763 2261 4816 ad
2289 4764 2396 4818 Ita'c
2420 4764 2532 4836 quis
2565 4763 2774 4818 idoneus
2813 4764 2888 4836 (ll
2935 4762 3054 4818 Cor.
3093 4780 3151 4832 tt,
3185 4765 3321 4836 16)?
3365 4765 3473 4821 Nec
3511 4775 3711 4822 octavo

2117 4869 2313 4924 genere
2357 4853 2718 4910 mentiendum
2767 4865 2888 4922 est;
2932 4856 3052 4926 quia
3096 4866 3150 4911 et
3196 4858 3246 4911 in
3291 4857 3443 4910 bonis
3483 4857 3713 4912 castitas

2119 4945 2302 5009 animi,
2355 4945 2600 5014 pudicitia
2629 4945 2910 5015 corporis;
2945 4954 3000 5000 et
3036 4945 3089 4999 in
3127 4945 3282 5000 malis
3322 4947 3374 5000 id
3407 4946 3549 5016 quod
3599 4945 3714 5016 ipsi

2123 5036 2365 5102 facimus,
2416 5051 2482 5091 eo
2524 5035 2665 5108 quod
2717 5036 2830 5092 ﬁcri
2877 5036 3100 5093 sinimus
3150 5038 3321 5108 majus
3361 5046 3462 5094 est.
3517 5037 3572 5092 ln
3621 5039 3716 5095 his

2121 5136 2298 5180 autem
2342 5134 2464 5181 octo
2505 5128 2790 5197 generibus
2840 5136 2985 5182 tanto
3028 5129 3252 5198 quisque
3300 5129 3476 5184 minus
3521 5142 3718 5200 peccat

2121 5230 2242 5270 cum
2291 5217 2564 5284 mentitur,
2610 5225 2808 5286 quanto
2856 5219 3080 5288 emergit
3111 5219 3177 5274 ad
3223 5228 3512 5287 octavum;
3560 5231 3716 5275 tanto

2123 5309 2384 5379 amplius,
2431 5319 2630 5380 quanto
2677 5309 2915 5381 devergit
2976 5311 3042 5365 ad
3088 5312 3317 5380 primum
3366 5314 3405 5366 ¹.
3455 5312 3720 5384 Quisquis

2123 5411 2300 5456 autem
2328 5415 2447 5456 esse
2492 5401 2705 5472 aliquod
2736 5417 2903 5472 genus
2948 5403 3214 5458 mendacii
3254 5403 3392 5475 quod
3432 5415 3719 5476 peccatum

2126 5509 2231 5548 non
2261 5495 2330 5548 sit
2375 5494 2660 5564 putaverit,
2703 5492 2932 5562 decipiet
2977 5508 3037 5550 se
3068 5493 3239 5566 ipsum
3290 5495 3539 5564 turpiter,
3586 5510 3720 5552 cum

2127 5591 2408 5646 honestum
2437 5603 2497 5644 se
2520 5589 2856 5660 deceptorem
2882 5587 3169 5644 arbitratur
3188 5589 3438 5646 aliorum.

2192 5772 2208 5802 ⁸
2243 5776 2351 5819 uss.
2373 5768 2693 5826 Corbeiensis,
2719 5769 2898 5830 Regius
2916 5775 2966 5818 et
2988 5768 3277 5818 sorbonicus
3293 5803 3307 5827 ,
3333 5771 3507 5829 quanto
3541 5766 3725 5828 mergit

2129 5833 2193 5881 ad
2249 5830 2478 5893 primum.
2535 5831 3002 5893 ttfgio-numtensis,
3035 5830 3286 5893 mergitur.
3341 5837 3687 5893 Germanens'is
3707 5866 3723 5884 ,

2129 5891 2474 5957 Ebruerensis
2492 5896 2541 5938 et
2557 5891 2891 5952 Pruto-lleusis,
2919 5891 3154 5954 emergit."
3167 5893 3433 5952 Vaticanus,
3460 5892 3705 5953 demergit
