4078 6508
570 413 673 467 519

567 509 1114 570 hereticos-frondes.
1152 507 1256 564 Sed
1293 522 1397 562 non
1428 505 1556 560 mihi
1586 503 1936 575 persuadetur
1961 517 2055 556 eos
2086 501 2155 555 de

572 605 783 662 latebris
804 603 914 658 suis
949 601 1146 655 nostris
1174 614 1292 655 esse
1321 597 1614 652 mendaciis
1644 595 1929 651 eruendus.
1962 592 2158 662 thnid

565 697 705 749 enim
736 709 828 748 eos
857 700 999 747 tanta
1030 707 1157 746 cura
1198 691 1460 759 vestigare
1506 698 1667 758 atque
1698 686 1948 756 indagare
1989 700 2155 740 cona-

563 801 704 851 mur,
752 784 854 840 nisi
898 792 1152 853 utcapto.c
1187 783 1243 836 in
1293 790 1642 851 apertumque
1693 777 2015 847 productos,
2065 783 2159 828 aut

560 877 721 932 etiam
765 877 910 945 ipsos
951 876 1232 930 veritatem
1270 873 1578 936 doceamus,
1619 879 1711 924 aut
1749 878 1895 924 certe
1937 868 2158 922 veritate

561 968 838 1023 convictos
868 981 1063 1020 nocere
1102 967 1218 1017 aliis
1248 978 1354 1017 non
1385 960 1660 1015 sinamus?
1699 958 1764 1012 ad
1792 959 1892 1013 hoc
1921 973 2068 1027 ergo,
2102 965 2159 1010 ut

561 1075 745 1114 eorum
772 1058 1108 1112 mendacium
1136 1057 1394 1118 deleatur,
1423 1054 1535 1107 sive
1560 1061 1834 1115 caveatur,
1861 1049 1951 1103 Dci
1979 1057 2154 1101 alitem

559 1151 758 1205 veritas
782 1158 1058 1218 augeatur.
1087 1145 1364 1215 Quomodo
1388 1144 1549 1214 igitur
1576 1141 1856 1197 mendacio
1880 1139 2154 1194 mendacia

559 1251 706 1296 recte
735 1249 919 1309 potero
941 1237 1213 1308 persequi?
1231 1239 1308 1290 An
1331 1245 1386 1290 et
1411 1233 1686 1289 latrocinio
1705 1231 1976 1286 latrocinia
1998 1240 2050 1284 ct
2066 1246 2155 1283 sa-

557 1334 776 1403 crilegio
789 1328 1409 1402 sacrilegia,etadultcrio
1422 1335 1544 1382 sunt
1559 1325 1816 1381 adulteria
1834 1340 2156 1396 persequen-

556 1425 663 1479 da?
701 1423 764 1479 Si
797 1433 962 1477 autem
991 1423 1175 1476 veritas
1219 1420 1314 1474 Dei
1343 1420 1395 1472 in
1422 1434 1530 1472 meo
1560 1417 1820 1472 mendacio
1849 1415 2152 1482 abundabit,

557 1515 936 1585 numquidnam
961 1524 1014 1568 et
1041 1527 1136 1567 nos
1161 1511 1351 1566 dicturi
1378 1525 1582 1574 sumus,
1612 1508 1888 1563 Faciamus
1914 1507 2069 1574 mala,
2100 1517 2154 1562 ut

553 1607 754 1660 veniant
781 1607 909 1660 bona
938 1604 1109 1674 (Rom.
1133 1619 1208 1668 tu,
1238 1600 1428 1674 7et8)?
1451 1601 1602 1670 Quod
1631 1600 1776 1654 vides
1804 1599 2151 1670 quemadmo-

553 1699 679 1750 dum
704 1699 993 1752 detestetur
1017 1697 1320 1764 Apostolus.
1340 1693 1474 1761 Quid
1502 1702 1584 1747 est
1613 1693 1754 1748 enim
1779 1691 1942 1757 aliud,
1967 1692 2154 1746 Menti-

553 1805 724 1849 amur,
743 1799 797 1842 ut
812 1788 1092 1843 hereticos
1113 1787 1396 1842 mendaces
1417 1785 1482 1840 ad
1498 1786 1771 1840 veritatem
1795 1785 2148 1848 adducamus;

554 1880 676 1944 nisi,
702 1878 975 1932 Faciamus
997 1879 1151 1942 mala,
1177 1888 1228 1929 ut
1247 1878 1442 1930 veniant
1460 1876 1626 1929 bona?
1649 1879 1726 1929 An
1750 1875 2033 1945 aliquando
2054 1875 2150 1928 bo-

553 1987 678 2025 num
703 1980 781 2026 est
799 1970 1151 2036 mendacium,
1179 1970 1265 2023 vel
1293 1968 1575 2038 aliquando
1594 1967 1925 2021 mendacium
1945 1981 2046 2020 non
2068 1976 2150 2022 est

553 2061 788 2115 malum?
819 2060 926 2115 Cur
961 2076 1088 2130 ergo
1131 2061 1384 2128 scriptum
1417 2069 1517 2120 est,
1565 2059 1750 2124 Odisti,
1783 2057 2001 2111 Domine
2043 2075 2152 2112 ont-

552 2168 637 2204 nes
656 2153 740 2221 qui
765 2160 1039 2220 operantur
1063 2151 1410 2220 iniquitatem;
1433 2149 1607 2218 perdes
1634 2165 1802 2202 omnes
1824 2151 1909 2220 qui
1930 2149 2148 2218 loquun-

551 2251 633 2294 tur
654 2241 969 2294 mendacium
987 2240 1157 2309 (Psal.
1179 2257 1228 2306 ν,
1253 2239 1484 2311 7)?Non
1513 2242 1654 2294 enim
1681 2241 1887 2310 aliquos
1915 2241 2144 2310 excepit,

547 2344 637 2387 aut
674 2332 944 2387 indefinite
978 2332 1129 2396 dixit,
1169 2330 1361 2384 Perdes
1403 2331 1654 2400 loquentes
1699 2331 2045 2396 mendacium;
2093 2341 2148 2386 ut

546 2423 828 2493 quosdam,
852 2438 954 2477 non
977 2438 1163 2477 omnes
1180 2422 1396 2492 intelligi
1418 2422 1646 2475 sineret:
1672 2421 1765 2476 sed
1793 2421 2146 2477 universalem

547 2517 862 2569 sententiam
887 2515 1124 2584 protulit,
1147 2513 1350 2579 dicens,
1375 2512 1565 2566 Perdes
1581 2530 1751 2567 onmes
1773 2514 1857 2583 qui
1879 2514 2148 2584 loqnttntur

549 2606 886 2660 mendacium.
930 2607 1011 2659 An
1046 2605 1169 2676 quia
1211 2619 1314 2658 non
1352 2604 1548 2657 dictum
1582 2613 1682 2668 est,
1726 2603 1922 2657 i‘erdes
1959 2620 2146 2659 UlllllCS

546 2697 635 2765 qui
665 2697 952 2765 loquuntur
986 2709 1146 2750 omne
1183 2695 1548 2760 mendacium,
1582 2697 1684 2760 vel,
1725 2697 1813 2764 qni
1859 2695 2146 2765 loquantur

545 2785 918 2855 quodcumque
956 2785 1324 2849 mendacium;
1357 2784 1476 2838 idco
1520 2785 1810 2853 putandum
1847 2795 1930 2839 est
1970 2787 2142 2841 locum

543 2877 698 2930 alicui
727 2878 1016 2930 relaxatum
1045 2892 1162 2930 esse
1192 2875 1499 2929 mendacio:
1521 2886 1576 2929 ut
1607 2877 1808 2930 scilicet
1833 2877 1900 2930 sit
1929 2878 2144 2948 aliquod

545 2969 900 3034 mendacium,
926 2969 1064 3039 quod
1087 2969 1176 3038 qui
1195 2968 1500 3035 quuunlur,
1524 2984 1625 3020 non
1649 2985 1742 3023 eos
1762 2970 1895 3023 Deus
1921 2972 2139 3041 perdat;

543 3061 637 3114 sed
665 3076 758 3115 eos
787 3076 974 3114 omnes
1005 3059 1190 3128 perdat
1217 3061 1301 3130 qui
1331 3060 1618 3130 loquuntur
1641 3062 1891 3131 injustam
1920 3066 2143 3120 tuenda-

542 3155 714 3220 cium,
756 3169 860 3207 non
896 3155 1267 3224 quodcumque
1307 3154 1669 3222 mendacium,
1711 3157 1832 3224 quia
1877 3158 2142 3216 invenitur

540 3254 592 3300 et
612 3246 988 3316 justum,quod
1009 3247 1186 3316 utique
1208 3247 1378 3299 laudis
1394 3246 1554 3301 debet
1579 3263 1715 3310 esse,
1742 3265 1844 3302 non
1868 3252 2142 3310 criminis?

614 3337 839 3392 CAPUT
865 3338 928 3392 ll.
949 3368 1021 3377 —
1041 3340 1094 3390 '2.
1121 3336 1627 3410 Prisgillianistarum
1650 3356 1790 3393 error
1811 3342 1872 3394 de
1893 3347 2139 3400 mendacii

541 3446 637 3482 usu
663 3429 730 3481 ad
755 3427 1008 3482 latendum
1053 3429 1250 3481 alienis.
1282 3429 1542 3483 Sententia
1572 3429 1666 3481 hac
1713 3429 2137 3488 l’riscillianista—

538 3537 650 3572 rum
676 3520 869 3590 auferri
897 3519 1100 3572 omnino
1128 3520 1393 3590 martyrio.
1434 3519 1624 3574 Nonne
1669 3523 1844 3576 cernis
1881 3537 2134 3594 quantum

537 3611 752 3677 adjuvet
783 3611 894 3666 inec
915 3610 1200 3680 disputatio
1229 3625 1322 3666 eos
1351 3611 1514 3680 ipsos,
1539 3629 1673 3682 quos
1705 3629 1799 3683 pro
1831 3633 2016 3686 magna
2042 3636 2104 3674 vc

538 3704 752 3758 natione
779 3703 1070 3757 mendaciis
1100 3705 1294 3756 nostris
1317 3719 1510 3772 capere
1541 3707 2131 3766 molimur?Priscillia-

536 3798 792 3850 nistarum
824 3797 1085 3860 estenim,
1119 3796 1255 3850 sicut
1279 3796 1390 3865 ipse
1421 3801 1751 3867 tnonstrasti,
1788 3801 1886 3856 ista
1914 3816 2130 3860 sentcn—

535 3891 602 3942 tia
622 3910 635 3943 :
652 3889 734 3943 cui
761 3889 1169 3959 comprobanda:
1195 3889 1449 3943 adhibent
1481 3892 1778 3946 testimonia
1802 3893 1867 3948 de
1887 3893 2128 3964 Scriptu-

531 3983 622 4046 ris,
647 3981 986 4035 exhortantes
1017 3995 1142 4034 suos
1169 3980 1233 4034 ad
1271 3981 1630 4036 mentiendum
1669 3992 1915 4054 tanquam
1951 4003 2133 4042 exem-

532 4074 630 4141 plis
661 4071 1107 4136 l’atriarclim'um,
1145 4072 1555 4140 Prophetarum,
1591 4076 1987 4142 Apostolorum,
2016 4079 2127 4131 An-

527 4166 788 4234 gelorum;
818 4181 924 4220 non
947 4165 1248 4219 dubitantes
1269 4165 1464 4220 addere
1484 4167 1640 4220 etiam
1657 4167 1826 4237 ipsum
1846 4171 2124 4226 Dominum

527 4254 820 4319 Christum,
866 4271 966 4310 nec
1011 4271 1069 4310 se
1111 4257 1265 4310 aliter
1309 4258 1629 4313 arbitrantes
1681 4277 1922 4317 veracem
1972 4281 2121 4320 suam

528 4348 810 4403 ostendere
832 4349 1138 4415 falsitatem,
1168 4349 1267 4403 nisi
1301 4350 1590 4406 Veritatem
1621 4353 1801 4409 dicant
1827 4371 1948 4412 esse
1975 4375 2125 4414 men-

526 4441 734 4495 dacem.
766 4441 1147 4512 Rcdarguenda
1176 4453 1299 4498 sunt
1327 4444 1448 4513 ista,
1479 4461 1584 4500 non
1613 4447 1863 4504 imitanda
1898 4469 1911 4506 :
1945 4469 2045 4508 nec
2070 4458 2119 4510 in

523 4549 591 4588 co
620 4533 762 4587 malo
795 4533 1051 4588 debemus
1095 4534 1611 4590 Priscillianistarum
1653 4553 1774 4594 esse
1812 4544 2117 4613 participes,

522 4625 576 4679 in
620 4638 726 4694 quo
770 4623 982 4678 caneris
1011 4623 1274 4679 haereticis
1300 4626 1690 4682 convincuntur
1738 4644 1858 4685 esse
1884 4634 2114 4702 pejores.

521 4719 623 4788 lpsi
647 4718 787 4772 cnim
828 4717 948 4784 soli,
977 4719 1058 4772 vel
1087 4727 1232 4773 certe
1260 4719 1490 4774 maxime
1529 4721 1625 4790 ipsi
1659 4725 2014 4793 reperiuntur,
2049 4730 2114 4784 ad

519 4811 889 4866 occultandam
917 4826 1066 4864 suam
1097 4825 1254 4880 quam
1297 4821 1480 4880 potam
1511 4814 1809 4883 veritatem,
1855 4817 2114 4888 dogmati-

517 4917 640 4957 zare
665 4903 997 4957 mendacium
1020 4921 1034 4958 :
1054 4912 1211 4971 atque
1242 4901 1341 4957 hoc
1369 4911 1472 4956 tam
1493 4920 1738 4974 magnum
1770 4910 1964 4962 malum
1994 4911 2114 4967 ideo

516 4993 711 5048 iustum
742 4995 1065 5058 existimare,
1097 4995 1219 5064 quia
1265 4994 1448 5048 dicunt
1491 4995 1541 5049 in
1569 4997 1731 5052 corde
1775 5001 2110 5058 retinendum

515 5100 634 5138 esse
663 5085 801 5155 quod
831 5102 1015 5139 verum
1055 5098 1170 5151 est;
1203 5100 1296 5139 ore
1325 5095 1502 5140 autem
1531 5087 1596 5140 ad
1627 5089 1830 5144 alienos
1871 5093 2110 5160 proferre

516 5174 724 5238 Γίιίδιιιιὶ,
752 5177 954 5230 nullum
983 5192 1101 5230 esse
1129 5188 1431 5246 peccatum;
1459 5180 1636 5234 ethoc
1667 5196 1786 5236 csse
1810 5184 2102 5254 scriptum,

517 5264 617 5326 Qui
645 5263 861 5332 loquitur
891 5268 1144 5321 veritatem
1167 5270 1218 5322 in
1239 5271 1388 5323 corde
1407 5287 1497 5324 suo
1529 5270 1702 5340 (l’sal.
1735 5291 1842 5340 xlv,
1876 5277 1931 5347 5)
1954 5296 1964 5330 :
1988 5287 2109 5333 tan-

513 5371 670 5422 qmm
691 5355 791 5409 hoc
817 5359 942 5409 satis
969 5359 1117 5412 sitad
1145 5360 1420 5427 justitiam,
1448 5365 1654 5418 etiamsi
1679 5367 1926 5438 loquatur
1955 5372 2104 5440 quis-

512 5460 616 5515 que
656 5445 706 5498 in
750 5461 845 5499 ore
897 5449 1260 5516 mendacium,
1295 5455 1506 5521 quando
1539 5472 1640 5509 non
1673 5461 1976 5527 proximus,
2013 5465 2104 5518 sed

513 5538 719 5590 ahenus
747 5536 848 5589 hoc
881 5539 1042 5592 audit.
1079 5541 1367 5609 Propterea
1399 5556 1584 5613 putant
1611 5550 1768 5604 etiam
1802 5555 2102 5620 apostolum

515 5625 756 5691 Paulum,
783 5641 904 5680 eum
935 5627 1174 5694 dixisset,
1212 5632 1525 5701 Deponentcs
1562 5641 1901 5710 mendacium,
1943 5646 2105 5715 loqui-

514 5717 637 5770 mini
682 5719 972 5780 veritatem;
1018 5722 1193 5773 statim
1241 5723 1549 5790 addidisse,
1590 5739 1930 5804 unusquisque
1990 5756 2103 5793 cum

513 5811 742 5878 proximo
774 5827 880 5878 suo,
917 5811 1033 5882 quia
1068 5830 1238 5868 smnus
1277 5815 1487 5872 invicem
1529 5825 1748 5877 membra
1780 5828 1994 5899 (Ep/ws,
2031 5851 2094 5888 iv.

1514 390 1788 447 CONTRA
1831 383 2252 452 MENDACIUM,
2293 386 2350 442 S.
2393 386 2757 445 AUGL’STIN!

3757 399 3855 456 520

2269 497 2394 571 25).
2428 501 2497 558 Ut
2535 502 2781 558 videlicet
2807 518 2926 557 cum
2950 502 3028 559 cis
3057 504 3147 575 qui
3184 505 3338 561 nobis
3362 507 3413 562 in
3442 519 3700 568 societate
3727 519 3860 569 veri-

2267 591 2389 645 tatis
2429 592 2654 662 proximi
2684 610 2789 648 non
2827 603 2969 660 sunt,
3017 611 3210 665 neque,
3261 606 3317 651 ut
3349 599 3419 653 ita
3459 601 3665 669 dicam,
3706 621 3851 660 com-

2264 683 2536 738 membres
2561 684 2733 738 nostri
2753 692 2898 752 sunt,
2925 685 3069 755 loqui
3096 687 3250 741 liccat
3274 700 3619 762 oporteatque
3642 696 3853 750 menda-

2264 774 2426 826 cium.

2333 865 2368 920 5
2418 865 2547 934 Quae
2574 869 2834 923 sententia
2859 880 3071 927 sanctos
3109 884 3368 946 martyres
3397 878 3717 942 cxhonorat,
3757 883 3852 937 ima

2267 969 2390 1009 vero
2416 959 2588 1011 aufert
2615 969 2796 1012 sancta
2819 962 3039 1016 omnino
3063 966 3338 1036 martyria.
3368 966 3575 1023 Justius
3597 970 3744 1024 enim
3771 987 3849 1024 sa-

2264 1048 2600 1119 picntiusque
2629 1050 2885 1117 facerent,
2921 1056 3213 1111 secundum
3247 1059 3396 1124 istos,
3427 1061 3470 1114 si
3497 1064 3851 1129 persecutori~

2261 1138 2360 1194 bus
2401 1141 2512 1195 suis
2552 1157 2656 1195 non
2685 1157 2744 1197 se
2787 1145 3172 1201 confiterentur
3214 1164 3332 1204 esse
3371 1151 3714 1220 christianos,
3763 1166 3854 1210 nec

2260 1251 2354 1292 eos
2387 1252 2482 1291 sua
2526 1238 2863 1294 confessione
2902 1240 3140 1298 facerent
3185 1244 3478 1301 homicidas
3511 1267 3522 1300 :
3555 1249 3649 1303 sed
3682 1250 3848 1320 potius

2262 1328 2569 1383 mentiendo
2599 1338 2654 1384 et
2680 1331 2921 1400 negando
2942 1334 3083 1402 quod
3110 1346 3282 1404 erant,
3315 1348 3366 1393 et
3396 1340 3492 1409 ipsi
3522 1343 3727 1396 salvum
3761 1342 3850 1397 ba~

2259 1417 2449 1473 bcrcnt
2479 1420 2652 1474 carnis
2692 1423 3031 1478 commodum
3083 1429 3364 1499 cordisque
3409 1434 3763 1502 propositum,
3799 1442 3848 1492 et

2259 1510 2375 1564 illos
2403 1521 2716 1581 conceptum
2745 1515 2924 1570 animo
2965 1520 3140 1572 scelus
3181 1522 3403 1593 implere
3444 1541 3548 1580 non
3593 1528 3847 1583 sinerent.

2258 1601 2373 1655 Non
2401 1603 2540 1656 enim
2574 1605 2798 1671 proximi
2827 1622 3015 1662 eorum
3043 1614 3268 1679 erantin
3302 1614 3404 1670 fide
3430 1617 3723 1675 christiana
3748 1663 3762 1686 ,
3798 1631 3846 1675 ut

2257 1710 2376 1748 cum
2407 1695 2485 1749 eis
2515 1696 2773 1752 deberent
2806 1699 2949 1770 loqui
2995 1703 3268 1760 veritatem
3311 1707 3362 1761 in
3390 1724 3484 1764 ore
3524 1725 3643 1775 suo,
3690 1728 3845 1782 quam

2259 1786 2611 1858 loquebantur
2638 1789 2688 1841 in
2715 1791 2876 1846 Corde
2902 1808 3034 1858 suo;
3062 1795 3155 1850 sed
3197 1797 3359 1866 ipsius
3397 1801 3637 1856 veritatis
3708 1803 3845 1856 insu-

2256 1895 2353 1950 per
2383 1879 2598 1934 inimici.
2630 1879 2683 1934 Si
2714 1883 2854 1936 enim
2877 1884 3034 1952 Jehu,
3064 1902 3221 1957 quem
3251 1891 3349 1945 sibi
3377 1892 3514 1947 inter
3538 1904 3765 1950 Caeteros
3785 1897 3844 1950 ad

2257 1971 2557 2039 exemplum
2589 1974 2878 2028 mentiendi
2909 1979 3194 2045 prudenter
3223 1981 3470 2038 videntur
3500 1985 3714 2054 intueri,
3739 2004 3847 2042 scr-

2256 2080 2380 2118 vum
2409 2064 2581 2118 Baalis
2610 2081 2667 2120 se
2695 2083 2812 2122 esse
2841 2073 3094 2127 mentitus
3115 2085 3214 2142 est,
3245 2089 3300 2130 ut
3338 2093 3522 2133 servos
3557 2081 3674 2149 ejus
3703 2083 3846 2136 occi-

2255 2157 2406 2212 deret
2434 2175 2446 2210 :
2476 2167 2674 2228 quanto
2707 2159 2902 2230 justius
2932 2167 3223 2222 secundum
3274 2169 3494 2224 istorum
3526 2174 3846 2242 perversita-

2257 2259 2384 2317 tem,
2417 2261 2656 2322 tcmpore
2679 2260 3060 2325 persecutionis
3081 2276 3264 2315 servos
3285 2262 3590 2318 davrnonum
3613 2279 3672 2320 se
3697 2281 3843 2320 mcu-

2255 2341 2479 2398 tircntur
2503 2349 2641 2402 servi
2672 2349 2886 2416 Christi,
2908 2367 2973 2405 ne
3002 2353 3138 2405 servi
3166 2353 3467 2408 daemonum
3491 2372 3677 2411 servos
3703 2359 3842 2413 occi-

2254 2434 2442 2490 derent
2463 2438 2660 2495 Clu-isti
2685 2457 2700 2507 ;
2728 2451 2782 2496 ct
2811 2444 3170 2498 sacrificarent
3196 2445 3350 2498 idolis
3380 2462 3448 2500 ne
3477 2448 3843 2503 interficeren-

2253 2531 2337 2578 tur
2357 2527 2620 2595 homines,
2652 2531 2695 2584 si
2725 2532 3043 2587 sacrificavit
3085 2534 3172 2589 ilte
3219 2535 3364 2590 Baali
3412 2545 3468 2590 ut
3515 2538 3843 2595 interticerct

2252 2617 2533 2676 homines?
2559 2623 2693 2690 Quid
2725 2625 2867 2679 enim
2896 2626 2972 2681 eis
3003 2627 3234 2694 obesset,
3260 2630 3548 2684 secundum
3575 2633 3842 2703 egregiam

2251 2708 2546 2765 doctrinam
2581 2715 3129 2787 mendaciloquorum,
3163 2719 3206 2773 si
3234 2720 3428 2775 diaboli
3457 2723 3659 2778 cultum
3693 2743 3842 2781 tuen-

2252 2801 2478 2857 tirentur
2507 2804 2558 2858 in
2606 2822 2848 2877 corpore,
2890 2811 3100 2878 quando
3125 2813 3213 2866 Dei
3243 2814 3412 2868 cultus
3450 2816 3767 2872 servabatur
3792 2820 3840 2873 in

2247 2893 2448 2948 corde?
2473 2895 2576 2950 Sed
2607 2915 2710 2953 non
2739 2900 2817 2954 sic
2852 2901 3229 2958 intellexerunt
3250 2907 3287 2957 Α
3299 2907 3558 2974 postolmn
3577 2919 3838 2981 martyrcs

2248 2987 2380 3053 veri,
2409 3000 2672 3060 martyres
2700 2993 2889 3046 sancti.
2922 2993 3179 3048 Viderunt
3215 2997 3411 3067 quippe
3452 3007 3839 3072 Icnueruntqne

2247 3079 2388 3148 quod
2407 3081 2661 3150 scriptum
2684 3094 2782 3148 est,
2808 3083 2971 3140 Corde
2991 3088 3212 3142 creditur
3231 3090 3298 3141 ad
3307 3092 3587 3160 justitiam,
3610 3111 3698 3148 ore
3717 3113 3806 3150 con
3821 3127 3838 3137 -

2246 3172 2396 3239 fessio
2425 3175 2482 3241 fit
2511 3176 2578 3226 ad
2603 3178 2816 3230 salutem
2843 3178 3019 3252 (Rom.
3052 3197 3080 3234 χ
3103 3221 3119 3240 .
3153 3182 3276 3252 10);
3323 3192 3375 3239 ct
3399 3228 3414 3250 ,
3455 3184 3522 3238 In
3553 3203 3639 3241 ore
3663 3201 3837 3243 eorum

2246 3273 2343 3320 non
2375 3276 2445 3319 cst
2472 3269 2722 3322 inventum
2749 3273 3064 3326 mendacium
3091 3273 3273 3346 (Apoc.
3304 3293 3410 3344 xtv,
3442 3278 3511 3349 5)
3537 3297 3549 3333 :
3579 3295 3644 3334 ac
3665 3281 3744 3335 sic
3771 3282 3839 3334 ire

2245 3358 2692 3425 reprehensihiles
2734 3363 3010 3431 abierunt,
3056 3367 3142 3420 ubi
3188 3370 3379 3422 tentari
3417 3385 3446 3423 a
3490 3373 3838 3428 mendacibus

2245 3451 2464 3504 ulterius
2485 3469 2588 3506 non
2612 3456 2908 3517 cavebant;
2940 3459 3059 3527 quia
3089 3460 3370 3516 mendaces
3398 3465 3628 3533 amplius
3658 3467 3710 3520 in
3727 3469 3836 3521 suis

2242 3543 2549 3598 coelestibus
2575 3548 2800 3600 canibus
2829 3549 2908 3602 \cl
2950 3551 3150 3606 alienos
3180 3553 3261 3607 vcl
3308 3557 3584 3622 proximos
3611 3573 3720 3612 non
3745 3561 3839 3614 hac

2240 3635 2460 3689 bcbunt.
2497 3637 2645 3692 lllnm
2681 3656 2805 3693 vero
2831 3640 2967 3695 Jchn
2998 3644 3275 3698 mendacio
3305 3647 3464 3716 impio
3491 3659 3544 3702 ct
3570 3653 3836 3706 sacrificio

2239 3728 2500 3798 sacrilego
2530 3730 2852 3784 occidendos
2883 3733 3071 3799 impios
3097 3745 3148 3787 et
3168 3738 3458 3808 sacrilegos
3479 3740 3832 3809 inquirentem

2239 3835 2345 3874 non
2377 3821 2732 3887 imitarentur,
2763 3840 2860 3878 nec
2891 3826 2932 3879 si
2974 3827 3041 3880 de
3083 3827 3172 3881 illo
3210 3830 3379 3898 qualis
3410 3829 3599 3886 fuisset
3643 3836 3830 3890 eadem

2241 3910 2517 3980 Scriptura
2549 3915 2816 3968 tacuisset.
2849 3916 2980 3968 (lum
3012 3933 3138 3971 vero
3165 3921 3418 3988 scriptmn
3455 3923 3524 3975 sit
3563 3940 3685 3978 cmn
3747 3944 3834 3981 re-

2235 4012 2378 4057 ctum
2409 4018 2502 4057 cor
2524 4020 2628 4057 non
2649 4004 2895 4061 hahuss-c
2917 4025 3037 4061 cum
3067 4010 3204 4074 Deo;
3232 4012 3359 4081 quid
3381 4014 3664 4082 eiprot‘nit,
3690 4021 3832 4088 quod

2239 4110 2336 4163 pro
2366 4096 2616 4150 nonnulla
2635 4097 2954 4160 obcdicntia,
2975 4117 3134 4170 quam
3163 4103 3227 4156 de
3253 4104 3413 4158 domo
3441 4107 3625 4161 Achab
3655 4127 3832 4166 omm-

2234 4200 2303 4238 no
2331 4185 2576 4250 delenda,
2604 4203 2697 4256 pro
2718 4191 3006 4258 cupiditate
3035 4208 3145 4246 suae
3171 4193 3546 4252 dominationis
3565 4201 3827 4268 exhibuit,

2231 4276 2555 4345 aliquantam
2595 4281 2894 4335 mercedem
2939 4287 3294 4339 transitoriam
3337 4291 3485 4359 regni
3517 4297 3830 4362 temporalis

2230 4371 2432 4440 accepit
2461 4371 2560 4441 (lV
2588 4371 2716 4443 Reg.
2741 4374 2840 4445 x)?
2869 4375 2949 4429 Ad
2976 4379 3292 4434 sententiam
3322 4383 3497 4451 potius
3536 4387 3826 4442 veridicum

2229 4471 2520 4531 martyrum
2566 4462 2954 4520 defendendam
2997 4476 3070 4535 te,
3105 4470 3286 4538 frater,
3327 4475 3602 4541 exhortor,
3650 4487 3710 4533 ut
3754 4482 3829 4534 sis

2226 4551 2482 4606 adversus
2512 4554 2817 4618 mendaces,
2853 4573 2957 4612 non
2988 4559 3250 4615 mendacii
3275 4563 3484 4630 doctor,
3513 4569 3609 4622 sed
3632 4571 3830 4624 verita-

2227 4642 2294 4695 tis
2321 4653 2575 4699 assertor.
2609 4645 2738 4699 Nam
2769 4646 3076 4718 diligentius
3099 4692 3115 4717 ,
3147 4652 3373 4709 obsecro
3396 4697 3411 4720 ,
3438 4659 3656 4715 attende
3684 4662 3826 4731 quod

2223 4733 2364 4800 dico,
2396 4743 2456 4790 ut
2487 4736 2725 4792 invenias
2751 4754 2911 4808 quam
2943 4741 3014 4795 sit
3038 4744 3357 4811 cavendum,
3385 4749 3526 4817 quod
3556 4751 3674 4808 zelo
3705 4757 3823 4823 qui-

2221 4825 2342 4881 dem
2373 4828 2623 4885 laudabili
2672 4833 2929 4888 adversns
2968 4837 3180 4906 impios,
3228 4847 3285 4892 ut
3324 4843 3528 4910 possint
3576 4860 3824 4917 compre-

2222 4921 2382 4976 hendi
2410 4932 2462 4978 et
2489 4926 2681 4996 corrigi
2709 4927 2790 4980 vel
2815 4928 2990 4997 vitari,
3015 4931 3109 4984 sed
3131 4939 3309 4987 tamen
3334 4936 3600 4993 incautius
3623 4940 3823 4995 deer-n-

2219 5013 2344 5067 dmn
2377 5026 2604 5082 putatur.

2289 5106 2514 5163 CAPUT
2557 5110 2640 5163 lll.
2669 5141 2742 5150 ——
2769 5112 2822 5166 4.
2868 5111 3189 5168 Mendacium
3216 5117 3592 5175 Cal/tolicorum
3621 5133 3678 5178 ut
3712 5127 3821 5180 liae-

2218 5201 2398 5254 retiros
2436 5203 2659 5272 capiant,
2703 5207 3031 5275 perniciosius
3057 5211 3164 5280 [ore
3190 5227 3339 5279 quam
3379 5214 3734 5273 Ita'reticorum
3769 5233 3820 5273 ut

2218 5291 2504 5347 (lat/tolicos
2541 5295 2746 5349 lateant.
2791 5296 3039 5369 Exemplo
3067 5318 3147 5355 res
3175 5304 3564 5360 demonstratur.
3600 5308 3819 5364 Priscil-

2217 5383 2445 5437 Iianistas
2465 5403 2642 5455 capere
2669 5405 2757 5456 per
2795 5391 3109 5445 mendacium
3144 5395 3290 5458 velle,
3329 5407 3400 5450 est
3425 5416 3538 5453 cum
3569 5402 3694 5471 ipsis
3724 5405 3816 5457 de-

2218 5477 2421 5544 pravari
2464 5477 2856 5534 Mendaciorum
2880 5498 3073 5549 genera
3096 5487 3258 5540 multa
3280 5497 3424 5553 sunt,
3449 5505 3569 5559 qua:
3597 5496 3815 5562 quidem

2217 5568 2392 5619 υιιιιιίει
2419 5570 2792 5625 noiversalitcr
2812 5573 2991 5628 odisse
3013 5575 3288 5630 debemus.
3318 5579 3532 5634 Nullum
3562 5593 3649 5638 est
3666 5588 3811 5639 enim

2216 5659 2548 5712 mendacium
2581 5663 2718 5729 quod
2769 5679 2873 5718 non
2919 5667 2986 5719 sit
3032 5669 3358 5724 contrarium
3409 5674 3640 5730 veritati.
3677 5679 3810 5732 Nam

2215 5749 2346 5802 sicut
2379 5751 2462 5802 lux
2488 5761 2538 5803 et
2563 5753 2814 5819 tenebrae,
2839 5757 3006 5824 pictas
3034 5768 3086 5812 et
3114 5760 3377 5830 impietas,
3403 5764 3606 5833 justitia
3635 5781 3689 5824 et
3711 5770 3815 5824 ini-

2214 5843 2418 5911 quitus,
2452 5853 2722 5912 peccatum
2749 5856 2799 5899 et
2831 5859 2972 5904 rcctc
2997 5849 3221 5921 factum,
3256 5855 3454 5912 sanitas
3483 5869 3536 5913 et
3564 5860 3807 5918 imbecil-
