4078 6516
279 454 372 510 Sil

277 570 418 632 litas,
441 565 549 620 vita
570 572 623 619 ct
644 577 811 627 mors;
833 562 902 616 ita
924 561 1059 615 inter
1079 575 1137 615 se
1152 568 1275 614 sunt
1291 568 1484 613 veritas
1498 556 1862 611 mendacium-

276 674 380 731 que
407 656 700 712 contraria.
738 652 889 709 Unde
915 660 1113 723 quanto
1146 666 1386 704 amamus
1414 650 1590 713 istam,
1623 655 1770 701 tanto
1801 646 1869 699 il-

280 751 367 808 lud
396 749 580 804 odisse
602 747 883 803 debemus.
899 744 1281 798 Verumtamen
1304 749 1427 796 sunt
1454 736 1697 811 quzrdam
1718 752 1868 791 men-

276 846 448 912 dacia,
497 858 619 914 qua:
642 840 866 897 credere
894 837 1027 893 nihil
1068 836 1243 892 obsit:
1277 834 1518 906 quamvis
1564 834 1722 886 etiam
1780 828 1870 883 tali

278 934 572 991 mentiendi
629 946 828 1003 genere
889 927 1075 983 fallere
1135 925 1405 992 voluisse,
1461 921 1740 977 mentienti
1801 919 1871 973 sit

278 1027 519 1091 noxium,
551 1040 661 1079 non
687 1021 948 1078 credenti.
978 1019 1248 1089 Tanquam
1279 1017 1323 1070 si
1365 1015 1527 1069 frater
1556 1012 1643 1067 ille
1681 1023 1869 1066 servus

279 1121 379 1178 Dei
408 1118 615 1173 Fronto
635 1118 690 1172 in
718 1116 782 1170 iis
796 1131 915 1186 qua:
934 1114 1024 1168 tibi
1048 1111 1319 1175 indicavit,
1348 1108 1488 1179 quod
1517 1106 1674 1172 absit,
1693 1104 1869 1175 aliqua

280 1209 633 1274 mentiretur;
664 1207 765 1261 sibi
794 1205 1066 1260 nocuisset
1096 1200 1330 1273 profecto
1354 1241 1368 1265 ,
1392 1214 1497 1253 non
1520 1197 1647 1262 tibi,
1679 1209 1867 1266 quam-

279 1304 356 1357 vis
389 1312 445 1355 tu
484 1302 663 1356 omnia
693 1298 1013 1353 credidisses
1040 1296 1154 1349 sine
1183 1302 1270 1346 tua
1307 1290 1580 1359 iniquitate
1609 1284 1864 1342 narranti.

278 1394 542 1464 Quoniam
586 1393 700 1447 sive
746 1391 831 1444 illa
864 1390 932 1443 ila
957 1395 1104 1458 gesta
1143 1386 1249 1439 sint
1272 1425 1286 1448 ,
1329 1384 1442 1437 sive
1481 1395 1586 1434 non
1616 1379 1725 1443 ita;
1763 1392 1866 1430 non

280 1490 479 1545 habent
507 1498 682 1541 tamen
709 1481 930 1552 aliquid,
955 1478 1094 1550 quod
1118 1478 1161 1531 si
1188 1477 1308 1547 quis
1333 1472 1621 1529 crediderit
1651 1471 1721 1525 ita
1749 1483 1868 1523 esse

278 1588 484 1649 gestum
508 1618 523 1641 ,
550 1573 766 1630 etiamsi
794 1587 899 1625 non
934 1570 1002 1623 ita
1030 1569 1097 1622 sit
1118 1577 1324 1637 gestum
1346 1604 1361 1631 ,
1406 1562 1589 1633 regula
1631 1557 1868 1614 veritatis

279 1669 593 1726 ctdoctriua
636 1665 825 1719 salutis
864 1670 1080 1719 adorna:
1104 1660 1372 1729 judicctur
1408 1670 1528 1710 esse
1555 1651 1865 1723 culpandus.

277 1762 328 1814 Si
359 1768 543 1814 autem
583 1757 686 1811 hoc
714 1755 937 1826 quisque
970 1751 1275 1816 mentiatur,
1307 1746 1446 1818 quod
1479 1745 1521 1799 si
1553 1744 1670 1813 quis
1697 1741 1870 1797 credi-

278 1854 457 1917 derit,
504 1851 764 1904 adversus
809 1846 1105 1900 doctrinam
1145 1842 1343 1897 Christi
1393 1839 1674 1893 hmrcticns
1724 1835 1863 1899 erit;

278 1953 425 1996 LtﬂlO
452 1951 537 1994 est
564 1938 844 1994 HICCllllOI'
894 1935 1177 1999 mentiens,
1224 1940 1421 2002 quanto
1464 1927 1710 1983 miserior
1748 1941 1865 1979 ere-

276 2036 428 2087 deus.
486 2032 616 2084 \‘ide
662 2043 789 2099 ergo
833 2027 987 2097 quale
1032 2025 1122 2091 sit,
1176 2024 1220 2078 si
1274 2021 1531 2075 adversus
1572 2017 1866 2071 doctrinam

274 2124 469 2179 Christi
503 2121 711 2177 mentiti
740 2119 1015 2183 fuerimus,
1043 2117 1183 2187 quod
1207 2114 1448 2184 quisquis
1474 2109 1760 2165 crediderit
1789 2108 1868 2161 in-

279 2216 477 2277 teribit,
505 2223 558 2268 ut
589 2212 834 2267 inimicos
859 2208 1100 2278 ejusdem
1131 2204 1389 2260 doctrina:
1416 2203 1706 2269 capiamus,
1736 2212 1868 2267 quos

276 2307 341 2361 ad
370 2307 678 2370 veritatem,
710 2303 833 2357 dum
864 2316 960 2355 nos
982 2301 1050 2353 ab
1079 2314 1139 2353 ea
1169 2295 1488 2359 recedimus,
1521 2292 1864 2356 adducamus;

275 2400 384 2451 into
414 2411 543 2450 vero
570 2411 693 2449 cum
720 2391 1006 2447 mendaces
1026 2387 1333 2443 mentiendo
1360 2385 1620 2453 capimus,
1645 2380 1867 2434 menda-

274 2492 353 2545 cia
405 2488 587 2560 pejora
636 2487 946 2541 doceamus.
995 2479 1152 2536 Aliud
1200 2486 1283 2534 est
1323 2476 1463 2531 enim
1500 2473 1640 2551 quod
1685 2473 1870 2525 dicunt

275 2581 490 2652 quando
513 2579 861 2643 mentiuntur,
882 2573 1026 2628 aliud
1055 2570 1266 2643 quando
1293 2568 1565 2623 falluntur.
1591 2564 1721 2629 Nam
1744 2579 1866 2618 cum

278 2672 527 2727 haeresim
557 2684 708 2725 suam
731 2668 944 2732 docent,
972 2679 1035 2721 ea
1061 2664 1243 2718 dicunt
1271 2663 1325 2716 in
1351 2660 1544 2731 quibus
1574 2657 1827 2711 falluntur
1852 2672 1863 2705 :

276 2766 493 2837 quando
521 2772 702 2819 autem
732 2775 792 2816 se
832 2760 1015 2815 dicunt
1056 2756 1257 2811 sentire
1285 2752 1427 2824 quod
1470 2765 1575 2805 non
1607 2747 1865 2811 sentiunt,

276 2860 362 2915 vel
407 2874 512 2912 non
555 2856 759 2913 sentire
805 2851 946 2924 quod
977 2850 1230 2914 sentiunt,
1280 2860 1344 2901 ca
1387 2844 1570 2898 dicunt
1595 2842 1646 2895 in
1676 2838 1868 2910 quibus

278 2950 629 3004 mentiuntur.
662 2945 812 3013 Quod
842 2944 921 2996 eis
941 2938 1176 3011 quisquis
1197 2934 1387 3001 credit,
1410 2933 1510 2987 etsi
1540 2946 1633 2985 eos
1662 2944 1764 2984 non
1789 2928 1871 2982 in-

277 3043 443 3106 venit,
471 3042 586 3109 ipse
624 3053 731 3092 non
761 3037 917 3107 perit.
954 3034 997 3088 A
1025 3032 1205 3103 regula
1234 3028 1429 3099 quippe
1474 3024 1733 3080 catholica
1761 3039 1866 3077 non

277 3133 501 3197 recedit,
536 3131 623 3201 qui
648 3129 956 3184 hcereticum
987 3124 1246 3180 catholica
1271 3121 1516 3193 dogmata
1540 3116 1868 3172 mendaciter

278 3226 639 3295 proﬁtentem,
669 3220 988 3277 catholicum
1013 3215 1185 3271 credit
1215 3233 1227 3269 :
1257 3228 1319 3269 ac
1346 3229 1441 3284 per
1462 3212 1563 3266 hoc
1579 3224 1683 3265 nou
1710 3217 1792 3264 est
1816 3207 1867 3263 ei

279 3317 675 3385 perniciosum:
708 3313 832 3383 quia
863 3312 914 3364 in
943 3307 1178 3363 hominis
1207 3315 1386 3361 mente
1425 3302 1494 3359 de
1531 3316 1634 3372 qua
1666 3299 1868 3354 latente

279 3425 386 3464 non
417 3406 868 3478 putestjudicare,
903 3418 1008 3457 non
1040 3401 1093 3455 in
1120 3399 1214 3456 Dei
1240 3398 1440 3453 fallitur
1469 3396 1573 3451 ﬁde
1588 3409 1745 3465 quam
1775 3392 1869 3447 de-

278 3502 372 3557 bet
392 3500 607 3555 insitam
632 3495 920 3551 custodire.
962 3493 1129 3547 Porro
1167 3498 1342 3545 autem
1382 3486 1594 3563 quando
1621 3483 1867 3538 haeresim

279 3608 433 3648 suam
458 3592 675 3657 docent,
708 3587 949 3659 quisquis
983 3585 1060 3640 eis
1099 3582 1387 3639 crediderit
1412 3577 1646 3651 putando
1674 3574 1869 3633 verita-

284 3698 414 3750 tem,
438 3688 541 3739 erit
562 3683 847 3754 particeps,
870 3688 927 3734 ut
950 3678 1169 3739 erroris,
1196 3677 1265 3730 ita
1291 3684 1344 3730 et
1367 3670 1725 3729 damnationis
1746 3670 1868 3725 illo-

282 3796 427 3836 rum.
454 3778 544 3835 Sic
564 3778 621 3832 ﬁt
648 3785 706 3831 ut
741 3791 861 3830 cum
900 3774 973 3828 illi
1001 3788 1095 3827 sua
1126 3770 1322 3825 nefaria
1351 3768 1595 3838 dogmata
1624 3763 1868 3819 fabulan-

285 3883 391 3942 tur,
421 3875 474 3929 in
497 3872 687 3943 quibus
702 3869 975 3925 mortifero
996 3881 1177 3922 errore
1195 3864 1462 3928 falluntur,
1484 3870 1612 3915 tunc
1632 3858 1871 3930 quisquis

283 3964 607 4029 crediderit,
649 3969 831 4032 pereat
872 3976 885 4013 :
915 3972 1013 4012 nos
1036 3966 1213 4010 autem
1243 3953 1456 4025 quando
1481 3951 1739 4006 catholica
1768 3950 1867 4002 do-

281 4066 457 4126 gmata
486 4053 853 4124 praadicamus,
885 4050 938 4103 in
977 4048 1166 4118 quibus
1204 4054 1400 4101 rectam
1424 4043 1582 4098 ﬁdem
1604 4053 1866 4108 tencums,

282 4157 407 4201 tunc
450 4146 494 4199 si
536 4142 860 4205 crediderit,
910 4138 1209 4195 inveniatur
1258 4136 1578 4205 quicumque
1615 4133 1866 4201 perierat.

279 4238 505 4307 Quando
530 4251 678 4302 vero,
702 4250 823 4288 cum
852 4232 957 4287 sint
986 4229 1422 4292 Priscillianistze,
1463 4235 1521 4281 ut
1547 4241 1641 4280 sua
1665 4239 1869 4280 venena

280 4347 389 4385 non
435 4328 682 4399 prodant,
726 4336 936 4381 nostros
974 4340 1033 4380 se
1079 4338 1201 4379 esse
1243 4322 1604 4386 mentiuntur;
1633 4318 1872 4390 quisquis

282 4429 528 4476 nostrum
553 4420 633 4475 eis
662 4417 851 4479 credit,
880 4417 1042 4472 etiam
1076 4414 1178 4468 illis
1203 4412 1490 4468 latentibus
1511 4452 1525 4475 ,
1552 4409 1667 4481 ipse
1687 4408 1871 4464 catho-

281 4516 415 4567 licus
445 4516 753 4581 perseverat
784 4524 799 4563 :
839 4522 936 4560 nos
959 4513 1164 4572 contra,
1202 4512 1261 4559 ut
1283 4502 1350 4557 ad
1379 4516 1564 4557 eorum
1595 4500 1873 4570 pervenia-

281 4619 403 4659 mus
430 4602 752 4673 indaginem,
779 4600 821 4654 si
845 4597 1266 4653 Priscillianistas
1291 4608 1389 4648 nos
1413 4607 1534 4648 esse
1558 4592 1867 4657 mentimur;

278 4697 404 4767 quia
430 4709 617 4751 eorum
644 4702 893 4761 tanquam
917 4700 1093 4744 nostra
1116 4700 1298 4739 smnus
1319 4685 1562 4754 dogmata
1587 4681 1869 4749 laudaturi,

279 4786 528 4859 quisquis
555 4800 616 4840 ea
641 4782 947 4849 crediderit,
993 4789 1086 4833 aut
1132 4775 1529 4832 contirmabitur
1568 4773 1711 4844 apud
1756 4788 1869 4840 eos,

280 4885 379 4932 aut
425 4873 779 4931 transferetur
803 4870 869 4926 ad
898 4884 992 4925 eos
1018 4867 1228 4922 interim
1258 4865 1436 4920 statim
1468 4880 1482 4918 :
1527 4862 1655 4933 quid
1693 4872 1870 4917 autem

282 4970 415 5024 hora
454 4974 838 5037 superventura
864 4961 1055 5035 pariat,
1082 4969 1259 5014 utrum
1284 4956 1407 5013 inde
1429 4965 1611 5027 postea
1641 4954 1873 5009 liberen-

283 5073 372 5116 tur
400 5075 526 5116 vera
555 5055 854 5113 dicentibus
880 5053 1054 5119 nobis,
1085 5052 1172 5122 qui
1193 5050 1400 5120 decepti
1427 5056 1551 5104 sunt
1575 5046 1875 5103 fallentibus

284 5154 474 5219 nobis;
501 5161 557 5207 et
577 5160 755 5206 utrum
776 5148 961 5203 audire
982 5147 1145 5201 velint
1168 5144 1471 5209 docentem,
1498 5155 1656 5212 quem
1682 5140 1759 5195 sic
1779 5154 1876 5194 ex-

285 5247 423 5318 perti
447 5252 574 5300 sunt
597 5242 966 5304 mentientem,
998 5239 1115 5309 quis
1146 5236 1353 5291 noverit
1372 5233 1616 5289 certum?
1638 5233 1755 5302 quis
1776 5231 1877 5285 hoc

286 5353 409 5394 esse
433 5338 645 5407 ignoret
667 5335 925 5388 incertqu
942 5331 965 5384 ?
988 5330 1067 5385 Ex
1084 5343 1189 5399 quo
1205 5326 1486 5396 colligitur,
1504 5324 1875 5393 perniciosius,

285 5435 463 5492 aut,ut
499 5425 682 5480 mitius
708 5423 913 5493 loquar,
964 5418 1309 5490 periculosius
1337 5414 1547 5470 mentiri
1578 5411 1881 5467 Catholieos

288 5528 346 5575 ut
375 5518 663 5573 haereticos
709 5515 940 5583 capiant,
987 5527 1145 5582 quam
1194 5510 1522 5565 mentiuntur
1552 5505 1786 5560 hzcretici
1826 5513 1884 5559 ut

288 5611 594 5668 Catholicos
610 5609 831 5664 lateant.
860 5607 1119 5675 Quoniam
1140 5603 1377 5674 quisquis
1406 5600 1573 5657 credit
1601 5597 1884 5655 Catholicis

291 5701 601 5759 mentiendo
631 5698 977 5765 tentantibus,
1007 5706 1099 5752 aut
1138 5696 1390 5760 efficitur,
1413 5701 1504 5747 aut
1542 5690 1886 5747 conﬁrmatur

293 5793 580 5849 lucreticus
599 5809 614 5846 :
632 5790 872 5861 quisquis
897 5799 1073 5843 autem
1091 5787 1260 5845 credit
1285 5784 1550 5840 hzcreticis
1582 5780 1887 5837 mentiendo

297 5900 415 5942 me
438 5884 850 5947 occultantibus,
881 5898 985 5936 non
1006 5882 1199 5938 desinit
1240 5895 1357 5937 esse
1387 5879 1697 5935 catholicus.
1731 5876 1881 5944 Quod

601 5995 887 6061 l’nnora
910 5990 1043 6049 XL.

1702 438 1869 496 LlBiZl

1978 437 2138 493 'xus.
2194 512 2197 515 _
3460 457 3557 509 9:2!

1980 561 2039 606 ut
2066 553 2157 608 fiat
2207 554 2431 623 planius,
2477 557 2651 627 aliqua
2681 560 2913 633 exempli
2964 565 3127 634 gratia
3179 582 3557 636 proponannn.

1978 653 2047 748 et.
2082 659 2149 748 ex
2190 645 2269 699 eis
2320 648 2651 714 potissimum
2699 653 2931 723 scriptis,
2990 671 3107 726 quze
3154 657 3281 712 mihi
3337 658 3558 730 legenda

1976 738 2189 793 misisti.

2047 831 2101 886 5.
2142 830 2284 887 Ecce
2320 834 2712 891 constituamus
2736 849 2860 893 ante
2887 840 3069 895 oculos
3094 842 3341 896 callidum
3371 845 3559 913 extllu-

1976 928 2205 975 ratorem
2236 922 2493 979 accedere
2521 925 2585 977 ad
2613 941 2733 980 eum
2762 943 2917 999 quem
2945 930 3395 989 Priscillianistam
3440 951 3560 992 esse

1974 1012 2348 1079 prmscnscrit;
2382 1022 2436 1068 et
2482 1015 2690 1070 Dictinii
2718 1020 2950 1088 episcopi
2981 1019 3080 1093 (α),
3122 1024 3206 1077 vel
3236 1026 3431 1094 cogniti
3478 1029 3559 1080 vi—

1977 1109 2102 1167 tam,
2130 1103 2215 1158 vel
2261 1104 2515 1175 incogniti
2562 1108 2757 1164 famam
2801 1112 3018 1169 laudare
3060 1116 3428 1173 mendaciter:
3478 1131 3560 1176 est

1977 1190 2076 1246 hoc
2105 1194 2433 1261 tolerabilius
2471 1197 2665 1265 adlmc,
2694 1202 2817 1270 quia
2857 1203 2948 1259 ille
2992 1215 3206 1275 putatur
3260 1208 3425 1265 fuisse
3472 1228 3562 1266 ca-

1975 1280 2222 1351 tholicus,
2256 1294 2413 1356 atque
2440 1303 2500 1341 ex
2547 1288 2636 1342 illo
2666 1307 2849 1347 errore
2890 1305 3181 1351 correctus.
3215 1298 3416 1355 Deinde
3446 1302 3559 1356 Pri-

1973 1373 2269 1429 sciliiauum
2299 1377 2439 1447 (hoc
2465 1379 2608 1434 enim
2631 1384 2870 1452 sequitur
2895 1385 2952 1440 in
2977 1395 3091 1442 arte
3121 1391 3443 1463 mentiendi)
3464 1409 3557 1448 ve-

1972 1465 2282 1521 nerabiliter
2302 1482 2814 1529 commemoraturus
2834 1484 2935 1541 est,
2962 1476 3229 1534 hominem
3266 1481 3484 1551 impium
3506 1493 3562 1539 et

1971 1552 2360 1625 detestabilem,
2393 1569 2445 1614 et
2476 1576 2574 1631 pro
2599 1563 2708 1618 suis
2736 1564 2952 1622 nefariis
2988 1570 3276 1625 sceleribus
3319 1573 3557 1629 crimini-

1971 1644 2175 1715 busque
2217 1648 2547 1707 damnatum.
2599 1653 2653 1706 lu
2699 1669 2799 1724 qua
2845 1657 2959 1727 ejus
2990 1662 3275 1716 venerabili
3320 1678 3557 1720 comme-

1972 1738 2293 1805 moratione,
2323 1740 2365 1793 si
2393 1739 2527 1796 forte
2560 1744 2666 1807 ille,
2691 1746 2775 1799 cui
2802 1748 2934 1802 retia
2964 1750 3250 1806 tenduntur
3279 1754 3560 1823 hujnsmo-

1972 1824 2047 1893 di,
2078 1826 2259 1883 ﬁrmus
2284 1829 2683 1887 l’riscillianista
2704 1850 2808 1890 non
2839 1835 3045 1904 fuerat,
3075 1841 3175 1895 bac
3212 1843 3328 1910 ejus
3365 1844 3559 1913 pra-di-

1971 1918 2179 1973 catione
2208 1920 2522 1977 firmabitur.
2550 1925 2684 1980 Cum
2713 1938 2887 1983 autem
2914 1930 2979 1985 ad
3005 1941 3194 1988 caztera
3225 1937 3559 2006 explorantis'

1972 2022 2149 2063 sermo
2198 2013 2537 2079 processerit,
2592 2024 2645 2070 et
2695 2017 2922 2075 dicentis
2969 2023 3211 2079 misereri
3262 2040 3321 2083 se
3370 2042 3555 2083 eorum

1971 2113 2105 2166 quos
2153 2101 2311 2155 tantis
2338 2117 2578 2157 errorum
2614 2107 2848 2164 tenebris
2877 2113 3213 2167 tenebrarum
3263 2126 3449 2171 auctor
3474 2118 3549 2171 iu-

1972 2189 2214 2256 volverit,
2244 2201 2300 2245 ut
2328 2192 2582 2248 honorem
2620 2198 2811 2252 animae
2836 2215 2945 2256 sua:
2973 2211 3027 2257 et
3049 2203 3339 2260 claritatem
3366 2207 3558 2264 divina:

1972 2283 2232 2382 prosapia:
2262 2298 2366 2337 non
2394 2298 2717 2355 agnoscant;
2743 2297 2852 2345 tum
2879 2292 3072 2349 deinde
3098 2295 3311 2351 Dictinii
3340 2298 3554 2364 librum,

1972 2376 2124 2440 cujus
2151 2388 2342 2427 nomen
2371 2386 2455 2429 est
2494 2376 2649 2431 Libra
2668 2417 2685 2445 ,
2731 2394 2794 2434 eo
2823 2383 2964 2452 quod
2993 2388 3328 2454 pertractatis
3356 2388 3557 2444 duode-

1972 2461 2074 2515 cim
2099 2463 2479 2532 quiestienibus
2504 2466 2647 2521 velut
2668 2470 2837 2525 unciis
2867 2473 3180 2542 explicatur,
3212 2478 3371 2531 tantis
3395 2486 3556 2533 extu-

1972 2550 2092 2604 lerit
2119 2550 2379 2616 laudibus,
2417 2563 2474 2608 ut
2501 2556 2660 2611 talem
2704 2557 2956 2626 Libram,
3005 2578 3109 2633 qua
3139 2564 3420 2621 horrenda:
3443 2567 3557 2622 bla-

1972 2644 2226 2712 sphemia:
2266 2646 2625 2714 continentur,
2654 2649 2831 2703 multis
2868 2651 3123 2707 librarum
3166 2656 3281 2709 auri
3324 2657 3557 2713 millibus

1972 2733 2348 2802 pretiosiorem
2374 2750 2493 2791 esse
2526 2745 2747 2793 testetur
2778 2757 2789 2793 :
2832 2757 3026 2812 nempe
3050 2742 3163 2799 haec
3186 2746 3376 2800 astutia
3403 2762 3557 2802 men-

1975 2824 2155 2879 tientis
2176 2866 2192 2891 ,
2224 2826 2454 2880 animam
2481 2828 2749 2885 credentis
2775 2831 3045 2899 interﬁcit,
3083 2836 3304 2907 autjam
3339 2838 3558 2895 interfe-

1973 2924 2111 2970 ctam
2143 2916 2193 2971 in
2218 2918 2402 2972 eadem
2432 2930 2603 2975 morte
2628 2922 2906 2994 demergit,
2935 2941 2998 2981 ac
3023 2927 3288 2997 deprimit.
3320 2930 3444 2996 Sed,
3479 2934 3558 2987 in-

1972 3006 2143 3077 quies,
2178 3018 2358 3077 postea
2388 3008 2713 3065 liberabitur.
2743 3012 2901 3082 Quid,
2944 3016 2987 3070 si
3020 3032 3124 3071 nun
3167 3017 3273 3085 ﬁat,
3308 3022 3418 3075 sive
3456 3022 3558 3076 ali-

1974 3112 2084 3168 quo
2114 3101 2503 3157 interveniente
2542 3101 2921 3172 impedimento
2947 3123 3014 3163 ne
3051 3120 3221 3180 coepta
3246 3113 3556 3183 complean-

1971 3198 2078 3257 tur,
2111 3191 2224 3246 sive
2252 3192 2607 3248 obstinatione
2645 3198 2838 3251 mentis
2867 3199 3130 3256 hau-etica:
3155 3219 3338 3259 rursus
3366 3205 3554 3261 eadem

1973 3282 2237 3351 negantis,
2271 3284 2476 3337 etiamsi
2507 3285 2681 3355 aliqua
2713 3287 2822 3356 jam
2852 3303 3087 3359 coeperat
3113 3294 3391 3349 confiteri?
3415 3311 3556 3366 pra:-

1972 3374 2155 3428 sertim
2176 3373 2298 3443 quia
2325 3374 2367 3427 si
2390 3377 2699 3444 cognoverit
2723 3393 2782 3431 se
2806 3379 2871 3433 ab
2891 3380 3063 3436 alieno
3086 3381 3249 3438 fuisse
3278 3394 3554 3448 tentatum.

1972 3477 2038 3518 eo
2067 3464 2182 3533 ipso
2219 3464 2473 3519 audacius
2501 3466 2590 3519 illa
2622 3482 2741 3537 quae
2782 3471 2973 3537 sentit,
3018 3473 3250 3528 studebit
3289 3476 3559 3532 occultare

1978 3554 2292 3620 mendacio;
2322 3556 2536 3625 quando
2565 3558 2613 3611 id
2642 3560 2906 3629 inculpate
2928 3563 3039 3617 ﬁeri
3066 3565 3232 3620 multo
3260 3568 3458 3623 certius
3472 3569 3547 3623 di-

1973 3646 2198 3711 dicerit,
2252 3648 2415 3701 etiam
2460 3650 2709 3718 exemplo
2754 3651 2920 3720 ipsius
2969 3654 3051 3708 sui
3100 3659 3396 3712 tentatoris.
3446 3659 3558 3713 Hoc

1973 3737 2168 3807 quippe
2216 3736 2268 3790 in
2316 3737 2555 3804 homine,
2603 3740 2692 3808 qui
2736 3742 3048 3796 veritatem‘
3087 3742 3363 3815 tegendam
3409 3758 3558 3818 putat

1973 3843 2093 3883 esse
2136 3828 2461 3893 mentiendo,
2518 3845 2619 3899 qua
2651 3831 2861 3886 tandem
2894 3830 3069 3889 fronte
3096 3836 3447 3906 culpabimus,
3500 3852 3557 3894 et

1974 3918 2228 3973 damnare
2252 3918 2584 3981 audebimus,
2614 3921 2755 3990 quod
2781 3922 3071 3978 docemus?

2044 4008 2099 4063 6.
2132 4007 2389 4064 Remanet
2422 4008 2601 4079 igitur,
2633 4019 2689 4063 ut
2713 4012 2851 4080 quod
2877 4014 3112 4069 sentiunt
3139 4015 3551 4075 Priscillianista:

1974 4100 2262 4156 secundum
2298 4101 2519 4156 haaresis
2545 4116 2653 4156 sua:
2680 4103 2933 4159 nefariam
2962 4104 3240 4162 falsitatem
3264 4150 3278 4172 ,
3308 4110 3374 4164 de
3404 4112 3512 4166 Deo
3534 4154 3549 4178 ,

1974 4193 2041 4248 de
2068 4193 2263 4259 anima,
2293 4192 2361 4248 de
2386 4207 2630 4263 corpore,
2671 4204 2726 4250 et
2750 4195 2818 4251 de
2841 4199 3047 4253 cmteris
3087 4201 3265 4268 rebus,
3298 4219 3402 4257 non
3446 4205 3548 4259 du-

1973 4283 2203 4339 bitemus
2232 4284 2407 4338 veraci
2451 4284 2647 4356 pietate
2692 4285 2984 4356 damnare;
3029 4292 3170 4360 quod
3209 4304 3384 4348 autem
3428 4310 3551 4351 seu-

1977 4374 2132 4440 tiunt,
2163 4381 2223 4427 ut
2241 4374 2437 4429 veritas
2466 4376 2761 4431 occultetur
2784 4392 2904 4434 esse
2927 4382 3324 4449 mentiendum,
3351 4386 3420 4440 sit
3452 4404 3554 4442 no-

1976 4466 2058 4520 bis
2080 4506 2096 4533 ,
2120 4474 2175 4520 et
2198 4466 2321 4533 illis,
2363 4466 2503 4536 quod
2544 4468 2700 4534 absit,
2731 4468 2924 4542 dogma
2951 4486 3255 4531 commune.
3289 4477 3400 4533 lloc
3448 4489 3555 4535 tam

1977 4572 2224 4627 magnum
2267 4557 2465 4613 malum
2493 4567 2593 4623 est,
2625 4568 2684 4613 ut
2719 4562 2926 4616 etiamsi
2968 4561 3195 4621 conatus
3221 4567 3306 4622 hic
3349 4580 3548 4637 uoster,

2042 4714 2058 4788 ξ
2092 4721 2447 4788 gnatu9r_Mss._:
2475 4724 2581 4788 ,ζίρε
2604 4715 2777 4788 quippe
2798 4717 2848 4770 in
2866 4718 3074 4788 homine,
3099 4724 3225 4787 quod
3248 4726 3511 4788 veritatem.

2040 4775 2117 4848 ςα)Δ
2136 4782 2185 4823 ιιι
2204 4776 2431 4848 editishet
2454 4774 2655 4848 dictant
2666 4774 2893 4848 episcopi.
2929 4774 3151 4848 ttemqu'e
3188 4774 3557 4848 pauloipostlc-

2014 4839 2201 4909 ebatur,
2236 4837 2835 4910 demdendictwntibrum,
2859 4844 2998 4910 cujus
3017 4837 3279 4910 yw'men'est
3300 4837 3453 4910 Libra.
3488 4837 3563 4899 Ηι

1996 4899 2114 4958 ocis,
2139 4912 2233 4971 nec
2254 4913 2361 4971 non
2372 4898 2509 4960 infra,
2532 4902 2700 4971 capite
2726 4898 3385 4971 lfl,"_res'tituimusveterum
3410 4898 3559 4958 libro;

1977 4972 2086 5033 rum
2118 4966 2401 5033 auctoritate
2433 4974 2612 5033 nomen
2634 4966 2855 5033 Dictinii.
2893 4967 3013 5033 _Fuit_
3039 4968 3267 5033 Dictinius
3303 4969 3560 5033 episcopus

1978 5025 2313 5094 Asturic'ensis‘,
2334 5039 2369 5094 _¢
2399 5025 2509 5094 cui,_
2534 5039 2557 5068 ι
2594 5031 2651 5074 ιιι
2682 5026 2856 5076 tdatius
2877 5027 2939 5094 _in
2960 5026 3198 5094 _Chronico
3223 5025 3409 5089 scribit,
3453 5025 3484 5076 ἱ
3495 5034 3560 5081 ob

1987 5100 2009 5129 ι
2032 5082 2316 5158 Priscilliani
2334 5082 2578 5158 haeresim,
2605 5099 2750 5156 quam
2785 5087 3124 5158 proﬁtebatur,
3147 5091 3307 5158 ejecta
3328 5082 3440 5141 Cum
3456 5093 3565 5145 aliis

1988 5161 2010 5190 α
2030 5146 2251 5215 ejusdem
2272 5156 2420 5215 septa:
2445 5146 2699 5208 episcopis,
2719 5146 2961 5215 successit
2974 5146 3238 5215 Turribius.
3256 5168 3278 5197 ι
3302 5159 3467 5215 ipsum
3492 5162 3565 5204 ta-

1980 5206 2093 5254 men
2113 5214 2279 5267 postea
2299 5206 2523 5257 damnato
2545 5206 2634 5255 suo
2667 5221 2837 5257 errore
2865 5211 3237 5271 resipiscentem
3268 5206 3567 5266 ab'Ecclesia

1981 5275 2371 5337 receptuun_es_se_
2410 5274 2613 5337 testatur
2640 5271 2943 5318 Innocentius
2976 5278 3161 5337 Papa],
3201 5276 3253 5326 in
3278 5275 3484 5337 epistola
3504 5280 3567 5328 ad

1982 5328 2214 5400 synodum
2236 5328 2883 5400 Toletanam..quusiquoqt_te
2907 5328 3261 5400 correctionem
3291 5328 3452 5386 laudat
3472 5344 3567 5387 Leo

1984 5390 2105 5463 rapa
2130 5390 2250 5463 t‘,7in
2272 5390 2475 5463 epistola
2503 5391 2561 5463 te
2576 5393 2635 5463 ad
2656 5390 2932 5463 Irurribium
2956 5396 3451 5463 Asturicensem,_mp.
3477 5401 3564 5461 16;

1984 5440 2260 5526 imprgbans
2338 5451 2466 5526 quod
2501 5452 2686 5526 Dictinii
2724 5440 2970 5526 tractatus,
2987 5440 3138 5526 3&6;
3148 5440 3451 5510 $663213};
3470 5440 3569 5511 eri-'-

1994 5530 2017 5559 ι
2038 5511 2449 5587 eumnam
2491 5514 2866 5587 φηξεείρξίινηα
2902 5511 3069 5587 multis.
3100 5532 3210 5587 cum
3246 5525 3570 5587 aspersione

1994 5591 2018 5620 ι
2039 5573 2468 5647 Ιρεθτθιιιιιιίοιιω
2487 5575 2530 5623 si
2552 5573 2754 5647 ahquid,
2771 5578 2856 5636 ait,
2868 5582 3117 5647 memoria;
3140 5583 3326 5647 Dictinii
3350 5583 3570 5633 tribuen-

1996 5636 2155 5683 «dum
2189 5642 2388 5704 putant,
2440 5636 2797 5699 reparationem
2836 5638 2944 5704 ejus
2985 5643 3146 5704 magis
3184 5643 3402 5693 debeant
3436 5657 3567 5695 ama—-

1997 5714 2020 5742 ι
2042 5709 2099 5746 re
2130 5709 2272 5769 quam
2310 5696 2560 5769 lapsqu
2597 5706 2835 5769 Caaterum
2863 5696 3386 5769 'Dictinii'memoriam
3428 5711 3569 5756 Inni-

1991 5757 2204 5831 versatfia
2222 5757 2618 5831 “festivitatem;
2638 5763 2859 5831 Hispania
2891 5764 3019 5831 .colit
3060 5768 3377 5831 asturicensis
3407 5767 3569 5831 pecie-

1992 5821 2198 5934 die
2222 5819 2251 5867 τε).
2275 5821 2413 5883 junii.
2453 5822 2566 5871 vide
2591 5819 2857 5873 Ferrarium
2888 5824 2937 5871 in
2970 5824 3190 5888 catalogo
3221 5826 3443 5890 generali
3464 5840 3570 5879 son-

1992 5894 2193 5935 ctorum.

2894 5972 3284 6047 {Dii-sem.)
