4078 6514
483 475 588 536 52"!»

482 613 587 665 quo
619 605 710 647 eos
749 603 843 662 per
883 584 1218 640 mendacium
1258 595 1448 651 capere
1486 579 1732 648 cupimus
1762 584 1815 631 et
1843 582 2071 638 mutare,

485 697 554 740 ita
603 690 979 754 prosperetur,
1027 686 1085 733 ut
1131 691 1224 731 eos
1263 674 1534 744 capiamus
1577 679 1738 741 atque
1787 678 2072 730 mutemus,

489 777 646 831 nullis
667 775 829 830 lucris
855 777 1272 841 compensentur
1299 766 1414 821 haec
1441 765 1653 827 damna,
1685 761 1878 833 quibus
1904 768 1957 814 et
1979 774 2076 812 nos

484 884 604 924 cum
651 866 783 938 ipsis
832 879 928 936 pro
972 863 1182 918 illorum
1214 857 1546 914 correctione
1570 855 1945 924 depravamur.
1977 849 2080 904 Per

486 963 587 1015 hoc
625 974 856 1030 namque
903 955 1238 1012 mendacium
1284 960 1336 1004 et
1377 963 1475 1004 nos
1516 947 1716 1001 erimus
1742 960 1808 999 ex
1838 957 1900 998 ea
1929 949 2078 1011 parte

487 1052 722 1122 perversi
749 1093 765 1118 ,
809 1059 862 1105 et
890 1049 964 1104 illi
996 1043 1358 1101 scmicorrecti
1394 1058 1406 1094 :
1441 1036 1869 1110 quandoquidem
1897 1031 2034 1087 istud
2061 1073 2075 1096 ,

484 1145 626 1213 quod
648 1151 841 1215 putant
868 1156 987 1195 esse
1013 1155 1108 1209 pro
1137 1138 1357 1191 veritate
1384 1129 1771 1194 mentiendum,
1799 1127 1978 1181 nonin
2001 1124 2080 1179 eis

486 1239 841 1307 corrigimus;
875 1235 993 1305 quia
1023 1232 1161 1286 idem
1187 1244 1285 1284 nos
1312 1224 1615 1283 didicimus‘
1644 1230 1697 1277 et
1723 1220 1998 1284 docemus,
2027 1224 2082 1270 et

490 1332 603 1386 ﬁeri
649 1338 898 1400 oportere
939 1324 1304 1395 praecipimus,
1355 1327 1416 1374 ut
1464 1317 1531 1373 ad
1570 1331 1663 1371 eos
1713 1308 2080 1366 emendandos

490 1422 769 1492 pervenire
798 1419 1082 1488 possimus.
1111 1413 1256 1481 Quos
1309 1421 1487 1464 tamen
1540 1423 1644 1461 non
1693 1401 2078 1465 cmendamus,

489 1512 682 1581 quibus
709 1509 1006 1575 mendum',
1034 1522 1140 1576 quo
1170 1519 1356 1559 verum
1402 1499 1686 1572 tegendum
1732 1496 2077 1557 existimant,

491 1619 596 1658 non
626 1600 951 1665 auferimus;
999 1596 1094 1652 sed
1137 1610 1236 1650 nos
1284 1595 1459 1664 potius
1507 1587 1917 1651 immendatnur,
1960 1598 2082 1639 cum

490 1695 700 1764 pertale
729 1691 978 1749 mendum
1006 1705 1100 1744 eos
1126 1687 1558 1758 qumrimuszuec
1575 1681 1874 1736 invenimus
1898 1693 2084 1748 quem-

489 1786 776 1841 admodum
817 1783 896 1840 eis
961 1781 1236 1838 conversis
1276 1779 1497 1835 credere
1539 1776 1832 1840 valeamus,
1886 1771 2082 1842 quibus

490 1880 754 1949 perversis
781 1877 987 1932 mentiti
1017 1889 1230 1940 sumus;
1265 1889 1330 1928 ne
1353 1872 1491 1927 forte
1517 1869 1659 1941 quod
1683 1877 1736 1923 ut
1764 1876 2084 1937 caperentur

487 1980 613 2025 sum
641 1971 800 2040 passi,
832 1968 1030 2023 faciant
1055 1966 1195 2037 capti
1218 1982 1233 2032 ;
1267 1980 1373 2020 non
1399 1963 1572 2020 solum
1599 1960 1724 2031 quia
1752 1959 1925 2014 facere
1955 1972 2083 2012 cou-

487 2067 797 2126 sueverunt,
845 2057 940 2114 sed
984 2059 1106 2128 quia
1137 2065 1190 2110 et
1227 2055 1280 2110 in
1326 2054 1515 2120 nobis,
1549 2052 1616 2107 ad
1654 2065 1789 2122 quos
1831 2049 2081 2115 veniunt,

470 2153 590 2207 hoc
615 2151 909 2206 inveniunt.

561 2241 787 2300 CAPUT
817 2241 904 2298 IV.
925 2272 996 2283 —
1013 2241 1066 2296 7.
1096 2239 1361 2297 Mentienti
1380 2238 1432 2292 in
1456 2253 1579 2302 uno,
1609 2251 1710 2290 non
1737 2232 1910 2288 haberi
1931 2232 2084 2302 [idem

489 2338 547 2391 in
589 2337 728 2390 aliis.
771 2335 839 2390 Et
877 2333 1018 2406 quod
1065 2343 1148 2390 est
1193 2331 1584 2395 miserabilius,
1634 2328 1796 2382 etiam
1838 2325 1936 2397 ipsi
1971 2323 2084 2395 jam

489 2428 644 2500 quasi
689 2428 858 2484 nostri
901 2426 1114 2491 effecti,
1159 2423 1609 2496 quemadmodum
1641 2421 1797 2476 nobis
1827 2419 2080 2484 credant,

493 2521 732 2590 reperire
777 2534 882 2573 non
916 2526 1172 2588 .possuut.
1219 2516 1275 2572 Si
1319 2515 1462 2570 enim
1504 2513 1882 2582 suspicentur,
1922 2509 2083 2564 etiam

476 2613 608 2682 ipsa
637 2611 897 2666 catholica
936 2609 1184 2680 dogmata
1213 2623 1309 2662 nos
1334 2605 1665 2661 mendaciter
1690 2601 1868 2674 loqui,
1901 2609 1960 2656 ut
1984 2615 2084 2654 ne-

494 2705 608 2758 scio
623 2703 749 2774 quid
768 2702 909 2758 aliud
928 2703 1255 2758 occultemus
1269 2699 1410 2770 quod
1428 2714 1612 2755 verum
1637 2706 1913 2768 putamus;
1939 2702 2087 2749 certe

493 2797 619 2852 talia
663 2795 958 2867 suspicanti
1006 2795 1244 2850 dicturus
1271 2808 1350 2856 es,
1386 2792 1500 2846 Iloc
1533 2800 1658 2845 tunc
1697 2789 1818 2844 ideo
1863 2786 1998 2852 feci,
2028 2794 2086 2841 ut

493 2905 741 2960 caperem
767 2900 819 2945 te
843 2907 857 2943 :
882 2888 979 2945 sed
1009 2889 1136 2958 quid
1165 2885 1516 2957 respondebis
1541 2883 1774 2948 dicenti,
1806 2881 1958 2936 Unde
1985 2879 2085 2951 igi-

499 2991 586 3037 tur
607 2982 720 3037 scio
737 2990 912 3037 utrum
936 2981 1097 3036 etiam
1119 2977 1334 3034 nuncid
1359 2976 1542 3040 facias,
1568 2991 1634 3030 ne
1661 2974 1888 3042 capiaris
1907 2987 1938 3026 a
1959 2972 2088 3027 me?

497 3075 582 3128 An
629 3089 760 3128 vero
800 3073 1048 3142 cuiquam
1090 3067 1402 3142 persuaderi
1448 3075 1625 3138 potest
1669 3066 1941 3120 hominem
1979 3079 2088 3118 non

497 3163 713 3219 mentiri
745 3178 813 3219 ne
838 3162 1100 3233 capiatur,
1133 3161 1224 3233 qui
1251 3159 1507 3215 mentitur
1533 3165 1592 3212 ut
1613 3155 1830 3226 capiat?
1858 3155 2090 3212 Videsne

496 3275 604 3329 quo
631 3257 813 3314 tendat
848 3257 954 3314 hoc
993 3255 1232 3312 malum?
1275 3263 1334 3310 ut
1376 3254 1584 3310 scilicet
1627 3269 1732 3308 non
1772 3252 1946 3307 solum
1989 3267 2090 3309 nos

498 3352 628 3418 illis,
661 3350 867 3421 ipsique
893 3348 1048 3404 nobis
1069 3390 1084 3416 ,
1117 3347 1213 3404 sed
1240 3347 1416 3402 omnis
1442 3345 1608 3401 frater
1635 3344 1781 3399 omni
1805 3342 1957 3400 fratri
1981 3359 2088 3399 non

500 3443 768 3500 immerito
799 3442 1045 3497 videatur
1069 3456 1189 3497 esse
1210 3448 1510 3511 suspectus.
1544 3440 1718 3509 Atque
1746 3439 1815 3492 ita
1837 3437 1964 3493 dum
1996 3453 2092 3508 per

501 3535 838 3590 mendacium
873 3533 1106 3590 tenditur
1137 3542 1195 3588 ut
1219 3533 1475 3588 doceatur
1501 3532 1666 3598 fides,
1695 3530 1747 3587 id
1781 3532 1956 3601 agitur
1988 3547 2089 3600 po-

508 3631 609 3682 tius
635 3627 654 3658 ³
685 3634 744 3682 ut
779 3627 909 3681 nulli
952 3625 1195 3681 habenda
1223 3625 1470 3680 sittides.
1516 3624 1574 3680 Si
1619 3622 1761 3678 enim
1804 3633 1858 3678 et
1905 3631 2090 3678 contra

504 3719 670 3774 Deum
700 3719 969 3788 loquimur
991 3760 1006 3785 ,
1039 3733 1161 3772 cum
1204 3718 1490 3772 mentimur
1511 3758 1526 3780 ,
1560 3715 1685 3786 quid
1719 3724 1926 3770 tantum
1964 3714 2091 3770 mali

500 3813 698 3867 (interit
739 3812 794 3866 in
844 3811 951 3866 ullo
1000 3810 1279 3866 mendacio
1326 3809 1551 3879 reperiri
1582 3810 1622 3875 ‘,
1653 3807 1793 3877 quod
1839 3817 2089 3878 tanquam

503 3905 939 3962 scelestissimum
963 3903 1110 3960 omni
1138 3903 1298 3958 modo
1327 3903 1564 3958 devitarc
1587 3901 1913 3956 debeamus?

567 3997 798 4054 CAPUT
821 3996 884 4051 V.
903 4027 976 4038 —
995 3998 1047 4053 8.
1076 3996 1521 4050 Priscilliauistam
1548 3991 1859 4047 tolerabilius
1890 3991 2092 4045 mentiri

493 4090 803 4144 occultando
824 4088 1057 4143 Iiwresim
1087 4103 1254 4150 suam,
1282 4103 1434 4156 quam
1457 4085 1764 4138 catholicum
1787 4083 2092 4138 occultando

488 4183 782 4236 veritatem.
807 4178 1054 4234 Catholici
1075 4178 1118 4232 si
1138 4195 1191 4230 se
1212 4178 1517 4231 mentiantur
1531 4191 1636 4230 esse
1661 4175 2088 4247 priscillianistas,

490 4275 649 4345 .vpejus
697 4273 890 4344 faciunt
932 4287 1084 4337 quam
1131 4269 1522 4340 priscilliauista:
1566 4283 1622 4320 se
1667 4267 1940 4320 catholicos
1989 4281 2097 4319 esse

503 4367 814 4422 mentientes.
879 4363 987 4418 Sed
1051 4377 1196 4418 nunc
1254 4361 1473 4416 adverte
1537 4375 1697 4430 quam
1766 4359 2096 4414 tolerabilius

499 4456 924 4512 lirisciilianistae
972 4455 1024 4509 in
1065 4465 1246 4510 nOSIra
1288 4453 1686 4523 comparatione
1725 4453 2052 4508 mentiantur
2076 4494 2092 4519 ,

492 4549 718 4620 quando
744 4564 804 4604 se
830 4545 1092 4602 fallaciter
1131 4547 1277 4616 loqui
1317 4546 1529 4612 sciunt,
1560 4560 1696 4616 quos
1725 4555 1910 4601 nostro
1940 4561 2095 4600 men-

493 4643 659 4698 dacio
695 4639 1002 4697 liberandos
1044 4649 1293 4709 putamus
1329 4638 1397 4692 ab
1421 4638 1501 4694 eis
1528 4635 1679 4693 falsis
1705 4639 1758 4692 in
1783 4638 1978 4708 quibus
2005 4654 2092 4692 er-

495 4733 674 4790 rando
713 4731 988 4786 falluntur.
1025 4727 1426 4784 Priscillianista
1465 4727 1595 4782 dicit
1636 4727 1776 4799 quod
1820 4728 1996 4782 anima
2028 4729 2098 4783 sit

495 4843 628 4899 pars
657 4825 770 4889 Dei,
798 4831 848 4878 et
881 4821 1120 4892 ejusdem
1147 4821 1302 4888 cujus
1326 4828 1406 4874 est
1433 4819 1522 4874 ille
1546 4828 1746 4873 natura;
1777 4829 1936 4889 atque
1964 4820 2094 4873 sub-

504 4919 733 4974 stantiae.
773 4915 959 4986 Magna
1013 4915 1130 4968 lucc
1167 4922 1249 4968 est
1292 4923 1347 4966 et
1387 4911 1697 4966 detestanda
1741 4911 2096 4980 blaSphemia.

503 5011 758 5080 Sequitur
783 5007 926 5063 enim
967 5014 1024 5061 ut
1061 5005 1155 5060 Dei
1187 5013 1375 5059 natura
1405 5003 1736 5072 captivetur,
1761 5002 2092 5072 decipiatur,

506 5103 738 5168 faliatur,
767 5099 1119 5156 conturbetur
1147 5105 1307 5166 atque
1329 5105 1593 5166 turpetur,
1627 5095 1910 5149 damnetur
1937 5103 2097 5165 atque

505 5194 793 5248 crucietur.
837 5194 906 5247 At
932 5193 975 5247 si
1004 5192 1107 5248 hoc
1142 5200 1197 5248 et
1241 5190 1328 5245 ille
1361 5188 1526 5255 dicit,
1561 5189 1648 5259 qui
1679 5188 1746 5242 de
1779 5197 1924 5242 tanto
1956 5189 2098 5243 malo

509 5285 740 5340 liberare
781 5285 928 5354 cupit
968 5284 1240 5338 hominem
1282 5297 1376 5352 per
1418 5281 1790 5342 mendacium,
1822 5281 2098 5336 videamus

511 5376 636 5448 quid
660 5375 866 5430 intersit
896 5376 1033 5429 inter
1056 5385 1339 5444 utrumque
1362 5373 1752 5442 blasphemum.
1781 5374 2096 5440 Plurimum,

515 5465 720 5536 inquis:
743 5479 862 5516 nam
886 5463 986 5518 hoc
1005 5463 1390 5531 priscillianista
1414 5463 1542 5518 dicit
1563 5464 1632 5517 ita
1656 5463 1816 5518 etiam
1840 5464 2099 5527 credens;

513 5556 806 5613 catholicus
847 5566 1024 5607 autem
1057 5569 1161 5606 non
1205 5556 1272 5606 ita
1314 5553 1572 5619 credens,
1617 5556 1860 5624 quamvis
1907 5556 1975 5608 ita
2027 5557 2103 5610 lo-

579 5693 595 5723 ε
631 5690 704 5738 sic
729 5685 896 5749 plures
912 5693 1018 5736 Mss.
1043 5693 1098 5736 At
1121 5686 1256 5742 editi,
1279 5683 1501 5749 dicimus.

575 5755 596 5787 ³
617 5747 822 5821 _Aliquot
845 5758 950 5799 MSS.
983 5749 1062 5797 hic
1084 5756 1135 5798 et
1161 5749 1280 5796 infra
1304 5747 1428 5808 loco,
1459 5750 1709 5812 memhtm,
1735 5753 1936 5814 habent,
1974 5769 2108 5807 men-

517 5816 728 5867 ductum.

580 5878 600 5910 ι
633 5873 768 5940 miti,
793 5870 845 5922 id
869 5869 950 5935 agi
973 5869 1140 5940 potius.
1168 5869 1357 5940 Aliquot
1380 5880 1504 5940 Mss,
1529 5872 1705 5937 agitur.

579 5942 601 5970 δ
637 5937 803 5987 Plures
828 5943 952 5995 MSS.,
976 5936 1146 5997 poterit
1172 5936 1300 5981 mtto
1332 5936 1582 5984 mendacio
1606 5937 1823 5999 reperiri.

1523 461 1791 519 CONTRA
1844 455 2266 526 MENDACIUM,
2308 457 2364 513 S.
2409 459 2773 518 AUGUSTINI

3677 469 3782 523 δεμ

2187 588 2376 642 quens.
2431 576 2522 632 Ille
2567 594 2694 648 ergo
2737 579 3071 648 blasp‘hcmat
3115 584 3398 652 nesciens,
3447 585 3551 642 iste
3596 599 3780 646 autem

2188 669 2362 722 sciens
2394 688 2407 724 :
2437 671 2523 725 ille
2566 682 2750 726 contra
2789 673 3065 728 scientiam
3089 719 3104 741 ,
3139 676 3235 732 iste
3265 686 3449 733 contra
3496 683 3780 737 conscien-

2188 760 2313 813 tiam
2347 777 2359 814 :
2389 760 2476 816 ille
2507 761 2664 816 habet
2691 766 2982 820 crccitatem
3013 765 3140 820 falsa
3166 769 3454 836 sentiendi,
3485 770 3580 827 sed
3613 773 3664 826 in
3697 775 3776 828 eis

2188 850 2348 906 habet
2391 853 2578 908 saltem
2618 855 2946 911 voluntatem
2995 873 3119 914 vera
3163 859 3406 927 dicendi;
3455 863 3554 919 iste
3601 865 3776 920 latens

2186 943 2330 999 videt
2357 960 2502 1011 vera,
2522 955 2577 1002 et
2605 947 2787 1002 volens
2815 948 3048 1018 loquitur
3077 948 3233 1006 falsa.
3264 954 3366 1008 Sed
3401 956 3507 1022 ille,
3540 955 3774 1026 inquies,

2188 1035 2289 1091 hoc
2310 1037 2488 1104 docet,
2519 1049 2575 1092 ut
2602 1040 2803 1095 erroris
2823 1041 2906 1096 sui
2936 1041 3097 1097 faciat
3119 1045 3418 1116 furorisqne
3449 1048 3734 1118 participes
3760 1067 3775 1103 :

2187 1127 2287 1181 iste
2316 1138 2493 1183 autem
2522 1131 2620 1184 hoc
2645 1131 2794 1198 dicit,
2829 1141 2885 1186 ut
2913 1133 2979 1187 ab
3007 1133 3100 1189 illo
3125 1151 3309 1192 errore
3337 1153 3399 1192 ac
3429 1137 3611 1193 furere
3641 1140 3778 1195 libe-

2187 1230 2269 1276 ret
2299 1221 2560 1278 homines.
2599 1223 2714 1279 Jam
2749 1223 2966 1296 quidem
3006 1242 3164 1298 supra
3196 1229 3405 1284 ostendi
3436 1241 3694 1301 quantum
3723 1243 3779 1288 et

2188 1313 2290 1369 hoc
2321 1325 2539 1382 noceat,
2573 1315 2715 1386 quod
2741 1317 2981 1375 creditur
3009 1319 3344 1390 profuturum
3375 1339 3388 1376 :
3424 1338 3608 1380 verum
3637 1325 3782 1379 inte-

2189 1410 2287 1462 rim
2334 1409 2375 1462 si
2421 1411 2784 1479 appendamus
2827 1411 2880 1466 iu
2929 1410 3013 1468 his
3055 1412 3264 1468 duobus
3306 1415 3442 1470 mala
3490 1419 3775 1485 pnesentia

2189 1502 2464 1570 (quoniam
2501 1501 2637 1556 bona
2679 1502 2851 1558 futura
2887 1521 3004 1574 qua:
3034 1505 3329 1562 catholicus
3355 1507 3423 1562 de
3457 1509 3780 1578 corrigendo

2191 1592 2440 1648 lucretico
2463 1594 2706 1665 inquirit,
2735 1597 2932 1651 incerta
2963 1597 3146 1669 sunt),
3171 1600 3290 1669 quis
3318 1610 3500 1670 peccat
3527 1603 3775 1670 gravius;

2191 1694 2365 1740 utrum
2398 1685 2487 1755 qui
2529 1686 2797 1743 hominem
2837 1689 3034 1759 decipit
3064 1692 3342 1759 nesciens,
3377 1708 3446 1746 an
3475 1693 3565 1762 qui
3608 1694 3778 1748 Deum

2189 1778 2526 1848 blasphemat
2557 1782 2772 1836 sciens?
2800 1782 3045 1836 Profecto
3075 1783 3200 1854 quid
3232 1785 3298 1839 sit
3325 1785 3476 1855 pejus
3505 1786 3780 1854 intelligit,

2189 1871 2277 1940 qui
2306 1870 2505 1926 homini
2549 1873 2714 1926 Deum
2746 1873 2970 1928 sollicita
3000 1876 3194 1944 pietate
3232 1879 3513 1948 prteponit.
3548 1878 3663 1934 Huc
3690 1895 3781 1933 ac-

2189 1962 2361 2028 cedit,
2401 1964 2524 2034 quia
2563 1965 2609 2018 si
2650 1965 3098 2035 hlasphcmaudus
3137 1977 3220 2023 est
3259 1967 3429 2032 Deus,
3469 1979 3526 2023 ut
3557 1969 3624 2024 ad
3654 1985 3780 2025 eum

2191 2053 2511 2108 laudandum
2559 2055 2798 2111 homines
2838 2053 3196 2123 adducamus;
3240 2060 3426 2129 procul
3469 2059 3631 2116 dubio
3670 2076 3776 2114 non

2190 2145 2362 2200 solum
2389 2145 2457 2200 ad
2499 2147 2815 2202 laudandum
2838 2190 2854 2214 ,
2881 2163 3068 2204 verum
3109 2150 3268 2206 etiam
3295 2151 3361 2206 ad
3400 2152 3778 2224 blasphemam

2190 2236 2315 2290 dum
2346 2237 2508 2292 Deum
2530 2279 2544 2302 ,
2574 2240 2819 2310 exemplo
2846 2250 2900 2296 et
2925 2242 3165 2297 doctrina
3199 2253 3378 2299 nostra
3411 2245 3659 2302 homines
3695 2247 3777 2300 iu-

2190 2331 2418 2384 vitamus
2450 2347 2462 2383 :
2494 2332 2743 2401 quoniam
2783 2349 2917 2403 quos
2954 2335 3020 2389 ad
3057 2336 3148 2390 Dei
3192 2335 3377 2392 laudes
3411 2353 3507 2407 per
3537 2339 3631 2393 Dei
3661 2340 3782 2396 bla-

2191 2421 2460 2489 sphemias
2487 2423 2738 2477 molimur
2763 2423 3053 2492 adducere,
3075 2427 3254 2496 utique
3285 2429 3329 2481 si
3359 2428 3742 2484 adduxerimus
3766 2474 3778 2491 .

2192 2530 2296 2567 non
2317 2515 2486 2568 solum
2508 2515 2721 2570 laudare
2736 2517 2964 2584 discent,
2988 2534 3170 2573 verum
3195 2520 3353 2575 etiam
3379 2521 3785 2592 blasphemare.

2194 2603 2316 2658 llaec
2345 2604 2450 2660 illis
2479 2605 2735 2662 beneficia
2761 2609 3115 2674 conferimus,
3140 2625 3273 2680 quos
3302 2626 3409 2666 non
3438 2613 3770 2681 ignorauter,

2192 2696 2285 2751 sed
2316 2698 2547 2754 scienter
2589 2699 3011 2769 blasphemando
3053 2703 3120 2758 ab
3161 2704 3425 2760 haereticis
3463 2705 3778 2761 liberamus.

2194 2790 2260 2844 Et
2286 2805 2408 2845 cum
2441 2791 2730 2861 Apostolus
2767 2793 3010 2850 homines
3052 2797 3331 2851 tradiderit
3369 2799 3530 2852 etiam
3563 2799 3661 2868 ipsi
3697 2816 3788 2852 sa-

2196 2892 2354 2949 lauat,
2389 2895 2446 2938 ut
2473 2885 2743 2939 discerent
2773 2903 2880 2940 nou
2911 2888 3282 2957 blaspbetnarc
3319 2889 3378 2954 (Ι
3407 2890 3537 2944 Tim.
3567 2907 3614 2959 ι,
3647 2893 3744 2961 20)
3770 2909 3787 2947 :

2195 2980 2294 3035 Sos
2319 2993 2577 3032 conamur
2604 2977 2847 3033 homines
2877 2994 3066 3034 eruere
3084 2980 3295 3036 Satanae
3317 3023 3331 3047 ,
3363 2991 3420 3036 ut
3445 2982 3653 3038 discant
3680 3000 3788 3037 nun

2197 3084 2291 3137 per
2335 3068 2725 3140 ignorantiam,
2777 3069 2869 3123 sed
2911 3084 3009 3140 per
3052 3071 3332 3126 scientiam
3376 3071 3788 3144 blasphemare;

2195 3157 2455 3230 nobisque
2497 3159 2626 3229 ipsis
2675 3161 2942 3230 magistris
2989 3177 3175 3216 eorum
3223 3162 3327 3218 hoc
3373 3173 3478 3218 tam
3534 3183 3790 3236 magnum

2197 3251 2546 3322 imporlamus
2571 3250 2791 3306 exitium
2809 3292 2825 3314 .
2856 3261 2914 3307 ut
2939 3261 3157 3323 propter
3184 3254 3466 3310 bmreticos
3498 3258 3793 3326 capiendos

2197 3344 2343 3412 prius
2373 3342 2688 3410 efficiamur,
2719 3345 2861 3415 quod
2887 3356 3090 3402 certum
3115 3356 3196 3402 est
3217 3390 3231 3414 ,
3258 3348 3350 3402 Dei
3382 3349 3790 3420 blasphematu-

2197 3449 2318 3500 res,
2355 3450 2460 3505 quo
2489 3436 2754 3504 possimus
2798 3445 3012 3506 propter
3051 3453 3176 3503 eos,
3213 3440 3353 3507 quod
3385 3441 3644 3495 incertum
3675 3457 3790 3507 est,

2198 3530 2529 3593 liberandos,
2558 3531 2796 3585 veritatis
2825 3532 2940 3600 ejus
2969 3548 3090 3587 esse
3113 3533 3380 3588 doctores.

2268 3621 2323 3677 9.
2354 3622 2485 3677 Cum
2530 3622 2689 3693 igitur
2734 3623 3107 3692 blasphemare
3148 3625 3313 3678 Deum
3355 3624 3646 3681 doceamus
3689 3643 3794 3682 uo-

2199 3723 2374 3779 stros,
2406 3723 2463 3770 ut
2493 3731 2585 3790 eos
2622 3715 3036 3773 Priscillianista:
3079 3718 3300 3773 credant
3327 3733 3482 3784 suos;
3511 3721 3792 3776 videamus

2199 3807 2324 3876 quid
2357 3808 2478 3862 mali
2514 3808 2694 3862 dicant
2718 3809 2852 3878 ipsi,
2880 3811 3093 3880 quando
3116 3822 3400 3882 propterea
3434 3791 3790 3879 mentiuntur,

2200 3908 2257 3952 ut
2295 3912 2388 3953 eos
2417 3909 2630 3954 nostros
2668 3915 2788 3954 esse
2827 3901 3127 3957 credamus.
3169 3904 3640 3960 Anathcmatizaut
3669 3907 3792 3960 Pri-

2200 3990 2534 4058 scillianum,
2581 4001 2638 4046 et
2681 3993 2745 4047 ad
2797 4003 3037 4050 nostrum
3085 3996 3364 4052 arbitrium
3413 3999 3790 4065 detestuuur;

2200 4079 2632 4137 dicuntanimam
2663 4095 2962 4140 creaturam
2999 4087 3086 4141 Dei
3116 4104 3255 4153 esse,
3287 4106 3392 4144 non
3425 4100 3660 4159 partem;
3693 4108 3792 4146 ex-

2201 4181 2477 4227 secrantur
2498 4173 3017 4231 Priscilliauistarum
3039 4179 3164 4232 falsa
3185 4182 3468 4252 martyria;
3496 4183 3796 4240 catholicos

2201 4266 2502 4336 episcopos,
2533 4281 2563 4320 a
2593 4267 2784 4338 quibus
2813 4269 2903 4323 illa
2934 4269 3154 4326 hmresis
3185 4273 3377 4327 nudata
3400 4315 3415 4340 ,
3445 4289 3749 4346 oppugnata
3778 4320 3794 4342 ,

2203 4364 2466 4425 prostrata
2511 4365 2630 4424 est,
2662 4359 2866 4428 magnis
2908 4359 3137 4415 efferunt
3179 4362 3422 4418 laudibus
3447 4404 3462 4429 ,
3501 4375 3554 4418 ct
3596 4376 3793 4422 cwtera

2205 4447 2525 4516 lmjusmodi.
2549 4449 2688 4503 Ecce
2709 4449 2807 4519 ipsi
2841 4466 2963 4505 vera
2991 4451 3177 4506 dicunt
3199 4454 3410 4524 quando
3435 4457 3796 4526 mentiuntur,

2204 4556 2308 4594 non
2351 4556 2457 4612 quo
2485 4543 2644 4598 simul
2690 4545 2857 4613 possit
2896 4544 2998 4600 hoc
3039 4545 3212 4616 ipsum
3257 4564 3440 4603 verum
3491 4565 3612 4606 esse
3649 4551 3792 4622 quod

2204 4633 2540 4688 mendacium
2569 4643 2682 4699 est;
2715 4635 2810 4689 sed
2851 4636 2902 4689 in
2940 4637 3044 4690 alio
3086 4639 3300 4707 quando
3348 4640 3708 4711 mentiuntur,
3741 4645 3796 4699 iu

2204 4725 2309 4778 alio
2340 4741 2463 4779 vera
2493 4724 2676 4780 dicunt
2707 4743 2719 4779 :
2748 4727 2959 4796 quando
2989 4729 3131 4782 enim
3164 4742 3378 4785 nostros
3407 4747 3465 4787 se
3493 4748 3614 4788 esse
3641 4750 3794 4789 men.

2207 4817 2426 4881 tiuntur,
2455 4817 2524 4871 de
2543 4816 2650 4872 ﬁde
2669 4818 2930 4872 catholica
2956 4835 3077 4874 vera
3101 4821 3300 4876 dicunt.
3328 4825 3405 4878 Ac
3428 4839 3521 4894 per
3544 4824 3644 4879 hoc
3671 4827 3798 4897 ipsi,

2207 4926 2274 4964 ne
2305 4911 2720 4966 Priscillianista:
2745 4912 3104 4982 inveniantur,
3128 4916 3416 4986 loquuntur
3465 4919 3799 4976 mendaciter

2204 5017 2330 5056 vera
2367 5011 2508 5057 :nos
2549 5015 2764 5068 autem,
2808 5013 2866 5058 ut
2902 5020 2993 5058 eos
3040 5006 3416 5074 inveniamus,
3464 5026 3572 5065 non
3623 5013 3800 5068 sohun

2207 5096 2535 5151 mendaciter
2560 5097 2848 5167 loquimur,
2873 5106 2931 5152 nt
2949 5098 3015 5152 ad
3040 5099 3157 5152 illos
3181 5101 3449 5168 pertinere
3476 5104 3801 5172 credamur;

2209 5189 2300 5244 sed
2343 5191 2501 5244 etiam
2544 5190 2672 5244 falsa
2717 5191 2984 5262 loquimur
3008 5233 3022 5257 ,
3055 5209 3172 5262 qum
3200 5195 3265 5248 ad
3307 5196 3521 5252 illorum
3557 5215 3802 5258 errorem

2211 5286 2478 5356 pertinere
2513 5286 2882 5354 cognovimus.
2918 5287 3098 5357 Itaque
3140 5289 3214 5342 illi
3259 5291 3471 5359 quando
3503 5295 3671 5347 nostri
3707 5312 3805 5365 pu-

2212 5380 2309 5434 tari
2336 5380 2553 5442 volunt,
2583 5389 2634 5432 et
2663 5376 2854 5432 falsum
2884 5390 2966 5432 cst
2999 5397 3064 5433 ex
3106 5390 3254 5449 parte
3274 5423 3288 5446 ,
3319 5393 3373 5436 et
3409 5399 3595 5438 verum
3626 5397 3710 5440 est
3743 5405 3805 5442 ex

2214 5480 2360 5540 parte
2381 5469 2520 5538 quod
2544 5468 2759 5533 dicunt;
2791 5468 2978 5522 falsum
3007 5479 3089 5524 est
3115 5473 3254 5524 enim
3283 5488 3375 5525 eos
3402 5485 3616 5529 nostros
3649 5495 3771 5532 esse
3793 5523 3807 5543 ,

2215 5579 2396 5618 verum
2424 5569 2509 5616 est
2543 5573 2721 5614 autem
2753 5562 2983 5614 animam
3014 5571 3217 5630 partem
3247 5564 3339 5618 Dei
3371 5581 3475 5619 nou
3509 5583 3631 5623 esse
3667 5588 3678 5621 :
3714 5588 3809 5625 nos

2214 5673 2342 5712 vero
2366 5657 2577 5727 quando
2604 5657 2671 5710 ad
2698 5671 2791 5710 eos
2815 5657 3084 5726 pertinere
3114 5658 3286 5726 putari
3311 5659 3578 5725 volumus,
3615 5662 3810 5727 falsum

2214 5759 2299 5805 est
2336 5756 2621 5819 utrumque
2661 5747 2804 5820 quod
2845 5749 3105 5816 dicimus,
3149 5761 3204 5804 et
3236 5751 3673 5807 Priscillianistas
3715 5772 3812 5809 nos

2215 5857 2371 5910 esse,
2406 5847 2464 5897 et
2497 5843 2728 5896 animam
2769 5851 2971 5910 partem
3018 5842 3111 5894 Dei
3151 5856 3289 5896 esse.
3320 5843 3398 5896 llli
3430 5845 3609 5914 itaque
3639 5845 3808 5900 Deum

2219 5940 2471 6005 laudant,
2508 5949 2617 5991 non
2657 5934 3025 6005 blasphemant
3046 5973 3061 6001 ,
3089 5934 3302 6004 quando
3329 5951 3388 5992 se
3415 5938 3726 6004 occultant;
3758 5949 3813 5994 et
