4078 6512
302 458 407 515 525

303 573 524 644 quando
545 586 607 629 se
634 584 739 629 non
767 573 1038 628 occultant
1058 612 1072 637 ,
1098 572 1190 627 sed
1212 586 1307 627 sua
1331 572 1627 643 proferunt,
1651 570 1902 642 blaSphe-

305 682 453 722 mare
482 681 543 722 se
568 664 836 721 nesciunt.
886 666 1009 719 Ideo
1041 664 1085 718 si
1124 663 1191 719 ad
1232 664 1390 720 fidem
1429 663 1747 720 catholicam
1776 679 1906 719 con-

302 767 623 822 vertantur,
677 756 1028 812 consolantur
1086 756 1451 825 semetipsos,
1504 755 1627 826 quia
1682 764 1908 825 possunt

303 850 489 906 dicere
508 849 652 919 quod
675 848 984 919 Apostolus,
1010 846 1241 914 quicum
1268 846 1408 902 inter
1435 855 1629 902 caetera
1656 845 1902 911 dixisset,

303 941 464 996 Prius
496 941 572 1013 fui
601 941 961 1011 blasphemus;
991 938 1416 1006 Misericordiam,
1443 939 1635 1009 inquit,
1662 954 1906 992 consecu-

304 1046 385 1089 tus
411 1050 549 1100 sum,
580 1035 699 1105 quia
727 1035 970 1105 ignorans
987 1032 1083 1104 feci
1104 1031 1122 1102 (
1145 1031 1163 1084 Ι
1193 1031 1325 1085 Tim.
1350 1048 1364 1086 ι
1386 1072 1401 1099 ,
1434 1030 1545 1101 15).
1568 1031 1676 1086 Nos
1698 1040 1905 1095 contra,

304 1135 362 1180 ut
387 1140 447 1181 se
476 1125 633 1179 nobis
663 1125 926 1193 aperiant,
959 1124 1002 1178 si
1036 1124 1137 1177 hoc
1164 1123 1315 1192 quasi
1339 1122 1539 1192 justum
1569 1122 1905 1178 mendacium

302 1218 553 1274 fallendis
578 1218 657 1273 eis
694 1216 1076 1287 capiendisque
1105 1216 1429 1287 proferimus
1448 1259 1464 1285 ,
1494 1216 1735 1286 profecto
1757 1226 1812 1273 et
1837 1216 1905 1271 ad

305 1310 774 1379 blasphematores
795 1307 1229 1363 Priscillianistas
1248 1309 1517 1378 pertinere
1539 1322 1637 1363 nos
1656 1307 1906 1373 dicimus,

305 1410 361 1455 et
384 1410 440 1454 ut
465 1400 622 1455 nobis
654 1399 909 1464 credant,
936 1399 1053 1453 sine
1078 1399 1757 1469 excusationeignorantize
1792 1399 1908 1453 bla-

306 1494 677 1564 sphemamus.
715 1492 902 1562 Neque
947 1492 1090 1547 enim
1136 1492 1472 1559 catholicus,
1523 1492 1610 1562 qui
1662 1491 1911 1563 hlaSphe-

307 1588 505 1643 mando
518 1588 922 1643 vulthmreticus
936 1587 1103 1652 credi,
1120 1596 1296 1657 potest
1307 1587 1505 1652 dicere,
1525 1589 1765 1657 ignorans
1792 1590 1909 1657 feci.

377 1679 610 1736 CAPUT
651 1679 737 1734 Vl.
767 1708 839 1719 —-
870 1678 956 1734 i0.
998 1676 1203 1749 Negare
1244 1679 1499 1733 Christum
1537 1695 1710 1732 coram
1743 1679 1909 1733 homi-

308 1771 455 1826 nibus
480 1771 559 1825 vel
614 1770 922 1824 mendaciter
961 1779 1010 1823 et
1058 1770 1193 1838 ficte,
1239 1786 1495 1840 nunquam
1547 1770 1686 1824 licet.
1750 1770 1909 1841 Obje-

307 1864 430 1917 ctio.
486 1863 789 1932 Responsio.
849 1861 1188 1931 Confutanlur
1241 1861 1416 1916 itidem
1482 1878 1597 1932 qua:
1672 1863 1913 1934 objectari

308 1964 542 2024 possunt.
573 1954 738 2008 Corde
790 1953 991 2007 credere
1032 1969 1131 2007 non
1166 1954 1377 2023 sufﬁcit,
1438 1955 1536 2008 nisi
1576 1964 1623 2009 et
1676 1971 1763 2008 ore
1811 1971 1912 2009 non

308 2057 516 2117 negetur
540 2046 792 2101 Christus.
821 2043 888 2099 Ut
918 2044 1274 2114 intelligendus
1335 2043 1570 2099 Psalmus
1606 2045 1693 2109 M,
1734 2046 1768 2115 Ῡ
1794 2084 1808 2099 .
1854 2047 1908 2111 5,

309 2138 396 2191 ubi
433 2138 677 2191 laudatur
712 2136 920 2206 loquens
964 2135 1221 2189 veritatem
1272 2136 1324 2189 in
1374 2135 1546 2190 corde.
1600 2135 1730 2190 Item
1773 2136 1913 2205 Apo-

309 2227 470 2282 stolus
536 2227 837 2298 prtecipiens
893 2234 949 2279 ut
1001 2225 1267 2297 loquamur
1317 2226 1580 2280 veritatem
1633 2243 1746 2280 cum
1793 2243 1913 2297 pro-

308 2319 469 2373 ximo.
530 2316 799 2373 Veritatem
858 2333 959 2370 non
1014 2317 1222 2370 veritate
1294 2317 1626 2386 prwdicantes
1673 2316 1908 2385 tolerati,

309 2424 411 2462 non
435 2408 717 2478 falsitatem
736 2407 1118 2462 annuntiantes.
1142 2407 1387 2477 Semper,
1423 2408 1605 2472 frater,
1632 2407 1685 2462 in
1716 2409 1912 2464 talibus

307 2500 486 2555 causis
526 2515 649 2556 cum
690 2500 886 2555 timore
926 2499 1273 2554 recolcndum
1312 2506 1432 2566 est,
1475 2499 1792 2571 Quicumque
1832 2518 1913 2555 me

308 2592 569 2663 negaverit
605 2606 779 2644 coram
820 2589 1105 2643 hominibus
1125 2631 1142 2656 ,
1186 2589 1380 2659 negabo
1410 2605 1522 2643 eum
1550 2605 1721 2644 coram
1753 2589 1909 2645 Patre

309 2700 420 2737 meo
439 2683 527 2753 qui
552 2683 605 2735 in
630 2682 771 2737 caelis
800 2690 872 2737 est
898 2681 1114 2751 (Matth.
1148 2696 1205 2747 κ,
1235 2678 1348 2753 55).
1382 2681 1465 2735 An
1491 2696 1621 2736 vero
1642 2682 1910 2738 Christum

309 2791 488 2831 coram
519 2776 826 2831 hominibus
853 2790 958 2829 non
999 2783 1176 2845 negat,
1212 2775 1306 2844 qui
1332 2790 1455 2829 eum
1484 2790 1665 2829 coram
1687 2774 1910 2831 Priscil-

308 2868 537 2923 lianistis
566 2875 755 2939 negat,
787 2877 844 2922 ut
882 2881 978 2923 eos
1017 2867 1245 2921 latentes
1271 2866 1586 2937 blasphemo
1630 2867 1911 2924 mendacio

310 2960 476 3017 nudet
516 2969 572 3017 et
607 2961 819 3030 capiat?
864 2960 993 3029 Quis
1040 2970 1220 3015 autem
1260 2959 1497 3023 dubitat,
1546 2961 1773 3016 obsecro
1823 2973 1908 3028 te,

310 3052 493 3124 negari
522 3052 794 3108 Christum
815 3092 831 3120 ,
859 3066 979 3107 cum
1020 3051 1176 3106 sicuti
1206 3059 1290 3106 est
1314 3065 1476 3106 verus
1495 3093 1509 3116 ,
1540 3051 1611 3107 ita
1640 3067 1748 3108 non
1788 3068 1910 3109 esse

308 3146 534 3213 dicitur;
562 3154 620 3202 et
658 3145 798 3202 sicut
837 3159 961 3201 eum
1002 3144 1399 3215 priscillianista
1440 3145 1642 3215 credit,
1676 3147 1748 3203 ita
1788 3162 1911 3204 esse

308 3238 538 3295 dicitur?

312 3380 317 3387 .
381 3331 473 3385 11.
503 3330 610 3385 Sed
646 3330 886 3385 occultos
922 3330 1077 3399 lupos
1098 3373 1113 3398 ,
1145 3329 1351 3401 inquies
1372 3373 1387 3398 ,
1420 3330 1634 3387 indutos
1678 3332 1909 3402 pellibus

309 3420 489 3475 ovium
535 3429 594 3477 et
640 3421 968 3477 dominicum
1014 3437 1229 3492 gregem
1289 3423 1520 3478 latenter
1569 3424 1910 3495 graviterque

311 3524 627 3581 vastantes,
652 3514 810 3569 aliter
844 3514 1087 3569 invenire
1111 3529 1217 3568 non
1247 3530 1550 3584 possumus.
1588 3514 1743 3570 Unde
1779 3531 1909 3586 ergo

307 3607 661 3662 innotuerunt
682 3607 1121 3671 Priscillianistze,
1153 3607 1465 3678 priusquam
1495 3607 1656 3678 hujus
1684 3608 1908 3663 menda-

300 3698 374 3753 cii
405 3698 592 3753 fuisset
616 3698 916 3768 excogitata
960 3698 1208 3753 venatio?
1249 3698 1392 3754 unde
1423 3699 1489 3754 ad
1518 3699 1687 3770 ipsius
1714 3709 1906 3756 aucto-

301 3790 383 3845 ris
423 3790 675 3854 illorum,
726 3790 967 3859 profecto
1006 3789 1317 3854 astutioris,
1361 3797 1416 3844 et
1463 3789 1584 3845 ideo
1628 3790 1903 3856 tectioris,

298 3879 481 3936 cubile
510 3889 825 3951 perventum
859 3880 975 3935 est?
1013 3879 1155 3935 unde
1197 3888 1275 3934 tot
1313 3880 1555 3951 tantique
1582 3879 1905 3937 manifestati

299 3979 468 4041 atque
496 3970 772 4038 damnati,
815 3978 872 4027 et
908 3971 1090 4027 caeteri
1118 3971 1536 4027 innumerabiles
1564 3973 1757 4043 partim
1788 3988 1908 4029 corb

298 4062 459 4128 recti,
493 4063 684 4133 partim
715 4062 861 4117 velut
883 4062 1130 4129 correcti,
1154 4072 1207 4117 et
1235 4062 1286 4117 in
1316 4062 1611 4118 Ecclesiam
1641 4064 1905 4120 miseran-

299 4166 411 4209 tem
451 4155 664 4210 collecti
707 4155 867 4209 sunt?
904 4154 1095 4211 Multas
1138 4155 1282 4211 enim
1320 4156 1434 4210 vias
1472 4156 1566 4211 dat
1607 4157 1901 4225 Dominus,

297 4245 516 4316 quando
537 4246 841 4313 miseretur,
869 4245 1062 4317 quibus
1082 4246 1149 4301 ad
1174 4262 1358 4302 eorum
1388 4247 1729 4317 perveniatur
1748 4249 1901 4303 inda-

298 4340 481 4410 ginem
517 4358 531 4394 :
561 4355 786 4410 quarum
814 4338 933 4394 dua:
961 4348 1086 4394 sunt
1114 4339 1231 4394 aliis
1258 4339 1522 4396 feliciores
1550 4342 1603 4407 ‘;
1634 4350 1693 4396 ut
1720 4342 1802 4397 vel
1833 4342 1903 4397 ab

297 4435 381 4490 eis
408 4448 547 4505 quos
576 4434 833 4489 seducere
861 4433 1164 4497 voluerunt,
1193 4442 1285 4487 aut
1308 4434 1374 4489 ab
1403 4433 1482 4489 eis
1511 4448 1647 4504 quos
1669 4434 1781 4503 jam
1808 4450 1899 4490 se-

294 4529 609 4595 duxerant,
639 4527 1075 4597 resipiscentibus
1102 4527 1482 4597 conversisque
1511 4536 1897 4583 monstrentur.

297 4619 457 4688 Quod
484 4618 690 4672 facilius
721 4616 778 4671 ﬁt
797 4657 812 4682 ,
846 4617 889 4670 si
919 4615 1152 4671 nefarius
1179 4631 1364 4671 eorum
1393 4632 1547 4672 error
1566 4659 1581 4683 ,
1606 4632 1710 4672 non
1742 4633 1898 4673 men-

296 4712 523 4766 dacibus
552 4709 941 4780 captationibus
967 4750 981 4771 ,
1022 4708 1115 4763 sed
1146 4709 1423 4764 veracibus
1453 4709 1899 4780 disputationibus

295 4810 591 4857 evertatur.
640 4800 843 4869 Quibus
881 4800 1284 4855 conscribendis
1330 4815 1549 4870 operam
1599 4810 1650 4855 te
1687 4810 1901 4871 oportet

297 4893 633 4963 impendere,
665 4892 914 4963 quoniam
940 4892 1195 4948 Dominus
1219 4892 1436 4947 donavit
1459 4901 1518 4949 ut
1546 4894 1755 4964 possis:
1779 4909 1899 4964 qua:

293 4987 499 5057 scripta
530 4984 762 5039 salubria
793 4983 984 5054 quibus
1014 4999 1200 5039 eorum
1232 4985 1555 5054 perversitas
1584 4985 1769 5040 insana
1798 4984 1896 5042 de-

292 5080 558 5146 struitur,
594 5093 716 5133 cum
758 5077 926 5148 magis
960 5078 1235 5147 magisque
1270 5078 1626 5143 innotuerint,
1654 5086 1711 5132 et
1738 5093 1766 5131 a
1795 5080 1898 5133 Ca-

294 5174 514 5228 tholicis
536 5172 617 5227 vel
638 5172 963 5226 antistitibus
983 5170 1069 5240 qui
1093 5170 1381 5240 loquuntur
1409 5171 1460 5225 in
1490 5172 1721 5241 populis,
1754 5172 1835 5227 vel
1867 5187 1897 5225 a

291 5268 598 5336 quibusque
636 5264 890 5319 studiosis
927 5264 1042 5318 zelo
1082 5264 1174 5317 Dei
1221 5263 1425 5332 plenis,
1458 5263 1655 5319 fuerint
1697 5279 1895 5334 usque-

291 5374 508 5428 quaque
550 5356 772 5420 diﬂ’usa;
818 5356 932 5411 inec
964 5366 1122 5409 erunt
1160 5366 1341 5409 sancta
1384 5356 1543 5419 retia,
1586 5355 1780 5426 quibus
1809 5372 1897 5411 ca-

292 5451 510 5520 piantur
543 5449 843 5514 veraciter,
892 5463 999 5502 non
1044 5446 1373 5501 mendaciter
1412 5446 1766 5516 inquirantur.
1808 5448 1897 5503 Sic

290 5546 437 5599 enim
461 5544 628 5614 capti,
659 5551 751 5597 aut
778 5543 919 5597 ultro
948 5541 1075 5613 quid
1103 5540 1302 5595 fuerint
1328 5538 1655 5605 fatebuntur,
1682 5548 1733 5595 et
1762 5541 1896 5597 alios

291 5652 429 5709 quos
464 5638 518 5691 in
548 5650 643 5691 sua
674 5634 815 5689 mala
842 5634 1101 5688 societate
1125 5640 1422 5697 noverunt,
1446 5631 1530 5687 vel
1559 5632 1897 5687 concorditer

292 5729 601 5809 corrigent,
653 5726 741 5783 vel
790 5725 1210 5780 misericorditer
1255 5724 1479 5795 prodent
1521 5740 1534 5777 :
1582 5733 1673 5779 aut
1709 5724 1754 5779 si
1801 5738 1897 5779 eos

294 5822 514 5891 pudebit
557 5818 713 5875 fateri
754 5816 896 5888 quod
942 5817 1191 5872 diuturna
1233 5817 1571 5873 simulatione
1614 5825 1891 5885 texerunt,

358 5958 376 5987 ⁸
399 5955 501 6005 Sola
530 5954 682 6005 editio
706 5958 837 6012 Lov.,
859 5946 1117 6015 (initiaret.

1737 453 1904 509 LlBlil

2009 455 2173 512 :NUS.
2437 437 2441 440 ’
3511 486 3613 542 εεϐ

3511 516 3579 541 6.3

2019 576 2224 631 occulta
2258 594 2415 634 manu
2448 583 2538 639 Dei
2570 588 2868 648 medicante
2898 596 3248 655 sanabuntur.

2089 670 2174 724 12.
2204 670 2307 727 Sed
2339 676 2503 771 multo
2529 678 2762 771 facilius,
2794 685 3020 757 inquies,
3049 706 3233 748 eorum
3264 694 3479 754 latibula
3512 716 3607 771 pe-

2015 770 2321 831 netramus,
2362 768 2406 821 si
2442 770 2582 838 quod
2620 783 2741 827 sunt
2770 791 2866 831 nos
2889 792 3009 835 esse
3044 785 3384 843 mentiamur.
3419 768 3531 847 Hoc
3559 795 3605 848 si

2013 852 2198 949 liceret
2217 866 2308 910 aut
2326 860 2621 930 expediret,
2651 865 2819 934 potuit
2842 870 3080 927 Lnristus
3106 877 3394 949 przccipere
3415 883 3605 938 ovibus

2013 947 2235 1041 suis,‘ut
2263 950 2459 1021 lupinis
2479 955 2688 1010 amictae
2715 961 2940 1027 pellibus
2966 965 3032 1019 ad
3061 966 3214 1037 lupos
3244 947 3522 1041 venirent,
3551 985 3607 1032 et

2012 1050 2108 1093 eos
2148 1038 2305 1109 hujus
2348 1044 2477 1098 artis
2514 1043 2739 1103 fallaciis
2782 1051 3083 1111 invenirent
3125 1076 3138 1112 :
3184 1063 3323 1131 quod
3369 1066 3448 1121 eis
3497 1038 3604 1123 non

1942 1202 1945 1203 ν
2013 1127 2179 1194 dixit,
2214 1147 2313 1186 nec
2340 1135 2553 1203 quando
2580 1154 2669 1194 eas
2700 1142 2750 1195 in
2789 1145 3020 1200 medium
3053 1127 3295 1219 luporum
3320 1168 3378 1209 se
3408 1158 3607 1212 missu-

2014 1237 2129 1275 rutn
2157 1238 2277 1279 esse
2297 1228 2769 1305 praedixitUlatt/z.
2794 1253 2851 1303 x,
2878 1238 2982 1311 l6).
3002 1242 3105 1297 Sed
3119 1243 3263 1300 dices
3281 1265 3295 1301 :
3313 1247 3427 1303 Non
3451 1262 3605 1309 erant

2016 1321 2141 1367 tunc
2183 1315 2522 1388 inquirendi,
2567 1338 2688 1378 cum
2727 1338 2909 1383 essent
2948 1335 3270 1401 apertissimi
3320 1341 3460 1412 lupi;
3508 1344 3600 1398 sed

2014 1418 2197 1459 eorum
2228 1423 2439 1465 morsus
2468 1421 2524 1466 et
2542 1416 2741 1470 saevitia
2770 1422 3105 1487 perferenda.
3129 1426 3287 1496 Quid,
3312 1446 3431 1485 cum
3465 1442 3605 1488 tem-

2016 1511 2143 1565 pora
2176 1502 2468 1569 posteriora
2511 1511 2911 1580 pramuntians,
2940 1514 2993 1570 in
3024 1521 3217 1574 vestitu
3250 1524 3428 1578 ovium
3473 1525 3609 1582 dixit

2016 1604 2238 1658 rapaces
2266 1592 2421 1663 lupos
2448 1611 2569 1653 esse
2602 1606 2897 1659 venturos?
2925 1623 3100 1665 nonne
3131 1611 3199 1666 ibi
3232 1627 3347 1669 erat
3376 1616 3525 1673 locus
3554 1630 3609 1675 ut

2016 1682 2132 1739 haec
2160 1698 2404 1743 moneret
2443 1699 2498 1745 et
2530 1692 2730 1749 diceret
2761 1714 2775 1751 :
2809 1697 2878 1753 Et
2916 1714 3015 1756 vos
3061 1713 3116 1759 ut
3158 1721 3252 1761 eos
3290 1709 3607 1780 inveniatis,

2014 1777 2273 1833 assumite
2301 1782 2551 1837 vestitum
2592 1785 2870 1857 luporum,
2905 1792 3229 1851 intrinsecus
3266 1809 3447 1857 autem
3477 1777 3607 1859 oves
3658 1780 3659 1783 Ἴ

2016 1869 2260 1924 manete?
2284 1870 2400 1927 Non
2428 1874 2527 1930 hoc
2555 1878 2629 1932 ait
2656 1896 2670 1933 :
2698 1880 2791 1935 sed
2823 1897 2943 1937 cum
2970 1885 3211 1956 dixisset,
3243 1890 3397 1946 Multi
3424 1895 3494 1947 ad
3518 1912 3605 1951 vos

2015 1961 2211 2015 venient
2243 1963 2298 2017 in
2334 1966 2514 2020 vestitu
2553 1970 2754 2036 ovium,
2798 1975 3098 2033 intrinsecus
3138 1992 3306 2038 autem
3342 1998 3459 2041 sunt
3501 1989 3611 2061 lupi

2014 2068 2257 2149 rapaces;
2289 2072 2392 2111 non
2423 2059 2658 2129 addidit,
2691 2064 2772 2119 Ex
2806 2069 3095 2128 mendaciis
3123 2078 3347 2146 vestris,
3376 2081 3500 2149 sed,
3526 2059 3612 2139 Ex

2016 2143 2262 2248 {rue-tibus
2308 2166 2481 2205 eorum
2530 2161 2835 2227 cognoscetis
2878 2179 2962 2217 eos
3013 2164 3122 2238 (Id.
3179 2185 3287 2238 vn,
3335 2143 3442 2240 ’15,
3488 2143 3606 2248 i6).

2017 2236 2253 2295 Vcritate
2280 2253 2407 2298 sunt
2431 2248 2686 2317 cavenda,
2710 2253 2935 2311 veritate
2954 2236 3230 2329 capienda,
3262 2236 3484 2325 veritate
3513 2236 3609 2326 oc-

2014 2330 2239 2429 cidenda
2263 2337 2558 2429 niendacia.
2582 2341 2736 2397 Absit
2758 2352 2817 2399 ut
2842 2346 3202 2419 blaspltemias
3224 2355 3604 2429 ignorantium,

2015 2425 2249 2481 scienter
2278 2426 2697 2500 blasphemando
2722 2436 2998 2496 vincamus
3028 2461 3043 2498 :
3083 2445 3221 2502 absit
3246 2425 3304 2503 ut
3332 2452 3471 2507 mala
3498 2425 3606 2509 fal;

2016 2515 2208 2571 lacium
2251 2518 2509 2576 imitando
2550 2538 2854 2584 caveamus.
2898 2526 3179 2599 Quomodo
3218 2540 3360 2595 enim
3391 2545 3609 2601 cavebi-

2014 2622 2155 2704 mus,
2187 2610 2232 2664 si
2259 2620 2318 2666 ut
2343 2628 2646 2683 caveamus,
2673 2616 3023 2678 habebimus?
3048 2625 3103 2680 Si
3126 2629 3266 2683 enim
3293 2642 3349 2686 ut
3368 2635 3612 2704 capiatur

2014 2699 2105 2767 qui
2135 2699 2470 2799 blasphemat
2493 2708 2738 2764 nesciens
2758 2752 2772 2775 ,
2808 2712 3191 2785 blasphemabo
3216 2699 3609 2799 sciens;—pejus

2015 2799 2096 2892 est
2124 2794 2268 2892 quod
2295 2810 2394 2867 ago
2413 2840 2428 2864 ,
2454 2814 2610 2870 quam
2639 2802 2780 2871 quod
2810 2807 2983 2876 capio.
3016 2809 3073 2865 Si
3105 2822 3161 2866 ut
3191 2794 3493 2875 inveniatur
3516 2794 3608 2892 qui

2014 2881 2290 2979 Christum
2314 2898 2471 2961 negat
2495 2894 2873 2969 nesciens,ego
2886 2898 3157 2958 Christum
3181 2908 3387 2979 negabo
3406 2881 3604 2979 scietis;

2014 2976 2079 3031 ad
2102 2980 2455 3049 perditionem
2482 3000 2568 3041 me
2594 2997 2875 3047 secuturus
2901 3001 2985 3048 est
3008 3011 3165 3066 quem
3195 2976 3273 3055 sic
3299 3000 3554 3061 invenero

2013 3070 2058 3126 si
2089 3072 2303 3143 quidem
2329 3085 2386 3131 ut
2413 3077 2561 3132 illum
2593 3079 2889 3151 inveniam,
2922 3086 3069 3155 prior
3089 3102 3274 3159 pereo.

2087 3166 2174 3220 15.
2216 3168 2300 3222 An
2331 3166 2469 3225 forte
2493 3171 2674 3241 quieo
2707 3176 2868 3231 modo
2907 3178 3337 3240 Priscillianistas
3364 3186 3605 3245 invenire

2014 3260 2251 3327 molitur,
2287 3263 2406 3319 ideo
2435 3281 2539 3320 non
2568 3277 2725 3339 negat
2752 3270 3046 3342 Christum,
3076 3277 3197 3347 quia
3219 3294 3313 3335 ore
3341 3280 3609 3351 depromit

2013 3353 2158 3422 quod
2203 3355 2365 3412 corde
2413 3373 2519 3414 non
2571 3362 2778 3417 credit?
2826 3364 2990 3432 Quasi
3019 3384 3147 3425 vero
3177 3371 3343 3442 (quod
3368 3384 3421 3429 et
3450 3376 3610 3445 paulo

2014 3456 2137 3501 ante
2153 3446 2265 3516 jam
2288 3449 2421 3521 dixi)
2442 3465 2563 3507 cum
2585 3454 2783 3510 dictum
2811 3467 2973 3525 esset,
3008 3459 3171 3517 Corde
3189 3466 3411 3520 nectitur
3434 3468 3503 3520 ad
3511 3468 3608 3537 ju—

2011 3538 2233 3605 stitiam;
2259 3541 2523 3599 incassum
2555 3558 2637 3601 est
2656 3547 2912 3617 additum,
2947 3568 3035 3606 ore
3067 3555 3315 3626 confessio
3335 3558 3395 3625 ﬁt
3419 3557 3488 3611 ad
3515 3575 3605 3612 sa-

2011 3632 2166 3686 lutem
2200 3632 2372 3706 (Rom.
2406 3652 2461 3704 x,
2494 3637 2826 3708 lO)?Nonne
2852 3658 2986 3712 pene
3007 3659 3195 3702 omnes
3218 3648 3307 3718 qui
3330 3648 3605 3707 Clu-istum

2010 3736 2191 3777 coram
2239 3728 2667 3795 persecutoribus
2713 3744 3056 3801 negaverunt,
3092 3737 3234 3807 quod
3260 3739 3327 3795 de
3356 3741 3446 3797 illo
3483 3758 3608 3798 cre-

1964 3836 1969 3843 ν
2009 3815 2227 3881 debant,
2260 3817 2422 3873 corde
2451 3826 2765 3887 tenuerunt;
2803 3834 2858 3878 et
2896 3833 3073 3882 tamen
3116 3843 3209 3884 ore
3257 3829 3324 3884 ad
3369 3834 3599 3893 salutem

2010 3924 2119 3966 non
2148 3909 2453 3966 confitendo
2504 3914 2797 3982 perierunt,
2847 3916 2947 3972 nisi
2989 3918 3077 3988 qui
3106 3935 3201 3989 per
3229 3922 3601 3992 paenitentiam

2010 4003 2350 4058 revixerunt?
2375 4003 2506 4071 Quis
2532 4006 2603 4060 ita
2628 4009 2971 4074 evanescat‘,
3002 4018 3059 4064 ιιι
3083 4011 3361 4068 existimet
3386 4027 3604 4086 aposto-

2009 4093 2117 4147 lum
2149 4094 2365 4151 Petrum
2396 4095 2499 4152 hoc
2526 4095 2777 4154 habuisse
2799 4099 2849 4154 in
2872 4100 3033 4157 corde
3054 4102 3196 4172 quod
3223 4104 3275 4159 in
3297 4120 3409 4173 ore,
3433 4124 3605 4178 quan-

2008 4185 2078 4239 do
2105 4185 2376 4243 Christum
2404 4190 2652 4261 negavit?
2676 4190 2881 4263 Nempe
2920 4193 2975 4249 in
3013 4195 3099 4251 illa
3142 4200 3426 4269 negatione
3455 4203 3599 4257 intus

2009 4282 2285 4335 veritatem
2319 4282 2551 4348 tenebat,
2603 4290 2660 4338 et
2711 4283 2841 4340 foris
2891 4286 3227 4344 mendacium
3269 4292 3597 4361 proferebat.

2008 4373 2114 4427 Cur
2140 4388 2268 4443 ergo
2297 4374 2552 4446 lacrymis
2580 4374 2734 4430 diluit
2761 4377 2901 4446 quod
2932 4393 3026 4435 ore
3056 4392 3345 4452 negaverat
3380 4384 3600 4456 (Matth.

2010 4484 2035 4519 χ
2048 4482 2150 4529 xvi,
2180 4465 2395 4537 69-75),
2421 4467 2464 4522 si
2489 4466 2648 4523 saluti
2669 4468 2966 4525 sufliciebat
2984 4472 3126 4543 quod
3136 4470 3307 4532 corde
3323 4478 3601 4536 credebat?

2007 4577 2102 4613 cur
2130 4560 2357 4631 l0qnens
2396 4559 2447 4614 in
2476 4560 2640 4616 corde
2666 4576 2764 4616 suo
2794 4562 3096 4632 veritatem,
3125 4574 3232 4622 tam
3261 4584 3445 4627 amaro
3473 4571 3601 4629 ﬂetu

2008 4646 2214 4713 punivit
2243 4644 2580 4700 mendacium
2611 4645 2753 4717 quod
2795 4662 2891 4705 ore
2935 4648 3285 4722 deprompsit,
3336 4656 3436 4710 nisi
3477 4659 3601 4728 quia

2010 4751 2251 4806 magnam
2301 4736 2435 4791 vidit
2480 4750 2599 4791 esse
2650 4738 2965 4807 perniciem,
3018 4742 3159 4810 quod
3189 4744 3351 4801 corde
3381 4746 3597 4817 quidem

2005 4826 2232 4881 credidit
2268 4826 2335 4882 ad
2372 4826 2656 4897 justitiam,
2707 4828 2799 4883 sed
2848 4845 2941 4886 ore
2970 4846 3075 4886 non
3104 4834 3379 4890 confessus
3423 4845 3504 4892 est
3534 4839 3602 4893 ad

2007 4918 2276 4973 salutem?
2617 4985 2619 4987 ι

2079 5013 2166 5067 14.
2205 5014 2545 5082 Quapropter
2575 5012 2702 5066 illud
2732 5012 2872 5082 quod
2905 5014 3160 5084 scriptum
3188 5023 3291 5083 est,
3310 5016 3410 5084 Qui
3439 5019 3606 5092 loqui-

2005 5112 2086 5156 tur
2108 5104 2364 5158 veritatem
2392 5104 2446 5158 in
2476 5105 2629 5158 corde
2652 5121 2784 5169 suo;
2812 5119 2917 5158 non
2958 5106 3036 5159 sic
3076 5107 3444 5177 accipiendum
3491 5124 3599 5180 est,

2005 5196 2158 5265 quasi
2188 5204 2393 5250 retenta
2419 5195 2469 5248 in
2500 5194 2663 5250 corde
2692 5196 2935 5262 veritate,
2971 5197 3301 5268 loquendum
3330 5202 3400 5257 sit
3428 5203 3481 5257 in
3507 5220 3606 5261 ore

2005 5288 2360 5343 mendacium.
2388 5288 2494 5343 Sed
2526 5288 2646 5343 ideo
2671 5287 2870 5343 dictum
2898 5298 2998 5356 est,
3043 5291 3164 5361 quia
3195 5292 3310 5349 fieri
3340 5303 3517 5365 potest
3543 5308 3603 5351 ut

2005 5382 2252 5452 loquatur
2278 5380 2502 5451 quisque
2530 5394 2623 5432 ore
2650 5380 2954 5449 veritatem,
2984 5397 3104 5453 qum
3135 5383 3266 5439 nihil
3310 5386 3359 5442 ei
3407 5388 3600 5457 prosit,

2003 5475 2048 5531 si
2080 5489 2197 5530 eam
2224 5472 2277 5527 in
2303 5472 2463 5527 corde
2488 5486 2592 5527 non
2619 5480 2814 5537 teneat,
2846 5471 2896 5527 id
2940 5482 3045 5542 est,
3087 5475 3131 5530 si
3180 5477 3323 5546 quod
3364 5478 3601 5551 loquitur

2003 5570 2118 5638 ipse
2162 5582 2267 5621 non
2312 5564 2528 5620 credat:
2558 5565 2695 5621 sicut
2738 5564 3008 5633 haeretici,
3056 5568 3396 5642 maximeque
3437 5572 3601 5628 iidem

2005 5658 2422 5715 Priscillianista‘.
2450 5656 2667 5722 faciunt,
2691 5672 2812 5713 cum
2840 5660 3167 5717 catholicam
3189 5663 3466 5719 veritatem
3488 5680 3596 5721 non

2003 5749 2217 5821 quidem
2243 5747 2491 5815 credunt,
2519 5748 2612 5805 sed
2648 5757 2822 5804 tamen
2856 5749 3167 5821 loquuntur,
3197 5760 3256 5808 ut
3282 5753 3452 5809 nostri
3478 5769 3600 5811 esse

2068 5887 2489 6001 Lps‘tgirannensis
2526 5892 2629 5948 Μελ,
2664 5898 2834 5938 vesane
2899 5886 3035 5941 sciat.
3082 5893 3220 5939 Ferte
3257 5900 3365 5952 pm,
3428 5900 3596 5940 vesanc

2068 5962 2075 5995 τ
2112 5962 2193 6000 ιε..

2008 5962 2193 6001 “illi”.
