4078 6502
455 464 557 518 597

456 580 756 633 credantur.
788 570 1095 638 Loquuntur
1120 578 1246 634 ergo
1267 563 1541 616 veritatem
1574 560 1626 612 in
1656 570 1752 612 ore
1779 568 1899 617 suo,
1919 566 2027 605 non

458 673 510 727 in
539 666 701 724 corde
729 678 845 718 suo.
875 661 1161 730 Pr0ptcrea
1185 652 1541 725 distinguendi
1571 658 1725 707 erant
1751 648 1819 702 ab
1855 648 1944 701 illo
1968 643 2039 699 de

1461 440 1732 498 CONTRA
1770 426 2193 495 MENDACIUM,
2233 427 2290 483 S.
2331 425 2693 482 AUCUSTINI

2147 546 2300 617 seph,
2331 548 2486 618 eique
2512 550 2785 618 promittat
2817 548 3141 619 prodituram
3171 564 3227 604 se
3260 549 3489 607 latebras
3520 565 3723 621 eorum,

2146 640 2192 693 si
2216 639 2283 693 ab
2312 640 2403 693 illo
2433 639 2796 708 impetraverit
2838 651 3104 710 Stuprum,
3137 649 3451 710 certumque
3479 641 3549 695 sit
3590 656 3734 707 eam.

3623 426 3720 486 5‘28

457 774 562 827 quo
596 756 792 811 dictum
823 760 923 816 est,
967 750 1065 815 Qui
1106 748 1327 818 loquitur
1372 746 1628 798 veritatem
1666 742 1719 793 in
1748 738 1897 793 corde
1926 736 2063 790 suo.’
2148 731 2194 827 si
2220 730 2612 786 ei.consensum
2642 731 2818 797 fuerit,
2847 730 2987 800 quod
3010 731 3241 801 pollicita
3257 740 3341 787 est
3358 732 3737 802 impleturaml

470 825 617 904 llanc
645 858 823 902 autem
866 844 1143 899 veritatem
1191 838 1483 894 catholicus
1522 836 1657 889 sicut
1686 833 1741 887 in
1770 832 1935 886 corde
1964 825 2044 882 lo-

464 941 664 1008 quitur,
695 938 815 1007 quia
841 936 911 989 ita
932 933 1129 995 credit;
1150 932 1220 985 ita
1246 938 1299 984 et
1329 930 1381 983 in
1410 942 1502 982 ore
1528 926 1709 991 debet,
1733 932 1792 977 ut
1818 922 1890 975 ita
1910 934 2050 988 pra:-

465 1032 640 1084 dicet:
665 1038 849 1083 contra
882 1027 1037 1079 istam
1068 1038 1194 1076 vero
1224 1035 1323 1075 nec
1350 1018 1402 1072 in
1433 1014 1594 1073 corde
1619 1029 1718 1069 nec
1750 1012 1804 1066 in
1829 1025 1921 1065 ore
1951 1009 2049 1061 ha-

466 1121 588 1175 beat
610 1119 913 1181 falsitatem,
938 1124 994 1168 ut
1017 1124 1070 1169 et
1086 1112 1247 1166 corde
1269 1109 1451 1163 credat
1477 1106 1542 1161 ad
1568 1104 1853 1175 justitiam,
1885 1109 1938 1155 et
1958 1113 2051 1153 ore

466 1212 860 1267 confessionem
890 1208 1044 1261 faciat
1073 1205 1138 1259 ad
1168 1204 1415 1258 salutem.
1445 1199 1578 1253 Nam
1625 1204 1679 1251 et
1718 1196 1770 1249 in
1798 1193 1888 1248 illo
1915 1190 2054 1260 psal-

468 1318 559 1357 mo
587 1317 707 1356 cum
740 1300 937 1355 dictum
967 1305 1128 1362 esset,
1164 1294 1261 1360 Qui
1292 1292 1511 1362 loquitur
1532 1290 1789 1343 veritatem
1824 1286 1877 1338 in
1903 1282 2055 1336 corde

471 1409 599 1456 suo;
630 1407 752 1446 mox
780 1390 937 1445 etiam
968 1388 1069 1442 hoc
1097 1387 1333 1440 additum
1364 1394 1465 1449 est,
1499 1381 1598 1447 Qui
1624 1396 1722 1433 non
1745 1378 1842 1447 egit
1883 1375 2055 1428 dolum

474 1487 527 1538 in
555 1485 727 1554 lingua
756 1497 851 1535 sua
872 1479 1044 1551 (Psal.
1082 1493 1193 1543 XIV,
1228 1475 1304 1545 3).

547 1576 634 1629 15.
679 1574 746 1628 Et
776 1572 901 1630 illud
927 1570 1067 1641 quod
1101 1568 1383 1637 Apostolus
1427 1565 1523 1629 ait,
1566 1562 1881 1633 Deponentes
1920 1574 2058 1612 men-

475 1670 696 1731 dacium,
727 1664 985 1735 loquimini
1015 1663 1270 1717 veritatem
1309 1658 1643 1726 unusquisque
1681 1670 1795 1707 cum
1830 1651 2057 1721 proximo

479 1777 591 1825 suo,
618 1759 735 1828 quia
756 1773 927 1811 sumus
953 1754 1164 1808 invicem
1190 1750 1409 1805 membra
1430 1746 1643 1821 (Ep/tes.
1671 1760 1748 1811 tv,
1922 1741 2059 1795 absit

478 1862 537 1906 ut
563 1852 639 1905 sic
664 1850 1034 1919 intelligamus,
1080 1853 1327 1914 tanquam
1371 1840 1516 1911 loqui
1556 1836 1892 1893 mendacium
1934 1850 2059 1904 per-

481 1942 823 1996 miscritcum
868 1938 947 1993 eis
976 1937 1065 2006 qui
1093 1934 1326 1989 nondum
1357 1940 1480 1986 sunt
1508 1931 1782 1985 nobiscum
1824 1926 2060 1982 membra

481 2033 723 2102 corporis
751 2029 970 2085 Christi.
1002 2028 1108 2084 Sed
1136 2026 1255 2081 ideo
1280 2024 1480 2079 dictum
1501 2032 1603 2089 est,
1636 2020 1758 2091 quia
1781 2018 2061 2088 unusquis-

479 2139 585 2192 que
612 2131 852 2176 nostrum
881 2119 983 2174 hoc
1010 2118 1165 2172 debet
1189 2130 1451 2186 quemque
1476 2113 1748 2183 deputare,
1776 2108 1913 2179 quod
1941 2122 2061 2162 eum

484 2213 596 2268 vult
627 2212 740 2266 fieri
763 2252 776 2276 ,
820 2211 980 2265 etiam
1011 2209 1057 2264 si
1089 2206 1323 2262 nondum
1354 2206 1521 2259 factus
1560 2210 1643 2258 est
1674 2219 1687 2255 :
1720 2202 1855 2255 sicut
1885 2199 2064 2253 Domi-

481 2318 583 2359 nus
612 2302 963 2371 alienigenam
989 2299 1379 2355 Samaritanum
1408 2295 1705 2365 proximum
1735 2293 1847 2362 ejus
1886 2300 2066 2345 osten-

480 2395 579 2460 dit,
611 2408 730 2449 cum
767 2406 872 2462 quo
915 2390 1334 2446 misericordiam
1380 2388 1503 2442 fecit
1547 2385 1698 2455 (Luc.
1749 2401 1803 2448 χ,
1853 2384 2061 2453 5057).

482 2483 761 2539 Proximus
784 2498 913 2554 ergo
938 2481 1213 2537 habendus
1242 2488 1344 2545 est,
1373 2494 1476 2533 non
1499 2478 1723 2540 alienus,
1747 2490 1865 2530 cum
1888 2490 1991 2544 quo
2016 2472 2065 2527 id

482 2577 741 2646 agendum
771 2584 871 2640 est,
922 2589 990 2630 ne
1032 2580 1304 2628 remaneat
1333 2570 1573 2624 alienus;
1602 2576 1656 2623 et
1698 2568 1741 2621 si
1772 2574 1985 2636 propter
2016 2564 2067 2619 id

483 2667 623 2738 quod
655 2667 889 2722 nondum
918 2674 1001 2721 est
1028 2664 1151 2719 ﬁdei
1181 2672 1378 2717 nostrce
1423 2658 1852 2728 sacramentique
1900 2656 2068 2727 parti-

484 2777 609 2831 ceps
639 2758 827 2820 factus,
858 2757 1034 2826 aliqua
1061 2755 1135 2809 illi
1162 2752 1476 2808 occultanda
1518 2760 1642 2806 sunt
1667 2764 1815 2816 vera,
1848 2762 1953 2804 non
1985 2754 2068 2801 ta-

486 2868 608 2905 men
640 2850 757 2904 ideo
784 2848 1011 2904 dicenda
1040 2856 1163 2901 sunt
1196 2844 1343 2900 falsa.

559 2942 644 2995 16.
686 2938 922 2994 Fuerunt
949 2939 1090 2993 enim
1122 2938 1281 2992 etiam
1315 2934 1641 3006 temporibus
1666 2932 2067 3003 Apostolorum,

487 3034 577 3103 qui
604 3033 880 3085 veritatem
910 3046 1013 3085 non
1036 3031 1258 3085 veritate
1286 3030 1325 3096 ί,
1351 3028 1399 3082 id
1428 3036 1530 3092 est,
1561 3042 1664 3080 non
1694 3026 1868 3080 veraci
1894 3025 2072 3079 animo

490 3124 878 3193 prmdicarent:
909 3137 1044 3191 quos
1072 3121 1201 3175 dicit
1227 3121 1512 3191 Apostolus
1552 3117 1821 3172 Christum
1866 3133 2073 3171 annun-

492 3215 653 3266 tiasse
692 3228 796 3267 non
840 3222 1006 3278 caste,
1054 3213 1147 3266 sed
1177 3227 1270 3281 per
1302 3211 1547 3264 invidiam
1576 3219 1628 3264 et
1657 3210 2070 3264 contentionem.

491 3308 569 3359 Ac
596 3320 688 3373 per
720 3308 820 3359 hoc
849 3304 1007 3359 etiam
1041 3314 1163 3358 tunc
1204 3303 1441 3358 nonnulli
1487 3303 1690 3357 tolerati
1718 3310 1842 3357 sunt
1860 3318 2072 3357 annun-

496 3396 688 3448 tiantes
729 3410 832 3448 non
877 3404 1025 3449 casto
1054 3395 1233 3447 animo
1271 3395 1584 3448 veritatem:
1614 3410 1719 3448 non
1761 3403 1935 3448 tamen
1982 3394 2072 3448 ulli

494 3486 689 3541 laudati
718 3495 841 3541 sunt
866 3493 1117 3556 tanquam
1146 3486 1520 3540 annuntiantcs
1546 3494 1693 3539 casto
1722 3485 1902 3539 animo
1934 3484 2077 3539 falsi-

496 3590 678 3634 tatem.
713 3579 950 3650 Denique
974 3578 1039 3633 de
1070 3578 1174 3632 illis
1201 3579 1349 3643 dicit,
1371 3577 1490 3632 Sive
1518 3578 1798 3639 occasione,
1826 3579 1927 3631 sive
1951 3577 2077 3630 veri-

494 3681 595 3725 tate
640 3670 867 3724 Christus
911 3670 1236 3722 annuntietur
1279 3667 1535 3741 (Philipp.
1585 3682 1624 3734 t,
1676 3668 1899 3738 15-18):
1933 3666 2077 3721 nullo

495 3762 653 3816 modo
685 3770 861 3817 autem
889 3761 1109 3829 diceret,
1140 3768 1197 3815 ut
1230 3769 1414 3831 postea
1444 3754 1689 3816 Christus
1710 3759 2073 3826 annuutietur,

493 3854 638 3922 prius
673 3861 915 3923 negetur.

565 3946 651 3999 17.
692 3944 948 4012 Quocirca
972 3943 1152 3997 multis
1172 3942 1386 4013 quidem
1415 3942 1589 3996 modis
1618 3942 2078 4011 possuntlatcntes

497 4038 731 4093 heretici
756 4039 1025 4107 vestigari,
1060 4052 1159 4092 nec
1201 4036 1463 4091 catholica
1494 4037 1595 4092 lide
1626 4038 1943 4107 vituperata,
1980 4051 2081 4092 nec

498 4130 741 4183 limretica
771 4129 1039 4197 impietate
1061 4128 1291 4182 laudata.

569 4216 791 4272 CAPUT
834 4217 941 4270 Vll.
960 4247 1032 4258 —-
1060 4217 1384 4271 Mendacium
1413 4218 1554 4270 nulla
1585 4218 1715 4271 velut
1755 4218 1887 4273 bona
1923 4218 2080 4271 inten-

498 4314 631 4360 tione
657 4308 1040 4361 admittendum.
1072 4308 1231 4361 Facta
1259 4308 1362 4360 alia
1383 4324 1443 4360 ea:
1468 4309 1568 4375 ﬁne
1593 4309 1673 4361 vel
1701 4308 1829 4361 bona
1851 4310 1925 4362 vel
1944 4310 2081 4363 mala

499 4398 798 4462 redduntur,
832 4399 933 4452 alia
962 4408 1078 4451 sunt
1106 4415 1194 4467 per
1231 4415 1283 4451 se
1326 4408 1569 4467 peccata:
1606 4399 1711 4453 hac
1758 4399 1899 4454 nullo
1938 4401 2081 4469 quasi

506 4490 631 4545 bono
676 4487 777 4556 ﬁne
817 4488 1067 4557 facienda.
1118 4488 1222 4542 Sed
1250 4486 1295 4541 si
1323 4488 1478 4542 aliter
1509 4489 1727 4542 omnino
1754 4506 1857 4543 non
1902 4498 2083 4559 posset

505 4582 659 4637 educi
690 4582 756 4637 de
786 4582 1025 4637 cavernis
1052 4581 1161 4635 suis
1195 4582 1442 4635 haeretica
1474 4580 1739 4650 impietas,
1769 4581 1870 4635 nisi
1910 4598 1941 4637 a
1972 4591 2080 4636 tra-

505 4676 632 4729 mite
662 4676 902 4729 veritatis
929 4674 1103 4743 lingua
1137 4672 1395 4727 catholica
1438 4672 1701 4738 deviaret;
1754 4675 2083 4730 tolerabilius

504 4767 591 4820 illa
614 4766 991 4833 occultaretur,
1023 4780 1180 4836 quam
1210 4765 1308 4819 ista
1340 4765 1789 4835 praecipitaretur;
1832 4766 2083 4822 tolerabi-

503 4861 606 4915 lius
632 4860 684 4915 in
714 4858 826 4915 suis
853 4857 1021 4914 foveis
1049 4858 1421 4913 delitescerent
1444 4858 1649 4928 vulpes,
1681 4875 1837 4929 quam
1869 4870 2085 4931 propter

505 4954 623 5008 illas
652 4951 938 5023 capiendas
966 4952 1017 5005 in
1038 4950 1382 5019 blasphemim
1408 4948 1612 5005 foveam
1640 4951 1890 5007 caderent
1917 4968 2083 5007 vena-

506 5054 680 5111 tores;
704 5042 1029 5099 tolerabilius
1053 5041 1268 5113 perfidia
1296 5042 1817 5097 Priscillianistarum
1847 5044 2086 5098 veritatis

505 5137 768 5191 velamine
816 5144 1103 5205 tegeretur,
1151 5150 1307 5205 quam
1358 5134 1488 5188 fides
1534 5134 1928 5189 Catholicornm
1958 5150 2026 5190 ne
2054 5151 2085 5190 a

510 5227 920 5281 l'riscillianistis
948 5227 1325 5281 mentientibus
1355 5225 1677 5293 laudaretur,
1725 5243 1752 5280 a
1798 5226 2087 5282 Catholicis

509 5318 846 5371 credentibus
889 5326 1194 5386 negaretur.
1222 5318 1351 5371 Nam
1380 5319 1423 5371 si
1455 5329 1732 5388 propterea
1769 5318 1912 5389 justa
1941 5326 2084 5383 sunt,

512 5426 613 5463 non
644 5408 1065 5477 qualiacumque,
1097 5407 1189 5461 sed
1212 5408 1516 5477 blasphema
1535 5410 1828 5472 mendacia,
1848 5410 1967 5479 quia
1987 5408 2088 5462 hoc

509 5500 689 5553 animo
716 5498 843 5551 fiunt
870 5507 927 5553 ut
958 5498 1152 5552 occulti
1194 5498 1430 5553 haeretici
1460 5501 1805 5571 detegantur;
1838 5510 2089 5570 poterunt

514 5590 612 5641 istc
634 5588 812 5652 modo,
834 5589 876 5641 si
905 5588 1096 5642 eodem
1121 5588 1297 5641 animo
1320 5588 1466 5655 fiant,
1491 5601 1633 5646 casta
1661 5608 1779 5648 esse
1805 5592 2084 5647 adulteria.

512 5681 645 5746 Quid
672 5682 713 5734 si
744 5680 883 5733 enim
914 5694 981 5733 ex
1007 5693 1230 5731 numero
1250 5679 1766 5736 Priscillianistarum
1792 5682 2085 5752 impudica-

510 5789 627 5827 rum
656 5772 828 5840 aliqua
863 5770 1058 5824 femina
1090 5769 1291 5837 injiciat
1316 5772 1525 5826 oculum
1552 5774 1604 5828 in
1631 5774 1953 5831 catholicum
1997 5774 2088 5833 Jo-

575 5888 589 5912 -
626 5884 695 5931 sic
718 5888 822 5929 stas.
858 5880 976 5930 Falltl
998 5884 1179 5939 autem,
1200 5891 1294 5929 non
1316 5881 1563 5933 veraciter.

2149 818 2517 876 faciendumne
2533 822 2905 877 censebimus?
2933 836 3000 875 an
3019 822 3377 892 intelligemus
3399 838 3739 895 nequaquam

2152 913 2243 967 tali
2287 914 2454 983 pretio
2484 928 2691 969 merces
2716 913 2976 983 ejusmodi
3019 915 3441 985 comparandas?
3470 916 3579 971 Cur
3607 931 3741 986 ergo

2154 1021 2260 1061 non
2304 1008 2575 1062 cruimus‘
2607 1008 2894 1078 capiendos
2926 1009 3206 1064 haereticos
3249 1024 3414 1066 carne
3450 1011 3504 1065 in
3531 1010 3741 1067 adulte-

2154 1097 2293 1152 rium
2320 1097 2609 1163 defluente,
2638 1108 2692 1155 et
2719 1099 2986 1154 eruendos
3018 1109 3261 1169 putamus
3282 1115 3376 1155 ore
3407 1100 3460 1155 in
3488 1100 3743 1171 blasphe-

2158 1191 2262 1244 mia
2292 1189 2587 1245 fornicante
2605 1192 2659 1244 ’?
2686 1192 2792 1245 Aut
2818 1191 2962 1245 enim
3001 1191 3179 1246 licebit
3204 1200 3487 1262 utrumque
3514 1193 3627 1262 pari
3653 1209 3738 1247 rao

2159 1282 2301 1336 tione
2329 1280 2633 1346 defendere,
2652 1290 2711 1337 ut
2727 1282 2844 1337 ideo
2869 1282 2984 1338 haec
3002 1297 3104 1336 non
3123 1298 3241 1338 csse
3258 1283 3503 1339 dicantur
3523 1284 3736 1357 injusta,

2160 1373 2280 1441 quia
2310 1388 2371 1426 ea
2399 1372 2535 1427 facta
2577 1382 2701 1428 sunt
2747 1374 3039 1428 intentione
3083 1390 3185 1443 qua
3214 1374 3745 1444 deprehenderentur

2161 1462 2338 1532 injusti
2362 1502 2377 1526 ,
2403 1473 2491 1517 aut
2520 1465 2564 1517 si
2596 1478 2723 1519 sana
2747 1463 2986 1518 doctrina
3020 1478 3121 1519 nec
3148 1473 3365 1535 propter
3392 1466 3743 1522 inveniendos

2162 1553 2446 1611 htereticos
2475 1556 2587 1611 vult
2614 1572 2713 1613 nos
2739 1572 2858 1613 cum
2884 1557 3093 1612 feminis
3123 1558 3402 1628 impudicis
3419 1560 3609 1618 saltem
3626 1574 3750 1615 cor-

2164 1662 2311 1715 pore,
2345 1662 2449 1701 non
2476 1657 2674 1716 mente,
2701 1649 2934 1715 misceri,
2968 1648 3207 1719 profecto
3235 1665 3334 1705 nec
3352 1660 3569 1721 pr0pter
3595 1652 3746 1707 inve-

2165 1740 2387 1795 niendos
2412 1740 2689 1797 luereticos
2717 1743 2829 1797 vult
2851 1743 3047 1798 anobis
3071 1745 3259 1799 saltem
3285 1757 3436 1811 voce,
3465 1758 3573 1799 non
3598 1760 3750 1801 men-

2164 1838 2237 1893 tc,
2267 1839 2358 1885 aut
2399 1831 2722 1887 immundam
2770 1832 3017 1888 hmresim
3061 1834 3363 1902 prazdicari,
3408 1843 3500 1888 aut
3544 1844 3751 1891 castam

2164 1921 2483 1977 catholicam
2510 1923 2891 1993 blasphemari.
2923 1925 3054 1991 Quia
3081 1934 3135 1980 et
3161 1927 3332 1996 ipsum
3359 1927 3556 1983 mentis
3583 1928 3753 1997 impeo

2168 2014 2326 2078 rium,
2340 2014 2422 2068 cui
2439 2013 2597 2069 debet
2623 2016 2798 2070 omnis
2820 2015 3039 2071 inferior
3058 2026 3234 2071 motus
3259 2016 3491 2072 hominis
3510 2017 3749 2084 obedire,

2167 2104 2328 2174 digno
2352 2120 2456 2160 non
2478 2106 2997 2177 carebitopprobrio,
3015 2108 3228 2178 quando
3256 2108 3332 2177 lit,
3353 2109 3494 2180 quod
3510 2110 3625 2165 fieri
3646 2126 3753 2166 non

2168 2206 2397 2267 Oportet,
2415 2214 2508 2253 seu
2533 2202 2794 2268 membro,
2817 2215 2912 2256 seu
2941 2202 3446 2273 verbo.Quanquam
3460 2203 3619 2259 etiam
3631 2219 3755 2260 cum

2170 2291 2333 2345 verbo
2377 2290 2454 2356 tit,
2489 2292 2731 2347 membro
2760 2294 2851 2348 lit:
2881 2295 3129 2364 quoniam
3159 2296 3334 2365 lingua
3349 2296 3647 2352 membrum
3672 2306 3758 2352 est

2170 2396 2273 2450 qna
2306 2381 2365 2436 fit
2392 2383 2648 2438 verbum:
2681 2399 2780 2439 nec
2818 2385 2984 2441 ullum
3010 2385 3210 2440 factum
3242 2396 3483 2442 nostrum
3512 2387 3759 2444 membro

2173 2474 2281 2529 ullo
2308 2475 2529 2543 paritur,
2558 2476 2660 2531 nisi
2688 2478 2828 2547 quod
2856 2478 3002 2555 prius
3022 2480 3181 2535 corde
3206 2482 3533 2551 concipitur;
3559 2482 3640 2535 vel
3663 2497 3760 2552 po-

2174 2568 2279 2619 tius
2306 2565 2447 2621 intus
2474 2568 2759 2636 cogitando
2786 2580 2840 2625 et
2868 2571 3251 2626 consentiendo
3276 2572 3385 2641 jam
3417 2582 3649 2642 partum,
3678 2572 3761 2627 foe

2173 2672 2260 2711 ras
2284 2656 2460 2711 editur
2486 2657 2729 2713 faciendo
2750 2675 2844 2730 per
2866 2662 3183 2716 membrum.
3208 2662 3325 2717 Non
3349 2664 3524 2734 itaque
3550 2664 3761 2719 animus

2178 2763 2207 2801 a
2238 2748 2377 2803 facto
2407 2759 2712 2817 excusatur,
2739 2752 2952 2821 quando
2977 2753 3171 2807 dicitur
3197 2754 3395 2824 aliquid
3423 2770 3529 2809 non
3554 2771 3617 2808 ex
3646 2756 3762 2808 ania

2174 2856 2263 2894 mo
2291 2840 2428 2908 fieri,
2459 2842 2601 2911 quod
2630 2852 2806 2898 tamen
2835 2858 2942 2898 non
2974 2844 3146 2912 fieret,
3176 2845 3277 2900 nisi
3305 2844 3513 2901 animus
3556 2845 3762 2901 facieno

2174 2932 2300 2986 dum
2330 2948 2450 2989 esse
2475 2934 2804 2993 decerneret.

2248 3023 2336 3080 18.
2377 3025 2606 3081 Interest
2651 3026 2864 3097 quidem
2916 3028 3225 3097 plurimum,
3274 3043 3378 3099 qua
3423 3043 3605 3096 causa,
3654 3044 3765 3099 quo

2178 3118 2305 3186 fine,
2335 3134 2439 3188 qua
2482 3120 2776 3175 intentione
2822 3120 2947 3190 quid
2979 3122 3069 3176 tiat
3094 3140 3108 3177 :
3136 3122 3230 3177 sed
3282 3137 3346 3177 ea
3393 3138 3513 3193 qua:
3555 3133 3765 3179 constat

2178 3224 2295 3265 esse
2323 3221 2564 3281 peccata,
2608 3212 2753 3265 nullo
2782 3213 2933 3266 bonae
2960 3227 3135 3268 causae
3163 3214 3406 3278 obtentu,
3438 3214 3585 3268 nullo
3610 3216 3765 3284 quasi

2177 3300 2319 3354 bono
2355 3300 2476 3366 fine,
2509 3302 2655 3355 nulla
2682 3301 2829 3356 velut
2856 3302 2996 3357 bona
3029 3303 3324 3359 intentione
3349 3303 3591 3360 facienda
3616 3315 3764 3361 sunt.

2178 3390 2251 3443 lia
2278 3390 2471 3461 quippe
2488 3406 2649 3461 opera
2672 3389 2967 3458 hominum,
2998 3392 3135 3446 sicut
3157 3407 3345 3447 causas
3375 3394 3768 3449 habuerintboo

2178 3496 2295 3547 nas,
2330 3496 2424 3537 seu
2453 3482 2641 3549 malas,
2673 3496 2815 3537 nunc
2840 3491 2963 3537 sunt
2984 3483 3143 3550 bona,
3173 3500 3313 3539 nunc
3340 3486 3499 3551 mala,
3522 3499 3640 3555 quae
3655 3499 3767 3539 non

2178 3583 2304 3629 sunt
2346 3590 2440 3645 per
2465 3590 2523 3631 se
2550 3576 2662 3645 ipsa
2692 3585 2941 3646 peccata:
2970 3578 3107 3631 sicut
3133 3578 3331 3633 victum
3360 3578 3599 3647 pnebere
3628 3592 3767 3647 pan-

2182 3666 2413 3735 poribus,
2459 3665 2660 3720 bonum
2703 3680 2838 3736 opus
2865 3677 2968 3735 est,
3010 3668 3056 3722 si
3096 3668 3156 3722 fit
3199 3684 3359 3722 causa
3388 3669 3770 3725 misericordia

2180 3774 2300 3814 cum
2326 3767 2470 3814 recta
2502 3758 2635 3825 fide;
2664 3759 2802 3814 sicut
2830 3760 3144 3816 concubitus
3189 3762 3504 3832 conjugalis,
3552 3762 3772 3833 quando

2183 3852 2241 3906 fit
2259 3866 2419 3905 causa
2448 3851 2761 3921 generandi,
2792 3853 2835 3907 si
2863 3868 2924 3907 ea
2957 3852 3061 3907 fide
3088 3852 3179 3907 fiat
3217 3863 3274 3907 ut
3311 3855 3592 3925 gignantur
3617 3870 3772 3926 rege-

2182 3942 2423 3998 nerandi.
2456 3942 2581 3997 Haec
2601 3951 2761 4013 atque
2786 3942 3090 4013 hujusmodi
3116 3946 3405 4000 secundum
3436 3962 3558 4002 suas
3579 3961 3770 4003 causas

2180 4048 2345 4104 opera
2366 4043 2490 4089 sunt
2508 4033 2648 4090 bona
2671 4036 2753 4090 vel
2772 4036 2939 4101 mala;
2959 4036 3077 4105 quia
3104 4037 3289 4093 eadem
3313 4038 3423 4108 ipsa
3453 4039 3495 4093 si
3527 4038 3767 4094 habeant

2182 4126 2351 4179 malas
2375 4140 2587 4193 causas,
2626 4126 2682 4181 in
2714 4136 2928 4196 peccata
2956 4136 3267 4183 vertuntur:
3296 4129 3442 4183 velut
3482 4130 3527 4183 si
3553 4130 3771 4199 jactan-

2185 4218 2270 4273 tiae
2298 4232 2459 4273 causa
2508 4232 2709 4288 pauper
2746 4219 3009 4288 pascitur;
3041 4228 3131 4273 aut
3176 4219 3407 4274 lasciviae
3443 4235 3603 4275 causa
3644 4236 3773 4277 cum

2185 4323 2350 4364 uxore
2374 4307 2775 4374 concumbitur;
2804 4319 2895 4363 aut
2918 4309 3011 4363 filii
3042 4304 3381 4379 generantur,
3409 4326 3514 4365 non
3544 4319 3603 4365 ut
3633 4312 3769 4377 Deo,

2184 4400 2277 4456 sed
2304 4407 2362 4456 ut
2380 4399 2593 4455 diabolo
2617 4400 2937 4455 nutriantur.
2966 4400 3102 4456 Cum
3142 4418 3269 4456 vero
3307 4402 3416 4472 jam
3456 4418 3618 4473 opera
3658 4404 3773 4473 ipsa

2186 4500 2400 4562 peccata
2424 4500 2567 4556 sunt,
2592 4492 2727 4547 sicut
2752 4490 2908 4557 furta,
2937 4501 3139 4561 stupra,
3163 4493 3525 4562 blaSpliemim,
3554 4494 3639 4549 vel
3663 4509 3775 4548 cte-

2188 4594 2296 4640 tera
2316 4584 2468 4649 talia;
2492 4584 2608 4654 quis
2623 4584 2805 4654 estqui
2829 4583 3159 4637 dicatcausis
3186 4585 3337 4638 bonis
3362 4601 3479 4639 esse
3507 4585 3775 4651 facientti,

2186 4688 2245 4733 ut
2268 4679 2347 4733 vel
2378 4686 2589 4747 peccata
2623 4692 2727 4731 non
2749 4677 2875 4743 sint,
2902 4678 3010 4743 vel,
3036 4677 3176 4746 quod
3208 4688 3291 4731 est
3314 4677 3613 4739 absurdius,
3628 4676 3775 4746 justa

2188 4778 2403 4839 peccata
2448 4769 2592 4823 sint?
2629 4768 2758 4837 Quis
2787 4777 2866 4823 est
2898 4769 2985 4838 qui
3013 4768 3185 4825 dicat:
3213 4768 3280 4823 Ut
3310 4768 3599 4823 habeamus
3627 4768 3776 4838 quod

2188 4860 2376 4915 demus
2401 4860 2740 4930 pauperibus,
2771 4858 3024 4914 faciamus
3056 4859 3193 4913 furta
3222 4859 3504 4925 divitibus;
3546 4871 3659 4924 aut,
3695 4870 3778 4914 te-

2189 4951 2435 5006 stimonia
2462 4952 2589 5004 falsa
2612 4948 2925 5015 vendamus,
2959 4950 3187 5004 maxime
3217 4950 3261 5003 si
3293 4966 3397 5003 non
3440 4950 3564 5005 inde
3608 4951 3772 5005 inno-

2189 5050 2372 5097 centes
2400 5040 2683 5108 laeduntur,
2728 5040 2823 5096 sed
2845 5048 3101 5096 nocentes
3132 5040 3306 5109 potius
3332 5040 3664 5095 damnaturis
3685 5042 3780 5111 ju-

2190 5132 2396 5187 dicibus
2420 5130 2715 5185 eruuntur?
2746 5130 2859 5185 Duo
2885 5131 3026 5185 enim
3057 5130 3192 5185 bona
3226 5130 3357 5185 fiunt
3394 5131 3549 5200 hujus
3589 5134 3779 5186 vendi-

2192 5224 2335 5278 tione
2378 5222 2662 5289 mendacii,
2695 5231 2753 5276 ut
2795 5232 2850 5277 et
2888 5223 3108 5291 pecunia
3154 5231 3396 5277 sumatur
3437 5222 3577 5277 unde
3623 5224 3782 5292 inops

2191 5315 2379 5376 alatur,
2404 5324 2455 5369 et
2473 5314 2635 5384 judex
2659 5314 2867 5368 fallatur
2884 5328 2950 5367 ne
2971 5313 3130 5367 homo
3149 5314 3413 5382 puniatur.
3435 5313 3779 5367 Testamenta

2192 5406 2350 5460 etiam
2378 5405 2422 5459 si
2452 5404 2738 5475 possimus,
2765 5419 2861 5459 cur
2884 5420 2989 5457 non
3008 5418 3131 5458 vera
3158 5405 3557 5473 supprimimus,
3578 5414 3633 5459 et
3651 5403 3781 5461 falsa

2193 5497 2559 5565 supponimus,
2590 5507 2646 5551 ut
2672 5497 3008 5552 hmreditates
3048 5498 3131 5553 vel
3181 5497 3349 5566 legata
3393 5512 3499 5551 non
3550 5497 3781 5552 habeant

2193 5588 2411 5659 indigni,
2444 5590 2530 5660 qui
2562 5590 2693 5645 nihil
2721 5606 2786 5645 ex
2812 5590 2890 5644 eis
2912 5600 3199 5660 operantur
3227 5591 3384 5655 boni;
3416 5590 3511 5645 sed
3532 5589 3584 5643 bi
3605 5592 3782 5660 potius

2256 5768 2272 5797 ί
2294 5774 2393 5814 Am.
2420 5773 2473 5815 et
2507 5773 2633 5827 Mss,
2669 5780 2762 5817 non
2784 5766 2982 5817 emimus
3012 5779 3028 5816 :
3055 5774 3106 5816 et
3130 5765 3383 5825 intratam,
3408 5766 3668 5827 eruendas,
3695 5764 3780 5819 ha-

2193 5828 2327 5887 bent,
2351 5828 2590 5876 emendos.

2260 5890 2279 5920 ³
2312 5886 2497 5943 Aliquot
2522 5896 2648 5941 Mss.
2672 5888 2721 5940 in
2745 5888 3080 5943 blasvhemiam
3109 5886 3386 5951 fornicante.
