4078 6516
318 454 417 511 δὶθ

316 582 346 623 ι
369 568 564 639 quibus
583 571 880 626 esurientes
904 576 1212 641 pascuntur,
1240 564 1366 620 nudi
1394 562 1713 628 vestiuntur,
1744 575 1901 629 pere—

317 658 449 729 grini
478 659 865 729 suscipiuntur,
897 658 1093 729 captivi
1123 656 1473 720 redimuntur,
1506 651 1748 708 ecclesia:
1776 664 1905 704 con-

316 751 632 805 struuntur?
658 749 769 807 Cur
792 752 937 807 enim
966 765 1072 806 non
1100 748 1230 803 ﬁant
1257 749 1345 802 illa
1373 747 1509 801 mala
1540 753 1755 814 propter
1789 741 1906 796 hanc

318 841 477 910 bona,
510 843 556 898 si
586 852 805 914 propter
828 843 945 899 hmc
982 844 1122 899 bona
1148 857 1249 897 nec
1274 840 1364 895 illa
1403 847 1527 893 sunt
1555 836 1727 893 mala?
1754 835 1901 890 Jam-

316 950 443 990 vero
465 936 511 991 si
532 937 725 1006 aliqua:
755 935 1046 991 immundae
1070 942 1125 990 et
1148 934 1338 989 divites
1370 931 1581 987 feminae.
1618 929 1901 984 videantur

318 1037 589 1083 amatores
612 1036 667 1082 et
692 1035 1025 1097 stupratores
1068 1040 1194 1081 suos
1241 1026 1457 1094 insuper
1497 1023 1770 1086 dilaturos;
1812 1035 1909 1075 cur

318 1132 422 1171 non
454 1126 509 1173 et
536 1118 633 1175 has
650 1129 825 1189 partes
840 1128 1001 1188 atque
1026 1126 1169 1173 artes
1190 1117 1445 1186 suscipiat
1467 1116 1548 1170 vir
1572 1112 1899 1177 misericors,

317 1209 513 1279 quibus
543 1225 641 1281 pro
682 1221 788 1266 tam
837 1211 977 1266 bona
1018 1224 1181 1266 causa
1210 1218 1410 1276 utatur,
1442 1216 1501 1263 ut
1527 1207 1723 1262 habeat
1763 1204 1904 1259 unde
1952 1198 1955 1199 ⁷

321 1301 681 1372 indigentibus
708 1303 993 1374 largiatur;
1018 1318 1118 1358 nec
1156 1301 1338 1356 audiat
1364 1299 1679 1370 Apostolum
1722 1297 1907 1351 dicen—

320 1402 452 1461 tem,
485 1394 588 1463 Qui
616 1396 900 1466 furabatur,
926 1398 1041 1467 jam
1066 1412 1166 1450 non
1191 1395 1420 1463 furatur;
1446 1392 1607 1464 magis
1630 1401 1799 1445 autem
1830 1391 1908 1444 la-

319 1485 457 1541 ὕοι-ει
480 1503 697 1557 operaus
722 1489 955 1542 manibus
980 1488 1085 1541 suis
1114 1486 1318 1552 bonum,
1362 1493 1416 1539 ut
1457 1484 1634 1538 habeat
1657 1482 1791 1536 unde
1816 1481 1908 1535 tri-

318 1581 469 1635 buere
491 1582 507 1612 ¹
536 1582 620 1635 cui
646 1598 774 1652 epus
800 1590 871 1635 est
898 1580 1116 1651 (Ep/tes.
1162 1594 1239 1644 tv,
1291 1576 1425 1651 28)?
1465 1576 1522 1632 Si
1560 1576 1774 1647 quidem
1805 1589 1909 1629 non

320 1672 495 1733 solum
528 1673 701 1742 ipsum
729 1672 948 1741 furtum,
980 1687 1168 1727 verum
1215 1672 1375 1726 etiam
1422 1670 1611 1724 falsum
1665 1669 1909 1722 testimo-

321 1763 490 1826 nium,
524 1769 579 1816 et
604 1761 946 1828 adulterium,
991 1770 1046 1817 et
1073 1775 1235 1817 omne
1263 1774 1398 1831 opus
1425 1759 1621 1813 malum
1655 1773 1760 1811 non
1806 1758 1910 1812 erit

322 1852 547 1918 malum,
578 1851 672 1907 sed
703 1851 921 1913 bonum.
965 1852 1012 1907 si
1054 1867 1114 1907 ea
1144 1866 1304 1907 causa
1334 1858 1689 1923 perpetretur,
1740 1857 1797 1903 ut
1838 1849 1909 1902 sit

321 1941 465 1997 unde
486 1941 577 1996 fiat
594 1941 817 1997 bonum.
844 1942 977 2011 Quis
1003 1942 1103 1997 ista
1126 1941 1286 2007 dicat,
1310 1941 1410 1995 nisi
1434 1941 1523 2011 qui
1546 1955 1632 1994 res
1652 1940 1912 1994 humanas

321 2048 621 2104 omnesque
649 2042 872 2089 conatur
889 2049 1068 2089 mores
1092 2034 1346 2103 legesque
1383 2030 1733 2087 subvertere?
1758 2029 1912 2098 Quod

323 2126 466 2180 enim
488 2125 966 2181 sceleratissimum
990 2125 1216 2190 facinus,
1246 2124 1387 2195 quod
1419 2123 1784 2193 turpissimum
1812 2121 1912 2175 lla-

321 2217 534 2286 gitium,
558 2217 701 2286 quod
744 2217 1117 2288 impiissimum
1169 2216 1507 2286 sacrilegium
1557 2231 1663 2269 non
1709 2214 1916 2269 dicatur

322 2323 479 2378 posse
508 2309 624 2372 fieri
654 2318 803 2365 recte
826 2317 987 2379 atque
1006 2308 1179 2379 juste;
1210 2322 1309 2363 nec
1337 2307 1554 2377 impune
1581 2316 1809 2371 tantum,
1830 2321 1918 2361 ve-

320 2416 435 2454 rum
466 2400 629 2455 etiam
657 2400 910 2470 gloriose,
939 2408 999 2454 ut
1022 2400 1075 2453 in
1106 2413 1172 2454 co
1203 2396 1578 2469 perpetrando,
1601 2411 1707 2452 non
1729 2396 1904 2451 solum

321 2492 585 2562 supplicia
615 2492 758 2546 nulla
796 2492 1105 2556 timeantur,
1130 2489 1224 2546 sed
1245 2497 1530 2559 sperentur
1555 2496 1611 2544 et
1647 2487 1870 2559 praemia
1895 2504 1909 2542 :

321 2584 364 2641 si
407 2585 581 2640 semel
610 2585 1036 2640 concesserimus
1081 2585 1134 2640 in
1177 2583 1426 2638 omnibus
1465 2582 1620 2637 malis
1664 2580 1916 2651 operibus

324 2672 604 2731 hominum
630 2675 751 2731 ideo
775 2690 881 2731 non
908 2675 1035 2746 quid
1063 2674 1175 2743 ﬁat,
1205 2674 1303 2730 sed
1326 2688 1492 2744 quare
1518 2673 1610 2727 ﬁat
1634 2687 1754 2728 esse
1774 2686 1918 2740 qua:-

324 2766 586 2833 rendum;
620 2776 676 2823 ut
696 2783 1050 2839 quaecumque
1076 2774 1297 2837 propter
1340 2766 1508 2820 bonas
1550 2779 1740 2820 causas
1780 2764 1917 2818 facta

326 2855 694 2926 inveniuntur,
723 2874 823 2914 nec
853 2858 967 2929 ipsa
995 2859 1135 2914 mala
1162 2872 1282 2913 esse
1302 2855 1644 2927 judicentur?
1672 2857 1741 2909 At
1766 2855 1809 2909 si
1832 2854 1918 2924 ju-

325 2949 464 3003 stitia
496 2950 694 3004 merito
714 2951 867 3019 punit
895 2950 1089 3017 furem,
1125 2949 1286 3009 etiam
1315 2948 1406 3019 qui
1431 2948 1630 3003 dixerit
1652 2955 1708 3003 et
1733 2954 1918 3001 osten-

326 3042 461 3099 derit
484 3043 610 3099 ideo
634 3060 696 3101 se
720 3044 1049 3100 subtraxisse
1071 3043 1337 3114 superflua
1364 3041 1535 3109 diviti,
1567 3048 1627 3096 ut
1652 3039 1920 3111 prteberet

326 3138 634 3193 necessaria
660 3137 916 3208 pauperi;
948 3138 996 3192 si
1022 3137 1213 3192 merito
1234 3135 1389 3207 punit
1430 3133 1729 3200 falsarium,
1758 3132 1918 3188 etiam

325 3232 414 3302 qui
437 3248 501 3288 se
529 3231 655 3287 ideo
674 3239 1051 3287 testamentum
1075 3231 1312 3285 alienum
1331 3228 1637 3298 corrupisse
1651 3225 1917 3290 docuerit,

328 3332 384 3379 ut
406 3324 499 3381 ille
532 3324 706 3379 haeres
730 3332 875 3379 esset
898 3323 988 3394 qui
1017 3322 1251 3377 facturus
1278 3319 1401 3375 inde
1429 3319 1603 3374 fuerat
1623 3317 1921 3387 eleemosy-

328 3431 423 3471 nas
445 3417 648 3486 largas,
673 3429 780 3470 non
807 3414 897 3469 ille
933 3413 1026 3483 qui
1064 3412 1267 3477 nullas;
1296 3411 1340 3465 si
1373 3410 1564 3465 merito
1589 3408 1741 3477 punit
1766 3405 1919 3461 adul-

329 3514 530 3573 terum,
574 3507 733 3562 etiam
761 3506 851 3575 qui
886 3501 1335 3560 demonstraverit
1364 3497 1729 3555 misericordia
1758 3512 1815 3551 se
1842 3494 1923 3551 fe-

329 3599 464 3655 cisse
494 3598 845 3663 adulterium,
872 3604 929 3651 ut
956 3610 1052 3667 per
1076 3594 1220 3649 illam
1237 3608 1356 3648 cum
1375 3606 1480 3662 qua
1506 3590 1648 3657 fecit,
1665 3589 1734 3644 de
1749 3596 1923 3645 morte

330 3692 611 3746 hominem
632 3689 912 3754 liberaret;
936 3695 1229 3758 postremo,
1253 3693 1311 3739 ut
1334 3683 1401 3739 ad
1422 3698 1535 3738 rem
1555 3682 1624 3738 de
1650 3696 1753 3752 qua
1773 3695 1921 3751 quae-

328 3784 428 3839 stio
447 3791 544 3840 est
574 3781 793 3851 propius
844 3778 1183 3843 accedamus,
1215 3774 1261 3830 si
1289 3773 1482 3829 merito
1503 3773 1658 3843 punit
1683 3786 1805 3826 eum
1832 3770 1923 3841 qui

333 3875 551 3931 femina:
566 3871 732 3927 alicui
749 3867 1271 3926 Priscillianistarum
1301 3861 1644 3933 turpitudinis
1671 3862 1921 3927 consciae,

332 3975 627 4038 propterea
656 3977 717 4018 se
745 3961 1046 4017 adulterino
1072 3956 1359 4014 concubitu
1386 3954 1617 4021 miscuit,
1656 3962 1718 4010 ut
1740 3953 1806 4009 ad
1831 3968 1927 4009 ee-

331 4072 445 4113 rum
468 4054 715 4112 latebras
739 4051 1079 4122 perveniret:
1102 4048 1328 4103 obsecro
1357 4055 1428 4112 te,
1467 4060 1590 4100 cum
1619 4043 1762 4098 dicat
1783 4044 1927 4113 Apo-

331 4147 523 4213 stolus,
559 4144 678 4200 Nec
712 4141 984 4198 exhibeatis
1021 4138 1244 4194 membra
1267 4148 1430 4193 vestra
1468 4153 1613 4191 arma
1645 4135 1925 4205 iniquitatis

332 4250 537 4311 peccata
567 4238 749 4313 (Rom.
776 4251 849 4303 vt,
876 4234 997 4307 13);
1026 4242 1081 4290 et
1107 4233 1228 4289 ideo
1254 4246 1354 4287 nec
1376 4246 1587 4298 manus,
1616 4245 1717 4285 nec
1742 4245 1927 4299 corpo-

332 4335 406 4389 ris
431 4331 718 4405 genitalia,
758 4342 860 4383 nec
898 4326 999 4380 alia
1027 4323 1270 4380 membra
1303 4322 1515 4393 ﬂagitiis
1545 4322 1799 4377 exhibere
1827 4320 1926 4375 de-

337 4425 589 4489 beamus,
624 4429 683 4476 ut
726 4416 1152 4476 Priscillianistas
1194 4414 1434 4470 invenire
1476 4414 1769 4483 possimus;
1802 4411 1928 4483 quid

332 4531 431 4572 nos
449 4517 663 4587 lingua,
687 4510 815 4584 quid
840 4517 1008 4565 totum
1032 4522 1094 4564 os
1114 4505 1526 4576 nostrum,quid
1551 4520 1809 4577 organum
1836 4519 1931 4561 vo-

331 4612 410 4666 cis
437 4605 691 4671 olfendit,
717 4613 777 4659 ut
805 4603 920 4657 inec
945 4600 1293 4657 exhibeamus
1320 4613 1468 4654 arma
1486 4608 1728 4670 peccato,
1754 4607 1929 4656 tante-

332 4717 435 4772 que
477 4695 851 4771 peccato,_ubi
894 4694 1061 4749 Deum
1101 4700 1367 4758 nostrum,
1407 4700 1469 4745 ut
1499 4690 1930 4747 Priscillianistas

331 4792 714 4863 apprehensus
756 4787 825 4842 ab
862 4784 1173 4856 ignorantia:
1216 4782 1561 4852 blasphemiis
1615 4785 1927 4851 eruamus’,

333 4884 449 4939 sine
478 4877 838 4937 excusatione
862 4874 1175 4947 ignorantia:
1197 4872 1660 4943 blasphememus?

404 4970 647 5029 CAPUT
691 4967 822 5023 V'lll.
860 4995 932 5007 ——
971 4965 1058 5021 i9.
1087 4964 1354 5019 Peccatum
1398 4980 1504 5018 esse
1550 4980 1612 5019 ea:
1658 4965 1934 5020 intentione

335 5063 480 5117 aliud
526 5060 638 5116 alio
687 5056 878 5122 levius;
915 5072 1017 5110 non
1062 5064 1228 5109 tamen
1270 5054 1556 5125 faciendum
1593 5054 1768 5120 levius,
1798 5056 1941 5127 quod,

334 5172 474 5227 sirpe
503 5150 723 5207 alterius
748 5148 1170 5221 generispeccato
1194 5146 1395 5217 gravius
1418 5156 1511 5201 est.
1538 5145 1685 5201 Dicet
1708 5147 1930 5217 aliquis:

338 5247 483 5317 Ergo
504 5240 805 5314 mquandus
833 5248 916 5294 est
943 5238 1029 5294 fur
1061 5236 1281 5309 quilibet
1304 5237 1353 5292 ei
1379 5236 1481 5292 furi
1510 5237 1599 5306 qui
1626 5238 1934 5293 misericor-

335 5337 441 5393 dia:
470 5335 758 5391 voluntate
801 5329 1039 5385 furatur?
1067 5329 1196 5396 Quis
1224 5329 1327 5384 hoc
1353 5328 1579 5384 dixerit?
1607 5328 1714 5385 Sed
1744 5330 1934 5385 borum

336 5428 575 5483 duorum
610 5440 717 5479 non
746 5423 867 5478 ideo
897 5432 979 5478 est
1006 5423 1283 5495 quisquam
1309 5420 1500 5486 bonus,
1531 5420 1656 5490 quia
1684 5420 1834 5491 pejor
1856 5429 1938 5476 est

339 5534 503 5574 unus.
544 5516 710 5586 Pejor
748 5523 832 5569 est
872 5514 1012 5568 enim
1055 5512 1146 5583 qui
1186 5510 1631 5581 concupiscendo,
1661 5526 1818 5580 quam
1846 5510 1936 5582 qui

340 5606 663 5671 miserando
683 5604 891 5660 furatur
915 5622 929 5659 :
951 5604 1045 5659 sed
1066 5603 1112 5659 si
1140 5602 1337 5659 furtum
1359 5617 1517 5658 omne
1538 5610 1809 5672 peccatum
1831 5612 1936 5670 est,

340 5704 409 5763 ab
436 5702 594 5757 omni
628 5699 767 5755 furto
798 5708 879 5755 est
906 5697 1299 5754 abstinendum.
1325 5697 1454 5767 Quis
1480 5688 1633 5771 enim
1650 5697 1790 5753 dicat
1819 5711 1939 5753 esse

406 5842 422 5868 ι
462 5838 543 5885 ste
566 5842 679 5885 Mss.
700 5834 819 5883 editi
842 5841 978 5892 vero,
1003 5832 1131 5885 unde
1152 5830 1344 5884 tribuat.

408 5902 439 5937 ⁸·
462 5899 560 5952 wli
588 5897 1003 5956 oditj,serremus.

1727 441 1929 497 LIBER
1968 440 2167 499 UNUS.

3499 457 3606 513 530

2016 560 2366 634 peccandum,
2388 563 2596 620 etiamsi
2622 566 2764 622 aliud
2786 569 2853 623 sit
2874 567 3207 636 damnabile,
3223 570 3365 627 aliud
3393 576 3602 630 vemale

2012 654 2324 721 peccatum?
2354 654 2508 711 Nunc
2549 666 2725 713 autem
2765 661 3051 729 quaerimus
3072 702 3090 729 ,
3120 662 3165 717 si
3188 662 3308 719 .Ahoc
3348 675 3438 721 aut
3470 663 3601 721 illud

2011 747 2238 818 quisque
2260 748 2462 817 fecerit,
2485 750 2603 821 quis
2630 766 2733 804 non
2762 752 3024 820 peccabit,
3051 754 3163 808 sive
3189 756 3464 825 peccabit;
3490 773 3600 811 non

2010 838 2132 907 quis
2156 840 2370 909 gravius
2400 841 2637 895 leviusve
2665 843 2921 911 peccabit.
2948 843 3079 897 Nam
3123 854 3176 899 et
3216 847 3325 916 ipsa
3359 847 3497 902 furta
3526 848 3603 902 le-

2011 931 2130 985 vius
2157 933 2339 1002 utique
2367 936 2656 1003 puniuntur
2679 935 2816 1004 lege,
2840 951 3000 1005 quam
3024 946 3205 1008 stupra
3231 956 3243 990 :
3266 948 3389 993 sunt
3417 948 3597 993 autem

2012 1032 2237 1093 utraque
2261 1034 2496 1094 peccata,
2524 1027 2769 1097 quamvis
2795 1026 2897 1079 alia
2937 1026 3153 1092 leviora,
3184 1028 3283 1082 alia
3313 1030 3597 1098 graviora;

2014 1114 2087 1169 ita
2129 1124 2188 1170 ut
2227 1116 2396 1172 levius
2436 1117 2693 1173 habeatur
2734 1117 2931 1172 furtum
2970 1120 3119 1188 quod
3148 1121 3595 1191 concupiscendo,

2012 1221 2171 1275 quam
2204 1215 2445 1277 stuprum
2473 1208 2616 1279 quod
2643 1209 3009 1265 subveniende
3029 1211 3394 1266 committitur.
3424 1214 3475 1266 lu
3500 1230 3599 1269 suo

2012 1299 2207 1369 quippe
2235 1314 2431 1369 genere
2468 1299 2587 1355 aliis
2616 1298 2856 1369 ejusdem
2887 1302 3098 1371 generis
3126 1302 3360 1372 peccatis
3400 1303 3599 1358 leviora

2016 1390 2165 1457 fiunt,
2193 1408 2311 1462 qua:
2342 1391 2485 1448 bene
2516 1391 2698 1448 animo
2718 1378 2971 1447 videntur
2997 1393 3238 1459 admitti;
3269 1409 3389 1450 eum
3422 1403 3601 1452 tamen

2015 1494 2068 1538 et
2094 1485 2205 1553 ipsa
2236 1484 2456 1539 alterius
2483 1485 2699 1556 generis
2727 1485 2963 1556 peccatis
3003 1486 3118 1554 ipse
3156 1500 3253 1540 suo
3288 1501 3482 1555 genere
3525 1487 3603 1542 lea

2015 1576 2255 1631 vioribus
2282 1576 2618 1632 inveniantur
2644 1592 2765 1634 esse
2794 1579 3056 1647 graviora.
3089 1576 3315 1632 Gravius
3343 1586 3426 1631 cst
3455 1579 3601 1632 enim

2015 1668 2268 1735 avaritia,
2301 1685 2460 1739 quam
2500 1670 2863 1725 misericordia
2898 1669 3092 1725 furtum
3126 1669 3333 1734 facere;
3368 1670 3604 1739 itemque

2017 1769 2258 1831 stuprum
2285 1760 2500 1832 gravius
2527 1770 2610 1817 est
2639 1762 2868 1826 luxuria,
2899 1776 3056 1831 quam
3087 1762 3447 1817 misericordia
3479 1776 3603 1831 per-

2018 1864 2228 1924 petrare
2246 1873 2260 1908 :
2280 1863 2332 1910 et
2358 1864 2531 1911 tamen
2554 1856 2763 1926 gravius
2786 1865 2867 1910 est
2887 1855 3184 1909 adulterare
3210 1854 3597 1920 misericordia,

2017 1960 2178 2016 quam
2220 1947 2380 2001 furari
2422 1946 2659 2001 avaritia.
2685 1947 2865 2014 Neque
2892 1961 3033 2000 nunc
3061 1947 3235 2016 agitur
3260 1945 3387 2016 quid
3417 1948 3487 1999 sit
3520 1946 3598 1998 ie-

2018 2039 2134 2093 vius
2158 2038 2270 2093 sive
2297 2039 2530 2109 gravius,
2560 2039 2653 2094 sed
2682 2055 2800 2109 qua}
2825 2040 2930 2094 sint
2964 2048 3182 2109 peccata
3212 2039 3297 2094 vel
3328 2052 3430 2092 non
3472 2038 3597 2092 sint.

2018 2127 2187 2182 Nemo
2210 2128 2352 2184 enim
2379 2128 2573 2184 dixerit
2602 2128 2848 2184 debuisse
2878 2129 3104 2198 peccari,
3135 2127 3222 2183 ubi
3245 2136 3453 2183 constat
3482 2142 3601 2182 esse

2020 2229 2295 2291 peccatum
2328 2239 2341 2275 :
2374 2221 2467 2276 sed
2494 2220 2690 2276 debere
2721 2221 2968 2287 dicimus,
3006 2221 3050 2275 si
3092 2220 3162 2274 ita
3191 2219 3277 2275 vel
3316 2220 3386 2275 ita
3417 2233 3602 2289 pecca-

2021 2320 2131 2365 tum
2158 2320 2256 2375 est,
2282 2311 2481 2381 ignosci
2512 2312 2595 2367 vel
2625 2328 2728 2365 non
2760 2312 2984 2383 ignosci.

2089 2401 2317 2458 CAPUT
2354 2402 2446 2458 IX.
2473 2432 2545 2444 —-
2568 2403 2657 2458 20.
2688 2402 2907 2457 Peccata
2944 2401 3315 2473 compensativa
3357 2418 3445 2455 nec
3489 2400 3601 2468 ipsa

2020 2493 2330 2547 admittenda
2358 2510 2479 2548 esse.
2500 2492 2715 2547 Factum
2733 2494 2863 2547 Loth
2892 2492 3147 2561 o/I‘erentis
3174 2494 3308 2562 ﬁlias
3334 2509 3454 2547 suas
3479 2509 3599 2546 con-

2020 2584 2387 2654 stupratoribus
2416 2583 2713 2639 Sodomitis.
2747 2583 3054 2653 Exemplum
3089 2583 3222 2639 Lotlt
3263 2586 3441 2641 timore
3482 2593 3602 2638 tunc

2021 2676 2298 2746 perturbati
2334 2692 2433 2730 non
2478 2676 2795 2729 imitandum.
2837 2676 2947 2730 Nec
2977 2678 3259 2747 exemplum
3288 2677 3453 2730 David
3497 2694 3603 2747 pra:

2020 2769 2100 2823 ira
2122 2770 2370 2839 jurantis.
2403 2769 2537 2835 Quid
2562 2769 2752 2835 David,
2791 2770 2971 2840 quidve
3008 2770 3105 2840 ipsi
3144 2768 3273 2823 Loth
3319 2770 3602 2839 faciendum

2022 2862 2207 2933 fuerat.
2226 2861 2358 2917 Loth
2378 2879 2409 2915 ιι
2434 2872 2634 2933 peccato
2655 2863 2855 2933 defendi
2871 2863 3120 2932 quomodo
3140 2863 3223 2917 via:
3244 2864 3417 2932 possit.
3442 2862 3603 2915 Facta

2022 2971 2055 3009 a
2092 2955 2277 3009 sanctis
2321 2972 2425 3009 non
2464 2955 2635 3009 omnia
2680 2955 2733 3008 in
2774 2971 2936 3009 mores
2982 2954 3351 3023 transferenda.
3380 2954 3599 3018 Verum,

2022 3047 2166 3120 quod
2213 3047 2487 3104 fatendum
2535 3056 2639 3114 est,
2685 3048 2757 3102 ita
2802 3047 3065 3102 humanos
3108 3047 3314 3104 animos
3362 3048 3602 3118 qumdam

2023 3140 2421 3211 compensativa
2451 3148 2669 3209 peccata
2708 3140 3045 3209 perturbant,
3078 3148 3136 3193 ut
3165 3139 3322 3194 etiam
3357 3148 3609 3209 putentur

2024 3229 2221 3286 debere
2248 3229 2476 3296 laudari,
2506 3244 2569 3284 ac
2613 3230 2789 3300 potius
2827 3238 2970 3284 recte
3009 3228 3147 3284 facta
3183 3230 3445 3284 dicantur.
3480 3230 3610 3297 Quis

2024 3320 2167 3375 enim
2210 3319 2417 3375 dubitet
2454 3334 2576 3376 esse
2618 3320 2818 3389 grande
2855 3329 3163 3391 peccatum,
3197 3321 3240 3374 si
3280 3330 3431 3390 pater
3473 3320 3608 3375 filias

2025 3423 2151 3465 suas
2189 3410 2472 3479 prostituat
2515 3409 2955 3464 fornicationibus
2989 3410 3309 3478 impiorum?
3337 3411 3402 3464 Et
3433 3421 3606 3464 tamen

2027 3500 2230 3556 exstitit
2255 3515 2414 3556 causa
2444 3515 2548 3571 qua
2572 3500 2676 3556 hoc
2702 3501 2782 3555 vir
2802 3500 2977 3570 justus
2996 3500 3192 3555 debere
3212 3514 3269 3554 se
3298 3500 3471 3555 facere
3497 3502 3609 3555 exi.

2026 3590 2295 3657 stimaret,
2330 3591 2545 3661 quando
2575 3590 2864 3646 Sodomitas
2902 3589 3106 3646 nefario
3140 3591 3371 3645 libidinis
3410 3592 3608 3661 impetu

2027 3677 2325 3749 hospitibus
2360 3682 2476 3750 ejus
2520 3681 2811 3736 irruebant.
2835 3682 2924 3734 Ait
2950 3681 3092 3735 enim
3123 3698 3136 3733 :
3172 3681 3305 3735 Sunt
3343 3683 3468 3735 mihi
3497 3683 3609 3735 dua

2029 3770 2153 3840 ﬁlia:
2192 3786 2307 3839 qua:
2348 3787 2450 3825 non
2486 3782 2819 3841 cognoverunt
2852 3771 3012 3825 vitum
3034 3788 3053 3825 :
3078 3772 3353 3841 producam
3390 3772 3506 3826 illas
3545 3774 3612 3825 ad

2028 3877 2146 3929 vos,
2173 3870 2218 3916 et
2243 3862 2440 3919 utimini
2477 3863 2549 3917 eis
2580 3862 2829 3932 quomodo
2867 3862 3109 3933 placuerit
3142 3864 3317 3928 vobis;
3338 3872 3532 3918 tantum
3558 3866 3612 3919 in

2029 3955 2161 4009 uiros
2198 3955 2418 4010 istosne
2453 3955 2653 4026 faciatis
2686 3955 2933 4023 iniquum,
2960 3965 3222 4024 propterea
3245 3957 3363 4028 quia
3388 3957 3610 4011 intrave-

2030 4058 2149 4103 runt
2176 4048 2267 4104 sub
2297 4058 2480 4103 lectum
2512 4049 2765 4119 tignorum
2790 4063 3015 4102 meorum
3045 4045 3195 4115 (Gen.
3226 4064 3335 4113 Xlx,
3364 4048 3441 4118 8).
3475 4048 3613 4116 Quid

2032 4141 2119 4198 hic
2155 4142 2432 4197 dicemus?
2460 4141 2649 4197 Nonne
2688 4141 2757 4195 ita
2789 4140 2916 4196 illud
2956 4142 3131 4196 scelus
3161 4140 3299 4211 quod
3325 4140 3615 4197 Sodomita:

2032 4234 2330 4304 hospitibus
2349 4234 2488 4290 illius
2500 4235 2601 4289 viri
2619 4234 2746 4305 justi
2768 4233 2942 4290 facere
2963 4235 3295 4290 conabantur
3309 4234 3615 4301 horremus,

2034 4335 2093 4382 ut
2118 4327 2370 4400 quidquid
2400 4327 2552 4383 ﬁeret
2580 4342 2648 4382 ne
2677 4327 2779 4383 hoc
2806 4328 2979 4395 fieret,
3002 4327 3323 4385 arbitremur
3350 4326 3513 4383 fuisse
3541 4328 3620 4381 fa-

2033 4418 2315 4475 ciendum?
2356 4418 2531 4475 Movet
2576 4418 2735 4474 etiam
2782 4418 3014 4474 maxime
3060 4433 3287 4488 persona
3337 4417 3617 4483 facientis,

2034 4525 2154 4581 quae
2191 4510 2383 4566 merito
2416 4509 2634 4579 justitiae
2677 4509 3001 4564 liberabatur
3024 4525 3054 4565 a
3080 4509 3329 4565 Sodomis
3357 4527 3371 4564 :
3400 4519 3459 4564 ut
3487 4524 3622 4580 quo‘

2035 4602 2177 4656 uiam
2216 4601 2393 4656 minus
2422 4601 2620 4655 malum
2650 4610 2733 4655 est
2777 4600 3002 4656 feminas
3038 4617 3194 4672 quam
3229 4600 3373 4657 vires
3411 4602 3619 4671 perpeti

2035 4702 2299 4763 stuprum,
2321 4694 2483 4750 etiam
2506 4694 2606 4750 hoc
2625 4694 2691 4748 ad
2708 4694 2965 4764 justitiam
2983 4694 3111 4764 justi
3138 4694 3278 4750 illius
3299 4695 3620 4765 pertinuisse

2036 4784 2263 4851 dicatur,
2307 4786 2448 4856 quod
2492 4786 2544 4840 in
2589 4785 2800 4840 filiabus
2842 4784 2944 4840 hoc
2986 4785 3171 4839 maluit
3210 4784 3323 4839 fieri
3364 4798 3520 4854 quam
3565 4783 3616 4836 in

2038 4877 2336 4948 hospitibus
2364 4878 2507 4943 suis;
2542 4892 2646 4932 non
2687 4885 2889 4932 tantum
2918 4876 2970 4931 id
2994 4876 3182 4931 volens
3207 4874 3404 4937 animo,
3432 4888 3618 4930 verum

2038 4976 2094 5025 et
2118 4967 2350 5024 offerens
2376 4968 2562 5035 verbo,
2589 4967 2715 5022 etsi
2746 4966 2821 5021 illi
2863 4964 3068 5020 assensi
3107 4963 3330 5031 fuissent
3369 4962 3619 5029 impletu-

2040 5073 2134 5114 rus
2160 5066 2216 5113 et
2241 5057 2400 5112 facto.
2426 5056 2532 5113 Sed
2562 5057 2609 5111 si
2636 5056 2772 5111 hanc
2800 5053 3033 5124 peccatis
3068 5050 3433 5121 aperuerimus
3459 5052 3619 5118 viam,

2041 5158 2101 5202 ut
2142 5149 2536 5203 committamus
2562 5148 2767 5201 minora
2794 5161 2863 5201 ne
2890 5145 2978 5200 alii
3009 5144 3209 5215 majora
3249 5143 3621 5209 committant;

2042 5239 2150 5293 lato
2176 5238 2364 5304 limite,
2394 5239 2503 5294 imo
2527 5238 2677 5293 nullo
2700 5237 2885 5303 limite,
2915 5236 3011 5291 sed
3041 5234 3308 5291 convulsis
3328 5243 3383 5289 et
3405 5235 3625 5290 remotis

2044 5332 2291 5387 omnibus
2317 5329 2558 5384 terminis
2586 5328 2792 5383 inﬁnito
2817 5327 2988 5397 spatio
3014 5335 3203 5382 cuncta
3244 5319 3519 5381 intrabunt
3542 5334 3627 5379 at-

2044 5437 2149 5494 que
2170 5420 2482 5491 regnabunt.
2505 5417 2727 5487 Quando
2750 5417 2892 5473 enim
2920 5417 3079 5473 fuerit
3103 5416 3377 5472 definitum
3399 5428 3629 5486 peccan-

2046 5514 2170 5570 dum
2216 5528 2336 5568 esse
2377 5511 2579 5567 homini
2620 5509 2819 5575 minus,
2858 5524 2927 5564 ne
2965 5507 3102 5563 alius
3140 5514 3325 5577 peccet
3361 5504 3623 5575 amplius;

2047 5603 2284 5676 profecto
2325 5611 2381 5659 et
2419 5600 2572 5659 furtis
2610 5599 2808 5656 nostris
2846 5608 3030 5669 stupra
3070 5597 3404 5657 cavebantur
3428 5594 3625 5655 aliena.

2048 5704 2103 5752 et
2126 5696 2326 5751 incesta
2352 5692 2585 5762 stupris;
2607 5698 2662 5747 et
2686 5691 2730 5745 si
2756 5704 2861 5761 qua
2887 5689 3133 5759 impietas
3153 5686 3265 5743 visa
3291 5685 3449 5747 fuerit
3466 5683 3643 5740 etiam

2052 5788 2201 5859 pejor
2250 5786 2500 5853 incestis,
2542 5784 2743 5840 incesta
2789 5797 3001 5854 quoque
3040 5779 3279 5837 facienda
3318 5779 3558 5834 dicentur
3594 5790 3641 5833 ηε

2054 5880 2228 5947 nobis,
2260 5880 2304 5936 si
2331 5895 2397 5936 eo
2424 5878 2582 5935 modo
2614 5877 2698 5952 agi
2725 5876 3029 5947 potuerint,
3051 5883 3107 5930 ut
3134 5873 3220 5937 illa
3249 5868 3493 5943 impietas
3512 5882 3645 5930 nan,
