4078 6504
469 450 565 507 531
1494 439 1769 497 CONTRA
1810 434 2232 503 MENDACIUM,
2275 437 2335 494 S.
2378 434 2744 493 AUGUSTINI

466 563 831 621 committatur
856 560 925 615 ab
954 558 1109 614 aliis:
1138 565 1192 613 et
1221 556 1273 612 in
1304 554 1525 626 singulis
1554 553 1851 623 quibusque
1887 564 2055 621 gene-

468 657 619 711 ribus
650 662 1013 725 peccatorum,
1049 660 1105 707 et
1144 650 1281 705 furta
1322 663 1421 720 pro
1466 647 1637 710 furtis,
1666 654 1721 700 et
1749 654 1932 713 stupra
1963 656 2058 712 pro

467 749 688 819 stupris,
711 755 767 803 et
796 747 997 801 incesta
1026 760 1124 815 pro
1150 742 1389 807 incestis,
1417 749 1471 796 et
1510 737 1786 807 sacrilegia
1826 751 1925 805 pro
1969 749 2058 788 sa-

470 840 704 912 crilegiis
729 838 971 895 facienda
1002 838 1326 908 putabuntur
1350 854 1363 889 :
1388 843 1565 889 nostra
1600 846 1697 903 pro
1719 830 1929 893 alienis,
1954 844 2058 882 non

470 933 643 987 solum
675 932 880 986 minora
906 946 1004 1003 pro
1032 927 1342 999 majoribus,
1372 938 1555 979 verum
1587 922 1748 977 etiam
1776 920 1821 974 si
1851 918 1917 972 ad
1946 918 2058 987 ipsa

468 1041 680 1082 summa
718 1034 774 1081 et
812 1026 1043 1095 pessima
1080 1023 1343 1085 veniatur,
1374 1017 1621 1088 pauciora
1651 1028 1750 1085 pro
1785 1012 2059 1083 pluribus;

469 1120 516 1174 si
545 1134 604 1175 se
642 1119 719 1174 ita
747 1133 926 1174 rerum
961 1125 1141 1171 verset
1181 1113 1447 1176 incursus,
1479 1118 1538 1165 ut
1564 1108 1721 1163 aliter
1749 1107 1838 1161 alii
1868 1119 1972 1160 non
2003 1119 2063 1159 se

473 1211 779 1266 abstineant
796 1224 826 1263 a
847 1207 1104 1279 peccatis,
1128 1204 1230 1261 nisi
1252 1204 1426 1259 minus
1444 1201 1739 1272 aliquanto,
1762 1197 1856 1254 sed
1883 1204 2061 1251 tamen

470 1302 817 1374 peccantibus
829 1299 1007 1363 nobis;
1025 1300 1095 1353 ita
1108 1305 1165 1353 ut
1180 1296 1399 1353 omnino
1420 1294 1507 1349 ubi
1520 1289 1970 1348 dixeritiuimicus
1986 1285 2061 1358 (α)

472 1393 564 1464 qui
594 1390 839 1448 habuerit
865 1389 1169 1460 hujusmodi
1197 1394 1514 1458 potestatem
1542 1384 1586 1449 ί,
1609 1382 1721 1437 Nisi
1752 1390 1806 1436 tu
1835 1380 2064 1435 scelera-

476 1494 564 1539 tus
594 1482 778 1549 fueris,
809 1496 909 1551 ego
938 1480 1249 1535 sceleratior
1276 1492 1393 1541 ero,
1424 1483 1516 1530 aut
1543 1474 1644 1529 nisi
1673 1483 1728 1527 tu
1757 1472 1859 1526 hoc
1886 1470 2063 1525 scelus

475 1574 690 1639 feceris,
714 1589 813 1645 ego
840 1573 962 1627 talia
987 1572 1137 1643 plura
1164 1570 1351 1625 faciam
1373 1586 1387 1633 ;
1411 1567 1587 1622 scelus
1617 1564 1769 1619 nobis
1790 1562 2064 1617 videamur

472 1666 781 1733 admittere,
816 1664 861 1719 si
899 1663 1124 1718 velimus
1154 1660 1223 1716 ab
1251 1660 1455 1716 scelere
1483 1668 1801 1727 temperare.
1832 1654 1945 1709 lloc
1976 1668 2063 1707 sa-

471 1772 605 1829 pere
645 1756 772 1827 quid
808 1765 909 1822 est,
953 1754 1053 1809 nisi
1094 1753 1361 1821 desipere,
1390 1750 1475 1806 vel
1506 1750 1681 1820 potius
1722 1746 1990 1802 insanire?
2021 1746 2065 1799 A

478 1862 597 1902 mea
619 1847 814 1917 quippe
839 1846 1138 1916 iniquitate,
1163 1859 1270 1898 non
1298 1843 1365 1897 ab
1390 1843 1579 1904 aliena,
1609 1842 1721 1895 sive
1746 1840 1796 1894 in
1822 1853 1929 1905 me,
1953 1837 2065 1893 sive

477 1939 531 1993 in
561 1939 696 1994 alios
715 1946 1039 2010 perpetrata,
1063 1935 1193 1991 mihi
1214 1945 1297 1990 est
1318 1933 1552 1989 cavenda
1574 1930 1863 1987 damnatio.
1882 1929 2066 1983 Anima

474 2033 618 2089 enim
646 2048 759 2103 qua:
783 2031 1081 2102 peccaverit,
1104 2031 1217 2101 ipsa
1243 2029 1483 2083 morietur
1513 2025 1723 2099 (Ezeclt.
1750 2039 1899 2091 xvm,
1932 2020 2009 2091 4).

548 2124 639 2177 9.1.
679 2124 736 2179 Si
765 2138 894 2193 ergo
934 2137 1154 2193 peccare
1174 2163 1189 2189 ,
1231 2137 1297 2176 ne
1331 2120 1547 2191 gravius
1576 2118 1659 2173 vel
1689 2118 1741 2171 in
1771 2132 1869 2171 nos
1895 2116 1981 2170 vel
2012 2116 2064 2170 in

474 2216 749 2286 quoslibet
787 2216 877 2269 alii
920 2223 1165 2285 peccent,
1198 2212 1383 2283 procul
1424 2212 1585 2267 dubio
1628 2225 1730 2265 non
1769 2209 2060 2274 debemus;

477 2307 925 2363 considerandum
943 2318 1024 2362 est
1051 2307 1100 2360 in
1124 2321 1189 2361 eo
1208 2304 1347 2376 quod
1372 2303 1667 2369 fecitLotli,
1688 2311 1862 2357 utrum
1886 2316 2066 2356 exem-

478 2399 625 2470 plum
664 2399 734 2454 sit
772 2398 911 2469 quod
953 2398 1169 2462 imitari,
1200 2414 1267 2452 an
1292 2396 1470 2467 potius
1496 2395 1639 2465 quod
1667 2396 1833 2449 vitare
1871 2392 2068 2448 debea-

478 2507 618 2546 mus.
634 2490 795 2561 Magis
815 2490 956 2545 enim
975 2489 1180 2544 videtur
1204 2488 1513 2543 intuendum
1539 2498 1591 2541 et
1613 2485 1923 2548 notandum,
1944 2499 2065 2539 cum

477 2592 585 2637 tam
626 2582 952 2638 horrendum
991 2582 1188 2636 malum
1227 2598 1297 2636 ex
1339 2582 1611 2652 impietate
1655 2581 2065 2651 flagitiosissima

475 2673 873 2729 Sodomitarum
902 2674 1013 2728 suis
1042 2672 1375 2743 impenderet
1397 2672 1714 2740 hOSpitibus,
1740 2671 1882 2740 quod
1905 2686 2067 2741 cupe-

474 2773 559 2819 ret
576 2764 866 2835 depellere,
886 2780 983 2819 nec
1006 2764 1226 2829 valeret,
1256 2763 1333 2817 sic
1356 2764 1516 2817 etiam
1544 2762 1671 2832 justi
1698 2762 1936 2817 animum
1964 2777 2066 2833 po-

475 2857 646 2913 tuisse
674 2857 895 2922 turbari,
934 2864 992 2911 ut
1019 2856 1181 2912 vellet
1211 2855 1383 2910 facere
1419 2855 1561 2925 quod
1604 2871 1709 2909 non
1748 2855 1962 2908 humani
2003 2854 2068 2908 ti-

473 2948 645 3004 moris
672 2948 930 3004 nebulosa
960 2954 1268 3017 tempestas,
1301 2946 1395 3001 sed
1424 2946 1587 3001 divini
1614 2945 1752 3015 juris
1784 2944 2067 3017 tranquilla

475 3039 760 3105 serenitas,
800 3040 847 3094 si
885 3038 1194 3094 consulatur
1216 3053 1246 3092 a
1272 3038 1447 3103 nobis,
1484 3036 1783 3093 faciendum
1814 3052 1919 3093 non
1947 3053 2068 3094 esse

476 3131 765 3196 clamabit;
794 3138 855 3186 et
873 3129 1081 3200 jubebit
1120 3130 1297 3200 potius
1326 3138 1385 3185 ut
1412 3129 1490 3185 sic
1517 3139 1699 3184 nostra
1730 3138 1945 3199 peccata
1974 3146 2068 3185 ca-

475 3236 716 3288 veamus,
737 3237 804 3277 ne
848 3221 1078 3275 ullorum
1124 3236 1343 3291 prorsus
1384 3221 1679 3277 alienorum
1728 3231 2065 3292 peccatorum

480 3314 675 3369 timore
695 3328 999 3384 peccemus.
1024 3314 1209 3368 Aliena
1235 3314 1431 3384 quippe
1457 3315 1544 3369 ille
1566 3316 1649 3370 vir
1670 3315 1845 3385 justus
1878 3316 2070 3372 timeu-

478 3405 551 3458 do
573 3414 809 3475 peccata,
833 3420 951 3475 qure
970 3404 1069 3458 nisi
1091 3406 1489 3460 consentientes
1514 3406 1790 3476 inquinare
1810 3422 1913 3461 non
1938 3422 2066 3478 pos-

478 3505 626 3562 sunt,
654 3496 990 3566 perturbatus
1019 3512 1124 3550 non
1154 3496 1381 3551 attendit
1402 3512 1580 3564 suum,
1605 3513 1711 3566 quo
1741 3498 1907 3553 voluit
1934 3500 2065 3554 sub-

480 3589 611 3643 dere
642 3589 773 3643 filias
803 3589 1107 3643 libidinibus
1135 3588 1438 3659 impiorum.
1460 3589 1585 3644 Hmc
1606 3591 1819 3659 quando
1842 3592 1893 3645 in
1917 3592 2065 3646 Scri-

481 3680 652 3749 pturis
677 3681 875 3735 sanctis
905 3680 1149 3749 legimus,
1180 3696 1284 3734 non
1326 3680 1447 3735 ideo
1480 3681 1603 3751 quia
1634 3681 1768 3736 facta
1798 3683 2068 3739 credimus

478 3769 641 3825 etiam
666 3768 907 3824 facienda
934 3769 1248 3833 credamus;
1274 3785 1341 3825 ne
1358 3770 1615 3825 violemus
1634 3780 1920 3842 praecepta,
1940 3772 2067 3827 dum

481 3862 677 3932 passim
704 3870 971 3916 sectamur
994 3860 1259 3931 exempla.
1279 3862 1358 3915 An
1380 3876 1509 3916 vero
1534 3862 1655 3932 quia
1684 3862 1881 3931 juravit
1903 3863 2069 3918 David

476 3969 539 4008 se
584 3952 887 4009 occisurum
931 3967 1052 4008 esse
1094 3951 1280 4016 Nabal,
1328 3962 1383 4007 et
1428 3953 1713 4008 clementia
1756 3954 2067 4009 considera-

476 4046 613 4100 tiore
640 4046 659 4076 '
683 4060 791 4100 non
819 4044 946 4101 fecit
970 4045 1013 4113 (Ι
1043 4045 1170 4117 Reg.
1202 4061 1336 4111 xxv,
1361 4044 1581 4117 22-35),
1612 4057 1889 4116 propterea
1918 4048 2066 4102 illum

474 4136 791 4193 imitandum
822 4152 941 4193 esse
961 4136 1223 4205 dicemus,
1253 4146 1312 4192 ut
1339 4146 1541 4193 temere
1566 4138 1806 4207 juremus
1828 4154 1923 4192 nos
1948 4153 2069 4193 esse

476 4227 731 4295 facturos,
761 4227 902 4299 quod
942 4242 1047 4282 non
1074 4242 1191 4282 esse
1218 4226 1516 4284 faciendum
1545 4238 1727 4299 postea
1754 4229 2068 4283 videamus?

478 4318 585 4375 Sed
614 4319 753 4374 sicut
779 4318 928 4373 illum
959 4319 1138 4384 timor,
1164 4327 1225 4373 ut
1252 4321 1573 4389 prostituere
1602 4320 1739 4375 tilias
1768 4322 1956 4385 vellet;
1990 4320 2068 4375 sic

481 4414 665 4479 istum,
695 4422 754 4467 ut
783 4422 981 4468 temere
1005 4412 1242 4483 juraret,
1280 4413 1357 4467 ira
1387 4414 1637 4468 turbavit.
1663 4415 1900 4485 Denique
1930 4418 1971 4469 si
2000 4415 2068 4472 de

476 4504 741 4560 ambobus
769 4504 1146 4575 interrogando
1174 4515 1232 4560 ut
1261 4505 1501 4561 dicerent
1538 4522 1633 4561 cur
1670 4507 1785 4562 hare
1824 4508 2061 4573 fecerint,

479 4599 559 4654 fas
607 4598 760 4655 nobis
810 4608 955 4655 esset
999 4599 1298 4669 inquirere,
1348 4609 1531 4670 posset
1576 4602 1666 4656 ille
1713 4601 2062 4672 respondere,

476 4691 655 4747 Timor
681 4701 728 4747 et
758 4700 943 4746 tremor
970 4702 1210 4747 venerunt
1236 4709 1389 4763 super
1416 4711 1514 4761 me,
1545 4704 1591 4748 et
1629 4705 1952 4749 contexerunt
1989 4714 2067 4749 me

476 4787 693 4842 tenebra:
730 4785 900 4856 (Psal.
926 4802 1031 4853 LIV,
1064 4785 1150 4858 6);
1178 4796 1358 4855 posset
1386 4787 1544 4843 etiam
1572 4788 1754 4843 dicere
1782 4788 1902 4856 iste,
1933 4787 2065 4843 Tur-

475 4878 624 4933 batus
644 4886 717 4932 est
737 4893 845 4949 pra:
867 4877 946 4931 ira
965 4878 1141 4931 oculus
1167 4893 1305 4933 meus
1328 4877 1499 4948 (Psal.
1524 4895 1596 4947 vr,
1622 4879 1678 4951 8)
1704 4898 1717 4933 :
1743 4889 1800 4933 ut
1827 4894 1931 4935 non
1960 4880 2063 4933 mi-

476 4984 720 5024 raremur
741 4968 823 5024 vel
844 4968 991 5024 illum
1022 4969 1075 5024 in
1104 4969 1311 5025 timoris
1333 4970 1588 5036 tenebris,
1612 4973 1696 5027 vel
1728 4973 1887 5026 istum
1908 4972 2065 5027 oculo

475 5058 690 5115 turbato
719 5074 823 5115 non
856 5059 1052 5116 vidisse
1078 5061 1219 5132 quod
1248 5060 1535 5118 videndum
1566 5062 1700 5129 fuit,
1732 5078 1801 5118 ne
1826 5062 2066 5118 facerent

468 5152 612 5222 quod
644 5150 943 5208 faciendum
974 5168 1080 5208 non
1110 5152 1229 5207 fuit.

541 5242 634 5296 22.
676 5241 746 5296 Et
790 5252 975 5298 sancto
1025 5243 1239 5313 quidem
1286 5244 1451 5299 David
1495 5244 1691 5315 justius
1734 5245 1839 5300 dici
1889 5244 2065 5315 potuit

474 5331 615 5402 quod
658 5346 761 5386 nec
799 5332 957 5388 irasci
987 5333 1190 5401 debuit,
1224 5337 1467 5405 quamvis
1506 5336 1713 5406 ingrato
1741 5346 1795 5391 et
1821 5335 2064 5391 reddenti

474 5425 615 5480 mala
646 5439 743 5494 pro
764 5424 952 5491 bonis;
976 5426 1070 5481 sed
1098 5428 1197 5482 etsi
1228 5436 1286 5481 ut
1306 5428 1504 5483 homini
1533 5431 1609 5484 ira
1637 5430 1926 5501 subrepsit,
1955 5445 2065 5485 non

471 5516 658 5585 utique
687 5522 894 5569 tantum
924 5515 1109 5571 debuit
1136 5519 1447 5587 prrevalere,
1488 5530 1547 5574 ut
1588 5536 1647 5575 se
1687 5520 1947 5576 facturum
1974 5520 2063 5590 ju-

474 5616 642 5674 raret,
671 5605 813 5677 quod
840 5615 932 5661 aut
955 5608 1226 5662 saeviendo
1256 5608 1475 5677 iaceret,
1508 5621 1598 5665 aut
1627 5612 1918 5683 pejeraudo
1956 5627 2061 5666 non

471 5701 675 5757 faceret
700 5718 714 5754 :
741 5699 818 5755 illi
844 5707 1024 5754 autem
1052 5700 1190 5754 inter
1215 5700 1527 5757 libidinosas
1552 5704 1787 5759 insanias
1816 5704 2066 5759 Sodomi-

535 5794 551 5825 ι
587 5790 807 5841 Nonnulli
829 5789 1042 5851 codices,
1064 5786 1209 5851 hujus
1231 5793 1415 5851 immiti.

536 5855 555 5919 ξ
580 5855 653 5919 sic
674 5860 781 5903 uss.
807 5858 863 5919 ῃ
884 5850 1023 5919 editi,
1048 5849 1270 5902 clcinenti
1291 5852 1687 5907 consideratione.

534 5915 608 5969 (ai
641 5922 800 5977 Forte,
823 5912 1034 5976 iniquus.

3666 441 3768 493 5'59

2168 557 2340 602 tarum
2371 547 2662 603 constituto
2688 547 2807 617 quis
2833 546 3054 602 auderet
3082 544 3284 610 dicere.
3308 546 3533 602 Etiamsi
3562 548 3637 602 tui
3665 548 3763 601 ho-

2172 641 2338 711 spites
2366 641 2419 695 in
2451 650 2537 694 tua
2564 640 2749 707 domo,
2785 654 2891 710 quo
2930 654 3024 694 eos
3067 640 3269 695 intrare
3298 638 3629 696 humanitate
3653 641 3766 694 vio-

2172 732 2464 787 lentissima
2516 731 2854 801 compulisti,
2891 730 2959 786 ab
3006 730 3293 800 impudicis
3339 731 3660 803 apprehensi
3716 743 3768 787 et

2172 822 2413 893 oppressi
2440 822 2718 877 muliebria
2741 822 3029 892 patiantur,
3047 820 3179 876 nihil
3202 822 3414 889 timeas,
3433 821 3566 877 nihil
3586 838 3765 887 cures,

2170 929 2277 968 non
2316 929 2659 984 espavescas,
2693 928 2798 968 non
2828 912 3144 980 horrescas,
3184 928 3289 968 non
3330 915 3762 969 contremiscas?

2170 1006 2288 1077 quis
2320 1008 2433 1061 haec
2461 1008 2542 1061 vel
2574 1006 2785 1060 illorum
2827 1007 3213 1061 sceleratorum
3245 1006 3423 1060 socius
3454 1006 3648 1075 hospiti
3681 1006 3769 1075 pia

2169 1101 2348 1156 dicere
2390 1099 2646 1155 auderet?
2672 1100 2777 1155 Sed
2809 1099 2969 1169 plane
3008 1099 3310 1155 rectissime
3335 1098 3624 1164 diceretur,
3656 1101 3769 1168 Age

2168 1191 2423 1263 quidquid
2451 1200 2622 1261 potes,
2656 1208 2722 1246 ne
2750 1194 2843 1245 fiat
2866 1191 3009 1261 quod
3034 1193 3229 1247 merito
3253 1192 3410 1247 times
3435 1209 3448 1245 :
3472 1191 3568 1247 sed
3585 1207 3691 1245 non
3717 1202 3770 1245 te

2172 1283 2330 1337 timor
2358 1283 2456 1338 iste
2482 1283 2787 1352 compellat,
2823 1290 2881 1337 ut
2917 1282 3081 1338 facias
3107 1283 3249 1353 quod
3296 1283 3353 1337 in
3396 1298 3457 1339 se
3501 1283 3622 1337 lilite
3663 1293 3768 1337 tua:

2171 1374 2285 1431 fieri
2328 1375 2373 1429 si
2413 1374 2699 1442 voluerint,
2745 1374 2945 1430 facient
2990 1390 3110 1429 cum
3141 1374 3434 1430 Sodomitis
3466 1383 3517 1429 te
3545 1384 3768 1430 auctore

2169 1466 2495 1538 nequitiam;
2524 1466 2570 1521 si
2593 1475 2770 1520 autem
2800 1466 3091 1533 noluerint,
3122 1466 3391 1535 patientur
3415 1481 3445 1519 a
3473 1465 3769 1521 Sodomitis

2173 1568 2224 1613 te
2269 1566 2489 1613 auctore
2532 1558 2864 1613 violentiam.
2905 1556 3023 1611 Noli
3070 1557 3251 1612 facere
3295 1571 3547 1627 magnum
3587 1556 3769 1612 scelus

2172 1660 2340 1717 tuum,
2368 1648 2494 1704 dum
2527 1650 2698 1719 majus
2728 1650 2744 1681 ⁸
2774 1648 3046 1703 horrescis
3068 1648 3300 1703 alienum
3332 1667 3345 1704 :
3376 1647 3769 1718 quantumlibet

2170 1748 2313 1801 enim
2342 1745 2505 1800 distet
2532 1744 2671 1799 inter
2702 1754 2849 1799 tuum
2877 1752 2932 1798 et
2959 1743 3217 1808 alienum,
3246 1741 3349 1798 hoc
3374 1743 3477 1797 erit
3505 1751 3678 1808 tuum,
3705 1742 3767 1796 il-

2170 1837 2258 1892 lud
2295 1837 2547 1891 alienum.
2571 1835 2682 1889 Nisi
2713 1834 2851 1889 forte
2876 1849 2973 1904 pro
3009 1833 3325 1888 defensione
3368 1832 3527 1903 hujus
3565 1832 3665 1886 viri
3711 1832 3767 1886 in

2170 1943 2263 1983 eas
2284 1942 2343 1983 se
2364 1928 2630 1998 quispiam
2654 1934 2891 1981 coarctet
2913 1926 3205 1996 angustias,
3230 1937 3287 1979 ut
3307 1924 3450 1979 dicat
3468 1944 3482 1979 :
3500 1924 3767 1991 Quoniam

2170 2022 2415 2092 accipere
2442 2036 2601 2091 quam
2636 2019 2813 2075 facere
2843 2029 3061 2089 praestat
3096 2019 3366 2088 iujuriam,
3397 2018 3637 2088 hospites
3672 2033 3769 2071 au-

2172 2120 2278 2167 tem
2322 2112 2397 2166 illi
2439 2098 2735 2166 non'erant
2771 2111 2956 2181 utique
2993 2111 3181 2165 facturi
3224 2110 3491 2180 iujuriam,
3521 2110 3612 2164 sed
3643 2124 3773 2180 pas-

2170 2203 2280 2259 suri
2303 2220 2318 2269 ;
2346 2202 2530 2257 maluit
2560 2202 2640 2257 vir
2663 2202 2839 2273 justus
2870 2201 3007 2257 filias
3033 2216 3156 2256 suas
3181 2202 3429 2271 injuriam
3455 2202 3586 2272 pati,
3607 2212 3766 2271 quam

2172 2296 2409 2365 hospites
2437 2309 2586 2361 suos,
2614 2309 2680 2350 eo
2713 2294 2833 2365 jure
2858 2309 2965 2365 quo
2995 2293 3221 2348 ﬁliarum
3248 2294 3499 2349 dominus
3532 2301 3686 2359 erat;
3714 2302 3772 2349 et

2171 2397 2393 2444 noverat
2420 2402 2528 2443 non
2555 2402 2648 2443 eas
2678 2402 2900 2457 peccare
2919 2429 2934 2452 ,
2964 2387 3007 2440 si
3039 2385 3091 2440 id
3124 2385 3295 2453 ﬁeret,
3326 2386 3451 2455 quia
3484 2393 3771 2456 peccantes

2174 2480 2368 2550 potius,
2394 2480 2592 2550 quibus
2619 2495 2726 2534 non
2752 2480 3137 2545 consentirent,
3162 2479 3279 2533 sine
3307 2488 3526 2548 peccato
3551 2479 3772 2548 proprio

2172 2572 2517 2627 sustinerent.
2550 2571 2789 2641 Denique
2817 2586 2925 2624 non
2956 2585 3017 2625 se
3050 2570 3179 2639 ipsae
3208 2568 3547 2639 stuprandas,
3584 2584 3772 2637 quam-

2170 2665 2251 2718 vis
2277 2679 2373 2733 pro
2401 2664 2655 2719 masculis
2684 2663 2927 2729 feminas,
2961 2677 3059 2733 pro
3086 2662 3190 2717 illis
3218 2661 3519 2731 hospitibus
3554 2662 3772 2715 obtule-

2171 2766 2314 2821 runt,
2342 2772 2409 2811 ne
2436 2772 2558 2811 reas
2585 2771 2678 2811 eas
2708 2756 2904 2811 faceret
2932 2771 3036 2810 non
3064 2754 3339 2825 perpessio
3364 2752 3601 2809 libidinis
3636 2754 3771 2808 alic-

2173 2866 2275 2916 um,
2296 2848 2387 2904 sed
2405 2863 2515 2903 sua:
2532 2848 2814 2902 consensio
2831 2846 3139 2901 voluntatis.
3160 2844 3275 2901 Nec
3297 2854 3446 2915 pater
3462 2860 3647 2899 earum
3665 2844 3772 2900 hoc

2172 2945 2225 2999 in
2270 2959 2330 3000 se
2373 2943 2487 2999 ﬁeri
2530 2944 2890 3013 permittebat,
2921 2957 3042 2997 cum
3086 2941 3188 2996 hoc
3228 2941 3403 2997 facere
3440 2952 3770 2997 conarentur

2171 3035 2367 3106 quibus
2406 3034 2644 3105 hospites
2689 3048 2797 3089 non
2840 3034 3131 3103 prodebat;
3160 3034 3401 3103 quamvis
3428 3034 3605 3088 minus
3636 3034 3769 3089 mali

2171 3136 2313 3182 esset
2354 3125 2497 3197 quod
2547 3126 2602 3179 in
2647 3140 2774 3188 uno,
2812 3140 2972 3195 quam
3018 3125 3062 3180 si
3106 3124 3257 3179 lieret
3301 3124 3356 3178 in
3399 3124 3772 3180 duobuszscd

2171 3227 2428 3291 quantum
2459 3227 2670 3290 poterat
2711 3216 3013 3283 resistebat,
3056 3232 3125 3272 ne
3164 3216 3338 3286 ipsum
3376 3231 3589 3287 quoque
3627 3216 3772 3273 ullus

2172 3310 2421 3380 proprius
2451 3310 2745 3363 macularet
2772 3323 3044 3373 assensus,
3072 3323 3230 3378 quem
3263 3308 3578 3363 libidinosus
3618 3308 3772 3365 furor

2172 3404 2386 3459 etiamsi
2442 3402 2811 3473 prmvaluisset
2859 3402 3104 3472 corporis
3147 3401 3385 3468 viribus,
3431 3412 3607 3457 tamen
3659 3418 3769 3456 non

2171 3495 2595 3550 consentientem
2624 3510 2729 3548 non
2759 3493 3079 3549 maculasset
3107 3493 3335 3549 alienus.
3360 3493 3417 3549 ln
3445 3494 3654 3549 liliabus
3673 3510 3773 3549 au-

2174 3597 2280 3643 tem
2308 3602 2410 3641 non
2437 3586 2777 3657 peccantibus
2807 3601 2906 3640 nec
2934 3587 3047 3655 ipse
3078 3587 3349 3656 peccabat,
3385 3587 3508 3657 quia
3537 3602 3641 3641 non
3675 3598 3773 3643 eas

2173 3696 2395 3751 peccare
2425 3680 2469 3734 si
2498 3680 2931 3749 opprimerentur
2956 3678 3156 3745 invitae,
3185 3678 3280 3733 sed
3315 3687 3599 3748 peccantes
3624 3679 3772 3736 ferre

2171 3773 2395 3829 faciebat
2425 3791 2437 3827 :
2466 3780 2717 3841 tanquam
2746 3771 2789 3825 si
2814 3770 2883 3825 ab
2913 3769 3170 3840 improbis
3198 3778 3255 3824 ut
3283 3770 3365 3825 sui
3408 3772 3551 3825 servi
3590 3771 3773 3827 carde-

2173 3876 2357 3921 rentur
2381 3864 2622 3929 oll‘erret,
2654 3878 2721 3919 ne
2746 3862 2987 3932 hospites
3011 3862 3127 3932 ejus
3156 3870 3462 3932 paterentur
3485 3862 3649 3917 credis
3686 3863 3772 3918 in-

2167 3957 2384 4028 juriam.
2409 3957 2485 4011 De
2513 3971 2616 4026 qua
2666 3970 2725 4010 re
2772 3969 2878 4009 non
2906 3954 3208 4023 disputabo,
3236 3954 3357 4023 quia
3402 3954 3616 4024 longum
3658 3963 3767 4019 est,

2171 4060 2350 4105 utrum
2381 4049 2463 4103 vel
2494 4048 2743 4103 dominus
2765 4046 2886 4117 jure
2916 4062 3025 4101 sum
3050 4046 3329 4117 potestatis
3355 4055 3500 4101 recte
3536 4046 3616 4101 sic
3647 4056 3771 4100 uta-

2174 4152 2259 4197 tur
2288 4142 2340 4197 in
2368 4156 2549 4207 servo,
2571 4148 2854 4195 utservum
2880 4154 3035 4192 suum
3062 4137 3191 4193 caedi
3220 4136 3377 4192 faciat
3402 4138 3767 4204 innocentem,

2172 4253 2240 4292 ne
2281 4235 2484 4290 amicus
2523 4233 2640 4302 ejus
2672 4232 2833 4288 etiam
2864 4232 2977 4301 ipse
3015 4230 3274 4285 innocens
3312 4230 3365 4284 in
3400 4229 3561 4285 domo
3588 4230 3706 4299 ejus
3737 4246 3771 4285 a

2171 4328 2420 4384 violentis
2469 4326 2729 4396 improbis
2776 4323 3010 4394 vapulet.
3050 4321 3157 4378 Sed
3209 4330 3358 4378 certe
3402 4321 3569 4377 David
3618 4322 3771 4376 nullo

2172 4421 2333 4477 modo
2363 4428 2509 4475 recte
2538 4418 2734 4474 dicitur
2752 4417 2934 4488 jurare
2962 4415 3210 4471 debuisse
3238 4430 3297 4470 se
3325 4428 3445 4470 esse
3476 4413 3767 4481 facturum,

2170 4512 2312 4583 quod
2352 4520 2539 4581 postea
2581 4517 2833 4565 cerneret
2881 4523 2941 4563 se
2988 4506 3167 4562 facere
3216 4522 3323 4561 non
3368 4506 3583 4563 debere.
3611 4506 3772 4563 Unde

2170 4615 2379 4661 constat
2404 4604 2545 4675 quod
2576 4619 2678 4657 non
2706 4602 2886 4657 omnia
2916 4617 3035 4671 qure
3066 4615 3093 4653 a
3122 4600 3321 4657 sanctis
3341 4600 3425 4655 vel
3448 4601 3608 4670 justis
3639 4601 3772 4654 viris

2172 4698 2396 4767 legimus
2447 4696 2618 4761 facta,
2665 4692 2956 4748 transferre
3006 4692 3266 4747 debemus
3313 4691 3365 4745 in
3414 4706 3626 4757 mores;
3671 4691 3771 4746 sed

2170 4793 2331 4846 etiam
2355 4790 2479 4844 hinc
2499 4788 2705 4842 discere
2727 4802 2885 4857 quam
2916 4786 3024 4840 late
3053 4794 3251 4855 pateat,
3275 4794 3328 4841 ct
3349 4783 3413 4839 ad
3440 4800 3575 4853 quos
3598 4800 3772 4854 usque

2170 4882 2447 4954 perveniat
2474 4879 2615 4951 quod
2645 4878 2937 4948 Apostolus
2963 4878 3037 4931 ait
3061 4894 3073 4930 :
3101 4875 3333 4940 Fratres,
3384 4876 3473 4931 etsi
3503 4891 3773 4946 prtzoccu-

2168 4984 2317 5047 putus
2357 4975 2509 5045 fuerit
2540 4974 2688 5026 homo
2718 4973 2770 5025 in
2804 4971 2974 5040 aliqua
3001 4970 3205 5035 delicto,
3235 4985 3321 5023 vos
3354 4969 3439 5039 qui
3475 4968 3772 5038 spirituales

2169 5068 2311 5133 estis,
2347 5065 2579 5119 instruite
2618 5063 2910 5129 huiusmodi
2937 5063 2990 5116 in
3016 5062 3199 5133 spiritu
3227 5061 3468 5128 lenitatis,
3500 5061 3773 5116 intendens

2170 5168 2217 5212 te
2251 5159 2437 5228 ipsum,
2471 5173 2531 5210 ne
2555 5165 2601 5209 et
2633 5164 2686 5208 tu
2715 5154 2913 5208 tenteris
2946 5155 2964 5226 (
2991 5153 3161 5208 Galut.
3186 5169 3260 5219 vt,
3290 5154 3313 5206 l
3348 5151 3388 5223 ).
3422 5153 3778 5223 Praioccupao

2170 5251 2342 5305 tiones
2389 5248 2530 5303 enim
2585 5254 2713 5302 sunt
2769 5246 2885 5301 ista:
2934 5245 2986 5299 in
3030 5245 3224 5315 quibus
3266 5244 3611 5313 delinquitur,
3644 5245 3771 5298 dum

2170 5340 2295 5413 quid
2324 5338 2623 5394 faciendum
2664 5339 2735 5393 sit
2761 5346 2854 5392 aut
2881 5337 2948 5393 ad
2977 5337 3164 5391 horam
3196 5352 3302 5391 non
3331 5337 3564 5400 videtur,
3596 5347 3689 5390 aut
3718 5348 3775 5392 et

2168 5433 2260 5505 qui
2308 5432 2501 5487 viderit
2546 5431 2808 5495 vincitur;
2841 5436 2901 5483 ut
2939 5428 3142 5483 scilicet
3185 5426 3275 5481 ﬁat
3316 5436 3620 5497 peceatum,
3647 5443 3773 5481 cum

2169 5526 2256 5581 vel
2284 5525 2413 5579 latet
2443 5524 2661 5588 veritas,
2686 5521 2767 5576 vel
2796 5520 3069 5589 compellit
3098 5520 3403 5573 infirmitas.

2240 5617 2465 5673 CAPUT
2498 5617 2563 5671 Χ.
2610 5645 2681 5655 -
2708 5615 2797 5668 25.
2841 5613 3092 5682 Exempla
3120 5627 3211 5681 pro
3260 5611 3523 5665 mendacio
3554 5610 3773 5679 qutesita

2171 5712 2221 5765 in
2249 5709 2529 5777 Sm’pturis
2570 5704 2918 5777 expendenda.
2959 5703 3113 5758 Aliud
3151 5712 3223 5757 est
3268 5703 3523 5757 occultare
3587 5705 3773 5756 verita.

2175 5812 2290 5866 tem,
2318 5798 2461 5853 aliud
2488 5801 2715 5868 proferre
2751 5795 3087 5861 mendacium.
3114 5794 3369 5849 Abraham
3412 5802 3460 5849 et
3489 5792 3642 5849 Isaac
3682 5794 3766 5849 de;

2238 5916 2253 5948 ¹
2290 5915 2359 5964 sic
2384 5921 2482 5962 Am.
2511 5919 2561 5961 et
2586 5919 2688 5962 Mss.
2716 5917 2770 5961 At
2792 5915 2865 5960 Er.
2895 5914 2946 5960 et
2968 5914 3100 5971 Lov.,
3124 5906 3290 5971 magis.
