4078 6512
289 447 406 501 555»

288 559 623 630 (enduutura
675 555 957 610 mendacio.
1003 553 1398 608 Factumlacob
1422 569 1648 608 uouesse
1678 552 1886 606 menda-

285 655 440 708 cium.
463 650 622 720 Ti'opi
641 665 741 704 non
759 660 875 704 sunt
890 647 1175 703 mendacia.
1199 645 1522 716 Metaphora.
1542 645 1884 714 Antiphrasis.

287 743 446 814 Tropi
495 744 549 796 in
590 741 878 812 Scripturis
902 755 1076 811 quare.
1109 739 1167 794 ln
1191 737 1442 793 omnibus
1479 745 1655 792 autem
1682 736 1888 791 actibus

289 836 488 890 nostris
536 837 774 890 maxime
815 834 976 888 etiam
1016 833 1187 888 bonos
1235 831 1447 886 turbant
1487 831 1887 901 compensativa

286 937 508 995 peccata
534 943 549 991 ;
583 927 654 981 ita
685 935 742 981 ut
769 941 868 982 nec
892 933 1110 997 peccata
1158 924 1553 988 existimentur,
1579 926 1627 980 si
1659 924 1890 979 habeant

287 1019 424 1075 tales
451 1034 648 1076 causas
675 1028 896 1090 propter
924 1034 1055 1090 quas
1081 1017 1210 1072 ﬂant
1227 1060 1242 1085 ,
1271 1027 1326 1073 et
1351 1018 1402 1072 in
1429 1019 1620 1089 quibus
1642 1017 1890 1073 videatur

289 1113 502 1182 peccari
537 1114 714 1184 petius
735 1113 779 1168 si
813 1128 917 1168 non
941 1111 1090 1166 fiant.
1121 1111 1188 1166 Et
1210 1111 1476 1181 prmcipue
1503 1110 1570 1166 de
1597 1110 1889 1166 mendaciis

289 1205 391 1261 hoc
421 1207 475 1260 in
503 1205 787 1260 hominum
823 1204 1077 1274 opinione
1105 1202 1420 1273 prtevaluit,
1452 1211 1508 1256 ut
1535 1212 1748 1272 peccata
1780 1217 1888 1257 non

291 1307 547 1366 putentur
574 1298 664 1353 illa
706 1295 984 1352 mendacia
1007 1338 1023 1364 ,
1059 1294 1302 1366 quinimo
1341 1302 1396 1349 et
1424 1302 1572 1348 recte
1607 1292 1743 1348 facta
1769 1307 1889 1348 esse

290 1389 603 1454 credantur,
631 1387 844 1458 quando
871 1388 1099 1458 quisque
1137 1401 1235 1456 pro
1264 1385 1380 1455 ejus
1423 1385 1508 1440 cui
1541 1383 1650 1437 falli
1675 1381 1892 1451 expedit

290 1481 529 1536 utilitate
580 1480 872 1546 mentitur,
902 1487 1086 1533 autne
1129 1477 1248 1532 aliis
1277 1485 1467 1531 noceat
1493 1476 1582 1546 qui
1615 1475 1890 1530 nociturus

289 1572 527 1640 videtur,
559 1572 664 1628 nisi
707 1571 1000 1626 mendaciis
1028 1569 1278 1625 evitetur.
1314 1568 1396 1624 Ad
1428 1567 1543 1622 han
1586 1566 1892 1622 mendacio-

293 1681 410 1718 rum
441 1678 640 1734 genera
691 1661 1028 1718 defendenda
1049 1702 1062 1728 ,
1090 1660 1317 1732 plurima
1357 1659 1424 1714 de
1453 1658 1741 1729 Scripturis
1771 1673 1893 1713 san-

290 1761 390 1812 clis
416 1755 699 1826 suﬂ'ragari
744 1763 998 1824 putantur
1026 1752 1288 1822 exempla.
1317 1750 1435 1805 Non
1459 1759 1634 1805 autem
1664 1749 1767 1804 hoc
1809 1756 1893 1804 est

291 1849 566 1904 occultare
596 1847 897 1912 veritatem,
929 1843 1074 1916 quod
1121 1853 1205 1900 est
1252 1842 1492 1914 proferre
1531 1841 1888 1897 mendacium.

291 1943 548 2009 Quamvis
573 1941 718 1996 enim
763 1939 941 1995 onmis
984 1937 1076 2009 qui
1099 1937 1354 1993 mentitur
1381 1936 1508 1992 velit
1547 1937 1723 1991 celare
1748 1933 1892 2004 quod

292 2047 476 2087 wrum
503 2040 586 2088 est
611 2073 625 2097 ,
655 2044 765 2085 non
807 2037 986 2084 tamen
1027 2028 1204 2083 omnis
1246 2028 1479 2098 quivult
1513 2026 1654 2097 quod
1703 2041 1889 2080 verum

291 2135 371 2176 est
401 2122 581 2176 celare
608 2108 889 2175 mentitur.
916 2118 1240 2188 Plerumque
1284 2117 1427 2172 enim
1454 2132 1578 2171 vera
1603 2131 1709 2170 non
1742 2131 1894 2170 men-

294 2213 476 2267 uendo
499 2213 799 2269 occulimus
820 2253 834 2278 ,
861 2210 954 2265 sed
981 2209 1229 2266 tacendo.
1259 2209 1442 2280 Neque
1465 2211 1606 2265 enim
1639 2208 1893 2264 mentitus

292 2316 376 2360 est
409 2305 672 2360 Dominus
693 2348 706 2370 ,
738 2305 828 2360 ubi
854 2306 966 2358 ait:
999 2303 1171 2358 Multa
1197 2304 1355 2359 habeo
1399 2305 1536 2358 vobis
1573 2305 1773 2366 dicere,
1803 2303 1894 2357 sed

293 2416 394 2451 mm
427 2399 636 2466 potestis
683 2398 777 2451 illa
808 2405 1010 2467 portare
1040 2396 1190 2450 modo
1218 2395 1409 2466 (Joau.
1445 2392 1724 2467 xVI,12).
1755 2393 1894 2449 Vera

295 2490 460 2544 tacuit
481 2532 496 2554 ,
521 2504 628 2544 non
660 2489 792 2544 falsa
822 2489 1028 2544 locutus
1058 2496 1174 2554 est;
1207 2488 1402 2558 quibus
1428 2488 1566 2542 veris
1612 2487 1894 2543 audiendis

293 2598 389 2637 vos
424 2583 601 2638 minus
629 2582 855 2638 idoneos
877 2581 1155 2651 judicavit.
1187 2581 1342 2650 Quod
1388 2581 1434 2636 si
1482 2581 1561 2637 eis
1588 2581 1692 2638 hoc
1719 2583 1894 2652 ipsum

297 2692 404 2729 non
451 2675 741 2730 indicasset
765 2715 781 2741 ,
811 2673 863 2728 id
907 2682 1023 2741 est,
1053 2688 1159 2728 non
1207 2688 1303 2728 eos
1331 2687 1491 2743 posse
1536 2682 1750 2742 portare
1775 2688 1894 2744 qua:

293 2768 475 2821 dicere
506 2766 712 2832 noluit,
747 2765 1040 2820 occultaret
1063 2763 1279 2833 quidem
1316 2763 1661 2817 nihilominus
1695 2763 1896 2834 aliquid

296 2861 557 2926 veritatis,
571 2859 665 2915 sed
689 2873 849 2930 posse
873 2857 976 2913 hoc
995 2865 1142 2912 recte
1160 2855 1277 2910 ﬁeri
1303 2854 1524 2910 forsitan
1541 2855 1894 2924 nesciremus,

295 2961 383 3005 aut
413 2966 518 3006 non
572 2957 722 3006 tanto
751 2949 1091 3004 ﬁrmaremur
1129 2945 1400 3016 exemplo.
1442 2945 1590 3001 Unde
1618 2946 1706 3016 qui
1749 2962 1898 3002 asse-

298 3052 424 3098 rnnt
451 3039 745 3114 aliquando
785 3054 907 3096 esse
941 3036 1346 3101 mentiendum,
1380 3051 1486 3091 non
1513 3038 1898 3094 convenienter

299 3141 728 3189 commemorant
777 3130 1050 3186 Abraham
1094 3129 1196 3184 hoc
1225 3128 1418 3184 fecisse
1442 3129 1509 3183 de
1533 3128 1664 3183 Sara
1691 3171 1706 3196 ,
1736 3143 1896 3199 quam

297 3242 544 3283 sororem
574 3241 728 3282 suam
764 3224 919 3280 dixit.
947 3222 1064 3278 Non
1111 3222 1255 3278 enim
1297 3221 1464 3287 dixit,
1492 3220 1606 3276 Non
1651 3231 1732 3276 est
1764 3237 1900 3277 uxor

297 3334 448 3384 mea;
473 3316 570 3373 sed
591 3316 764 3382 dixit,
789 3315 952 3371 Soror
975 3329 1089 3369 mea
1119 3321 1192 3367 est
1220 3329 1238 3367 :
1263 3311 1406 3382 quod
1432 3322 1551 3367 erat
1577 3328 1764 3368 revera
1789 3322 1898 3368 tam

301 3410 597 3480 propinqua
623 3421 842 3479 genere,
863 3414 922 3461 ut
948 3420 1104 3460 soror
1122 3421 1240 3459 non-
1256 3403 1584 3460 mendaciter
1605 3403 1894 3461 diceretur.

296 3502 451 3570 Quod
503 3511 558 3558 et
607 3509 790 3572 postea
817 3499 928 3570 jam
973 3497 1076 3554 sibi
1127 3498 1196 3553 ab
1241 3498 1334 3553 illo
1365 3497 1454 3566 qui
1493 3496 1796 3552 abduxerat
1835 3513 1898 3553 ea

294 3595 508 3650 reddita
555 3592 930 3656 conﬁrmavit,
975 3588 1310 3660 respondens
1357 3589 1432 3642 illi
1483 3596 1533 3643 et
1577 3588 1797 3656 dicens,
1828 3587 1899 3644 Et

293 3705 410 3742 vere
428 3704 576 3742 soror
601 3703 710 3740 mea
739 3695 812 3740 est
837 3683 900 3738 de
918 3693 1060 3755 patre
1077 3724 1092 3751 ,
1121 3698 1224 3737 non
1249 3682 1312 3736 de
1336 3691 1495 3734 matre
1524 3679 1676 3752 (Gen.
1699 3697 1771 3734 xx
1797 3723 1811 3747 ,
1837 3680 1896 3750 2,

293 3783 392 3851 l9.)
426 3798 440 3834 :
472 3779 575 3834 hoc
600 3788 683 3834 est
729 3777 796 3832 dc
835 3786 1057 3846 paterno
1093 3789 1328 3845 genere,
1380 3788 1485 3827 non
1526 3772 1593 3828 de
1631 3781 1895 3827 materno.

291 3871 512 3943 Aliquid
535 3887 664 3942 ergo
682 3871 792 3924 veri
824 3869 1007 3934 tacuit,
1029 3883 1134 3921 non
1162 3866 1276 3920 falsi
1291 3864 1488 3935 aliquid
1506 3864 1660 3933 dixit,
1683 3864 1899 3935 quando

292 3969 462 4023 tacuit
490 3982 736 4033 uxorem,
763 3964 899 4020 dixit
937 3978 1200 4018 sororem.
1236 3960 1349 4016 lloc
1374 3969 1428 4015 et
1450 3960 1592 4016 ﬁlius
1621 3960 1738 4030 cjus
1771 3959 1900 4016 fecit

290 4057 447 4115 lsaac
481 4077 496 4114 :
525 4073 646 4113 nam
663 4066 716 4114 et
746 4056 917 4128 ipsum
939 4054 1186 4108 novimus
1213 4052 1562 4121 propinquam
1590 4066 1742 4106 suam
1771 4065 1899 4105 con-

289 4152 479 4223 iugem
530 4150 698 4206 fuisse
753 4148 1003 4203 sortitum
1054 4143 1166 4218 (Id.
1195 4159 1358 4209 xxvr,
1386 4143 1450 4209 7,
1482 4153 1529 4197 et
1572 4141 1749 4215 xxxv).
1781 4142 1897 4197 Non

289 4257 380 4300 est
410 4257 541 4313 ergo
569 4239 904 4296 mendacium
931 4253 1051 4292 eum
1085 4235 1292 4290 silendo
1317 4233 1665 4290 absconditur
1687 4248 1894 4301 verum,

287 4335 394 4392 sed
411 4350 548 4390 cum
577 4331 846 4403 loquendo
867 4329 1130 4400 promitur
1157 4326 1372 4382 falsum.

359 4427 460 4483 24.
488 4425 654 4482 Iacob
679 4434 858 4478 autem
903 4421 1044 4492 quod
1071 4427 1243 4475 matre
1278 4418 1405 4475 fecit
1433 4427 1652 4474 auctore
1675 4461 1691 4486 ,
1718 4427 1776 4474 ut
1807 4434 1898 4490 pa-

287 4533 436 4577 trem
462 4517 647 4573 fallere
669 4516 942 4571 videretur
961 4556 976 4580 ,
1005 4513 1052 4568 si
1077 4513 1362 4583 diligenter
1388 4521 1443 4567 et
1469 4511 1696 4567 ﬁdeliter
1723 4520 1899 4566 atten-

285 4618 480 4683 datur,
512 4628 621 4668 non
667 4619 752 4667 est
779 4608 1118 4664 mendacium
1139 4647 1154 4674 ,
1201 4605 1294 4660 sed
1327 4605 1663 4676 mysterium.
1697 4605 1826 4673 Qua:
1853 4605 1900 4659 si

287 4705 582 4766 mendacia
611 4702 1129 4765 dixerimus,omnes
1153 4698 1314 4753 etiam
1334 4696 1598 4769 parabolae
1621 4711 1685 4751 ac
1713 4696 1898 4767 ﬁgurm

287 4796 774 4873 significandarum
816 4805 1274 4863 quarumcumque
1324 4804 1527 4856 rerum,
1560 4803 1677 4858 qua:
1706 4803 1809 4842 non
1833 4787 1899 4842 ad

289 4893 686 4967 proprietatem
726 4884 1052 4958 accipienda:
1103 4890 1264 4944 sunt,
1295 4880 1390 4936 sed
1418 4880 1470 4935 in
1519 4880 1599 4936 eis
1650 4879 1902 4942 aliudgzx

287 4988 397 5044 alio
429 4993 523 5042 est
547 4979 974 5051 intelligendum,
994 4976 1240 5031 dicentur
1263 4988 1384 5030 esse
1414 4972 1689 5028 mendacia
1717 4991 1730 5026 :
1760 4972 1901 5042 quod

285 5080 434 5137 absit
460 5075 708 5132 omnino.
741 5071 874 5126 Nam
899 5070 990 5141 qui
1017 5068 1121 5122 hoc
1146 5075 1322 5137 putat,
1357 5067 1575 5140 tropicis
1604 5067 1766 5121 etiam
1793 5077 1904 5120 tam

287 5172 487 5228 multis
527 5165 890 5222 locationibus
933 5161 1181 5217 omnibus
1221 5168 1397 5229 potest
1426 5159 1564 5214 hanc
1612 5158 1904 5228 importare

284 5261 652 5326 calumniam;
675 5259 748 5313 ita
774 5265 833 5312 ut
860 5263 916 5312 et
943 5255 1056 5326 ipsa
1087 5269 1204 5324 qua:
1235 5251 1532 5322 appellatur
1556 5249 1902 5321 metaphora,

287 5357 395 5412 hoc
427 5362 518 5410 est
545 5351 616 5408 de
638 5365 700 5406 re
729 5349 945 5421 pr0pria
967 5347 1033 5402 ad
1066 5360 1178 5401 rem
1208 5360 1314 5399 non
1339 5343 1606 5414 propriam
1634 5343 1781 5398 verbi
1817 5342 1907 5397 ali-

286 5462 456 5516 cujus
489 5450 748 5514 usurpata
777 5438 1078 5503 translatio,
1119 5435 1289 5506 possit
1309 5435 1408 5490 ista
1454 5433 1664 5490 ratione
1687 5433 1906 5490 menda-

287 5557 438 5595 cium
471 5532 793 5605 nuncupari.
823 5531 958 5588 Cum
980 5530 1123 5585 enim
1145 5527 1371 5583 dicimus
1397 5525 1656 5582 ﬂuctuare
1675 5535 1905 5598 segetes,

291 5643 580 5702 gemmare
612 5626 755 5680 vites
778 5665 794 5690 ,
828 5621 1072 5677 ﬂoridam
1120 5619 1455 5690 iuventutem
1476 5659 1491 5685 ,
1520 5616 1729 5672 niveam
1759 5619 1907 5673 cani-

294 5727 454 5786 tiem;
484 5717 674 5790 procul
701 5714 865 5771 dubio
892 5714 1084 5768 ﬂuctus
1105 5753 1118 5777 ,
1151 5725 1412 5782 gemmas,
1445 5708 1655 5776 ﬂorem,
1687 5711 1863 5766 nivem
1889 5755 1904 5779 ,

293 5816 425 5887 quia
459 5812 515 5868 in
555 5811 642 5866 his
671 5809 830 5864 rebus
857 5822 962 5862 non
994 5805 1316 5871 invenimus,
1351 5804 1402 5858 in
1429 5818 1563 5874 quas
1602 5803 1716 5859 lucc
1745 5805 1910 5861 verba

294 5906 524 5970 aliunde
568 5901 940 5964 transtulimus
966 5942 979 5967 ,
1009 5899 1076 5957 ab
1102 5899 1216 5957 istis
1243 5896 1514 5955 mendacia
1563 5898 1906 5970 putabuntur.

1717 439 1920 493 LIBER
1966 440 2162 496 UNUS.

3491 458 3594 516 5M

2000 554 2068 609 Et
2099 564 2246 625 petra
2285 557 2525 616 Christus
2555 561 2616 635 (ι
2641 563 2756 619 Cor.
2785 582 2836 633 x,
2859 567 2950 638 4),
2982 574 3039 624 et
3079 581 3175 624 cor
3212 570 3476 642 lapideum
3503 573 3598 630 Ju-

1998 646 2235 704 dteorum
2265 650 2477 719 (Ezech.
2497 671 2686 723 xxxvn,
2714 657 2809 727 26)
2835 677 2846 712 :
2868 660 2994 716 item
3020 661 3105 718 leo
3134 662 3376 720 Christus
3404 665 3590 736 (Apoc.

1998 755 2050 804 v,
2083 741 2168 811 5),
2201 751 2254 797 et
2284 743 2370 799 leo
2397 743 2639 802 diabolus
2667 745 2720 819 (Ι
2752 748 2890 803 Petr.
2921 768 2973 813 v,
3002 752 3078 822 8),
3103 763 3157 809 et
3184 755 3591 814 innumerabilia

1999 832 2122 885 talia
2148 833 2392 888 dicentur
2431 851 2551 891 esse
2584 837 2878 893 mendacia.
2910 840 3047 909 Quid
3075 844 3215 913 quod
3245 844 3358 900 hazc
3386 847 3591 916 tropica

2001 923 2201 980 locutio
2224 941 2392 998 usque
2429 929 2496 984 ad
2526 944 2643 985 cam
2676 933 2954 1001 pervenit,
2982 949 3100 1004 qua:
3128 937 3426 1006 appellatur
3453 942 3596 993 anti-

1997 1015 2204 1086 phrasis
2232 1059 2247 1085 ,
2281 1029 2337 1074 ttt
2362 1019 2568 1076 dicatur
2592 1022 2863 1079 abundare
2901 1025 3042 1096 quod
3088 1043 3192 1082 non
3241 1039 3357 1096 est,
3386 1029 3594 1091 dicatur

1997 1106 2152 1164 dulce
2203 1112 2344 1180 quod
2402 1113 2612 1167 acidum
2658 1125 2774 1180 est;
2825 1114 2975 1170 lucus
3019 1117 3161 1186 quod
3219 1133 3322 1174 non
3376 1121 3591 1189 luceat,

1996 1198 2178 1256 Parca:
2201 1203 2343 1272 quod
2366 1219 2472 1258 non
2505 1217 2742 1273 parcant.
2773 1205 2926 1264 Unde
2956 1207 3084 1264 illud
3109 1217 3191 1264 est
3219 1211 3282 1270 in.
3301 1211 3593 1283 Scripturis

1996 1293 2194 1348 sanctis
2214 1335 2228 1360 ,
2263 1293 2324 1350 Si
2353 1311 2453 1351 non
2493 1297 2542 1350 iu
2573 1298 2751 1366 facient
2778 1299 3082 1354 benedixerit
3112 1302 3200 1356 tibi
3233 1301 3355 1373 (Job
3381 1319 3457 1370 ll,
3485 1305 3540 1376 5)
3576 1323 3590 1357 :

1998 1383 2139 1452 quod
2168 1384 2413 1441 diabolus
2459 1387 2533 1441 ait
2579 1388 2803 1445 Domino
2828 1389 2894 1445 dc
2938 1400 3123 1447 sancto
3148 1391 3283 1458 Job,
3315 1403 3368 1449 et
3393 1395 3594 1450 intelli-

1997 1475 2158 1544 gitur,
2189 1475 2536 1533 Maledixerit.
2578 1480 2694 1545 Quo
2725 1482 2888 1537 verbo
2918 1493 2969 1538 et
2991 1483 3256 1540 Nabuthei
3285 1487 3464 1541 ﬁctum
3486 1490 3593 1544 eri-

1998 1581 2121 1622 men
2163 1583 2196 1623 a
2247 1569 2694 1627 calumniantibus
2737 1573 3066 1631 nominatum
3120 1585 3222 1632 est.
3255 1578 3462 1633 Dictum
3511 1591 3595 1634 est

1998 1659 2143 1718 enim
2181 1663 2321 1731 quod
2376 1663 2707 1719 benedixerit
2750 1667 2858 1736 regi
2891 1665 2979 1740 (Ill
3009 1667 3140 1738 Reg,
3167 1685 3257 1724 xxt
3282 1711 3296 1736 ,
3321 1671 3454 1741 .15);
3492 1671 3604 1728 hoc.

1999 1758 2114 1815 est,
2157 1752 2515 1808 maledixerit.
2566 1754 2628 1808 lli
2669 1769 2854 1811 omnes
2900 1757 3043 1812 modi
3082 1758 3407 1815 locutionum
3433 1777 3595 1819 ,mcn—

2001 1841 2145 1897 dacia
2170 1844 2513 1913 putabuntur,
2548 1843 2592 1901 si
2623 1846 2820 1902 locutio
2841 1848 2923 1903 vel
2949 1848 3089 1904 actio
3117 1849 3339 1922 ﬁgurata
3367 1853 3419 1907 in
3447 1869 3596 1908 men-

1998 1933 2154 1990 dacio
2205 1935 2565 2006 deputabitur.
2618 1937 2674 1992 Si
2717 1947 2894 1995 autem
2945 1955 3052 1996 non
3095 1951 3178 1997 est
3221 1943 3593 2011 mendacium,

1999 2026 2213 2096 quando
2251 2027 2315 2082 ad
2344 2027 2751 2100 intelligentiam
2785 2030 3026 2086 veritatis
3049 2031 3191 2086 aliud
3219 2049 3286 2088 ex
3306 2035 3409 2088 alio
3430 2035 3595 2105 signi-

2001 2119 2214 2176 ﬁcantia
2243 2119 2580 2188 referuntur;
2612 2121 2849 2193 profecto
2880 2140 2984 2178 non
3012 2126 3186 2180 solum
3218 2125 3268 2181 id
3300 2127 3441 2198 quod
3470 2127 3598 2183 fecit

1999 2221 2091 2266 aut
2114 2211 2245 2266 dixit
2263 2211 2428 2268 Jacob
2454 2215 2587 2284 patri
2613 2223 2670 2269 ut
2692 2216 3118 2284 benediceretnr,
3141 2218 3236 2275 sed
3266 2235 3438 2290 neque
3468 2221 3597 2276 illud

2001 2303 2141 2374 quod
2167 2303 2364 2374 Joscph
2381 2306 2526 2360 velut
2545 2306 2825 2363 illudendis
2842 2309 3049 2364 locutus
3068 2318 3150 2365 est
3171 2309 3420 2366 fratribus
3437 2311 3594 2382 (Gen.

2001 2395 2138 2468 xui)
2163 2438 2178 2463 ,
2207 2413 2378 2468 neque
2411 2398 2551 2469 quod
2582 2399 2744 2454 David
2785 2401 3055 2456 simulavit
3087 2402 3348 2458 insaniam
3380 2403 3435 2474 (l
3463 2403 3593 2476 Reg.

2002 2506 2102 2546 ut
2125 2533 2142 2558 ,
2173 2491 2282 2562 l5),
2317 2506 2416 2553 nec
2446 2501 2640 2546 cmtera
2670 2491 2991 2562 hujusmodi,
3014 2493 3288 2550 mendacia
3311 2495 3598 2565 judicanda

2001 2590 2160 2648 sunt,
2207 2581 2646 2646 sedlocutioncs
2675 2584 3022 2655 actionesque
3052 2585 3378 2655 prophetica:
3421 2587 3488 2642 ad
3532 2603 3597 2642 ea

2001 2689 2120 2744 quae
2144 2688 2267 2728 vera
2295 2683 2418 2727 sunt
2445 2675 2783 2745 intelligenda
2814 2675 3127 2734 referenda.
3159 2679 3289 2744 Quae
3313 2690 3595 2749 propterea

2003 2764 2242 2834 ﬁguratis
2281 2766 2427 2820 velut
2467 2767 2748 2822 amictibus
2796 2768 3136 2839 obtcguntur,
3168 2779 3225 2825 ut
3268 2785 3482 2826 sensum
3513 2774 3600 2843 pie

2001 2858 2290 2927 qurerentis
2334 2868 2654 2928 exerceant,
2699 2869 2750 2914 et
2791 2875 2859 2917 ne
2901 2859 3042 2916 nuda
3077 2876 3152 2916 ac.
3179 2872 3424 2934 prompta
3463 2864 3598 2921 vile-

2002 2955 2172 3002 scant.
2221 2947 2474 3016 Quamvis
2501 2965 2618 3020 qua:
2657 2949 2776 3004 aliis
2805 2951 2937 3006 locis
2981 2960 3166 3020 aperte
3210 2966 3273 3008 ac
3320 2953 3600 3010 manifesto

2002 3037 2143 3093 dicta
2168 3037 2451 3094 didicimus
2471 3081 2486 3107 ,
2514 3055 2634 3094 cum
2665 3056 2728 3095 ea
2759 3041 2867 3110 ipsa
2893 3040 2962 3098 de
3000 3041 3194 3101 abditis
3222 3053 3500 3111 eruuntur,
3545 3047 3598 3100 in

2005 3139 2188 3184 nostra
2227 3131 2456 3200 quodam
2489 3131 2650 3186 modo
2692 3133 2995 3202 cognitione
3023 3144 3349 3192 renovantur
3369 3175 3386 3203 ,
3417 3146 3471 3192 et
3514 3153 3600 3192 re—

2004 3231 2194 3277 novata
2222 3223 2556 3278 dulcescunt.
2596 3222 2706 3278 Nec
2747 3223 3052 3279 invidentur
3079 3223 3428 3291 discentibus,
3457 3228 3600 3298 quod

2005 3315 2088 3370 his
2117 3315 2291 3372 modis
2336 3316 2730 3372 obscurantur:
2762 3317 2857 3374 sed
2904 3318 3347 3374 commendantur
3389 3322 3557 3391 magis
3581 3363 3597 3387 ,

2004 3418 2062 3463 ut
2089 3408 2240 3479 quasi
2290 3409 2557 3464 subtracta
2587 3409 2986 3470 desiderentur
3030 3409 3305 3467 ardentius
3326 3454 3339 3478 ,
3371 3421 3424 3467 et
3455 3414 3600 3467 inve-

2004 3501 2220 3560 niantur
2255 3500 2556 3560 desiderata
2591 3500 2894 3571 jucundius.
2923 3501 3124 3557 Tamen
3161 3518 3308 3570 vera,
3337 3519 3442 3558 non
3471 3504 3601 3559 falsa

2005 3593 2275 3660 dicuntur;
2305 3595 2556 3664 quoniam
2585 3609 2708 3649 vera
2730 3636 2745 3660 ,
2777 3610 2882 3649 non
2914 3594 3044 3650 falsa
3089 3595 3474 3666 significantur,
3505 3613 3602 3653 seu

2004 3684 2169 3739 verbo
2198 3699 2293 3740 seu
2320 3684 2458 3740 facto
2486 3703 2498 3738 :
2523 3701 2641 3753 quae
2663 3685 3028 3755 significantur
3061 3686 3202 3741 enim
3222 3728 3236 3753 ,
3266 3689 3447 3758 utique
3487 3689 3600 3758 ipsa

1991 3775 2270 3830 dicuntur.
2305 3776 2568 3831 Putantur
2591 3785 2770 3830 autem
2797 3776 3094 3842 mendacia,
3131 3777 3383 3847 quoniam
3405 3795 3512 3834 non
3534 3796 3600 3836 ea

2002 3882 2122 3937 qua:
2143 3881 2266 3922 vera
2281 3867 2296 3898 ¹
2319 3867 2704 3938 signiﬁcantur,
2718 3866 2856 3926 dicta
2878 3867 3241 3936 intelliguntur
3257 3886 3272 3934 ;
3287 3868 3381 3926 sed
3401 3885 3462 3924 ea
3479 3886 3599 3940 quae

2003 3955 2136 4011 falsa
2156 3963 2310 4022 sunt,
2348 3956 2488 4011 dicta
2513 3970 2636 4011 esse
2660 3955 2968 4014 creduntur.
3001 3956 3115 4012 lloc
3140 3965 3198 4011 ut
3223 3959 3482 4028 exemplis
3510 3960 3602 4014 ﬁat

2003 4049 2212 4119 planius
2235 4090 2250 4115 ,
2284 4048 2514 4118 idipswn
2543 4048 2688 4120 quod
2715 4048 2879 4105 Jacob
2902 4047 3026 4104 fecit
3047 4089 3064 4116 ,
3089 4049 3326 4106 attende.
3360 4050 3598 4107 Hmdinis

2003 4152 2150 4199 certe
2178 4137 2408 4216 pellibus.
2426 4143 2662 4197 membra
2689 4143 2923 4198 contexit
2950 4161 2963 4197 :
2991 4142 3038 4198 si
3062 4157 3276 4200 causam
3300 4144 3598 4214 proximam

2003 4237 2370 4307 requiramus,
2411 4236 2690 4298 mentitum
2731 4238 3067 4307 putabimus;
3095 4237 3198 4294 hoc
3224 4239 3364 4294 enim
3394 4238 3512 4294 fecit
3545 4248 3603 4293 ut

2004 4337 2280 4399 putaretur
2306 4343 2426 4384 esse
2453 4329 2541 4399 qui
2569 4343 2673 4384 non
2705 4338 2820 4387 erat
2850 4349 2863 4384 :
2897 4331 2942 4385 si
2969 4341 3146 4386 autem
3174 4331 3274 4388 hoc
3316 4329 3509 4387 factum
3531 4331 3600 4387 ad

2003 4421 2135 4476 illud
2166 4429 2383 4492 propter
2410 4420 2552 4492 quod
2598 4421 3005 4492 significandum
3049 4439 3233 4478 revera
3280 4425 3472 4482 factum
3515 4432 3599 4478 est

2003 4513 2300 4580 referatur;
2340 4527 2434 4583 per
2459 4511 2698 4569 hacdinas
2723 4513 2889 4583 pelles
2914 4523 3130 4583 peccata
3150 4555 3167 4582 ,
3199 4529 3294 4584 per
3319 4530 3442 4570 eum
3471 4529 3596 4568 veto

2005 4606 2098 4676 qui
2125 4606 2204 4661 eis
2227 4621 2287 4661 se
2325 4605 2568 4675 operuit,
2600 4605 2688 4661 ille
2716 4606 3047 4676 signiﬁcatus
3077 4615 3168 4662 est
3197 4607 3285 4677 qui
3313 4622 3419 4662 non
3466 4621 3594 4669 sua,

2005 4696 2100 4752 sed
2147 4695 2320 4752 aliena
2369 4706 2585 4766 peccata
2626 4696 2876 4766 portavit.
2913 4697 3085 4752 Verax
3127 4712 3259 4768 ergo
3285 4696 3596 4767 signiﬁcatis

2006 4788 2154 4843 nullo
2194 4787 2355 4843 modo
2401 4786 2736 4842 mendacium
2777 4797 2926 4843 recte
2950 4787 3053 4842 dici
3085 4796 3279 4857 potest.
3311 4785 3383 4842 Ut
3419 4795 3598 4843 autem

2006 4882 2060 4936 in
2089 4881 2247 4947 facto,
2271 4879 2344 4935 ita
2371 4890 2426 4936 et
2466 4880 2518 4934 in
2547 4879 2732 4935 verbo.
2761 4879 2894 4934 Nam
2917 4895 3038 4935 cum
3067 4879 3121 4934 ei
3161 4888 3312 4949 pater
3335 4876 3600 4945 dixisset,

2011 4973 2137 5039 Quis
2163 4990 2214 5028 es
2238 4981 2291 5027 tu
2309 5015 2324 5040 ,
2362 4973 2439 5042 ﬁli
2459 4971 2485 5025 ?
2510 4973 2598 5028 ille
2636 4971 2942 5042 respondit,
2971 4969 3085 5042 Ego
3109 4987 3221 5026 sum
3243 4970 3382 5028 Esau
3405 4969 3597 5040 primo,

2008 5065 2346 5137 genitustuus
2375 5063 2530 5134 (Gen.
2554 5079 2704 5118 xxvn
2727 5105 2742 5129 ,
2778 5063 2992 5134 l6-l9).
3026 5062 3140 5117 lloc
3177 5061 3224 5116 si
3249 5061 3513 5116 referatur
3531 5062 3602 5118 ad

2009 5153 2146 5212 duos
2182 5153 2299 5210 illos
2324 5153 2569 5225 geminos
2589 5195 2606 5223 ,
2633 5152 2970 5209 mendacium
2994 5151 3263 5208 videbitur
3294 5168 3307 5205 :
3337 5152 3384 5207 si
3421 5161 3605 5208 autem

2009 5247 2078 5305 ad
2105 5247 2244 5304 illud
2266 5246 2657 5319 propterquod
2685 5244 3090 5317 signiﬁcandum
3131 5245 3229 5300 ista
3255 5255 3404 5316 gesta
3431 5245 3605 5301 dicta-

2011 5356 2116 5412 que
2139 5340 2438 5411 conscripta
2458 5348 2584 5396 sunt
2599 5379 2614 5405 ,
2643 5340 2736 5395 ille
2769 5347 2852 5394 est
2881 5338 2980 5394 hic
3000 5337 3376 5410 intelligendus
3404 5339 3456 5394 in
3482 5353 3610 5396 eor-

2013 5446 2143 5503 pore
2187 5447 2322 5498 suo,
2363 5430 2507 5500 quod
2539 5437 2624 5487 est
2648 5429 3280 5501 ejus.Ecclesia,_qui.de
3304 5429 3412 5487 hac
3434 5446 3494 5486 re
3522 5431 3610 5486 los

2013 5537 2184 5594 quens
2210 5523 2326 5590 ait,
2353 5521 2482 5582 Cum
2506 5521 2729 5578 uideritis
2754 5521 3046 5589 Abraham,
3071 5531 3118 5577 et
3147 5521 3330 5589 Isaac,
3354 5531 3400 5576 et
3422 5521 3616 5591 Iacob,

2014 5624 2061 5670 et
2079 5632 2250 5670 omnes
2281 5613 2567 5684 Prophetas
2588 5614 2643 5669 in
2669 5631 2824 5688 regno
2851 5613 2950 5670 Dei
2966 5657 2982 5683 ,
3009 5630 3100 5670 vos
3120 5625 3293 5670 autem
3319 5615 3504 5686 expelli
3525 5615 3610 5683 [ος
3667 5633 3675 5640 ·

2016 5723 2120 5762 ras.
2153 5707 2220 5762 Et
2244 5707 2437 5763 venient
2455 5707 2519 5762 ab
2547 5707 2738 5762 oriente
2758 5717 2806 5763 et
2830 5707 3086 5765 occidente
3112 5716 3162 5763 et
3185 5709 3420 5780 aquilone
3445 5717 3492 5762 et
3516 5722 3611 5760 au-

2016 5809 2142 5868 stro,
2173 5808 2218 5855 et
2243 5799 2531 5854 accumbent
2560 5799 2612 5855 in
2633 5817 2786 5873 regno
2830 5800 2922 5858 Dei
2947 5817 2968 5859 :
2991 5811 3038 5859 et
3066 5817 3180 5859 ecce
3212 5809 3332 5865 sunt
3357 5799 3639 5864 navium.

2091 5913 2105 5944 ι
2141 5910 2244 5964 sola
2270 5913 2416 5966 editio
2437 5919 2566 5978 Lov.,
2594 5925 2719 5966 rere.
