4078 6548
486 447 588 503 525

485 566 566 629 qui
596 566 733 613 erant
760 553 936 624 primi,
967 560 1009 604 et
1037 558 1151 603 sunt
1175 546 1324 617 primi
1346 546 1433 617 qui
1458 555 1601 599 erant
1619 544 1875 599 novissimi
1908 540 2054 613 (Luc.

486 667 575 706 xm
599 691 613 714 ,
635 645 845 715 28-50).
874 643 960 698 Sic
1005 641 1144 695 enim
1193 638 1419 707 quodam
1463 636 1619 690 modo
1647 636 1820 689 minor
1847 633 2063 702 majoris

484 742 762 810 primatum
790 733 952 789 frater
974 731 1189 787 abstulit
1217 740 1374 799 atque
1401 730 1453 782 in
1488 744 1546 783 se
1572 727 1837 782 transtulit
1860 725 2056 779 fratris.

480 828 611 884 Cum
642 826 799 897 igitur
827 834 932 878 tam
982 836 1106 877 vera
1143 829 1353 889 tamque
1385 817 1746 888 significentur
1770 816 2058 881 veraciter,

482 918 605 984 quid
620 917 704 970 hic
717 914 873 969 debet
891 912 1058 982 putari
1077 910 1269 964 factum
1286 910 1549 962 dictumve
1564 904 1919 961 mendaciter?
1932 905 2062 959 Cum

482 1009 622 1062 enim
643 1022 761 1076 quas
778 1004 1161 1075 signiﬁcantur,
1181 1016 1282 1055 non
1302 1000 1481 1069 utique
1498 1014 1599 1052 non
1614 1004 1737 1051 sunt
1750 999 1800 1050 in
1818 997 2060 1057 veritate,

480 1097 572 1152 sed
595 1105 718 1151 sunt
743 1110 835 1150 seu
856 1092 1143 1164 prmterita,
1172 1105 1264 1145 seu
1284 1090 1689 1160 praesentia,seu
1717 1087 1918 1151 futura;
1938 1101 2064 1155 pro-

481 1188 567 1242 cul
587 1188 748 1243 dubio
772 1200 895 1240 vera
923 1182 1231 1253 signiﬁcatio
1256 1190 1359 1248 est,
1379 1181 1685 1249 nullumque
1705 1178 2060 1234 mendacium.

482 1279 585 1335 Sed
619 1279 773 1333 nimis
794 1278 1006 1346 longum
1050 1284 1131 1329 est
1162 1274 1211 1326 in
1255 1273 1352 1326 hac
1400 1270 1783 1341 signiﬁcatione
1827 1266 2059 1338 prophe-

486 1374 587 1425 tica
640 1368 913 1423 enucleate
956 1376 1142 1421 Cuncta
1176 1365 1385 1430 rimari,
1416 1366 1467 1417 in
1495 1363 1683 1433 quibus
1708 1361 1935 1430 palmam
1973 1375 2065 1415 ve-

485 1462 612 1514 ritas
640 1458 829 1522 habet,
860 1457 978 1526 quia
1019 1463 1077 1510 ut
1118 1453 1465 1525 signiﬁcando
1516 1452 1863 1521 praenuntiata
1906 1457 2061 1517 sunt,

485 1551 553 1605 ita
605 1548 976 1619 consequendo
1010 1547 1335 1602 claruerunt.

554 1638 779 1695 CAPUT
817 1637 907 1697 XI.
930 1667 1001 1678 —
1024 1638 1114 1691 ΞΒ.
1151 1636 1431 1705 Triparlita
1461 1635 1592 1688 ratio
1637 1633 1928 1706 disputandi
1964 1633 2062 1686 ad-

486 1746 655 1784 versus
674 1746 759 1783 eos
778 1729 863 1797 qui
889 1728 1177 1797 Scripturas
1198 1726 1394 1779 divinas
1410 1725 1682 1779 mendaciis
1702 1726 1804 1778 suis
1828 1723 2065 1779 adhibere

485 1830 724 1892 patronos
751 1819 943 1873 volunt.
971 1818 1150 1888 Neque
1173 1817 1222 1871 id
1254 1818 1354 1871 isto
1380 1831 1623 1871 sermone
1650 1816 1894 1885 suscepi,
1922 1815 2064 1885 quod

485 1911 550 1964 ad
581 1918 633 1965 te
672 1910 836 1981 magis
866 1910 1124 1978 pertinet,
1167 1908 1253 1977 qui
1282 1907 1801 1962 Priscillianistarum
1830 1905 2062 1960 latebras

484 2003 771 2072 aperuisti,
812 2011 1065 2073 quantum
1100 2001 1165 2054 ad
1210 2015 1393 2055 eorum
1440 1999 1627 2053 attinet
1661 1998 1903 2069 dogmata
1929 1997 2060 2051 falsa

485 2103 645 2163 atque
669 2108 935 2163 perversa;
961 2107 1027 2147 ne
1053 2092 1121 2145 ita
1152 2091 1461 2160 investigata
1479 2090 1754 2145 videantur
1790 2090 1939 2160 quasi
1970 2089 2066 2143 do-

484 2183 651 2239 cenda
676 2183 905 2246 fuerint,
937 2191 990 2236 et
1034 2197 1139 2235 non
1168 2180 1547 2250 redarguenda.
1588 2180 1750 2249 Magis
1783 2194 1911 2249 ergo
1940 2180 1954 2209 ι
1982 2178 2062 2233 fac

485 2285 543 2330 ut
566 2283 859 2344 expugnata
892 2273 1104 2343 jaceant
1126 2314 1140 2339 ,
1167 2287 1287 2342 quae
1314 2272 1479 2325 fecisti
1511 2280 1564 2324 ut
1588 2270 1789 2339 prodita
1814 2278 2023 2338 pateant
2047 2288 2059 2322 :

484 2384 553 2422 ne
594 2367 719 2423 dum
745 2366 986 2421 volumus
1024 2365 1087 2419 ad
1132 2364 1429 2433 indaginem
1473 2363 1747 2416 hominum
1797 2360 2064 2416 fallacium

483 2458 796 2528 pervenire,
829 2458 969 2525 ipsas
1008 2454 1265 2509 falsitates
1306 2455 1541 2508 sinamus
1566 2462 1813 2523 tanquam
1845 2454 2062 2521 insupe-

483 2549 675 2603 rabiles
709 2563 1053 2617 permanere;
1082 2561 1201 2601 cum
1227 2547 1401 2616 potius
1428 2545 1712 2600 debeamus
1735 2556 1786 2600 et
1818 2544 1870 2597 in
1898 2544 2065 2597 laten-

483 2642 613 2695 tium
657 2639 903 2694 cordibus
950 2637 1225 2691 destruere
1265 2634 1554 2699 falsitates,
1596 2650 1753 2705 quam
1796 2632 2065 2706 parcendo

484 2730 795 2787 falsitatibus
825 2729 1066 2784 invenire
1094 2728 1325 2782 fallaces.
1345 2726 1510 2781 Porro
1540 2727 1680 2781 inter
1704 2726 1792 2780 illa
1816 2724 2064 2795 dogmata

483 2839 665 2880 eorum
686 2864 702 2887 ,
732 2836 850 2892 qua:
880 2820 1232 2876 subvertenda
1272 2826 1425 2885 sunt,
1457 2818 1614 2873 etiam
1648 2818 1749 2871 hoc
1772 2825 1854 2871 est
1883 2817 2063 2885 utique

483 2914 622 2983 quod
660 2912 1053 2983 dogmatizant,
1081 2909 1147 2963 ad
1191 2907 1557 2963 occultandam
1598 2906 1906 2976 religionem
1931 2906 2065 2961 reli-

484 3006 660 3070 giosos
685 3003 880 3058 debere
923 2999 1171 3066 mentiri,
1208 2999 1259 3051 in
1291 3006 1489 3051 tantum
1534 3005 1591 3050 ut
1633 3010 1737 3050 non
1781 2997 1952 3051 solum
1997 2993 2066 3049 de

484 3094 600 3147 aliis
629 3092 790 3147 rebus
809 3092 873 3145 ad
899 3089 1193 3145 doctrinam
1224 3087 1494 3158 religionis
1514 3102 1621 3141 non
1651 3086 2058 3156 pertinentibus,

485 3183 579 3236 sed
608 3181 675 3236 de
704 3181 813 3249 ipsa
844 3195 1054 3249 quoque
1078 3178 1329 3248 religione
1360 3176 1717 3232 mentiendum
1745 3176 1849 3241 sit,
1874 3190 1941 3231 ne
1972 3191 2062 3245 pa-

486 3281 655 3326 tescat
681 3271 864 3325 alienis
882 3286 901 3323 ι
927 3280 982 3323 ut
1013 3269 1250 3324 videlicet
1283 3267 1553 3337 negandus
1581 3268 1649 3321 sit
1677 3266 1935 3325 Christus.
1960 3281 2064 3336 quo

489 3362 654 3430 possit
681 3362 816 3415 inter
858 3361 1098 3414 inimicos
1144 3373 1269 3413 suos
1300 3358 1461 3412 latere
1498 3358 1835 3412 Christianus.
1892 3358 2063 3411 Etiam

489 3456 590 3508 hoc
612 3493 626 3517 ,
654 3452 876 3506 obsecro
918 3460 971 3505 te
993 3493 1007 3517 ,
1036 3450 1224 3520 dogma
1268 3450 1483 3518 impium
1532 3447 1893 3517 nefariumque
1935 3448 2064 3502 sub-

487 3552 655 3608 verte,
687 3550 903 3613 propter
946 3541 1087 3610 quod
1142 3538 1482 3592 astruendum
1526 3530 1971 3607 argumentantes‘
1996 3536 2063 3593 de

486 3634 773 3702 Scripturis
798 3632 1051 3701 colligunt
1079 3630 1377 3684 testimonia
1398 3670 1410 3693 ,
1440 3628 1633 3698 quibus
1660 3627 1936 3682 videantur
1956 3642 2062 3683 non

485 3725 659 3780 solum
687 3722 1004 3793 ignoscenda
1032 3721 1114 3775 vel
1145 3720 1413 3775 toleranda
1434 3762 1447 3785 ,
1470 3735 1653 3773 verum
1680 3727 1733 3773 et
1753 3718 2063 3774 honoranda

488 3815 780 3871 mendacia.
813 3814 891 3867 Ad
917 3822 967 3867 te
995 3812 1151 3883 igitur
1181 3812 1444 3881 pertinet,
1471 3820 1667 3864 Sectam
1697 3810 2063 3864 detestabilem

488 3924 609 3963 cum
639 3906 857 3973 refellis,
878 3906 955 3961 sic
981 3903 1282 3974 accipienda
1307 3910 1604 3956 monstrare
1632 3903 1730 3955 ista
1763 3902 2062 3956 testimonia

487 4003 899 4073 Scripturarnm,
928 4011 986 4056 ut
1011 4002 1090 4056 vel
1119 4000 1311 4055 doceas
1346 4016 1454 4053 non
1503 4015 1620 4054 esse
1657 4015 1775 4069 qua:
1817 4007 2065 4069 putantur

487 4110 606 4151 esse
648 4093 919 4148 mendacia
941 4134 955 4158 ,
985 4093 1029 4146 si
1051 4107 1116 4147 eo
1137 4091 1295 4145 modo
1323 4091 1708 4160 intelligantur,
1737 4106 1841 4160 quo
1866 4091 2065 4146 intelli-

488 4191 656 4254 genda
696 4192 846 4248 sunt;
880 4182 965 4237 vel
1002 4181 1251 4235 imitanda
1279 4196 1383 4235 non
1410 4196 1529 4235 esse
1570 4182 1726 4235 etiam
1754 4197 1872 4250 qua:
1898 4183 2067 4237 mani-

492 4278 683 4333 festum
705 4286 785 4332 est
814 4292 933 4332 esse
952 4278 1261 4343 mendacia;
1290 4279 1371 4332 vel
1410 4287 1554 4334 certe
1576 4279 1640 4333 ad
1675 4289 1969 4335 extremum
1997 4282 2065 4333 de

492 4368 575 4423 his
604 4369 791 4423 saltem
826 4369 985 4422 rebus
1032 4385 1149 4438 qua:
1173 4368 1241 4423 ad
1270 4369 1563 4423 doctrinam
1602 4370 1872 4440 religionis
1900 4370 2058 4440 perti-

491 4467 658 4523 nent,
686 4459 831 4514 nullo
860 4458 1018 4512 modo
1060 4473 1180 4513 esse
1224 4458 1607 4513 mentiendum.
1652 4459 1738 4513 Sic
1765 4460 1905 4514 enim
1940 4474 2067 4515 vere

492 4547 732 4603 funditus
760 4556 1088 4615 evertuntur,
1117 4546 1241 4601 dum
1294 4549 1553 4603 evertitur
1590 4549 1677 4603 ubi
1703 4548 2023 4604 delitescunt
2049 4568 2061 4603 :

490 4650 547 4696 ut
568 4655 633 4696 eo
664 4641 777 4709 ipso
802 4640 1018 4695 minime
1064 4640 1301 4695 sectandi
1335 4649 1388 4695 et
1414 4642 1641 4695 maxime
1677 4642 1897 4697 cavendi
1922 4641 2067 4711 judi-

491 4741 698 4799 centur,
729 4747 833 4802 quo
858 4746 916 4786 se
955 4731 1020 4786 ad
1056 4731 1419 4786 occultandam
1449 4731 1693 4786 haeresim
1724 4747 1871 4785 suam
1903 4733 2067 4802 proﬁ-

494 4833 671 4885 tentur
696 4837 816 4879 esse
864 4822 1166 4878 mendaces.
1197 4821 1307 4875 Hoc
1332 4823 1383 4875 in
1418 4822 1496 4877 eis
1522 4831 1602 4875 est
1631 4823 1872 4893 primitus
1900 4838 2067 4892 expu-

488 4914 778 4985 gnandum,
827 4913 927 4967 hoc
973 4927 1156 4968 eorum
1199 4912 1344 4966 velut
1380 4911 1629 4967 idoneum
1684 4914 2067 4967 munimentum

490 5006 725 5061 veritatis
750 5004 942 5059 ictibus
960 5002 1248 5058 feriendum
1278 5012 1433 5071 atque
1459 5001 1829 5071 dejiciendum.
1862 5002 1969 5057 Nec
1990 5004 2068 5056 eis

490 5113 646 5168 quam
674 5111 780 5151 non
804 5094 1107 5158 habebant,
1139 5092 1240 5148 alia
1276 5093 1477 5147 latebra
1512 5108 1616 5163 quo
1643 5092 1949 5162 confugiant
1986 5101 2070 5146 est

492 5186 776 5257 prmbcnda
797 5201 811 5239 :
835 5192 895 5239 ut
922 5185 965 5240 si
994 5183 1130 5239 forte
1157 5183 1225 5238 ab
1254 5183 1334 5238 his
1358 5182 1655 5253 produntur
1677 5225 1691 5251 ,
1720 5174 1854 5253 quos
1892 5184 2067 5238 conati

492 5279 688 5332 fuerint
711 5276 997 5340 seducere,
1023 5290 1121 5331 nec
1140 5276 1433 5344 potuerint,
1464 5274 1673 5342 dicant,
1698 5274 1925 5329 Tentare
1952 5274 2070 5328 illos

492 5367 757 5422 voluimus
774 5406 790 5430 ,
818 5354 1066 5435 quoniam
1093 5366 1377 5436 prudentes
1402 5367 1646 5421 catholici
1666 5366 1964 5421 docuerunt
2000 5366 2068 5420 ad

492 5455 841 5512 inveniendos
896 5456 1171 5509 haereticos
1222 5456 1273 5510 id
1303 5471 1419 5510 esse
1464 5456 1777 5511 faciendum.
1818 5456 1923 5510 Sed
1973 5456 2071 5509 ali-

492 5552 691 5615 quanto
716 5542 1136 5599 commendatius
1162 5554 1370 5612 oportet
1392 5555 1447 5598 ut
1468 5545 1661 5609 dicam,
1690 5562 1786 5599 cur
1815 5546 1913 5600 ista
1940 5545 2068 5600 mihi

430 5661 436 5669 -
498 5633 743 5691 videatur
767 5632 1026 5700 tripartita
1052 5635 1189 5686 ratio
1224 5634 1525 5702 diSputandi
1566 5635 1821 5689 adversus
1860 5638 2066 5705 eos-qui

499 5734 750 5801 patronas
774 5721 1063 5776 mendaciis
1084 5723 1192 5777 suis
1218 5723 1401 5777 volunt
1420 5724 1671 5779 adbibere
1694 5726 1897 5780 divinas
1926 5727 2071 5780 Seri-

560 5858 578 5891 ι
613 5856 897 5905 Sorbonlcus
919 5860 1021 5909 Ms..
1042 5857 1085 5903 et
1108 5865 1197 5903 non
1220 5855 1369 5917 magis
1394 5856 1741 5919 redarguenda.
1766 5868 1899 5921 Ergo,
1928 5869 2019 5910 etc.

1464 432 1733 488 CONTRA
1783 424 2198 489 MiiNDACIUM,
2240 425 2297 478 S.
2334 422 2695 478 AllGUSTiNI

3626 437 3730 475 θα)

2170 550 2349 608 pturas
2373 556 2386 591 :
2421 547 2477 591 ut
2503 538 2646 607 prius
2674 537 3015 592 ostendanan
3037 538 3287 592 nonnulla
3316 556 3432 608 qua:
3451 542 3521 595 ibi
3553 554 3739 611 putanc

2170 640 2252 685 tur
2275 646 2392 685 esse
2418 629 2688 684 mendacia
2705 670 2718 693 ,
2749 645 2852 682 non
2900 644 3019 684 esse
3047 630 3187 699 quod
3215 642 3493 700 putantur,
3520 635 3565 688 si
3598 645 3742 691 recte

2168 720 2552 789 intelligantur;
2579 719 2798 786 deinde,
2825 720 2870 774 si
2899 734 2999 789 qua
3042 721 3113 775 ibi
3147 722 3419 777 mendacia
3458 725 3742 781 manifesta

2166 820 2315 876 sunt,
2348 810 2599 865 imitanda
2629 825 2733 865 non
2780 825 2937 874 esse;
2970 811 3158 878 tertio,
3189 822 3374 867 contra
3417 829 3607 869 omnes
3628 831 3748 869 om-

2168 904 2309 957 ninm
2336 902 2641 971 opiniones,
2670 901 2861 970 quibus
2899 901 3103 955 videtur
3122 902 3188 955 ad
3219 903 3319 956 viri
3361 904 3483 957 boni
3506 903 3744 959 ofﬁcium

2169 995 2431 1062 pertinere
2458 992 2739 1061 aliquando
2767 992 2974 1046 mentiri
2997 1034 3011 1055 ,
3039 993 3185 1047 omni
3222 994 3381 1048 modo
3413 995 3701 1049 tenendum
3726 1036 3745 1061 ,

2169 1086 2218 1138 in
2254 1084 2492 1138 doctrina
2522 1085 2787 1153 religionis
2812 1084 2959 1138 nullo
2996 1085 3155 1140 modo
3196 1100 3317 1142 esse
3354 1088 3745 1144 mentiendum.

2170 1176 2292 1230 lImc
2314 1176 2454 1231 enim
2477 1178 2576 1231 tria
2607 1177 2697 1231 tibi
2720 1178 2738 1209 ¹
2766 1178 3099 1247 exsequenda
3124 1179 3284 1249 paulo
3311 1189 3434 1236 ante
3472 1195 3751 1238 eommem

2168 1266 2284 1321 davi
2306 1308 2321 1334 ,
2348 1277 2402 1323 et
2423 1268 2651 1338 quodam
2676 1269 2835 1325 modo
2861 1268 3081 1338 injunxi.

2238 1359 2461 1416 CAPUT
2501 1361 2615 1415 XII.
2645 1392 2712 1401 ——
2737 1361 2823 1416 26.
2855 1360 3103 1433 Exempla
3134 1364 3398 1417 mentiendi
3424 1368 3656 1435 quwdam
3683 1382 3747 1420 ex

2166 1451 2406 1505 veteribus
2444 1452 2723 1522 Scripturis
2760 1471 2871 1507 vere
2907 1452 3031 1507 talia
3050 1496 3063 1518 ,
3102 1472 3164 1508 ea:
3194 1454 3343 1509 Novo
3367 1468 3535 1510 autem
3562 1456 3746 1512 Testa-

2166 1552 2332 1597 mento
2362 1544 2503 1596 nulla
2531 1544 2766 1613 proferri.
2801 1544 3071 1599 Simulatio
3108 1545 3249 1600 Petri
3286 1556 3332 1600 et
3359 1546 3610 1602 Barnaba:
3640 1564 3746 1602 me-

2165 1636 2263 1688 rito
2304 1635 2603 1704 reprehensa
2644 1652 2674 1688 a
2722 1635 2910 1689 Paulo.
2958 1635 3079 1690 Non
3126 1638 3432 1693 mendaciter
3471 1639 3748 1694 observata

2165 1743 2198 1779 a
2226 1724 2394 1780 Paulo
2426 1726 2577 1796 Legis
2612 1728 2843 1798 quaedam
2880 1729 3206 1782 cwremoniw.
3240 1728 3434 1783 Paulus
3467 1748 3569 1784 non
3597 1748 3745 1785 men-

2167 1816 2355 1883 tiendo,
2384 1817 2471 1871 sed
2495 1819 2841 1887 compatiendo
2869 1819 3096 1871 omnibus
3120 1819 3289 1872 omnia
3314 1822 3498 1890 factus.
3527 1819 3745 1874 Menda-

2167 1907 2298 1958 cium
2325 1906 2447 1977 quid
2473 1908 2555 1960 sit.
2588 1908 2665 1961 Ad
2705 1907 3030 1962 ostendenda
3067 1922 3195 1979 ergo
3223 1909 3465 1979 quaadam
3494 1926 3613 1979 qua:
3639 1926 3743 1980 pu-

2167 2006 2345 2051 tantur
2370 1999 2423 2052 in
2448 1998 2733 2068 Scripturis
2757 2014 2875 2053 esse
2903 2000 3199 2066 mendacia,
3228 2015 3331 2054 non
3362 2016 3423 2055 ea
3452 2016 3573 2056 esse
3599 2002 3744 2071 quod

2166 2098 2448 2159 putantur,
2477 2090 2521 2144 si
2562 2100 2704 2145 recte
2741 2091 3129 2161 intelligantur;
3173 2106 3280 2146 non
3318 2092 3411 2146 tibi
3438 2107 3623 2161 parum
3651 2092 3749 2146 ad-

2166 2196 2351 2235 versus
2382 2182 2512 2236 istos
2536 2182 2711 2236 valere
2734 2182 2996 2248 videatur,
3024 2182 3165 2253 quod
3192 2198 3296 2237 non
3326 2184 3393 2239 de
3416 2185 3743 2253 apostolicis,

2166 2272 2261 2326 sed
2303 2273 2370 2327 de
2409 2272 2730 2342 propheticis
2766 2274 2979 2330 Litteris
3018 2275 3291 2330 inveniunt
3327 2277 3469 2331 velut
3501 2279 3747 2347 exempla

2167 2365 2477 2420 mentiendi.
2505 2366 2595 2419 Illa
2622 2366 2813 2437 quippe
2836 2368 3010 2421 omnia
3037 2384 3153 2436 quae
3178 2370 3488 2423 nominatim
3510 2384 3749 2424 comme-

2167 2465 2377 2511 morant
2403 2457 2487 2511 ubi
2514 2458 2582 2511 sit
2606 2458 2827 2527 quisque
2853 2460 3133 2525 mentitus,
3162 2461 3214 2513 in
3244 2458 3324 2515 eis
3353 2459 3527 2514 Libris
3557 2460 3747 2530 legun-

2169 2560 2281 2616 tur,
2314 2551 2367 2603 in
2403 2550 2594 2620 quibus
2631 2566 2737 2605 non
2767 2552 2936 2605 solum
2967 2550 3136 2618 dicta,
3182 2567 3365 2607 verum
3406 2553 3565 2607 etiam
3608 2552 3748 2607 facta

2166 2645 2329 2699 multa
2358 2646 2573 2715 ﬁgurata
2601 2648 2898 2715 conscripta
2924 2655 3047 2700 sunt
3066 2648 3110 2713 ',
3135 2646 3257 2716 quia
3282 2655 3336 2701 et
3359 2646 3579 2717 ﬁgurate
3598 2656 3749 2717 gesta

2167 2746 2310 2793 sunt.
2339 2737 2394 2792 In
2416 2737 2595 2808 ﬁguris
2614 2748 2789 2794 autem
2816 2738 2955 2809 quod
2978 2738 3119 2793 velut
3138 2739 3471 2794 mendacium
3489 2738 3509 2769 ³
3529 2738 3746 2801 dicitur,

2166 2827 2302 2881 bene
2340 2826 2662 2883 intellectum
2705 2844 2886 2882 verum
2927 2828 3209 2883 invenitur.
3243 2828 3481 2899 Apostoli
3519 2842 3648 2882 vero
3693 2829 3749 2882 in

2167 2922 2419 2991 Epistolis
2447 2921 2555 2974 suis
2595 2920 2748 2973 aliter
2784 2920 2941 2975 locuti
2982 2928 3136 2984 snnt,
3165 2919 3422 2989 aliterque
3457 2920 3749 2989 conscripti

2167 3015 2330 3069 Actus
2349 3011 2747 3082 Apostolorum,
2769 3010 2879 3080 jam
2896 3010 3137 3065 videlicet
3158 3010 3390 3064 revelato
3406 3010 3750 3065 Testamento

2166 3103 2333 3167 Novo,
2357 3101 2496 3170 quod
2520 3101 2623 3154 illis
2645 3100 2828 3170 tiguris
2849 3098 3173 3170 prepheticis
3193 3100 3484 3153 velabatur.
3509 3100 3753 3169 Denique

2167 3196 2219 3249 in
2248 3203 2324 3248 tot
2350 3192 2599 3261 Epistolis
2626 3190 2930 3260 apostolicis
2952 3231 2967 3256 ,
3006 3199 3164 3260 atque
3203 3190 3255 3244 in
3286 3191 3401 3260 ipso
3428 3200 3531 3245 tam
3558 3193 3749 3259 grandi

2167 3291 2302 3346 libro
2326 3294 2376 3346 in
2400 3306 2505 3362 quo
2527 3300 2674 3347 actus
2698 3307 2881 3346 eorum
2911 3290 3166 3345 canonica
3197 3292 3414 3344 veritate
3441 3299 3747 3354 narrantur,

2167 3399 2272 3437 non
2300 3383 2564 3436 invenitur
2590 3382 2708 3436 talis
2732 3382 2922 3451 aliquis
2947 3382 3232 3448 mentiens,
3256 3391 3315 3435 ut
3339 3382 3405 3436 de
3431 3382 3519 3436 illo
3542 3382 3610 3435 ab
3631 3383 3751 3437 istis

2166 3473 2231 3526 ad
2260 3472 2545 3527 mentiendi
2575 3472 2841 3526 licentiam
2871 3478 3197 3541 proponatur
3221 3472 3542 3540 exemplum.
3569 3471 3750 3537 Quan-

2167 3561 2450 3629 doquidem
2478 3563 2563 3616 illa
2596 3562 2733 3616 Petri
2765 3569 2821 3616 et
2846 3561 3099 3615 Barnaba:
3127 3562 3393 3616 simulatio
3421 3577 3521 3630 qua
3548 3561 3751 3617 Gentes

2162 3655 2433 3723 judaizare
2461 3654 2738 3723 cogebant,
2769 3653 2960 3708 merito
2985 3653 3305 3722 reprehensa
3330 3662 3487 3723 atque
3507 3664 3749 3709 correcta

2167 3754 2247 3799 est
2266 3786 2280 3809 ,
2311 3754 2364 3799 et
2392 3760 2458 3797 ne
2488 3752 2611 3798 tunc
2638 3752 2882 3809 noceret,
2913 3752 2968 3799 et
2993 3759 3059 3799 ne
3085 3743 3311 3814 posteris
3338 3744 3404 3798 ad
3433 3743 3749 3799 imitandum

2169 3838 2385 3891 valeret.
2412 3836 2543 3889 Cum
2570 3836 2708 3889 enim
2736 3835 2957 3889 vidisset
2978 3836 3247 3905 apostolus
3272 3835 3464 3889 Paulus
3490 3836 3609 3905 quia
3640 3851 3749 3892 non

2166 3938 2311 3984 recte
2340 3928 2706 3997 ingrediuntur
2732 3928 2796 3981 ad
2822 3928 3094 3983 veritatem
3121 3928 3407 3997 Evangelii,
3435 3928 3565 3982 dixit
3587 3928 3752 3983 Petro

2166 4037 2345 4077 coram
2373 4022 2617 4076 omnibus
2649 4039 2661 4075 :
2693 4021 2754 4076 Si
2783 4032 2836 4073 tu
2870 4038 2983 4074 cum
3018 4023 3086 4075 sis
3124 4021 3371 4085 Iudicas,
3414 4020 3679 4075 Gentiliter
3702 4030 3752 4075 et

2168 4132 2269 4169 non
2313 4113 2529 4168 Judaice
2578 4114 2735 4177 viris;
2787 4113 3035 4178 quemodo
3080 4113 3260 4183 Gentes
3302 4114 3440 4183 cogis
3483 4114 3753 4182 iudaizare

2170 4208 2362 4279 (Galat.
2387 4224 2443 4269 ιι,
2470 4207 2554 4271 1⁸5,
2586 4205 2717 4275 M)?
2745 4204 2799 4258 Id
2824 4213 2998 4258 autem
3029 4205 3168 4275 quod
3200 4205 3311 4274 ipse
3337 4204 3481 4271 fecit,
3510 4214 3565 4257 ut
3589 4220 3753 4273 quas-

2168 4300 2291 4355 dam
2342 4300 2740 4355 observationes
2794 4298 3054 4368 legitimas
3099 4298 3306 4367 judaica
3364 4298 3753 4355 consuetudine

2170 4392 2447 4449 retinendo
2473 4402 2524 4446 et
2548 4391 2752 4462 agendo
2777 4407 2881 4444 non
2909 4405 2967 4445 se
2994 4390 3262 4443 inimicum
3287 4390 3411 4461 Legi
3440 4390 3754 4459 Pr0phetis-

2169 4501 2273 4555 que
2296 4493 2633 4547 ntOnStrai'et,
2666 4483 2802 4537 absit
2831 4491 2887 4536 ut
2916 4481 3242 4536 mendaciter
3268 4498 3387 4535 cum
3422 4481 3609 4535 fecisse
3634 4496 3757 4535 cre—

2170 4576 2376 4631 damus.
2406 4575 2479 4630 De
2502 4574 2601 4628 hac
2623 4575 2817 4643 quippe
2842 4588 2899 4627 re
2923 4573 3051 4626 satis
3078 4580 3160 4627 est
3184 4572 3295 4642 ejus
3319 4583 3438 4626 nota
3462 4574 3751 4639 sententia,

2170 4682 2271 4738 qua
2302 4666 2470 4721 fuerat
2498 4666 2862 4730 constitutum,
2893 4679 2990 4718 nec
3014 4664 3227 4718 Judaeos
3252 4666 3339 4735 qui
3368 4672 3492 4719 tunc
3518 4666 3573 4718 in
3599 4664 3757 4719 Chri-

2171 4772 2309 4818 stum
2336 4761 2623 4817 credebant
2645 4759 3006 4831 prohibendos
3032 4775 3150 4814 esse
3179 4775 3209 4813 a
3237 4760 3473 4829 paternis
3507 4760 3756 4814 traditio-

2174 4854 2347 4921 nibus,
2370 4867 2470 4907 nec
2489 4852 2555 4906 ad
2578 4866 2671 4907 eas
2690 4851 2928 4907 Gentiles
2948 4865 3066 4904 cum
3088 4850 3371 4905 Christiani
3399 4850 3609 4919 ﬁerent,
3634 4866 3759 4906 esse

2173 4944 2439 5015 cogendos
2467 4961 2480 4997 :
2509 4952 2567 4998 ut
2594 4943 2682 4997 illa
2709 4951 3037 4997 sacramenta
3065 4956 3185 5011 qure
3212 4941 3463 4996 divinitus
3490 4952 3763 5013 praecepta

2173 5052 2291 5090 esse
2318 5043 2618 5102 constaret,
2655 5050 2761 5089 non
2804 5042 3051 5103 tanquam
3090 5034 3363 5104 sacrilegia
3404 5034 3759 5105 fugerentur;

2174 5143 2271 5181 nec
2298 5135 2471 5181 tamen
2497 5135 2808 5197 putarentur
2832 5125 2907 5180 sic
2937 5124 3233 5180 necessaria
3258 5126 3367 5195 jam
3394 5125 3541 5181 Novo
3563 5127 3761 5182 Testa-

2154 5230 2355 5275 mento
2383 5220 2638 5284 revelato,
2672 5229 2919 5288 tanquam
2950 5218 3065 5272 sine
3093 5218 3158 5273 iis
3187 5218 3502 5287 quicumque
3530 5233 3764 5273 conver—

2175 5318 2416 5364 terentur
2440 5310 2502 5362 ad
2536 5311 2695 5363 Deum
2722 5310 2850 5364 salvi
2877 5325 2994 5363 esse
3027 5324 3129 5362 non
3163 5318 3395 5377 possent.
3420 5309 3589 5363 Erant
3614 5311 3762 5364 enim

2174 5402 2262 5471 qni
2293 5401 2392 5455 hoc
2418 5401 2671 5469 putabant
2695 5409 2851 5468 atque
2879 5400 3255 5468 prmdicahant,
3278 5400 3520 5469 quamvis
3539 5399 3652 5469 jam
3676 5417 3763 5455 re-

2175 5502 2329 5561 cepto
2359 5492 2550 5546 Christi
2574 5490 2879 5560 Evangelio,
2906 5500 2963 5544 et
2991 5490 3066 5543 eis
3096 5490 3340 5545 simulate
3373 5500 3767 5546 consenserant

2178 5587 2362 5640 Petrus
2390 5593 2441 5638 et
2468 5583 2770 5646 Barnabas;
2810 5581 3033 5651 ideoque
3065 5581 3322 5652 cogebant
3353 5581 3551 5637 Gentes
3578 5583 3765 5652 iudai-

2241 5743 2254 5770 ι
2290 5747 2420 5795 Lov.,
2448 5739 2544 5789 tria
2562 5738 2642 5789 ibi.
2667 5740 2751 5788 Alii
2775 5719 2997 5793 codices:
3010 5739 3112 5788 tibi.

2241 5804 2259 5832 ²
2293 5809 2394 5853 Duo
2415 5810 2540 5859 Mss“
2570 5799 2773 5863 ﬁgurate
2797 5802 3065 5860 conscripta
3088 5806 3214 5849 sunt.

2244 5864 2259 5889 ³
2296 5873 2375 5911 Αιιι
2421 5871 2489 5912 Fr.
2522 5872 2567 5911 et
2597 5864 2761 5925 plures
2786 5873 2909 5919 Mss,
2938 5864 3061 5914 uelut
3084 5864 3323 5915 mendum.
