4078 6522
268 419 374 474 5'57

266 547 409 587 rare.
430 530 489 587 Id
510 539 629 586 erat
646 530 788 585 enim
810 544 1022 601 cogere,
1044 530 1123 585 sic
1142 544 1203 585 ea
1226 531 1524 586 necessaria
1544 531 1863 602 praedicare,

266 634 520 694 tanquam
561 631 617 678 et
645 630 861 692 recepto
890 621 1179 693 Evangelio
1225 621 1370 676 nulla
1416 622 1534 677 sine
1577 622 1680 678 illis
1720 623 1866 678 salus

264 724 411 770 esset
438 714 493 769 in
521 713 757 781 Christo.
792 713 911 769 [Ioc
929 728 1084 768 error
1111 713 1461 783 quorumdam
1492 714 1731 784 putabat,
1764 715 1865 769 hoc

267 808 428 861 timor
450 805 594 861 Petri
617 805 921 870 simulabat,
950 806 1053 861 hoc
1073 805 1291 861 libertas
1312 806 1463 861 Pauli
1489 807 1862 878 redarguebat.

266 895 418 963 Quod
446 911 579 967 ergo
607 896 717 963 ait,
753 893 997 950 Omnibus
1026 896 1197 951 omnia
1235 898 1403 968 {actus
1438 914 1580 964 sum,
1612 908 1666 951 ut
1694 913 1866 953 omnes

266 988 653 1056 lucrifacerem;
684 986 1059 1058 compatiendo
1098 987 1152 1042 id
1190 988 1347 1054 fecit,
1386 1004 1492 1043 non
1532 989 1863 1045 mentiendo.

267 1078 350 1133 Fit
385 1079 536 1135 enim
574 1079 805 1151 quisque
848 1090 1097 1151 tanquam
1142 1078 1232 1135 ille
1281 1080 1367 1136 cui
1404 1080 1518 1135 vult
1557 1080 1860 1147 subvenire,

263 1171 483 1239 quando
512 1181 659 1227 tanta
686 1171 1049 1227 misericordia
1078 1170 1356 1239 subvenit,
1388 1181 1584 1243 quanta
1609 1172 1710 1227 sibi
1734 1172 1866 1227 sub-

263 1264 435 1317 veniri
466 1264 648 1327 vellet,
676 1264 721 1318 si
746 1273 890 1319 esset
918 1264 1033 1334 ipse
1062 1266 1115 1318 in
1143 1263 1330 1319 eadem
1360 1263 1574 1319 miseria
1601 1264 1864 1321 constitu-

264 1366 367 1410 tus.
403 1354 586 1426 Itaque
616 1355 677 1410 ﬁt
706 1362 957 1427 tanquam
987 1356 1097 1423 ille,
1125 1372 1231 1411 non
1257 1357 1379 1426 quia
1407 1356 1540 1411 fallit
1566 1358 1739 1424 illum,
1769 1358 1864 1414 sed

262 1448 382 1517 quia
410 1444 471 1503 se
500 1449 699 1519 cogitat
736 1450 877 1505 sicut
912 1449 1085 1506 illum.
1116 1449 1269 1506 Unde
1297 1450 1426 1506 illud
1454 1459 1538 1505 est
1575 1451 1695 1521 ejus
1730 1467 1865 1524 apo-

261 1540 382 1595 stoli
404 1580 422 1606 ,
452 1539 598 1610 quod
632 1540 745 1610 jam
783 1556 942 1610 supra
983 1542 1399 1596 commemoravi
1430 1560 1443 1597 :
1473 1540 1716 1609 Fratres,
1743 1552 1791 1597 et
1819 1544 1866 1598 si

261 1640 649 1702 prwoccupatus
674 1632 825 1703 fuerit
851 1632 998 1686 homo
1025 1632 1077 1685 in
1102 1632 1271 1703 aliquo
1299 1631 1503 1699 delicto,
1529 1648 1618 1687 vos
1641 1634 1729 1704 qui
1756 1634 1865 1704 spi-

260 1727 471 1781 rituales
510 1728 662 1794 estis,
691 1728 923 1783 instruite
949 1729 1243 1799 hujusmodi
1281 1728 1334 1783 in
1363 1728 1545 1800 spiritu
1574 1737 1864 1783 mansuetu-

260 1818 415 1888 dinis,
436 1820 701 1875 intendens
721 1829 768 1875 te
792 1822 980 1892 ipsum,
999 1838 1061 1875 ne
1084 1830 1130 1875 et
1156 1831 1209 1875 tu
1238 1823 1440 1876 tenteris
1470 1821 1665 1892 (Galat.
1690 1836 1759 1888 Vl,
1784 1821 1858 1893 Ι).

258 1909 391 1967 Nam
420 1912 467 1965 si
496 1922 783 1982 prOpterea
812 1913 932 1982 quia
963 1912 1131 1980 dixit,
1164 1912 1359 1968 Factus
1386 1931 1499 1969 sum
1524 1914 1721 1969 Judtzis
1744 1924 1860 1968 tan-

258 2021 412 2074 quam
441 2002 476 2056 .1
482 2005 659 2059 udwus
679 2046 694 2072 ,
723 2014 770 2060 et
800 2006 861 2059 iis
889 2006 975 2076 qui
1002 2007 1095 2059 sub
1122 2004 1258 2077 Lege
1285 2014 1429 2060 erant
1448 2048 1464 2074 ,
1494 2016 1733 2075 tauquam
1769 2005 1861 2060 sub

257 2095 393 2167 Lege
427 2095 469 2167 (Ι
494 2093 615 2151 Cor.
643 2111 720 2163 ιχ,
740 2095 965 2168 20—22);
992 2096 1113 2151 ideo
1139 2095 1404 2166 putandus
1430 2105 1513 2151 est
1533 2096 1862 2151 mendaciter

258 2186 565 2256 suscepisse
597 2185 753 2257 Legis
785 2186 982 2242 veteris
1017 2196 1349 2242 sacramenta
1379 2204 1393 2241 :
1425 2186 1608 2242 debuit
1635 2195 1691 2242 et
1718 2186 1859 2243 Gen-

258 2280 391 2332 tium
423 2278 783 2333 idololatriam
813 2279 1002 2335 eodem
1033 2279 1194 2335 modo
1223 2280 1533 2335 mentiendo
1561 2280 1856 2351 suscipere,

256 2370 380 2441 quia
413 2370 549 2425 dixit
572 2373 733 2426 etiam
763 2372 827 2426 iis
855 2373 944 2443 qui
974 2373 1093 2428 sine
1116 2373 1257 2444 Lege
1284 2382 1436 2429 erant
1464 2381 1716 2445 tanquam
1742 2374 1860 2431 sine

258 2460 400 2531 Lege
425 2476 484 2515 se
512 2461 732 2529 factum,
761 2472 818 2516 ut
844 2477 940 2519 eos
965 2462 1303 2520 lucrifaceret
1331 2481 1347 2518 :
1376 2464 1517 2536 quod
1542 2464 1725 2536 utique
1750 2480 1859 2521 non

257 2552 403 2607 fecit.
425 2551 545 2606 Non
572 2553 717 2607 enim
744 2553 938 2609 alicubi
964 2555 1285 2610 sacrificavit
1309 2554 1485 2623 idolis,
1507 2564 1598 2611 aut
1618 2556 1860 2612 adoravit

256 2647 343 2702 illa
373 2648 664 2715 ﬁgmenta;
707 2662 771 2702 ac
799 2664 904 2702 non
937 2648 1111 2719 poﬁus
1156 2648 1323 2705 libere
1366 2659 1615 2721 tanquam
1655 2660 1859 2721 martyr

256 2738 456 2792 Christi
496 2737 814 2809 detestanda
859 2746 913 2793 et
953 2739 1165 2793 vitanda
1212 2741 1543 2794 monstravit.
1586 2740 1662 2795 De
1701 2741 1858 2797 nullis

177 2831 194 2850 '
255 2830 419 2901 igitur
462 2830 774 2901 apostolicis
816 2830 1025 2886 actibus
1066 2832 1179 2888 sive
1221 2833 1560 2890 sermonibus
1603 2835 1689 2889 isti
1730 2852 1857 2903 pro-

256 2924 433 2977 lerunt
474 2922 732 2978 imitanda
777 2923 1021 2992 exempla
1065 2924 1378 2979 mentiendi.
1424 2925 1500 2981 De
1529 2926 1857 2996 propheticis

255 3028 384 3084 ergo
422 3012 577 3068 factis
615 3028 711 3068 seu
747 3014 904 3069 dictis
932 3013 1053 3069 ideo
1079 3014 1180 3069 sibi
1210 3015 1460 3069 videntur
1485 3013 1686 3072 habere
1714 3018 1855 3086 quod

256 3103 568 3172 proferant,
615 3104 737 3175 quia
785 3105 980 3175 ﬁguras
1021 3106 1460 3177 prmnuntiativas
1504 3115 1692 3177 putant
1734 3120 1858 3163 esse

256 3198 568 3264 triendacia,
615 3214 681 3253 eo
723 3197 865 3269 quod
906 3198 1199 3253 mendaciis
1237 3198 1346 3253 sint
1380 3198 1664 3269 aliquando
1703 3198 1854 3254 simi-

253 3293 319 3346 lia
342 3291 447 3363 (a).
475 3290 586 3348 Sed
623 3306 748 3347 cum
791 3291 1097 3348 referuntur
1136 3292 1203 3347 ad
1242 3307 1335 3347 eas
1363 3307 1451 3347 res
1478 3303 1695 3363 propter
1723 3309 1856 3363 quas

252 3382 634 3454 signiticandas
664 3383 736 3437 ita
766 3381 905 3437 facta
936 3381 1021 3438 vel
1049 3382 1192 3437 dicta
1221 3391 1379 3449 sunt,
1411 3385 1751 3452 reperiuntur
1778 3385 1855 3439 si-

250 3476 625 3544 gniﬁcationes
646 3489 769 3530 esse
792 3489 1030 3541 veraces,
1056 3490 1119 3529 ac
1146 3491 1241 3546 per
1260 3474 1364 3531 hoc
1387 3476 1537 3531 nullo
1558 3477 1717 3531 modo
1736 3491 1855 3532 esse

250 3565 552 3622 mendacia.
598 3564 930 3621 Mendacium
978 3574 1063 3621 est
1109 3566 1306 3637 quippe
1355 3565 1485 3622 falsa
1535 3566 1853 3637 signiﬁcatio

248 3677 370 3715 cum
410 3659 683 3714 voluntate
722 3658 961 3715 fallendi.
991 3658 1109 3714 Non
1148 3668 1233 3716 est
1269 3667 1447 3715 autem
1490 3657 1624 3714 falsa
1653 3659 1854 3729 signiﬁ-

247 3750 424 3815 catio,
453 3749 546 3805 ubi
588 3749 687 3804 etsi
729 3748 873 3804 aliud
912 3765 978 3805 ex
1017 3750 1122 3805 alio
1151 3749 1514 3819 signiﬁcatur,
1546 3764 1731 3804 verum
1769 3757 1853 3804 est

250 3852 428 3897 tamen
457 3822 601 3912 qtth
626 3840 976 3911 signiﬁcatur,
1005 3841 1048 3895 si
1079 3848 1227 3896 recte
1259 3840 1601 3910 intelligatur.

313 3935 547 3993 CAPUT
577 3934 714 3990 XIII.
739 3964 810 3974 —
834 3932 924 3989 27.
948 3933 1301 3988 Discutiuntur
1322 3934 1434 3987 loca
1454 3918 1719 4004 Evangelii
1739 3949 1852 4003 qua:

246 4028 485 4081 ridentur
514 4027 827 4097 patrocinari
851 4027 1135 4080 mendacio.
1164 4026 1394 4080 Christus
1420 4026 1636 4097 ﬁgurate
1661 4026 1852 4080 nescire

245 4136 297 4171 se
338 4119 494 4187 ﬁnxit
533 4119 669 4187 quod
712 4118 919 4171 sciebat.
960 4116 1094 4171 Item
1135 4118 1426 4187 prophetice
1462 4126 1507 4171 et
1545 4118 1761 4187 ﬁgurate
1796 4133 1852 4172 se

245 4211 395 4279 finxit
426 4210 628 4281 longius
667 4210 758 4263 ire.
793 4209 929 4264 Sunt
966 4208 1207 4279 quaedam
1250 4208 1511 4279 ejusmodi
1541 4209 1700 4264 etiam
1726 4209 1846 4266 Sal-

243 4304 449 4357 vatoris
480 4304 531 4356 in
560 4303 869 4373 Evangelia,
901 4302 1026 4373 quia
1054 4311 1108 4357 et
1133 4302 1246 4371 ipse
1274 4301 1530 4356 Dominus
1552 4301 1849 4372 Propheta-

245 4411 364 4449 rum
405 4394 672 4463 Propheta
712 4408 835 4448 esse
862 4393 1112 4463 dignatus
1141 4402 1241 4448 est.
1275 4393 1421 4448 Talia
1453 4401 1577 4447 sunt
1607 4394 1725 4459 illa,
1756 4392 1843 4448 ubi

243 4486 311 4542 de
333 4486 565 4541 muliere
585 4501 704 4555 qua:
724 4484 926 4541 ﬂuxum
955 4485 1227 4557 sanguinis
1254 4486 1567 4556 patiebatur,
1597 4485 1691 4551 ait,
1719 4485 1845 4553 Quis

244 4597 323 4636 me
351 4580 514 4650 tetigit
545 4577 697 4649 (Luc.
726 4594 820 4633 vnt
842 4620 855 4640 ,
885 4578 975 4648 45)
996 4579 1019 4633 ?
1040 4588 1095 4634 et
1119 4577 1184 4633 de
1210 4577 1443 4645 Lazaro,
1481 4576 1579 4632 Ubi
1607 4578 1843 4648 posuistis

243 4689 358 4725 eum
389 4669 574 4744 (Joan.
606 4686 698 4736 ιι,
741 4670 868 4741 '54)?
908 4669 997 4726 Sic
1034 4669 1231 4739 quippe
1272 4669 1651 4738 interrogavit,
1694 4669 1843 4739 quasi

244 4762 498 4819 nesciens
535 4761 678 4833 quod
722 4762 903 4832 utique
943 4761 1165 4816 sciebat.
1194 4760 1273 4815 Ac
1301 4775 1394 4831 per
1420 4759 1523 4814 hoc
1553 4760 1761 4816 nescire
1784 4774 1844 4815 se

246 4855 433 4919 ﬁnxit,
465 4864 523 4909 ut
552 4853 749 4924 aliquid
776 4853 919 4909 aliud
946 4853 1034 4908 illa
1063 4854 1208 4908 velut
1237 4852 1530 4925 ignorantia
1560 4867 1654 4908 sua
1682 4853 1844 4924 signi-

245 4948 432 5004 ﬁcaret
461 4964 475 5002 :
504 4963 624 5018 qua:
668 4947 987 5018 signiﬁcatio
1030 4946 1280 5025 quoniam
1320 4962 1481 5001 verax
1510 4954 1659 5013 erat,
1689 4961 1843 5001 men-

244 5041 456 5097 dacium
484 5039 727 5113 profecto
754 5054 859 5094 non
890 5047 1023 5094 erat.
1068 5039 1173 5093 Eos
1200 5053 1425 5110 namque
1452 5037 1840 5108 signiﬁcabant,

242 5134 352 5189 sive
384 5133 471 5186 illa
503 5130 705 5186 ﬂuxum
742 5131 1015 5200 sanguinis
1058 5130 1294 5199 patiens,
1336 5129 1448 5185 sive
1486 5130 1573 5184 ille
1601 5137 1845 5184 mortuus

242 5222 629 5292 quatriduanns
650 5264 664 5288 ,
695 5237 831 5291 quos
858 5223 1016 5275 etiam
1049 5222 1137 5290 qui
1168 5231 1355 5277 cuncta
1386 5221 1589 5277 sciebat
1610 5223 1844 5292 quodam

244 5315 403 5369 modo
451 5313 747 5368 nesciebat.
793 5313 923 5367 Nam
973 5322 1025 5366 et
1070 5313 1155 5368 illa
1196 5320 1379 5384 typum
1421 5313 1639 5382 gerebat
1672 5314 1844 5383 plebis

242 5404 528 5471 Gentium,
561 5405 705 5459 unde
735 5404 1004 5474 pra-missa
1050 5403 1219 5458 fuerat
1252 5403 1528 5473 pr0phetia
1550 5446 1564 5471 ,
1610 5404 1844 5472 Populus

242 5513 384 5565 quem
425 5512 527 5550 non
563 5493 814 5567 cognovi,
852 5493 1052 5549 servivit
1089 5494 1215 5547 mihi
1259 5492 1428 5560 (Psal.
1458 5510 1597 5561 xvu,
1627 5494 1719 5566 45)
1750 5512 1761 5548 :
1790 5504 1845 5551 et

239 5588 477 5646 Lazarus
502 5596 746 5644 remotus
770 5602 799 5641 a
822 5587 1118 5643 viventibus
1146 5596 1393 5657 tanquam
1421 5586 1490 5641 ibi
1512 5587 1724 5657 jaccbat
1750 5604 1844 5658 per

235 5682 651 5753 signiﬁcativam
695 5678 1127 5744 similitudinem,
1170 5678 1259 5733 ubi
1300 5678 1389 5734 ille
1426 5677 1577 5749 cujus
1606 5694 1706 5733 vox
1737 5687 1840 5746 est,

299 5841 542 5900 (1:)Fnrte
592 5835 900 5899 legendum,
941 5848 995 5885 eo
1034 5835 1162 5899 quod
1200 5835 1462 5886 menlarii;
1518 5834 1612 5885 sint
1676 5834 1840 5898 aliqua

240 5915 329 5961 non
351 5900 635 5965 dissimilia-

1702 420 1906 475 LIBER
1947 420 2035 477 UN
2044 423 2146 481 US.

3462 459 3533 516 53

1976 462 2146 481 μην...
3239 469 3249 478 ·
3462 462 3533 516 53

1976 534 2246 635 Proiectus
2266 559 2377 599 sum
2395 562 2427 600 a
2447 547 2577 617 {acie
2598 552 2859 608 oculorum
2879 563 3081 614 tuorum
3100 560 3271 635 (Psal.
3292 582 3419 634 xxx,
3439 462 3569 632 25:

1974 628 2044 730 Iit
2080 631 2203 730 ideo
2240 643 2491 730 tanquam
2535 642 2829 700 nesciretur
2870 662 2902 702 a
2947 628 3196 722 Christo,
3233 665 3288 711 et
3322 628 3417 712 illa
3444 628 3567 730 quas

1950 720 2164 818 luerit,
2193 732 2248 780 et
2273 725 2376 783 iste
2402 729 2489 783 ubi
2521 733 2725 801 positus
2750 735 2907 792 fuerit
2926 779 2940 806 ,
2970 742 3145 798 verbis
3182 720 3567 818 interrogantis

1972 822 2057 867 est
2083 815 2393 908 ﬁguratum,
2424 829 2480 876 et
2514 824 2687 880 omne”
2712 825 2934 883 vitatum
2969 836 3147 889 veraci
3174 815 3564 908 signiﬁcatione

1972 905 2330 962 mendacium.

2042 995 2132 1051 28.
2165 997 2300 1054 Hinc
2335 1010 2419 1056 est
2454 1004 2612 1060 etiam
2652 1006 2781 1063 illud
2822 1012 2963 1080 quod
3002 1021 3431 1076 commemorasti
3468 1036 3564 1078 eos

1970 1085 2171 1155 dicere,
2199 1090 2480 1148 Dominum
2505 1095 2710 1163 Iesum,
2739 1111 3080 1173 posteaquam
3112 1111 3421 1176 resurrexit,
3446 1127 3564 1167 am-

1970 1180 2184 1237 bulasse
2213 1182 2264 1238 in
2296 1183 2484 1241 itinere
2526 1202 2647 1243 cum
2689 1190 2895 1248 duobus
2932 1194 3238 1267 discipulis;
3266 1210 3315 1254 et
3348 1204 3564 1272 propino

1970 1274 2255 1342 quantibus
2282 1278 2362 1331 eis
2388 1280 2608 1335 castello
2635 1297 2741 1351 quo
2766 1283 2942 1352 ibant,
2975 1287 3124 1342 illum
3153 1289 3359 1361 longius
3385 1308 3443 1347 se
3480 1294 3562 1350 ire

1970 1363 2190 1421 ﬁnxisse
2220 1385 2235 1421 :
2264 1368 2349 1422 ubi
2389 1372 2709 1441 evangelista
2747 1374 2958 1445 dicens,
2988 1376 3113 1449 Ipse
3137 1391 3304 1435 autem
3332 1397 3385 1436 se
3411 1383 3561 1452 ﬁnxit

1971 1454 2169 1528 longius
2196 1459 2271 1513 ire
2299 1459 2449 1531 (Luc.
2472 1479 2622 1528 xxiv,
2651 1464 2774 1539 28);
2806 1468 2968 1524 etiam
2998 1467 3169 1539 ipsum
3200 1472 3419 1527 verbum
3459 1489 3562 1544 po-

1969 1550 2109 1618 suit,
2138 1567 2245 1621 quo
2273 1554 2558 1611 mendaces
2587 1558 2808 1614 nimium
2848 1560 3212 1629 delectantur,
3249 1573 3307 1619 ut
3342 1565 3561 1636 impune

1969 1642 2295 1699 mentiantur
2318 1664 2330 1699 :
2354 1649 2503 1717 quasi
2526 1650 2858 1706 mendacium
2886 1655 2955 1707 sit
2978 1670 3137 1711 omne
3158 1658 3300 1725 quod
3323 1657 3556 1729 ﬁngitur,

1967 1751 2089 1789 cum
2131 1739 2391 1794 veraciter
2431 1741 2574 1796 aliud
2620 1757 2685 1797 ex
2726 1744 2831 1799 alio
2876 1746 3204 1817 signiﬁcandi
3248 1767 3406 1806 causa
3451 1762 3557 1808 tam

1966 1832 2133 1886 multa
2161 1830 2441 1902 ﬁngantur.
2472 1834 2529 1890 Si
2553 1851 2680 1905 ergo
2708 1837 2840 1892 nihil
2864 1838 3009 1895 aliud
3033 1840 3384 1912 signiﬁcasset
3402 1843 3559 1900 Iesus

1968 1921 2020 1976 in
2062 1937 2128 1978 eo
2166 1924 2306 1994 quod
2346 1924 2554 1997 longius
2598 1927 2676 1984 ire
2712 1942 2772 1985 se
2805 1929 2985 1999 ﬁnxit,
3018 1934 3208 1988 merito
3233 1934 3559 2003 judicaretur

1965 2027 2085 2068 esse
2105 2014 2439 2069 mendacium
2466 2035 2479 2070 :
2503 2032 2664 2087 porro
2690 2028 2867 2076 autem
2895 2022 2939 2075 si
2970 2022 3107 2078 bene
3136 2024 3476 2095 intelligatur,
3503 2034 3559 2082 et

1964 2105 2031 2160 ad
2062 2106 2115 2162 id
2144 2108 2283 2178 quod
2310 2110 2476 2165 voluit
2500 2111 2803 2182 signilieare
2831 2113 3113 2182 referatur,
3147 2117 3414 2173 invenitur
3436 2134 3558 2175 esse

1965 2199 2301 2268 mysterium.
2323 2202 2571 2273 Alioquin
2590 2213 2751 2260 erunt
2771 2216 2959 2261 cuneta
2983 2208 3277 2276 mendacia,
3300 2226 3419 2279 qua:
3440 2227 3560 2280 pro—

1964 2299 2084 2360 pter
2109 2291 2393 2362 quamdam
2423 2310 2602 2350 rerum
2633 2298 3101 2367 signiﬁcandarum
3131 2301 3554 2367 similitudinem,

1963 2396 2086 2435 cum
2107 2392 2255 2452 gesta
2277 2400 2380 2439 non
2402 2385 2528 2453 sint,
2550 2396 2797 2456 tanquam
2815 2398 2963 2458 gesta
2986 2401 3284 2446 narrantur.
3304 2392 3457 2448 Unde
3474 2403 3559 2449 est

1964 2473 2051 2528 illa
2080 2473 2149 2529 de
2173 2474 2382 2530 duobus
2404 2478 2561 2533 unius
2586 2477 2820 2534 hominis
2847 2480 2988 2547 ﬁliis,
3022 2484 3224 2551 majore
3248 2485 3334 2553 qui
3363 2486 3558 2540 mansit

1961 2566 2102 2637 apud
2129 2577 2332 2637 patrem
2363 2583 2539 2637 suum,
2573 2579 2628 2625 et
2655 2573 2861 2627 minore
2888 2575 2976 2644 qui
3008 2575 3163 2645 longe
3189 2578 3557 2647 peregrinatus

1961 2671 2064 2726 est,
2101 2670 2206 2716 tam
2228 2662 2439 2733 prolixa
2468 2665 2703 2719 narratio
2731 2665 2843 2735 (Id.
2875 2682 2968 2733 xv,
2997 2669 3214 2739 11-52).
3243 2669 3300 2724 In
3330 2686 3436 2742 quo
3464 2687 3556 2741 ge-

1961 2768 2090 2807 nere
2115 2752 2343 2825 ﬁngendi
2375 2754 2604 2809 humana
2633 2758 2793 2811 etiam
2825 2758 2961 2813 facta
2991 2759 3069 2814 vel
3098 2760 3241 2816 dicta
3271 2762 3555 2816 irrationa-

1962 2842 2102 2897 libus
2128 2844 2484 2899 animantibus
2513 2857 2567 2901 et
2598 2847 2759 2902 rebus
2786 2862 2946 2903 sensu
2976 2851 3280 2906 carentibus
3310 2851 3554 2910 homines

1960 2933 2298 3002 addiderunt,
2325 2944 2386 2990 ut
2408 2936 2667 3005 ejusmodi
2696 2938 2830 2993 ﬁctis
2852 2941 3259 3007 narrationibus,
3285 2942 3375 2997 sed
3402 2959 3557 2998 vera-

1958 3027 2111 3082 cibus
2156 3028 2664 3099 signiﬁcationibus,
2716 3034 2855 3102 quod
2895 3033 3091 3088 vellent
3132 3032 3554 3090 commendatius

1961 3119 2286 3175 intimarent.
2335 3121 2443 3176 Nec
2489 3121 2630 3191 apud
2677 3132 2924 3179 auctores
2970 3133 3171 3179 tantum
3216 3127 3551 3181 saecularium

1960 3213 2289 3277 litterarum,
2324 3222 2381 3268 ut
2409 3214 2547 3283 apud
2580 3214 2876 3281 Horatium,
2910 3234 3027 3271 mus
3053 3218 3287 3287 loquitur
3313 3219 3469 3287 nmri,
3498 3228 3551 3274 et

1959 3304 2185 3357 mustela
2216 3305 2545 3374 vulpecula},
2575 3313 2633 3358 ut
2676 3322 2769 3375 per
2808 3308 3164 3363 narrationem
3199 3308 3371 3363 ﬁctam
3401 3310 3467 3365 ad
3498 3310 3552 3364 id

1958 3394 2098 3464 quod
2126 3396 2319 3465 agitur,
2351 3413 2474 3451 vera
2504 3398 2818 3469 signiﬁcatio
2845 3400 3105 3454 referatur
3138 3400 3348 3473 (Horat.
3378 3403 3549 3460 Serm.

1959 3485 2046 3539 lib.
2070 3484 2125 3551 Ξ,
2153 3495 2251 3540 sat.
2275 3487 2345 3553 6;
2375 3496 2420 3541 et
2447 3487 2613 3559 Epist.
2641 3489 2729 3543 lib.
2755 3491 2807 3555 1,
2835 3493 2981 3559 epist.
3006 3492 3096 3564 7);
3124 3492 3265 3548 unde
3292 3502 3343 3548 et
3363 3492 3551 3563 Αἰδορί

1959 3578 2091 3634 tales
2120 3578 2325 3635 fabulas
2354 3580 2421 3634 ad
2447 3596 2570 3635 eum
2602 3581 2760 3637 ﬁnem
2788 3584 3005 3653 relatas,
3035 3585 3213 3640 nullus
3239 3594 3345 3641 tam
3374 3587 3553 3642 ineru«

1956 3668 2096 3723 ditus
2134 3668 2266 3737 fuit,
2299 3671 2388 3740 qui
2417 3680 2626 3741 putaret
2663 3673 2974 3743 appellanda
3016 3676 3288 3731 mendacia
3323 3694 3337 3731 :
3368 3678 3463 3731 sed
3494 3679 3547 3732 in

1954 3758 2172 3814 Litteris
2200 3775 2414 3830 quoque
2442 3763 2642 3830 sacris,
2675 3764 2811 3819 sicut
2851 3764 2902 3818 in
2944 3764 3104 3819 Libro
3131 3766 3374 3822 Judicum
3406 3769 3547 3838 ligna

1954 3851 2053 3906 sibi
2086 3867 2263 3923 regem
2295 3855 2607 3923 requirunt,
2639 3864 2693 3910 et
2729 3856 3015 3926 loquuntur
3050 3857 3116 3911 ad
3145 3858 3316 3913 oleam
3338 3901 3354 3926 ,
3386 3871 3439 3914 et
3478 3861 3547 3915 ad

1955 3944 2149 4010 ﬁcum,
2180 3953 2234 4000 et
2269 3944 2338 3999 ad
2376 3944 2560 4011 vitem,
2602 3956 2656 4002 et
2692 3947 2758 4001 ad
2799 3948 2986 4003 rubum
3027 3948 3221 4020 (Judic.
3252 3966 3334 4015 ιχ,
3365 3951 3545 4024 8-15).

1952 4033 2104 4103 Quod
2128 4035 2310 4105 utique
2334 4044 2501 4091 totum
2527 4037 2758 4108 ﬁngitur,
2785 4047 2841 4092 ut
2860 4038 2925 4093 ad
2953 4055 3064 4093 rem
3092 4056 3209 4109 qua:
3232 4040 3543 4109 intenditur,

1953 4127 2072 4181 ﬁcta
2098 4127 2311 4199 quidem
2344 4129 2670 4197 narratione,
2698 4145 2803 4185 non
2836 4130 3076 4187 mendaci
3106 4141 3304 4201 tamen,
3333 4133 3427 4189 sed
3453 4150 3545 4189 ve-

1950 4219 2058 4275 raci
2084 4218 2469 4290 signiﬁcatione
2492 4221 2755 4275 veniatur.
2788 4221 2911 4277 Hth
2938 4221 3047 4277 dixi
3077 4232 3293 4293 propter
3322 4224 3373 4279 id
3402 4226 3544 4296 quod

1949 4311 2204 4381 scriptum
2234 4319 2317 4367 est
2344 4311 2409 4367 de
2436 4311 2558 4367 Jesu
2581 4354 2596 4379 ,
2625 4312 2692 4366 Et
2717 4316 2824 4384 ipse
2850 4330 2904 4368 se
2930 4316 3077 4384 ﬁnxit
3101 4317 3299 4387 longius
3327 4318 3400 4371 ire
3431 4333 3449 4372 :
3474 4334 3544 4375 ne

1949 4405 2229 4474 quisquam
2257 4419 2328 4459 ex
2359 4402 2462 4459 hoc
2492 4405 2674 4470 verbo,
2707 4405 2843 4460 sicut
2873 4406 3306 4476 Priscillianistm,
3339 4409 3542 4465 licitum

1949 4495 2133 4550 volens
2176 4495 2375 4550 habere
2418 4496 2784 4563 mendacium,
2829 4497 3047 4568 insuper
3083 4500 3241 4553 etiam
3267 4500 3540 4557 Christum

1948 4588 2237 4644 contendat
2260 4588 2423 4644 fuisse
2444 4591 2740 4644 mentitum.
2767 4590 3016 4662 Quisquis
3035 4600 3211 4648 autem
3242 4594 3351 4648 vult
3380 4593 3540 4649 intel-

1949 4682 2113 4752 ligere
2143 4681 2272 4736 illud
2301 4681 2547 4752 ﬁngendo
2576 4682 2700 4753 quid
2735 4683 3116 4754 przeﬁgurarit,
3142 4684 3378 4740 attendat
3412 4685 3538 4755 quid

1946 4776 2155 4848 agendo
2200 4776 2501 4846 perfecerit.
2534 4776 2766 4847 Longius
2796 4793 3024 4847 namque
3057 4788 3241 4848 postea
3272 4777 3538 4847 profectus

1947 4883 2109 4939 super
2153 4883 2341 4924 omnes
2382 4869 2578 4932 ccelos,
2607 4884 2713 4922 non
2763 4877 2937 4923 tamen
2978 4869 3212 4924 deseruit
3249 4868 3538 4939 discipulos

1948 4976 2095 5016 suos.
2123 4961 2349 5031 Propter
2372 4960 2473 5015 hoc
2499 4960 2903 5031 signiﬁcandum
2933 4960 3168 5015 futurum
3188 4960 3441 5014 divinitus
3462 4960 3537 5015 fa-

1947 5063 2113 5121 ctum,
2143 5054 2209 5110 ad
2238 5069 2476 5125 prtesens
2503 5053 2632 5108 illud
2657 5062 2741 5108 est
2773 5052 3079 5107 humanitus
3105 5054 3302 5107 ﬁctum.
3327 5052 3392 5107 Et
3416 5053 3538 5113 ideo

1947 5145 2265 5215 signiﬁcatio
2304 5160 2461 5199 verax
2504 5145 2554 5198 in
2597 5143 2681 5197 illa
2720 5153 2804 5198 est
2834 5143 3045 5198 ﬁctione
3076 5144 3348 5212 prarmissa
3371 5187 3387 5212 ,
3414 5147 3538 5215 quia

1949 5236 2000 5291 in
2025 5236 2124 5289 hac
2150 5235 2475 5305 profectione
2499 5234 2642 5287 illius
2666 5241 2749 5288 est
2772 5234 3170 5304 signiﬁcationis
3197 5235 3391 5290 veritas
3413 5235 3539 5289 sub-

1948 5336 2150 5385 secuta.
2181 5326 2277 5382 Ille
2304 5327 2464 5397 igitur
2488 5324 2775 5380 contendat
2800 5325 3068 5381 Christum
3104 5327 3380 5380 mentitum
3418 5343 3540 5382 esse

1949 5424 2229 5497 ﬁngendo,
2259 5423 2350 5494 qui
2378 5432 2535 5492 negat
2572 5437 2692 5477 eum
2724 5421 2864 5493 quod
2892 5420 3211 5493 signiﬁcavit
3236 5421 3540 5492 implevisse

1947 5518 2208 5573 faciendo.

2017 5608 2245 5665 CAPUT
2275 5606 2414 5663 XIV.
2449 5637 2522 5649 —
2552 5606 2642 5662 29.
2676 5607 2929 5679 Exempla
2953 5607 3235 5681 Scriptura:
3260 5610 3464 5673 veteris,
3497 5608 3543 5663 si

1947 5718 2059 5773 qua:
2084 5702 2152 5755 ibi
2178 5710 2453 5754 narrantur
2480 5700 2740 5754 hominum
2767 5702 3047 5768 mendacia,
3080 5720 3181 5757 non
3209 5720 3313 5758 esse
3338 5704 3540 5756 imitan-

1950 5795 2037 5847 da.
2068 5790 2134 5847 Ut
2156 5810 2253 5846 non
2276 5792 2522 5845 imitanda
2541 5791 2693 5846 Judw
2714 5794 2999 5864 fornicatio,
3024 5794 3095 5847 ita
3117 5811 3204 5848 nec
3226 5795 3541 5847 mendacium

1956 5886 2194 5940 Thamar.
2223 5886 2357 5953 Quia
2389 5901 2516 5959 ergo
2547 5901 2650 5940 non
2684 5886 2957 5942 inveniunt
2992 5884 3275 5941 mendaces
3303 5874 3538 5941 brerctiei
