4078 6502
1877 307 1896 334 ι

528 545 578 597 in
611 535 938 595 Testamenti
963 533 1094 591 Novi
1123 532 1313 588 litteris
1342 529 1596 586 imitanda
1624 527 1868 598 exempla
1896 523 2121 581 menda-

524 633 614 696 cii,
644 627 1042 700 copiosissimos
1081 640 1140 681 se
1178 637 1299 680 esse
1336 621 1645 678 existimant
1672 621 1724 675 in
1754 619 1854 674 hac
1882 617 2122 686 disputa-

527 726 696 788 tione,
725 735 830 792 qua
868 721 1156 790 epiuantur
1191 731 1314 772 esse
1352 713 1715 770 mentiendum
1736 755 1752 780 ,
1784 726 1906 767 cum
1934 709 2001 764 de
2026 723 2121 764 ve-

528 815 727 868 teribus
755 812 1079 883 prepheticis
1109 809 1313 875 Libris,
1344 809 1466 878 quia
1508 821 1612 860 non
1653 804 1726 858 ibi
1763 809 1982 873 apparet
2020 800 2119 854 nisi

526 905 946 974 intelligentibus
970 902 1152 973 paucis
1172 915 1276 971 quo
1300 899 1596 954 referantur
1615 895 1958 966 signiﬁcativa
1979 892 2119 947 dicta

525 997 609 1052 vel
642 999 776 1051 facta
802 997 1033 1060 veracia,
1062 995 1224 1050 multa
1250 993 1349 1048 sibi
1378 991 1624 1045 videntur
1648 988 1975 1043 invenireiac
1999 999 2122 1055 pro-

526 1089 668 1142 ferre
689 1087 986 1141 mendacia.
1003 1085 1108 1141 Sed
1134 1085 1329 1138 habere
1349 1082 1627 1151 cupientes
1647 1079 1839 1149 quibus
1860 1093 1919 1132 se
1941 1087 2120 1131 tuean-

520 1189 614 1234 tur
642 1180 786 1234 velut
815 1178 1064 1232 imitanda
1093 1177 1336 1246 exempla
1377 1173 1591 1228 fallendi
1611 1212 1628 1238 ,
1656 1186 1714 1226 se
1741 1171 1884 1241 ipsos
1908 1169 2114 1234 fallunt,

523 1282 578 1328 et
606 1273 861 1328 mentitur
885 1287 1070 1327 eorum
1098 1271 1344 1340 iniquitas
1371 1268 1470 1322 sibi
1499 1263 1670 1340 (Psal.
1693 1279 1850 1331 xxvr,
1873 1261 1984 1334 ιε).
2008 1261 2118 1316 Illa:

525 1372 703 1418 autem
733 1378 1002 1433 persona},
1031 1376 1163 1432 quas
1191 1357 1516 1414 credendum
1545 1356 1615 1411 ibi
1643 1371 1747 1410 non
1774 1362 1858 1410 est
1883 1353 2116 1424 propbeo

525 1466 641 1511 tare
668 1456 929 1520 voluisse,
972 1455 1016 1509 si
1058 1452 1183 1523 quid
1222 1451 1462 1506 faciendo
1488 1449 1571 1504 vel
1601 1446 1827 1504 dicendo
1853 1445 2118 1500 finxerunt

525 1549 798 1602 voluntate
823 1545 1068 1610 fallendi;
1097 1543 1338 1615 quamvis
1366 1558 1429 1596 ex
1457 1541 1586 1610 ipsis
1608 1554 1818 1609 quoque
1849 1537 1997 1591 faelis
2022 1551 2116 1590 ea-

525 1655 641 1692 rum
672 1639 785 1693 sive
814 1637 969 1693 dictis
1005 1636 1202 1708 aliquid
1246 1633 1611 1706 pr0pheticum
1651 1631 1816 1700 possit
1854 1628 2112 1696 exsculpi,

525 1746 619 1800 per
639 1730 780 1785 illius
800 1729 1238 1799 omnipotentiam
1262 1725 1688 1797 praiseminatum
1714 1733 1869 1791 alque
1889 1720 2117 1788 diSpOSi-

525 1835 657 1890 tum,
686 1823 777 1894 qui
801 1824 936 1878 bene
963 1823 1036 1877 uti
1061 1822 1207 1876 novit
1235 1821 1396 1876 etiam
1423 1817 1577 1873 malis
1601 1817 1909 1881 hominum;
1937 1825 2114 1868 tamen

523 1924 778 1984 quantum
817 1915 882 1969 ad
924 1916 1064 1985 ipsas
1097 1914 1316 1977 attinet,
1347 1913 1465 1966 sine
1503 1909 1835 1964 dubitatione
1880 1908 2116 1961 mentitae

523 2015 668 2060 sunt.
693 2005 798 2061 Sed
827 2022 933 2060 non
967 2006 1086 2060 ideo
1123 2005 1320 2060 debent
1347 2002 1598 2057 imitanda
1629 1999 1952 2065 existimari,
1995 1999 2114 2068 quia

525 2101 577 2153 in
609 2100 688 2155 eis
719 2100 1056 2170 reperiuntur
1080 2089 1253 2154 Libtis
1290 2097 1380 2168 qui
1419 2095 1586 2150 sancti
1628 2102 1680 2148 et
1717 2093 1881 2147 divini
1925 2093 2114 2147 merito

524 2193 884 2248 nominantur.
912 2193 1121 2248 Habent
1161 2192 1301 2246 enim
1341 2189 1638 2259 conscripta
1678 2195 1732 2242 et
1770 2187 1908 2241 mala
1937 2185 2106 2240 homi-

523 2298 650 2337 num
676 2291 731 2338 et
755 2283 927 2347 bona;
957 2284 1044 2337 illa
1070 2282 1280 2336 vitanda
1301 2323 1316 2349 ,
1345 2282 1446 2335 ista
1472 2279 1721 2335 sectanda
1748 2295 1763 2333 :
1793 2286 1846 2333 et
1868 2277 2110 2348 quaedam

523 2377 593 2428 ita
628 2376 795 2444 posita
825 2385 880 2430 ut
905 2376 972 2430 de
999 2376 1100 2431 illis
1131 2377 1288 2430 etiam
1317 2377 1519 2444 prolata
1550 2374 1616 2426 sit
1640 2373 1931 2436 sententia,
1961 2387 2110 2441 qum-

518 2467 643 2520 dam
670 2482 796 2522 vero
823 2468 981 2521 tacito
1010 2467 1080 2521 ibi
1100 2467 1300 2536 judicio
1327 2466 1481 2520 nobis
1502 2465 1784 2534 judicanda
1815 2465 2071 2534 permissa
2094 2481 2108 2530 ;

519 2561 772 2628 quoniam
803 2577 906 2614 non
937 2561 1112 2614 solum
1145 2577 1242 2615 nos
1273 2559 1462 2614 nutriri
1491 2559 1783 2614 manifestis
1805 2600 1817 2624 ,
1848 2574 2032 2613 verum
2058 2567 2112 2613 ct

517 2655 753 2710 exerceri
780 2654 1063 2723 Oportebat
1097 2652 1357 2708 obscuris.

591 2746 678 2801 50.
711 2745 819 2801 Cur
843 2757 1021 2800 autem
1054 2745 1137 2799 isti
1177 2743 1487 2799 imitandam
1517 2745 1614 2799 sibi
1647 2744 1881 2800 Thamar
1923 2745 2109 2800 existi-

519 2849 666 2893 mant
691 2840 1030 2894 mentientem
1057 2881 1071 2904 ,
1103 2847 1156 2893 et
1191 2837 1504 2892 imitandum
1549 2837 1739 2892 Judam
1785 2854 1888 2892 non
1919 2838 2106 2892 existi-

519 2941 667 2986 mant
695 2931 1041 2986 fornicantem
1077 2929 1228 3003 (Gen.
1276 2946 1479 2985 xxxvnt
1508 2971 1522 2995 ,
1569 2930 1758 3001 M-l8)
1783 2930 1808 2982 ?
1847 2931 1921 2985 lbi
1963 2931 2104 2985 enim

518 3033 803 3093 utrumque
827 3022 1104 3092 legerunt:
1133 3030 1189 3076 et
1213 3021 1345 3076 nihil
1373 3021 1563 3076 borum
1586 3021 1859 3092 Scriptura
1883 3021 1970 3076 illa
1993 3021 2107 3076 sive

517 3117 789 3186 culpavit,
835 3117 948 3171 sive
984 3115 1252 3182 laudavit;
1285 3115 1379 3170 sed
1409 3116 1776 3169 tantummodo
1822 3125 2107 3185 utrumque

517 3208 772 3273 narravit,
798 3216 850 3263 et
871 3207 1212 3275 judicandum
1243 3207 1398 3263 nobis
1419 3215 1702 3276 utrumque
1735 3207 1937 3262 dimisit
1965 3225 1977 3261 :
2011 3207 2106 3262 sed

519 3300 714 3352 mirum
744 3299 787 3352 si
814 3297 1010 3368 aliquid
1042 3297 1230 3353 horum
1257 3299 1569 3353 imitandum
1598 3299 1816 3368 impune
1843 3300 2102 3369 permisit.

517 3388 671 3457 Quod
701 3389 841 3443 enim
876 3389 1108 3444 Thamar
1145 3404 1250 3443 non
1289 3389 1664 3444 meretricandi
1707 3389 1926 3444 libidine
1955 3432 1968 3455 ,
2010 3390 2103 3444 sed

515 3481 851 3551 concipiendi
878 3481 1151 3536 voluntate
1176 3482 1394 3538 mentita
1420 3481 1509 3549 sit,
1542 3482 1805 3536 novimus.
1834 3483 2028 3536 Verum
2053 3490 2106 3536 et

517 3575 815 3640 fornicatio,
839 3575 1046 3630 etiamsi
1069 3575 1219 3630 Judac
1243 3577 1363 3630 talis
1383 3589 1490 3629 non
1513 3573 1633 3639 fuit,
1661 3583 1837 3645 potest
1863 3591 1981 3630 esse
2007 3591 2105 3630 cu-

511 3668 741 3738 jnSpiam
763 3681 864 3738 qua
889 3669 1046 3723 faciat
1073 3678 1128 3723 ut
1150 3668 1310 3724 homo
1331 3669 1605 3736 liberetur,
1631 3669 1767 3723 sicut
1790 3669 1927 3723 illius
1950 3684 2104 3723 men-

513 3759 724 3813 dacium
751 3759 849 3814 fuit
872 3769 930 3815 ut
955 3759 1116 3814 homo
1142 3759 1821 3831 concipereturmtuuquid
1854 3770 2103 3830 preptcr-

513 3866 575 3904 ea
630 3851 789 3906 etiam
825 3851 1191 3906 fornicandum
1219 3861 1337 3918 est,
1383 3853 1428 3907 si
1458 3863 1676 3923 propter
1716 3853 1846 3907 illud
1887 3863 2106 3923 putatur

515 3943 677 3997 fuisse
709 3944 1117 3998 mentiendum?
1156 3944 1270 3998 Non
1315 3944 1383 4000 de
1412 3945 1528 4000 solo
1569 3946 1746 4015 itaque
1783 3945 2062 4000 mendacio
2087 3987 2101 4010 ,

513 4036 608 4091 sed
636 4035 704 4090 de
729 4037 979 4091 oumibus
1004 4037 1254 4107 operibus
1276 4036 1551 4092 hominum
1578 4037 1632 4092 in
1653 4038 1846 4107 quibus
1871 4037 2105 4092 existunt

513 4129 659 4184 velut
683 4130 1078 4200 compensativa
1105 4138 1344 4200 peccata,
1370 4128 1816 4184 considerandum
1840 4137 1921 4184 cst
1945 4145 2103 4199 quam

514 4219 832 4273 sententiam
859 4219 1098 4290 proferre
1123 4220 1415 4274 debeamus
1439 4237 1452 4285 ;
1481 4235 1547 4274 ne
1573 4219 1876 4290 aperiamus
1901 4221 2103 4276 aditum

516 4326 621 4365 non
652 4319 856 4366 tantum
887 4313 1066 4382 parvis
1105 4313 1403 4383 quibusque
1428 4313 1662 4383 peccatis
1682 4353 1698 4378 ,
1725 4328 1912 4368 verum
1943 4315 2102 4368 etiam

513 4402 806 4459 sceleribus
832 4405 1058 4471 eunetis,
1084 4406 1398 4476 nullumque
1426 4413 1701 4460 remaneat
1736 4403 1965 4472 facinus,
2008 4404 2105 4459 lla-

513 4495 722 4564 gitium,
746 4497 1103 4567 sacrilegium,
1137 4497 1187 4550 in
1215 4513 1320 4567 quo
1346 4513 1504 4551 causa
1531 4515 1633 4550 non
1669 4497 1832 4567 possit
1867 4498 2102 4553 existere

512 4602 615 4656 qua
638 4596 780 4643 recte
805 4587 1047 4642 videatur
1066 4603 1185 4643 esse
1208 4589 1525 4654 faciendum,
1551 4589 1957 4660 universamquc
1982 4589 2102 4643 vita:

515 4679 833 4750 probitatem
861 4680 1041 4750 opinio
1073 4681 1169 4734 ista
1199 4681 1490 4734 subverlat.

579 4770 807 4826 CAPUT
845 4770 962 4826 XV.
991 4802 1062 4810 —
1092 4772 1178 4827 51.
1223 4771 1547 4824 Mendacium
1589 4789 1787 4842 semper
1823 4789 1928 4827 esse
1965 4773 2103 4842 injn-

508 4874 640 4917 stum
663 4903 680 4932 ,
708 4881 820 4918 cum
848 4865 912 4919 sit
940 4874 1196 4933 peccatum
1226 4874 1270 4917 et
1311 4865 1506 4918 veritati
1541 4865 1869 4918 contrarium.
1903 4863 1969 4918 In
2001 4865 2105 4918 He-

508 4957 656 5011 braris
707 4957 1048 5012 obstetricibus
1075 4967 1121 5012 et
1153 4959 1205 5012 in
1235 4959 1377 5012 Raab
1404 4975 1503 5012 non
1528 4969 1844 5014 remunerala
1869 4960 2098 5031 fallacia,

508 5049 597 5102 sed
623 5050 984 5105 benevolentia.
1029 5050 1171 5105 Nihil
1206 5059 1380 5106 autem
1422 5051 1739 5121 judicandus
1773 5062 1857 5106 est
1885 5053 2096 5120 dicere,

509 5141 598 5210 qui
629 5139 760 5196 dicit
785 5142 960 5212 aliqua
987 5142 1129 5212 justa
1158 5158 1277 5198 esse
1303 5143 1603 5208 mendacia,
1635 5143 1734 5198 nisi
1759 5144 1931 5214 aliqua
1954 5144 2098 5215 justa

508 5247 629 5286 esse
667 5244 880 5301 peccata
905 5275 919 5300 ,
957 5251 1020 5289 ac
1048 5251 1143 5304 per
1172 5235 1272 5292 hoc
1297 5236 1473 5306 aliqua
1495 5235 1637 5306 justa
1669 5251 1788 5291 esse
1816 5254 1936 5308 qum
1960 5238 2100 5308 inju-

507 5333 588 5377 sta
617 5332 744 5379 sunt
771 5341 784 5378 :
813 5340 918 5394 quo
942 5326 1068 5396 quid
1098 5326 1380 5383 absurdius
1407 5327 1508 5383 dici
1541 5329 1751 5397 potest?
1776 5328 1928 5384 Unde
1953 5332 2096 5385 enim

507 5425 588 5470 est
620 5425 918 5486 peccatum,
948 5416 1052 5472 nisi
1080 5419 1201 5487 quia
1234 5419 1455 5488 iustitia:
1493 5421 1819 5475 contrarium
1859 5420 1985 5475 est?
2014 5422 2100 5476 Di-

509 5516 702 5563 cantur
731 5523 859 5579 ergo
880 5509 984 5563 alia
1011 5524 1219 5579 magna,
1245 5512 1346 5564 alia
1369 5527 1530 5581 parva
1554 5529 1675 5568 esse
1701 5523 1948 5584 peccata;
1972 5515 2093 5585 quia

508 5614 692 5654 verum
715 5604 816 5663 est,
849 5615 948 5653 nec
972 5600 1376 5656 auscultandum
1408 5603 1604 5660 Stoicis
1631 5606 1719 5674 qui
1747 5607 1922 5659 omnia
1945 5608 2092 5676 paria

505 5706 629 5746 esse
650 5689 982 5746 contendunt
1004 5708 1019 5742 :
1044 5689 1226 5745 dicere
1246 5701 1422 5748 autem
1445 5695 1686 5764 quaedam
1710 5696 1922 5767 injusta,
1950 5714 2096 5768 qtae-

509 5784 628 5838 dam
653 5784 795 5856 justa
835 5797 956 5839 esse
984 5791 1222 5853 peccata,
1264 5785 1390 5854 quid
1431 5795 1512 5841 est
1549 5788 1692 5843 aliud
1719 5806 1877 5860 quam
1918 5791 2095 5847 dicere

514 5877 768 5948 quasdam
808 5891 929 5934 esse
972 5875 1222 5945 injustas,
1270 5876 1522 5945 quasdam
1549 5878 1716 5948 justas
1749 5881 2096 5952 iniquitates?

1564 413 1837 471 CONTRA
1875 405 2296 476 MENDACIUM,
2326 409 2382 464 S.
2426 410 2793 469 AUGUSTINI

3716 415 3826 478 50

2230 539 2353 580 cum
2383 525 2527 582 dicat
2549 530 2822 600 apostolus
2846 530 3110 598 Joannes,
3141 531 3319 587 Omnis
3351 533 3440 604 qui
3477 534 3600 605 facit
3636 553 3819 606 pecca-

2226 629 2354 686 tum,
2386 620 2507 690 facit
2529 631 2577 675 et
2613 623 2965 692 iniquitatem;
3006 634 3052 679 et
3086 634 3346 696 peccatum
3383 626 3623 700 iniquitas
3651 639 3726 683 est
3775 629 3818 701 (Ι

2224 711 2380 768 Ιοαιι.
2403 729 2490 780 ιιι,
2520 713 2622 788 4)?
2661 716 2775 771 Non
2798 733 2930 788 ergo
2950 727 3124 788 potest
3143 718 3348 789 justum
3369 735 3488 776 esse
3510 733 3803 792 peccatum.

2225 805 2325 858 nisi
2359 822 2479 862 cum
2527 810 2726 877 peccati
2762 825 2957 865 nomen
2996 812 3048 866 in
3077 814 3178 868 alia
3208 829 3267 869 re
3299 813 3580 884 ponimus,
3627 816 3678 873 in
3711 833 3815 886 qua

2224 897 2452 967 quisque
2477 913 2581 954 non
2623 909 2826 969 peccat,
2862 902 2954 957 sed
2981 912 3072 957 aut
3097 904 3219 959 facit
3247 905 3447 976 aliquid
3474 916 3566 961 aut
3605 909 3812 977 patitur

2223 1001 2322 1056 pro
2361 998 2599 1056 peccato.
2633 989 2765 1046 Nam
2810 1000 2865 1047 et
2904 994 3163 1049 sacrificia
3193 1010 3290 1065 pro
3325 997 3559 1066 peccatis
3589 1008 3810 1066 peccata

2223 1079 2484 1147 appellata
2514 1089 2677 1146 sunt,
2720 1092 2775 1137 et
2813 1098 2986 1153 poenae
3027 1095 3365 1155 peccatorum
3405 1087 3810 1166 dicuntur‘ali-

2223 1173 2436 1242 quando
2457 1186 2691 1244 peccata.
2718 1177 2840 1233 "me
2858 1179 3012 1248 plane
3032 1189 3252 1250 possunt
3281 1180 3504 1252 intelligi
3520 1181 3662 1251 justa
3686 1197 3816 1253 pec-

2222 1273 2360 1330 cata,
2381 1281 2501 1321 cum
2518 1267 2659 1338 justa
2682 1269 2929 1326 dicuntur
2950 1272 3228 1339 sacrificia,
3255 1275 3336 1329 vel
3357 1274 3497 1346 iusta
3524 1276 3810 1346 supplicia.

2223 1355 2298 1410 Ea
2329 1372 2458 1412 vero
2488 1373 2606 1428 qua:
2634 1371 2816 1415 contra
2845 1361 3016 1432 legem
3058 1363 3152 1417 Dei
3182 1363 3349 1432 fiunt,
3380 1364 3522 1436 justa
3553 1381 3676 1422 esse
3703 1383 3813 1422 non

2222 1456 2465 1517 possunt.
2492 1450 2700 1507 Dictum
2720 1463 2801 1508 est
2826 1461 3003 1509 autem
3031 1455 3160 1521 Deo,
3184 1454 3293 1512 Lea:
3318 1466 3404 1511 tua
3427 1458 3612 1513 veritas
3635 1458 3816 1530 (Psal.

2221 1557 2418 1610 cxvut,
2449 1541 2595 1615 142).
2626 1544 2704 1599 Ac
2730 1559 2824 1615 per
2860 1545 2964 1601 hoc
2992 1548 3133 1618 quod
3162 1557 3245 1603 est
3269 1558 3453 1605 contra
3493 1551 3776 1606 veritatem
3799 1595 3815 1618 ,

2217 1634 2418 1704 justum
2441 1649 2559 1690 esse
2579 1652 2687 1690 non
2711 1646 2905 1708 potest.
2928 1638 3058 1708 Quis
3080 1650 3257 1695 autem
3286 1641 3490 1696 dubitet
3512 1651 3698 1697 contra
3724 1659 3819 1698 ve-

2222 1725 2429 1780 ritatem
2459 1741 2579 1782 esse
2604 1728 2941 1784 mendacium
2976 1732 3180 1786 omne?
3221 1732 3432 1787 Nullum
3458 1748 3587 1803 ergo
3609 1735 3817 1804 justum

2221 1830 2340 1870 esse
2361 1819 2898 1886 potestmendacium.
2917 1822 3043 1876 ltem
3063 1822 3147 1877 cui
3166 1839 3269 1878 non
3288 1825 3486 1879 clareat
3503 1841 3566 1880 ex
3587 1827 3754 1881 verita
3764 1837 3817 1883 te

2220 1923 2341 1964 esse
2367 1926 2526 1965 omne
2555 1911 2695 1981 quod
2717 1912 2920 1983 justum
2950 1915 3074 1969 est?
3097 1915 3306 1970 Clamat
3327 1925 3506 1971 autem
3532 1916 3771 1972 Joannes
3799 1960 3816 1984 ,

2225 1998 2385 2052 Omne
2411 2002 2731 2056 mendacium
2757 2020 2856 2057 non
2885 2013 2958 2059 est
2987 2021 3051 2059 ex
3084 2007 3287 2060 veritate
3327 2006 3374 2075 (Ι
3400 2003 3558 2061 Joan.
3595 2024 3664 2074 tl,
3691 2009 3812 2078 2t).

2220 2091 2390 2148 Omne
2427 2109 2554 2166 ergo
2583 2095 2918 2151 mendacium
2958 2113 3062 2152 non
3103 2106 3186 2153 est
3209 2099 3432 2169 justum.
3470 2099 3815 2170 Quapropter

2219 2186 2430 2264 quando
2459 2187 2612 2243 nobis
2637 2189 2704 2243 de
2741 2187 3030 2259 Scripturis
3059 2191 3255 2246 sanctis
3283 2192 3576 2247 mentiendi
3607 2208 3811 2262 prepo-

2221 2285 2417 2331 nuntur
2461 2279 2731 2349 exempla,
2774 2289 2866 2335 aut
2902 2281 3178 2336 mendacia
3220 2298 3327 2337 non
3367 2293 3524 2350 sunt,
3572 2286 3668 2339 sed
3711 2301 3812 2355 pu-

2220 2379 2401 2426 tantur
2437 2388 2558 2428 esse
2601 2374 2725 2428 dum
2768 2391 2873 2430 non
2913 2375 3432 2448 intelliguntur;aut
3455 2377 3498 2432 si
3527 2377 3829 2433 mendacia.

2217 2472 2362 2529 sunt,
2386 2463 2639 2520 imitanda
2664 2482 2770 2521 non
2792 2477 2950 2534 sunt,
2975 2469 3096 2539 quia
3116 2469 3257 2540 justa
3282 2486 3400 2525 esse
3424 2486 3528 2524 non
3554 2480 3807 2540 possunt.

2287 2553 2375 2610 32.
2407 2554 2512 2610 Sed
2540 2555 2683 2627 quod
2711 2557 2966 2628 scriptum
2997 2569 3079 2614 est
3101 2559 3239 2615 bene
3267 2561 3434 2616 Deum
3467 2559 3660 2616 fecisse
3684 2576 3813 2616 cum

2217 2645 2456 2701 llebrzeis
2485 2647 2863 2704 obstetricibus
2890 2648 3081 2724 (Exod.
3115 2667 3164 2718 ι,
3198 2651 3394 2723 17-20),
3427 2660 3482 2707 et
3511 2669 3632 2708 cum
3663 2653 3816 2713 Raab

2214 2738 2581 2795 Jerichuntina
2609 2742 2892 2797 meretrice
2919 2741 3100 2813 (Iosue
3127 2761 3162 2799 ιι
3193 2756 3240 2797 et
3267 2760 3316 2799 vt
3336 2787 3350 2810 ,
3379 2742 3471 2816 25)
3503 2787 3516 2809 ,
3546 2761 3653 2800 non
3687 2745 3810 2799 ideo

2216 2829 2410 2885 factum
2442 2843 2523 2886 est
2549 2833 2673 2903 quia
2701 2835 2936 2888 mentita:
2961 2845 3085 2889 sunt
3108 2877 3124 2902 ,
3167 2835 3261 2890 sed
3293 2837 3412 2906 quia
3454 2814 3512 2890 in
3556 2836 3813 2894 homines
3889 2814 3902 2828 ⁸

2217 2921 2310 2977 Dei
2333 2923 2709 2980 misericordes
2735 2925 2968 2981 fuerunt.
2995 2926 3110 2982 Non
3139 2937 3220 2981 est
3248 2928 3425 2998 itaque
3448 2929 3501 2982 in
3525 2929 3604 2983 cis
3626 2945 3812 2984 remu-

2213 3025 2396 3070 nerata
2427 3015 2663 3082 fallacia,
2693 3018 2787 3074 sed
2814 3019 3213 3086 benevolentia;
3242 3021 3542 3092 benignitas
3570 3024 3768 3077 mentis
3793 3065 3807 3086 ,

2212 3121 2319 3162 non
2366 3107 2616 3179 iniquitas
2652 3113 2980 3166 mentientis.
3024 3111 3174 3168 Sicut
3201 3115 3342 3168 enim
3377 3115 3569 3168 mirum
3610 3116 3807 3170 absur-

2210 3198 2447 3270 dumque
2474 3215 2580 3256 non
2607 3211 2751 3258 esset
2775 3205 2818 3258 si
2846 3203 2952 3258 alio
2979 3205 3123 3275 prius
3154 3216 3391 3275 tempore
3417 3207 3709 3262 commissa
3737 3209 3809 3263 ab

2212 3288 2292 3346 eis
2335 3292 2510 3362 aliqua
2540 3308 2703 3363 opera
2729 3295 2867 3349 mala
2900 3296 3039 3350 Deus
3070 3308 3286 3366 propter
3315 3298 3608 3366 posteriora
3638 3313 3806 3368 opera

2211 3384 2351 3438 bona
2376 3384 2535 3439 vellet
2562 3386 2867 3456 ignoscere;
2914 3387 2984 3440 ita
3030 3387 3329 3443 mirandum
3376 3405 3482 3443 non
3531 3399 3616 3443 est
3660 3391 3806 3458 quod

2212 3490 2322 3529 uno
2365 3483 2610 3545 tempore
2641 3477 2694 3531 in
2720 3491 2825 3530 una
2868 3492 3030 3531 causa
3068 3478 3209 3532 Deus
3254 3488 3537 3549 utrumque
3581 3482 3808 3551 conspi-

2209 3565 2379 3633 ciens,
2404 3565 2456 3621 id
2478 3577 2580 3631 est,
2614 3566 2811 3622 factum
2837 3568 3280 3636 misericorditer,
3312 3568 3616 3640 factumque
3644 3570 3809 3625 falla-

2210 3657 2364 3721 citer,
2393 3667 2449 3713 et
2476 3659 2672 3714 bonum
2701 3661 3093 3726 remuneravit,
3125 3670 3178 3715 et
3208 3672 3426 3731 propter
3459 3661 3562 3717 hoc
3601 3663 3805 3717 bonum

2211 3749 2411 3802 n'ialum
2456 3749 2582 3804 illud
2611 3751 2830 3819 ignovit.
2876 3751 2933 3806 Si
2969 3753 3111 3806 enim
3158 3761 3371 3821 peccata
3418 3769 3536 3822 qua:
3579 3765 3811 3825 propter

2210 3840 2386 3894 carnis
2416 3841 2907 3911 concupiscentiam
2930 3885 2944 3909 ,
2976 3859 3081 3897 non
3117 3853 3330 3913 propter
3373 3844 3804 3900 misericordiam

2212 3936 2381 4003 fiunt,
2421 3944 2643 4006 propter
2678 3937 2975 4007 posteriora
3015 3953 3177 4007 Opera
3217 3938 3600 3992 misericordia:
3629 3940 3805 3993 dimit-

2213 4039 2431 4091 tuntur,
2462 4045 2560 4084 cur
2602 4045 2708 4084 non
2752 4033 2942 4084 merito
2984 4031 3368 4086 misericordia:
3414 4031 3799 4100 dimittuntur,

2208 4138 2328 4193 quae
2354 4122 2750 4194 prapleripsam
2763 4123 3182 4178 misericordiam
3201 4124 3647 4178 committuntur?
3670 4124 3808 4178 Gra-

2211 4215 2326 4268 vius
2352 4220 2437 4270 est
2460 4214 2604 4270 enim
2633 4223 2912 4286 peccatum
2941 4214 3082 4285 quod
3113 4215 3291 4269 animo
3319 4215 3564 4270 nocentis
3583 4256 3598 4280 ,
3641 4231 3804 4284 quam

2209 4307 2351 4372 quod
2381 4307 2562 4361 animo
2586 4307 2949 4363 subvenicntis
2973 4308 3220 4362 efficitur.
3250 4314 3327 4362 Ac
3357 4324 3449 4377 per
3475 4307 3579 4362 hoc
3603 4308 3649 4361 si
3675 4309 3803 4363 illud

2209 4401 2420 4454 deletur
2445 4415 2608 4469 opere
2638 4400 3016 4456 misericordia:
3049 4409 3232 4470 postea
3263 4401 3624 4470 subsequente
3645 4439 3661 4466 ,
3709 4415 3809 4456 cur

2212 4490 2314 4545 hoc
2347 4491 2489 4561 quod
2515 4501 2597 4545 est
2619 4492 2810 4558 levius,
2853 4508 2959 4546 non
2991 4491 3201 4548 deletur
3231 4493 3343 4563 ipsa
3373 4491 3602 4544 hominis
3631 4492 3800 4545 misc-

2210 4584 2458 4652 ricordia,
2492 4595 2547 4640 et
2573 4585 2909 4655 praecedente
2939 4594 2995 4640 ut
3024 4595 3239 4655 peccet,
3277 4595 3331 4640 et
3361 4585 3652 4640 comitante
3682 4600 3802 4639 cum

2209 4675 2432 4746 peccat?
2460 4674 2534 4730 Ita
2563 4677 2777 4746 quidem
2811 4676 2973 4732 videri
3002 4685 3178 4747 potest
3212 4695 3224 4731 :
3260 4685 3627 4731 verumtamen
3658 4677 3806 4731 aliud

2208 4777 2290 4822 est
2317 4768 2495 4822 dicere
2514 4811 2528 4832 ,
2564 4769 2792 4824 Peccare
2816 4768 3030 4839 quidem
3062 4784 3166 4822 non
3190 4768 3368 4834 debui,
3393 4767 3485 4821 sed
3511 4782 3678 4836 opera
3703 4770 3804 4822 mi-

2207 4861 2512 4916 sericordiae
2538 4862 2746 4928 faciam,
2771 4863 2959 4932 quibus
2985 4863 3192 4918 deleam
3220 4865 3359 4933 quod
3390 4871 3513 4917 ante
3544 4862 3764 4934 peccavi
3789 4881 3804 4926 ;

2206 4962 2264 5009 et
2287 4955 2427 5009 aliud
2459 4966 2540 5010 est
2569 4956 2748 5011 dicere
2768 4998 2782 5021 ,
2819 4957 3045 5012 Pcccare
3073 4957 3265 5020 debeo,
3294 4959 3414 5026 quia
3447 4972 3551 5011 non
3586 4973 3804 5027 possunt

2205 5046 2362 5100 aliter
2391 5048 2647 5102 misereri.
2680 5047 2835 5102 Aliud
2875 5057 2978 5115 est,
3007 5048 3255 5118 inquam,
3285 5047 3462 5102 dicere
3486 5090 3499 5114 ,
3532 5047 3666 5114 Quia
3695 5050 3805 5118 jam

2206 5140 2563 5208 peccavimus,
2595 5140 3028 5203 benefaciamus;
3059 5150 3113 5194 et
3139 5140 3280 5193 aliud
3311 5149 3392 5194 est
3425 5141 3622 5206 dicere,
3677 5140 3807 5195 Pec-

2205 5245 2409 5297 ccmus,
2441 5240 2496 5284 ut
2528 5231 2936 5286 benel’aciamus.
2969 5231 3040 5285 lbi
3070 5232 3281 5295 dicitur,
3316 5232 3594 5286 Faciamus
3640 5233 3805 5298 bona,

2204 5324 2327 5394 quia
2355 5325 2573 5379 fecimus
2595 5326 2730 5380 mala
2761 5345 2774 5380 :
2807 5326 2892 5381 hic
2921 5337 3121 5394 autem,
3151 5326 3425 5382 Faciamus
3456 5330 3614 5394 mala,
3649 5340 3703 5382 ut
3735 5345 3809 5382 ve-

2205 5417 2346 5470 niant
2375 5418 2505 5471 bona
2543 5417 2717 5489 (Rom.
2743 5434 2834 5485 ιιι,
2868 5419 2947 5490 8).
2981 5421 3060 5475 Ac
3089 5436 3184 5491 per
3212 5420 3313 5474 hoc
3343 5422 3412 5474 ibi
3439 5421 3803 5477 exhauriendo

2203 5518 2286 5565 est
2307 5511 2509 5564 sentina
2539 5511 2761 5580 peccati,
2786 5511 2871 5566 hic
2890 5513 3122 5568 cavenda
3145 5523 3229 5568 est
3248 5513 3488 5568 doctrina
3523 5515 3804 5585 peccandi.

2276 5605 2365 5658 '55.
2421 5603 2607 5657 Restat
2663 5603 2839 5672 itaque
2888 5613 2947 5658 ut
3000 5605 3362 5675 intelligamus
3406 5606 3510 5660 illis
3563 5607 3811 5661 mulierio

2203 5698 2332 5764 bus,
2375 5698 2458 5752 vel
2502 5699 2556 5751 in
2595 5697 2844 5768 Egypto,
2889 5699 2971 5752 vel
3016 5699 3067 5754 in
3111 5697 3328 5753 Jericho
3355 5739 3371 5764 ,
3419 5715 3516 5767 pro
3562 5699 3807 5754 lnuuani-

2206 5801 2311 5845 tate
2357 5800 2409 5845 ct
2446 5790 2809 5845 misericordia
2848 5789 3107 5846 redditam
3145 5789 3309 5846 fuisse
3350 5791 3654 5845 mercedem
3703 5794 3808 5845 uti-

2205 5902 2308 5954 quc
2361 5883 2728 5954 temporalem,
2766 5899 2882 5954 qua:
2916 5882 3128 5952 quidem
3175 5892 3228 5938 et
3266 5883 3378 5952 ipsa
3410 5892 3671 5938 aeternum
3705 5885 3805 5940 ati-
