4078 6528
280 434 366 495 541
472 464 475 465 ν
1702 433 1865 488 ιιΒΕξ

1971 431 2146 489 JNUS.

264 555 390 627 quid
417 557 583 612 etiam
614 557 723 612 illis
751 556 1112 613 nescientibus
1137 556 1445 628 prophetica
1474 554 1866 627 significatione

264 650 539 721 figuraret.
586 648 777 709 Utrum
815 660 995 707 autem
1035 650 1107 709 sit
1129 650 1413 721 aliquando
1452 649 1535 703 vel
1567 664 1662 718 pro
1690 649 1869 718 cujus-

262 757 422 812 quam
451 742 623 797 salute
648 744 1034 809 mentiendum,
1066 758 1186 799 eum
1211 742 1435 813 qumstio
1457 741 1527 797 sit
1549 742 1602 795 in
1633 756 1734 811 qua
1759 739 1868 795 dis-

262 836 520 889 solvenda
547 836 709 891 etiam
751 836 1047 891 doctissimi
1087 834 1377 906 fatigantur
1401 870 1421 901 ρ
1458 834 1612 889 valde
1655 834 1867 887 illarum

263 928 705 983 muliercularum
738 929 790 983 in
818 929 925 984 illis
965 929 1173 999 populis
1215 929 1621 983 constitutarum
1664 936 1718 981 et
1761 924 1867 980 illis

264 1022 505 1074 moribus
533 1031 869 1077 assuetarum
897 1022 1188 1077 excedebat
1218 1021 1455 1076 modum.
1502 1021 1685 1091 Itaque
1732 1020 1869 1073 hanc

261 1127 450 1167 carum
482 1113 863 1183 ignorantiam,
896 1113 1033 1167 sicut
1052 1114 1276 1167 aliarum
1303 1127 1481 1168 rerum
1510 1127 1641 1181 quas
1668 1109 1867 1181 pariter

265 1204 601 1270 nesciebant,
626 1205 722 1261 sed
748 1205 978 1261 scienda:
1002 1215 1127 1260 sunt
1148 1220 1174 1258 ο
1200 1206 1319 1258 tiliis
1344 1218 1449 1259 non
1474 1202 1633 1273 hujus
1662 1201 1860 1265 Stcculi,

263 1296 357 1353 sed
385 1297 594 1361 futuri,
628 1297 719 1352 Dei
765 1298 1022 1369 patientia
1067 1296 1405 1351 sustinebat:
1439 1296 1527 1366 qui
1573 1302 1747 1349 tamen
1788 1294 1866 1349 eis

266 1409 362 1465 pro
392 1394 723 1464 benignitate
749 1394 1000 1459 humana,
1024 1407 1182 1462 quam
1210 1390 1421 1446 famulis
1445 1390 1563 1460 ejus
1592 1388 1869 1459 impende-

265 1496 385 1540 rant
410 1525 428 1551 ,
471 1486 719 1555 quamvis
746 1484 965 1540 cmleste
995 1483 1192 1553 aliquid
1224 1481 1575 1553 significantia
1600 1523 1615 1547 ,
1648 1480 1865 1551 prmmia

265 1589 481 1633 terrena
517 1575 793 1631 reddebat.
828 1576 897 1629 Et
932 1575 1080 1630 Raab
1121 1574 1334 1644 quidem
1372 1590 1437 1630 ex
1477 1573 1694 1629 Jeriebo
1733 1573 1867 1629 libe-

263 1679 400 1735 rata,
436 1668 489 1721 in
522 1667 619 1723 Dei
652 1654 905 1737 pupillum
931 1667 1213 1722 transitum
1244 1665 1410 1731 fecit,
1452 1664 1540 1719 ubi
1578 1664 1864 1734 proﬁciens

266 1768 449 1829 posset
491 1758 559 1813 ad
600 1768 800 1812 mterna
839 1765 893 1812 et
936 1757 1253 1812 immortalia
1284 1772 1508 1812 munera
1550 1755 1859 1826 pervenire,

264 1867 381 1921 qua:
411 1851 565 1906 nullo
594 1858 719 1905 sunt
746 1849 1034 1921 quaarenda
1062 1849 1361 1905 mendacio.

332 1942 568 1999 CAPUT
602 1941 744 1997 XVI.
770 1972 843 1982 —
868 1942 1015 1997 Sitne
1036 1940 1155 1997 boni
1176 1941 1393 1996 hominis
1416 1938 1693 2012 aliquando
1732 1954 1866 1993 men-

264 2033 345 2087 tiri
373 2050 470 2104 pro
500 2033 713 2087 alterius
741 2033 923 2087 salute.
953 2032 1100 2088 Tunc
1130 2044 1305 2087 tamen
1335 2032 1547 2102 quando
1573 2030 1702 2085 illud
1730 2043 1865 2100 Opus

264 2126 463 2181 bonum
494 2137 551 2181 et
576 2141 675 2196 pro
703 2141 815 2181 suae
842 2127 962 2181 vitaz
990 2126 1295 2181 conditione
1320 2124 1584 2179 laudabile
1612 2123 1865 2178 Israelitis

264 2217 696 2289 exploratoribus
728 2216 1004 2287 praestitit,
1036 2216 1274 2272 nondum
1319 2224 1436 2271 erat
1476 2216 1596 2269 talis
1626 2223 1682 2269 ut
1711 2214 1776 2269 ab
1800 2229 1861 2268 ea

265 2310 591 2380 exigeretur,
638 2309 721 2365 Sit
763 2309 817 2363 in
857 2325 943 2364 ore
991 2320 1194 2376 vestro,
1244 2307 1360 2373 Est,
1410 2316 1519 2373 est;
1570 2305 1715 2375 Non,
1761 2324 1864 2362 non

266 2400 480 2473 (Matth.
516 2416 584 2469 v,
612 2401 726 2473 57).
758 2400 1081 2457 Obstetrices
1122 2408 1302 2457 autem
1338 2400 1443 2455 illae
1468 2400 1711 2471 quamvis
1752 2400 1862 2457 He-

264 2493 425 2549 braxe
447 2535 461 2559 ,
493 2494 539 2549 si
571 2493 864 2549 secundum
893 2509 1109 2549 carnem
1137 2493 1507 2549 tantummodo
1532 2501 1823 2563 sapuerunt
1844 2533 1860 2559 ,

264 2587 392 2658 quid
426 2597 519 2643 aut
546 2596 804 2658 quantum
845 2596 928 2643 est
969 2586 1108 2658 quod
1139 2587 1218 2643 eis
1260 2586 1461 2658 profuit
1503 2586 1865 2642 remuneratio

266 2680 598 2750 temporalis,
626 2679 750 2750 quia
774 2679 1015 2735 fecerunt
1041 2680 1140 2735 sibi
1167 2678 1377 2744 domos,
1404 2677 1505 2734 nisi
1532 2676 1865 2749 proficiendo

266 2772 624 2842 pertinuerint
666 2771 734 2827 ad
774 2787 893 2827 eam
935 2772 1151 2828 domum
1181 2772 1247 2827 de
1285 2786 1388 2842 qua
1433 2771 1541 2827 Deo
1579 2780 1861 2836 cantatur,

265 2862 412 2917 Beati
443 2864 532 2935 qui
555 2864 784 2918 habitant
822 2866 876 2918 in
915 2864 1066 2919 domo
1096 2876 1220 2929 tua;
1248 2864 1302 2918 in
1339 2863 1525 2918 uacula
1562 2862 1866 2917 saeculorum

266 2957 549 3011 laudabunt
573 2966 620 3010 te
645 2954 817 3027 (Psal.
841 2972 1072 3020 Lxsxnt,
1106 2956 1203 3028 5)?
1233 2956 1454 3011 Multum
1480 2964 1659 3011 autem
1687 2954 1865 3011 faten-

266 3048 393 3103 dum
420 3058 506 3104 est
528 3049 885 3120 pr0pinquare
906 3049 1150 3119 justitize,
1174 3060 1227 3105 et
1252 3050 1494 3121 quamvis
1516 3066 1575 3105 re
1596 3050 1709 3120 ipsa
1734 3066 1867 3104 non-

266 3140 423 3206 dum,
451 3141 563 3210 jam
591 3150 767 3196 tamen
800 3156 895 3211 spe
924 3150 1085 3211 atque
1117 3141 1295 3197 indole
1322 3141 1563 3196 animum
1589 3156 1709 3197 esse
1748 3141 1865 3195 lau-

266 3231 527 3298 dandum,
558 3232 649 3301 qui
681 3246 949 3302 nunquam
981 3232 1081 3287 nisi
1115 3232 1216 3288 hac
1244 3232 1542 3288 intentione
1570 3233 1861 3299 mentitur,

267 3340 369 3394 qua
398 3324 513 3377 vult
555 3323 812 3394 prodesse
838 3324 995 3379 alicui
1020 3366 1035 3387 ,
1068 3340 1264 3380 nocere
1294 3333 1472 3380 autem
1504 3325 1725 3380 nemini.
1757 3326 1864 3381 Sed

268 3430 365 3469 nos
386 3430 510 3470 cum
534 3414 824 3485 quzerimus
849 3414 988 3471 sitne
1009 3415 1130 3469 boni
1155 3414 1385 3470 hominis
1413 3416 1698 3486 aliquando
1718 3433 1867 3471 men-

268 3508 388 3573 tiri,
433 3523 542 3561 non
568 3506 637 3563 tle
662 3506 881 3561 homine
905 3508 1194 3577 qumrimus
1223 3506 1398 3562 adhuc
1426 3508 1493 3562 ad
1536 3506 1826 3580 Egyptum
1847 3550 1863 3575 ,

268 3600 349 3653 vcl
386 3598 460 3654 ad
497 3598 751 3664 Jericbo,
796 3598 881 3653 vel
919 3597 985 3653 ad
1015 3598 1363 3670 Babyloniam
1408 3598 1739 3669 pertinente,
1781 3600 1866 3655 vel

266 3692 444 3747 adhuc
473 3690 542 3746 ad
574 3692 744 3763 ipsam
773 3690 1070 3746 Jerusalem
1101 3700 1385 3755 terrenam,
1415 3706 1535 3761 qua:
1555 3691 1719 3745 servit
1744 3706 1865 3746 cum

270 3784 391 3839 liliis
418 3783 569 3848 suis;
608 3782 704 3838 sed
732 3782 800 3838 de
824 3783 941 3837 cive
975 3782 1116 3836 illius
1143 3782 1372 3837 civitatis
1401 3798 1518 3852 quae
1544 3797 1755 3837 sursum
1784 3792 1867 3837 est

269 3879 434 3933 libera
465 3887 643 3932 mater
674 3885 854 3931 nostra
886 3884 1088 3932 :eterna
1123 3876 1173 3930 in
1205 3876 1356 3931 ctelis
1395 3874 1590 3949 (Gatat.
1624 3892 1674 3930 tv
1696 3917 1711 3942 ,
1759 3875 1864 3943 25,

265 3970 381 4039 26).
416 3969 486 4024 Et
517 3967 873 4038 respondetur
897 3969 1259 4038 qumrcntibus
1290 3966 1446 4022 nobis
1479 3985 1493 4022 :
1525 3966 1687 4021 Omne
1722 3982 1865 4021 men-

264 4062 471 4115 dacium
492 4076 597 4115 non
633 4068 707 4115 est
739 4076 802 4113 ea:
827 4060 1052 4116 veritate.
1082 4058 1199 4113 Filii
1228 4069 1404 4114 autem
1429 4059 1568 4114 illius
1595 4058 1824 4115 civitatis
1846 4102 1862 4128 ,

265 4154 356 4209 lilii
384 4164 516 4209 sunt
548 4153 731 4224 utique
770 4153 1028 4208 veritatis.
1084 4154 1209 4223 Ejus
1252 4152 1482 4207 civitatis
1522 4153 1611 4207 lilii
1643 4162 1767 4208 sunt
1800 4152 1867 4209 de

263 4248 463 4319 quibus
502 4247 762 4316 scriptum
800 4254 909 4311 est,
946 4245 1011 4299 In
1040 4263 1126 4301 ore
1155 4262 1325 4300 eorum
1351 4262 1452 4300 non
1499 4255 1571 4300 est
1613 4247 1867 4301 inventum

264 4340 593 4395 mendacium
618 4339 800 4411 (Apoc.
830 4355 924 4393 xw
947 4382 961 4407 ,
994 4340 1051 4411 5)
1081 4357 1093 4392 :
1128 4340 1245 4410 ejus
1269 4340 1498 4395 civitatis
1525 4340 1663 4395 filius
1691 4349 1773 4397 est
1800 4340 1868 4397 de

262 4448 297 4503 (ι
317 4448 373 4489 :0
399 4433 529 4487 item
555 4432 813 4501 scriptum
840 4441 941 4495 est,
976 4430 1191 4485 Verbum
1222 4432 1500 4504 suscipiens
1529 4434 1669 4502 ﬁlius
1699 4450 1730 4486 α
1756 4451 1869 4503 per-

264 4524 458 4581 ditione
486 4522 636 4593 longe
661 4521 819 4576 aberit
845 4538 865 4577 :
890 4522 1143 4595 excipiens
1168 4533 1337 4578 autem
1365 4525 1558 4594 excepit
1586 4524 1717 4578 illud
1741 4524 1863 4590 sibi,

263 4625 312 4670 ct
341 4614 478 4669 nihil
504 4613 627 4684 falsi
652 4630 715 4669 ea:
743 4615 850 4685 ejus
880 4630 966 4669 ore
994 4615 1218 4685 procedit
1244 4614 1424 4686 (Prov.
1453 4631 1606 4684 χχιχ,
1629 4615 1746 4687 27).
1776 4616 1869 4671 llis

267 4707 391 4763 filiis
424 4720 681 4776 supernae
712 4704 1009 4761 Jerusalem
1051 4716 1105 4761 et
1151 4715 1349 4761 sancta:
1387 4706 1615 4761 civitatis
1654 4714 1869 4761 mternae

264 4799 309 4855 si
348 4797 570 4869 quando
596 4805 654 4852 ut
690 4796 995 4852 hominibus
1036 4797 1247 4867 obrepit
1286 4798 1671 4868 qualecumque
1714 4812 1869 4851 men-

264 4890 481 4946 dacium
508 4931 523 4955 ,
566 4898 795 4959 poscunt
829 4878 1100 4945 liumiliter
1126 4890 1370 4957 veniam,
1406 4906 1509 4947 non
1555 4890 1679 4948 inde
1720 4906 1869 4963 qua:-

266 4992 391 5039 runt
422 4983 646 5049 insuper
670 4980 915 5050 gloriam.
1626 5054 1633 5057 Η

335 5071 571 5129 CAPUT
612 5072 774 5129 XVII.
802 5104 873 5113 —
898 5075 986 5129 54.
1031 5073 1332 5130 Obstetrices
1367 5074 1600 5131 Hebrum:
1636 5085 1683 5129 et
1723 5075 1868 5131 Raab

266 5185 386 5221 nam
415 5168 654 5240 fecissent
683 5167 883 5233 melius,
907 5166 1123 5221 nolendo
1152 5168 1371 5221 mentiri.
1406 5168 1605 5240 Regula
1630 5168 1699 5222 ad
1717 5185 1870 5239 quam

264 5259 544 5331 redigenda
572 5274 688 5329 qua:
714 5274 778 5312 ex
804 5257 1084 5329 Scripturis
1114 5262 1444 5330 proferuntur
1468 5260 1600 5314 velut
1639 5260 1869 5329 exempla

268 5351 564 5406 mentiendi.
592 5348 703 5407 Sed
732 5348 873 5405 dicet
897 5349 1090 5420 aliquis
1120 5368 1133 5405 :
1166 5350 1381 5420 Ergone
1416 5349 1736 5406 obstetrices
1764 5351 1869 5406 illa:

265 5454 424 5514 atque
455 5442 608 5498 Raab
634 5441 825 5497 melius
848 5440 1119 5509 fecissent,
1147 5441 1193 5498 si
1224 5441 1422 5496 nullam
1444 5442 1866 5498 misericordiam

266 5535 686 5603 praestitissent,
734 5532 968 5587 nolendo
998 5534 1254 5588 mentiri?
1300 5534 1411 5589 lmo
1443 5548 1573 5589 vero
1603 5534 1708 5589 illa:
1752 5550 1870 5590 mu-

268 5628 427 5683 lieres
458 5627 729 5692 Ilebraxe,
762 5624 809 5681 si
834 5634 1016 5681 essent
1043 5626 1176 5681 tales
1205 5626 1273 5681 de
1304 5626 1553 5696 qualibus
1577 5626 1870 5696 qumrimus

267 5731 443 5775 utrum
471 5720 544 5775 sit
570 5718 653 5774 eis
674 5718 965 5789 aliquando
989 5719 1376 5784 mentiendum,
1409 5736 1507 5775 nec
1528 5719 1725 5790 aliquid
1749 5720 1869 5776 falsi

266 5811 526 5875 dicerent,
557 5819 615 5866 et
642 5808 785 5865 fmda
813 5810 1105 5866 ministeria
1128 5810 1196 5866 de
1218 5812 1452 5881 parvulis
1474 5812 1780 5867 occidendis
1806 5812 1868 5868 li-

270 5908 494 5965 bcrrtme
526 5913 864 5963 recusarent.
900 5899 1031 5970 Sed,
1074 5904 1280 5975 inquies
1307 5946 1320 5972 ,
1356 5905 1481 5976 ipse
1510 5914 1864 5963 morerentur.

3470 446 3577 505 τοὸῖ

1976 552 2047 607 At
2073 551 2193 608 vide
2220 552 2347 623 quid
2370 563 2643 625 sequatur.
2674 556 3008 614 Morerentur
3036 559 3178 615 enim
3208 560 3444 619 caelestis
3471 563 3568 620 ba-

1972 640 2245 700 bitationis
2274 644 2759 716 incomparabiliter
2782 651 3042 720 ampliore
3080 653 3360 723 mercede,
3393 672 3556 726 quam

1972 735 2162 791 domus
2179 736 2286 794 illa:
2307 752 2440 811 quas
2458 739 2558 794 sibi
2579 738 2819 796 fecerunt
2842 742 2895 797 in
2925 751 3063 797 terra
3085 758 3204 800 esse
3231 756 3519 815 potuerunt
3552 765 3566 794 :

1972 826 2311 888 morerentur
2340 834 2531 888 futurae
2558 834 2611 889 in
2640 844 2839 891 aeterna
2871 836 3122 893 felicitate
3142 880 3156 903 ,
3184 850 3407 894 mortem
3438 856 3568 909 per—
3604 842 3610 849 “

1972 937 2144 992 pessa:
2173 939 2269 994 pro
2296 926 2731 981 innocentissima
2760 929 3005 983 veritate.
3054 928 3189 997 Quid
3220 930 3306 984 illa
3335 932 3389 985 in
3418 930 3569 987 Jert-

1972 1013 2117 1069 clto?
2144 1016 2399 1087 numquid
2427 1016 2529 1073 hoc
2555 1020 2772 1087 posset?
2797 1018 2987 1075 Nonne
3013 1020 3058 1075 si
3084 1033 3384 1091 quaerentes
3415 1024 3563 1078 cives

1970 1106 2277 1163 mentiendo
2303 1124 2410 1164 non
2438 1108 2684 1178 falleret,
2731 1126 2919 1166 verum
2950 1112 3176 1167 dicendo
3204 1114 3433 1170 latentes
3460 1115 3562 1170 bo-

1970 1201 2135 1269 Spites
2156 1201 2442 1271 proderet?
2462 1204 2543 1257 An
2568 1213 2747 1274 posset
2768 1204 3217 1276 interrogantibus
3240 1204 3322 1278 (α)
3348 1206 3563 1263 dicere:

1970 1290 2093 1347 Scio
2124 1293 2211 1348 ubi
2240 1303 2393 1361 sunt;
2427 1296 2520 1349 sed
2541 1295 2709 1351 Deum
2738 1296 2921 1362 timeo,
2946 1313 3050 1351 non
3077 1312 3171 1353 eos
3192 1298 3402 1368 prodo?
3427 1299 3564 1354 Pos-

1970 1394 2053 1439 set
2081 1384 2181 1439 hoc
2208 1386 2421 1455 quidem
2448 1386 2630 1442 dicere
2648 1429 2663 1455 ,
2696 1388 2739 1442 si
2762 1387 2873 1458 jam
2900 1398 3043 1443 esset
3072 1404 3195 1443 vera
3223 1387 3479 1445 Israelitis
3509 1390 3564 1445 in

1970 1492 2074 1547 qua
2098 1476 2250 1533 dolus
2275 1494 2383 1533 non
2414 1488 2558 1534 esset
2598 1478 2777 1554 (Joan.
2809 1496 2864 1548 ι,
2900 1480 2993 1553 47)
3028 1500 3040 1536 :
3074 1482 3215 1557 quod
3242 1482 3419 1538 futura
3447 1492 3567 1540 erat

1970 1585 2068 1639 per
2109 1570 2532 1626 misericordiam
2575 1572 2670 1627 Dei
2717 1572 2983 1628 transiens
3022 1573 3089 1627 ad
3131 1574 3401 1630 civitatem
3444 1574 3563 1629 Dei.

1971 1662 2170 1718 Verum
2202 1664 2273 1717 illi
2305 1664 2407 1719 hoc
2425 1664 2629 1731 audito,
2655 1665 2884 1736 inquies,
2918 1667 3062 1721 illam
3091 1668 3437 1736 perimerent,
3460 1668 3564 1723 do-

1971 1770 2116 1809 mum
2145 1764 2528 1811 scrutarentur.
2570 1755 2677 1811 Sed
2705 1757 2957 1827 numquid
2988 1773 3326 1827 consequens
3354 1767 3471 1815 erat
3505 1771 3567 1815 ut

1970 1846 2089 1901 illos
2115 1847 2274 1901 etiam
2314 1862 2447 1916 quos
2491 1847 2774 1918 diligenter
2811 1849 3173 1905 occultaverat
3211 1851 3566 1907 invenirent?

1970 1942 2325 2012 Prospexerat
2349 1943 2489 1997 enim
2518 1944 2825 1999 cautissima
2861 1946 3090 2014 mulier,
3132 1955 3185 2001 et
3228 1947 3298 2002 ibi
3336 1963 3431 2003 eos
3458 1963 3563 2018 po-

1968 2043 2148 2089 suerat
2178 2034 2265 2088 ubi
2296 2034 2462 2089 latere
2488 2035 2806 2104 potuissent,
2831 2037 3039 2091 etiamsi
3064 2038 3111 2091 ei
3141 2039 3417 2093 mentienti
3442 2054 3562 2094 cre-

1969 2124 2137 2179 ditum
2167 2140 2271 2179 non
2298 2124 2505 2181 fuisset.
2538 2126 2613 2180 lta
2643 2135 2697 2181 et
2724 2127 2810 2181 illa
2837 2170 2852 2195 ,
2881 2129 2927 2181 si
2956 2138 3130 2184 tamen
3160 2144 3189 2182 a
3220 2130 3330 2183 suis
3354 2130 3565 2185 civibus

1969 2224 2111 2270 esset
2140 2216 2315 2271 occisa
2347 2232 2443 2285 pro
2466 2218 2847 2273 misericordia:
2875 2233 3038 2289 opere
3061 2261 3075 2284 ,
3108 2220 3270 2274 vitam
3318 2221 3470 2275 istam
3499 2220 3563 2276 Il-

1968 2308 2217 2364 niendam
2251 2308 2268 2340 ¹
2297 2308 2531 2378 pretiosa
2561 2310 2614 2364 in
2644 2319 2933 2380 conspectu
2966 2311 3175 2365 Domini
3208 2322 3379 2368 morte
3410 2312 3528 2367 lini;

1968 2408 2051 2455 set
2071 2398 2244 2470 (Psal.
2272 2415 2390 2466 cxv,
2418 2401 2532 2470 I5),
2557 2409 2610 2457 et
2632 2416 2755 2472 erga
2780 2402 2901 2457 illos
2922 2403 3038 2472 ejus
3059 2403 3375 2458 beneficium
3402 2405 3449 2457 in
3466 2415 3555 2459 me

1968 2507 2074 2547 non
2101 2490 2306 2547 fuisset.
2335 2492 2438 2547 Sed
2459 2536 2471 2557 ,
2507 2494 2734 2563 inquies,
2765 2494 2914 2563 quid,
2944 2496 2989 2550 si
3021 2505 3074 2551 et
3102 2496 3167 2549 ad
3199 2497 3349 2551 illum
3378 2496 3557 2553 locum

1968 2584 2061 2640 ubi
2090 2602 2181 2641 eos
2208 2587 2593 2651 occultaverat,
2624 2588 2659 2642 ii
2697 2602 2727 2641 a
2756 2589 2948 2658 quibus
2978 2590 3387 2659 qumrebantur,
3428 2606 3561 2662 pcr-

1968 2676 2255 2733 scrutando
2275 2678 2453 2733 omnia
2477 2680 2878 2749 pervenissent?
2905 2681 3011 2736 lsto
3034 2682 3195 2737 modo
3216 2682 3317 2737 dici
3343 2692 3519 2752 potest
3542 2700 3559 2738 :

1968 2769 2128 2839 Quid,
2160 2771 2204 2826 si
2231 2772 2439 2827 mulieri
2470 2773 2741 2829 vilissima:
2770 2782 2929 2844 atque
2960 2776 3304 2845 turpissimze,
3336 2793 3441 2833 non
3473 2795 3565 2834 so-

1968 2864 2081 2920 lum
2102 2864 2401 2930 mentienti,
2422 2860 2609 2921 verum
2637 2866 2797 2919 etiam
2827 2866 3091 2936 pejeranti
3112 2868 3333 2923 credere
3363 2870 3567 2926 noluis-

1969 2954 2130 3011 sent?
2159 2954 2361 3025 Nempe
2388 2955 2547 3011 etiam
2584 2958 2662 3012 sic
2689 2966 3042 3013 consecutura
3075 2958 3285 3015 fuerant
3319 2979 3438 3032 qua:
3481 2964 3551 3017 ti-

1969 3047 2169 3103 mendo
2207 3049 2428 3103 mentita
2470 3058 2571 3103 est.
2615 3050 2682 3103 Et
2719 3050 2805 3105 ubi
2845 3051 3095 3123 ponimus
3126 3054 3457 3109 voluntatem
3501 3071 3567 3111 ac

1970 3145 2292 3208 potestatem
2329 3138 2466 3193 Dei?
2493 3140 2574 3193 An
2608 3138 2746 3195 forte
2774 3156 2881 3195 non
2908 3150 3154 3211 poterat,
3194 3152 3249 3199 et
3275 3144 3423 3199 illam
3466 3160 3568 3202 nec

1969 3230 2175 3287 civibus
2196 3232 2307 3287 suis
2330 3232 2679 3287 mentientem
2703 3248 2803 3289 nec
2825 3233 3070 3289 homines
3100 3234 3189 3289 Dei
3223 3236 3562 3305 prodentem,

1970 3333 2025 3379 et
2050 3323 2170 3379 illos
2199 3338 2327 3379 suos
2355 3325 2423 3379 ab
2448 3324 2594 3380 omni
2616 3326 2853 3387 pernicie
2880 3327 3194 3383 custodire?
3220 3328 3261 3381 A
3286 3344 3395 3399 quo
3419 3330 3566 3385 enim

1970 3422 2025 3468 et
2050 3422 2171 3485 post
2197 3414 2435 3469 mulieris
2464 3414 2800 3471 mendacium
2828 3417 3078 3473 custoditi
3107 3428 3251 3485 sunt,
3281 3420 3349 3474 ab
3374 3436 3440 3475 eo
3472 3438 3567 3491 pu-

1973 3511 2209 3569 tuerunt,
2244 3504 2346 3559 etsi
2377 3504 2465 3559 illa
2492 3506 2713 3561 mentita
2739 3520 2845 3561 non
2880 3518 3043 3575 esset,
3072 3509 3255 3579 utique
3281 3511 3561 3565 custodiri.

1973 3595 2081 3650 Nisi
2111 3595 2245 3651 l'orte
2274 3596 2426 3652 obliti
2454 3614 2641 3653 sumus
2667 3598 2768 3653 ltoc
2797 3598 2959 3656 fuisse
2986 3602 3037 3655 in
3067 3602 3312 3659 Sodomis
3344 3604 3563 3669 factum,

1973 3686 2061 3741 ubi
2093 3686 2313 3741 masculi
2339 3688 2390 3741 in
2416 3688 2684 3744 masculos
2705 3687 2934 3745 nefanda
2962 3690 3178 3747 libidine
3206 3695 3438 3757 accensi,
3464 3710 3565 3749 nec

1971 3780 2165 3835 ostium
2194 3780 2384 3836 domus
2410 3782 2461 3835 in
2489 3798 2591 3851 qua
2622 3792 2777 3837 erant
2801 3798 2936 3853 quos
2965 3785 3294 3853 qumrebant,
3325 3786 3567 3842 invenire

1973 3882 2259 3943 potuerunt
2283 3890 2296 3937 ;
2326 3875 2537 3943 quando
2564 3875 2646 3929 vir
2667 3876 2847 3946 justus
2877 3877 2928 3929 in
2959 3892 3119 3931 causa
3147 3878 3365 3932 omnino
3390 3880 3565 3933 simil-

1973 3964 2097 4019 lima
2120 3980 2217 4035 pro
2236 3966 2347 4021 suis
2373 3965 2670 4036 hospitibus
2698 3968 2910 4021 mentiri
2941 3967 3131 4036 noluit,
3160 3984 3295 4038 quos
3321 3984 3442 4024 esse
3469 3986 3565 4023 an.

1971 4058 2121 4129 gelos
2148 4057 2438 4123 nesciebat,
2471 4066 2525 4113 et
2554 4058 2659 4111 vim
2686 4066 2857 4113 morte
2888 4058 3125 4130 pejorcm
3159 4075 3226 4116 ne
3255 4070 3567 4129 paterentur

1975 4148 2214 4203 timebat.
2245 4150 2313 4203 Et
2337 4158 2483 4205 certe
2510 4158 2717 4219 poterat
2742 4150 2868 4205 talia
2911 4152 3239 4221 respondere
3280 4156 3568 4223 quaerenti-

1971 4242 2106 4309 bus,
2158 4242 2332 4312 qualia
2380 4241 2434 4296 in
2466 4241 2684 4298 Jericlto
2729 4243 2923 4299 mulier
2965 4244 3051 4298 illa
3097 4245 3390 4315 respondit.
3433 4245 3567 4301 Nam

1974 4350 2195 4406 prorsus
2221 4335 2465 4390 similiter
2486 4344 2541 4390 et
2570 4335 2644 4390 illi
2674 4336 3052 4406 interrogando
3080 4338 3426 4407 quaesierunt.
3456 4338 3564 4393 Sed

1974 4427 2135 4481 homo
2158 4426 2331 4497 justus
2362 4428 2531 4482 noluit
2567 4444 2663 4498 pro
2689 4430 3001 4498 corporibus
3028 4429 3295 4499 hospitum
3334 4430 3567 4486 animam

1973 4534 2123 4575 suam
2152 4536 2250 4575 suo
2285 4519 2564 4576 mendacio
2590 4521 2866 4587 maculari,
2900 4536 2997 4590 pro
3025 4522 3219 4591 quibus
3244 4522 3409 4577 voluit
3444 4538 3569 4576 cor-

1976 4630 2105 4684 pora
2133 4614 2362 4669 ﬁliarum
2402 4614 2593 4668 aliena:
2630 4613 2865 4668 libidinis
2906 4615 3184 4684 iniquitate
3226 4616 3329 4669 vim
3361 4616 3567 4685 perpeti

1977 4706 2133 4778 (Gen.
2162 4724 2257 4761 xu
2282 4748 2297 4774 ,
2327 4703 2501 4779 5-H).
2533 4705 2714 4761 Faciat
2754 4721 2882 4777 ergo
2910 4706 3072 4760 homo
3115 4707 3274 4761 etiam
3310 4721 3405 4775 pro
3437 4716 3571 4760 tent-

1975 4798 2143 4869 porali
2183 4798 2461 4853 hominum
2502 4798 2673 4853 salute
2710 4797 2852 4868 quod
2885 4807 3101 4868 potest:
3132 4814 3253 4853 cum
3283 4806 3461 4853 autem
3503 4798 3569 4852 ad

1976 4889 2121 4945 hunc
2147 4890 2427 4946 articulum
2449 4900 2668 4945 ventum
2692 4889 2873 4957 fuerit,
2904 4899 2962 4946 ut
2989 4890 3075 4944 tali
3107 4890 3263 4945 saluti
3287 4888 3571 4944 consulere

1977 4983 2077 5039 nisi
2110 4982 2381 5053 peccando
2409 4997 2515 5037 non
2547 4985 2745 5052 possit,
2787 4982 2897 5051 jam
2938 4998 2997 5037 se
3026 4981 3296 5037 existimet
3326 4995 3430 5033 non
3470 4978 3570 5032 hac

1976 5074 2103 5130 bere
2132 5073 2258 5144 quid
2284 5072 2465 5137 faciat,
2493 5072 2706 5143 quando
2729 5071 2779 5127 id
2806 5072 3068 5142 reliquum
3092 5087 3211 5127 esse
3239 5070 3572 5140 perspexerit

1976 5163 2115 5234 quod
2148 5179 2253 5217 non
2282 5172 2425 5218 recte
2457 5162 2633 5215 faciat.
2668 5161 2897 5215 Proinde
2929 5161 3076 5216 Raab
3106 5162 3157 5215 in
3188 5159 3423 5226 Jcricho,
3446 5162 3571 5230 quia

1975 5255 2289 5326 peregrinos
2335 5253 2580 5307 homines
2628 5253 2719 5305 Dei
2760 5253 2995 5321 suscepit
3038 5252 3309 5321 lt05pitio,
3351 5252 3471 5321 quia
3515 5251 3568 5307 in

1975 5361 2161 5403 eorum
2184 5343 2525 5414 susceptione
2547 5342 2841 5414 periclitata
2860 5352 2961 5411 est,
2976 5344 3099 5414 quia
3120 5344 3171 5398 in
3193 5359 3379 5399 eorum
3402 5342 3568 5397 Deum

1974 5438 2222 5504 credidit,
2247 5436 2368 5507 quia
2385 5435 2667 5505 diligenter
2687 5451 2781 5491 eos
2806 5435 2895 5489 ubi
2919 5436 3088 5506 potuit
3108 5436 3422 5503 occultavit,
3446 5437 3569 5506 quia

1977 5549 2073 5603 per
2091 5534 2246 5587 aliam
2265 5534 2401 5587 viam
2427 5530 2697 5587 remeandi
2711 5531 2991 5585 consilium
3018 5530 3383 5587 lidelissimum
3398 5530 3567 5595 dedit,

1977 5629 2135 5683 etiam
2169 5642 2414 5697 superna:
2440 5626 2739 5682 Jerusalem
2768 5626 2973 5681 civibus
3012 5625 3268 5681 imitanda
3297 5624 3568 5681 laudetur.

2043 5855 2056 5884 ¹
2097 5852 2280 5915 Aliquot
2302 5860 2429 5915 Mss,
2456 5854 2656 5914 linteum.

2043 5917 2119 5977 (ti)
2141 5910 2275 5965 terte
2301 5910 2585 5979 legendum,
2610 5929 2669 5966 un
2705 5928 2791 5967 non
2819 5922 2971 5976 posset
3005 5910 3420 5971 t'ntrrroyantt'ims.
