4078 6512
545 452 654 508 565

542 567 694 635 Quod
721 575 896 621 autem
926 566 1146 620 mentita
1177 573 1280 628 est,
1310 562 1520 619 etiamsi
1552 560 1749 631 aliquid
1791 559 1863 615 ibi
1896 557 2129 629 prephe-

544 661 707 713 ticum
736 657 1093 728 intelligenter
1118 656 1407 728 exponitur
1429 696 1445 720 ,
1478 670 1585 709 non
1609 663 1788 708 tamen
1818 650 2131 706 imitandum

543 750 813 817 sapienter
854 750 1168 819 proponitur
1201 766 1215 803 :
1244 747 1490 820 quamvis
1520 748 1660 801 Deus
1702 746 1790 800 illa
1831 745 1969 800 bona
2012 758 2129 798 me-

541 840 875 895 morabiliter
901 840 1243 894 honoraverit
1266 881 1280 905 ,
1311 840 1413 895 hoc
1442 839 1641 893 malum
1666 838 1956 892 clementer
1976 836 2131 906 igno-

543 932 700 986 verit.

613 1023 704 1078 35.
732 1021 862 1089 Qua:
900 1036 1023 1078 cum
1055 1023 1127 1078 ita
1156 1023 1284 1091 sint,
1327 1023 1577 1095 quoniam
1605 1022 1765 1077 nimis
1791 1021 2006 1092 longum
2049 1027 2134 1075 est

538 1114 719 1168 omnia
750 1123 1096 1184 pertractare,
1120 1130 1237 1185 quce
1263 1115 1315 1168 in
1343 1115 1430 1170 illa
1461 1113 1616 1169 Libra
1650 1112 1862 1183 Dictinii
1890 1120 2015 1165 sunt
2039 1125 2133 1180 po-

540 1206 641 1260 sita
665 1205 811 1260 velut
854 1205 1109 1260 imitanda
1137 1206 1381 1275 exempla
1408 1204 1699 1260 mentiendi
1730 1222 1743 1257 :
1791 1202 1861 1257 ad
1889 1203 2025 1258 hanc
2046 1217 2131 1257 re-

540 1298 719 1368 gulam
750 1297 881 1352 mihi
907 1294 1153 1354 videntur
1190 1313 1298 1353 non
1320 1298 1494 1353 solum
1515 1296 1639 1362 ista,
1668 1312 1855 1351 verum
1898 1294 2057 1350 etiam
2086 1293 2131 1348 si

543 1405 649 1461 qua
680 1397 807 1444 sunt
835 1390 959 1443 talia
984 1390 1291 1460 redigenda,
1321 1398 1379 1444 ut
1415 1398 1506 1443 aut
1530 1388 1674 1459 quod
1704 1403 1824 1443 esse
1868 1386 2125 1452 creditur,

544 1480 857 1535 ostendatur
884 1496 989 1535 non
1006 1496 1124 1537 esse
1144 1479 1515 1546 mendacium;
1546 1480 1660 1535 sive
1691 1479 1779 1533 ubi
1803 1487 2006 1533 tacetur
2035 1492 2129 1532 ve-

542 1586 681 1636 rum,
712 1585 811 1626 nec
853 1570 1047 1626 dicitur
1092 1571 1280 1626 falsum
1312 1588 1326 1638 ;
1353 1571 1466 1626 sive
1497 1570 1587 1625 ubi
1622 1569 1937 1640 signiﬁcatio
1963 1583 2128 1622 verax

539 1661 686 1716 aliud
706 1677 772 1717 ex
798 1662 901 1717 alio
929 1663 1041 1716 vult
1062 1662 1300 1733 intelligi,
1320 1662 1461 1732 quod
1481 1675 1649 1731 genus
1678 1661 2021 1731 ﬁguratorum
2047 1657 2129 1712 vel

541 1752 805 1809 dictorum
828 1753 911 1807 vel
943 1752 1202 1808 factorum
1250 1752 1485 1807 abundat
1526 1753 1577 1806 in
1610 1751 1932 1821 propheticis
1962 1750 2129 1803 Litte-

546 1844 622 1899 ris
651 1862 662 1897 :
692 1854 785 1898 aut
803 1861 921 1914 qua:
946 1846 1333 1898 convincuntur
1352 1858 1473 1898 esse
1522 1842 1820 1904 mendacia,
1869 1856 1975 1895 non
2011 1854 2129 1894 esse

543 1934 799 1989 imitanda
830 1944 1214 2001 monstrentur,
1242 1944 1297 1990 et
1325 1937 1367 1988 si
1394 1949 1496 2004 qua
1527 1934 1681 1988 nobis
1700 1942 1757 1987 ut
1781 1933 1883 1987 alia
1914 1942 2129 2002 peccata

545 2025 932 2094 subrepserint,
966 2041 1071 2078 non
1093 2026 1172 2080 eis
1207 2025 1540 2079 tribuendam
1564 2024 1850 2094 justitiam,
1891 2024 1986 2078 sed
2036 2038 2129 2077 ve-

541 2115 683 2169 niam
710 2116 1100 2184 postulandam.
1152 2115 1266 2169 Hoc
1303 2117 1518 2185 quidem
1550 2117 1679 2169 mihi
1716 2114 2037 2178 videtur;et
2061 2112 2127 2167 ad

538 2208 694 2262 istam
712 2208 971 2262 sententia
981 2224 1029 2260 m
1054 2223 1137 2262 me
1154 2208 1400 2276 superius
1430 2207 1695 2276 disputata
1713 2208 2059 2276 compellunt.

610 2300 833 2355 CAPUT
875 2300 1059 2354 XVIII.
1092 2300 1269 2355 —56.
1300 2300 1379 2353 An
1407 2301 1743 2354 mentiendum
1787 2310 1840 2353 ut
1868 2315 2005 2370 αις]νο
2048 2315 2131 2353 ce-

538 2393 689 2458 letur,
712 2392 845 2459 quod
868 2395 915 2445 ei
936 2401 1143 2445 mortem
1170 2389 1393 2458 a/ferret.
1424 2390 1546 2445 Non
1574 2392 1848 2445 timendum
1872 2408 1934 2445 ne
1960 2392 2127 2445 homi-

536 2485 653 2537 cida
700 2485 898 2536 dicatur
926 2484 1126 2535 veritas.
1180 2481 1437 2536 Permissa
1468 2482 1729 2535 mendacio
1777 2482 1829 2535 in
1861 2482 2117 2552 proposito

536 2592 679 2641 casu,
707 2592 859 2643 quam
901 2574 1099 2645 diﬂicite
1125 2574 1398 2627 mendaciis
1433 2574 1560 2642 ﬁnes
1587 2576 1813 2644 ﬁguntur
1850 2590 1912 2626 ne
1934 2588 2131 2626 succre-

536 2677 679 2721 scant
722 2681 875 2736 usque
916 2667 982 2719 ad
1009 2666 1233 2737 perjuria
1267 2676 1315 2719 et
1362 2666 1719 2737 blasphemias.
1750 2666 1908 2718 Acute
1952 2675 2129 2719 contra

538 2758 787 2811 mendacii
816 2758 1066 2812 doctores.
1109 2758 1302 2813 Verum
1356 2759 1476 2826 quia
1526 2758 1771 2812 homines
1824 2771 2029 2823 sumus,
2074 2768 2130 2814 et

538 2852 679 2905 inter
721 2852 964 2906 homines
1001 2852 1248 2915 vivimus,
1282 2851 1554 2921 fateorque
1607 2866 1691 2905 me
1738 2850 1975 2904 nondum
2006 2866 2129 2906 esse

539 2944 591 2997 in
619 2959 803 2998 eorum
823 2959 1045 2997 numero
1066 2957 1200 3013 quos
1216 2943 1613 3012 compensativa
1634 2951 1848 3011 peccata
1867 2957 1979 2995 non
2010 2949 2125 2995 tur-

540 3033 667 3088 bant
695 3050 709 3099 ;
742 3049 886 3103 saepe
911 3048 998 3088 me
1020 3034 1072 3087 in
1100 3034 1260 3087 rebus
1280 3032 1526 3087 humanis
1541 3033 1703 3086 vincit
1727 3046 1918 3087 sensus
1940 3032 2125 3087 huma-

445 3162 462 3176 .
540 3141 665 3192 nus,
696 3140 794 3179 nec
824 3126 1075 3179 resistere
1098 3125 1252 3179 valeo
1277 3140 1399 3179 cum
1421 3125 1549 3178 mihi
1575 3124 1771 3179 dicitur
1794 3143 1809 3181 :
1834 3125 1975 3181 Ecce
1997 3142 2127 3199 gra-

540 3218 590 3270 vi
619 3218 807 3272 morbo
850 3217 1182 3286 periclitatur
1215 3225 1466 3287 aegrotus,
1495 3217 1648 3287 cujus
1677 3217 1787 3287 jam
1815 3219 1962 3274 vires
1980 3221 2121 3276 terre

542 3325 648 3361 non
678 3309 901 3378 possint,
920 3310 963 3363 si
989 3309 1038 3363 ei
1066 3318 1308 3362 mortuus
1329 3310 1520 3363 unicus
1542 3318 1597 3364 et
1619 3310 1963 3366 charissimus
1992 3313 2131 3367 ﬁlius

540 3403 849 3467 nuntietur;
881 3417 910 3456 a
951 3411 1003 3456 te
1030 3403 1219 3472 quzerit
1258 3417 1325 3456 an
1358 3403 1520 3468 vivat,
1551 3417 1711 3471 quem
1758 3402 1917 3457 vitam
1947 3403 2129 3458 ﬁnisse

538 3502 597 3547 tu
630 3494 960 3563 nosti;quid
1009 3494 1379 3563 respondebis,
1423 3495 1635 3564 quando
1686 3495 1945 3565 quidquid
1988 3496 2131 3551 aliud

536 3586 744 3641 dixeris
780 3596 973 3656 praeter
1016 3602 1179 3641 unum
1228 3586 1295 3641 de
1326 3586 1531 3653 tribus;
1561 3594 1674 3653 aut,
1722 3587 1961 3642 Mortuus
2012 3597 2127 3654 est;

538 3690 653 3742 aut,
684 3680 849 3746 vivit;
876 3688 987 3743 aut,
1047 3679 1266 3745 nescio;
1296 3680 1429 3734 nihil
1473 3679 1615 3735 aliud
1641 3679 1813 3735 credit
1856 3680 1947 3735 ille
1973 3696 2131 3751 quam

540 3770 1013 3841 mortuum;quod
1058 3779 1111 3827 te
1146 3750 1391 3841 intelligit
1425 3771 1615 3826 timere
1661 3771 1866 3838 dicere,
1890 3782 1943 3826 et
1988 3750 2132 3827 nolle

540 3864 794 3918 nientiri?
817 3864 1171 3918 Tantumdem
1197 3864 1357 3930 valet,
1409 3864 1617 3918 etiamsi
1656 3864 1802 3917 omni
1852 3863 2012 3918 modo
2045 3874 2128 3917 ta-

538 3956 734 4011 cueris.
768 3954 846 4009 Ex
869 3955 971 4011 illis
998 3965 1173 4010 autem
1206 3956 1375 4011 tribus
1400 3956 1503 4011 duo
1531 3955 1818 4023 falsasunt,
1846 3956 2024 4022 Vivit;
2055 3966 2129 4024 et,

540 4049 756 4113 nescio;
785 4062 885 4102 nec
911 4048 1005 4102 abs
1027 4056 1081 4103 te
1109 4047 1215 4102 dici
1258 4057 1483 4117 possunt
1513 4048 1615 4102 nisi
1640 4048 1970 4103 mentiendo.
1996 4048 2131 4104 Illud

538 4149 715 4193 autem
745 4154 908 4193 unum
936 4155 1143 4205 verum,
1164 4138 1216 4193 id
1244 4148 1348 4207 est,
1368 4149 1639 4194 mortuum
1663 4154 1807 4207 esse,
1828 4141 1873 4194 si
1905 4140 2122 4210 dixeris,

540 4238 596 4283 et
618 4229 915 4298 perturbati
952 4231 1183 4285 hominis
1228 4245 1375 4285 mors
1401 4230 1562 4285 fuerit
1612 4232 1921 4299 subsecuta,
1949 4234 2046 4289 abs
2074 4244 2127 4290 te

539 4320 751 4374 occisus
780 4334 899 4375 esse
943 4322 1275 4375 clamabitur.
1307 4322 1370 4375 Et
1399 4322 1518 4391 quis
1536 4321 1669 4376 ferat
1696 4323 1941 4377 homines
1963 4340 2129 4395 exag-

536 4420 789 4483 gerantes
806 4420 1061 4480 quantum
1083 4412 1153 4465 sit
1169 4412 1294 4465 mali
1321 4412 1535 4466 salubre
1562 4412 1896 4466 mendacium
1923 4413 2128 4469 devita-

539 4503 607 4567 ri,
636 4512 689 4557 et
714 4502 1034 4556 homicidam
1074 4503 1219 4573 diligi
1256 4504 1532 4557 veritatem
1560 4504 1582 4555 ?
1610 4502 1827 4558 Moveor
1854 4504 1936 4558 his
1966 4521 2131 4576 oppo-

536 4594 658 4655 sitis
685 4594 1053 4661 vehementer,
1083 4596 1178 4649 sed
1197 4594 1389 4649 mirum
1420 4595 1464 4648 si
1496 4595 1656 4649 etiam
1676 4596 1963 4665 sapienter.
1990 4598 2125 4654 Cum

535 4688 682 4745 enim
726 4700 1056 4755 proposuero
1100 4697 1225 4740 ante
1252 4687 1669 4756 qualescumque
1716 4690 1901 4745 oculos
1951 4692 2129 4748 cordis

535 4778 641 4835 mei
671 4778 1055 4849 intelligibilem
1087 4779 1225 4833 illius
1256 4779 1721 4847 pulchritudinem,
1750 4782 1818 4838 de
1842 4783 1994 4852 cujus
2022 4800 2117 4840 ore

534 4871 656 4931 falsi
684 4871 814 4925 nihil
861 4870 1102 4941 procedit
1129 4887 1143 4935 ;
1173 4872 1414 4941 quamvis
1442 4872 1529 4926 ubi
1557 4872 1768 4929 radians
1799 4876 1968 4944 magis
2007 4889 2126 4929 ma.

534 4964 723 5034 gisque
751 4963 999 5019 clarescit
1048 4962 1270 5029 veritas,
1322 4963 1392 5018 ibi
1447 4963 1709 5033 palpitans
1769 4981 1889 5020 mea
1938 4982 2128 5022 rever-

535 5054 754 5111 beratur
795 5054 1119 5109 inﬁrmitas:
1150 5063 1326 5109 tamen
1382 5056 1458 5108 sic
1512 5070 1695 5109 amore
1739 5058 1867 5110 tanti
1919 5057 2129 5114 decoris

535 5147 824 5214 necendor,
848 5156 904 5201 ut
919 5158 1105 5203 cuncta
1120 5164 1238 5217 quae
1256 5147 1377 5201 inde
1391 5164 1476 5202 me
1491 5160 1737 5202 revocant
1752 5149 1980 5205 humana
2002 5167 2127 5207 con-

537 5244 791 5293 temnam.
815 5238 920 5293 Sed
943 5242 1165 5293 multum
1192 5248 1275 5295 est
1300 5250 1356 5293 ut
1404 5241 1503 5294 iste
1530 5241 1582 5294 in
1629 5250 1833 5295 tantum
1864 5259 2123 5312 perseve-

540 5336 624 5381 ret
648 5326 887 5395 affectus,
916 5346 985 5385 ne
1034 5333 1084 5385 in
1116 5333 1408 5387 tentatione
1436 5332 1578 5386 desit
1629 5332 1870 5388 eﬁ'ectus.
1902 5334 2012 5389 Nec
2037 5351 2125 5390 me

537 5426 719 5472 movet
759 5423 1206 5489 contemplantem
1258 5424 1577 5479 luminas-um
1624 5426 1821 5480 bonum
1848 5468 1863 5491 ,
1929 5428 1981 5481 in
2020 5444 2126 5497 quo

538 5508 805 5564 mendacii
856 5514 1091 5567 tenebrae
1133 5517 1291 5570 nullae
1342 5528 1485 5584 sunt,
1527 5520 1668 5588 quod
1717 5521 1869 5575 nobis
1917 5524 2127 5579 mentiri

539 5600 845 5657 nolentibus
872 5613 926 5658 et
954 5605 1259 5661 hominibus
1285 5624 1416 5663 vero
1445 5612 1627 5665 audito
1656 5614 2004 5670 morientibus
2031 5616 2128 5670 ho-

540 5696 738 5753 micida
789 5697 984 5753 dicitur
1034 5700 1251 5753 veritas.
1301 5702 1562 5771 Numquid
1606 5708 1748 5762 enim
1778 5710 1822 5763 si
1878 5718 2123 5780 stuprum

540 5797 759 5860 expetat
785 5790 1070 5861 impudica,
1094 5801 1149 5846 et
1176 5800 1228 5845 te
1256 5808 1358 5845 non
1387 5800 1771 5865 consentiente,
1799 5817 1942 5857 saavo
1968 5819 2125 5857 amo-

541 5900 602 5949 re
629 5884 935 5958 perturbata
983 5884 1261 5950 moriatur,
1320 5885 1579 5943 homicida
1609 5891 1708 5944 erit
1763 5902 1815 5948 et
1864 5896 2129 5950 castitas?

1599 446 1869 503 CONTRA
1908 438 2330 506 MENDACIUM,
2372 439 2429 496 S.
2462 439 2826 497 AUGUSTINI

3732 448 3835 503 544

2242 556 2325 609 An
2352 571 2478 611 vero
2520 557 2642 627 quia
2690 557 2934 628 legimus,
2964 557 3149 612 Christi
3206 557 3364 611 bonus
3392 558 3521 613 odor
3554 574 3731 615 sumus
3774 562 3828 615 in

2240 647 2375 700 omni
2401 648 2530 712 loco,
2555 658 2602 702 et
2628 649 2681 703 in
2710 650 2771 702 iis
2798 651 2883 719 qui
2911 651 3036 704 salvi
3066 652 3215 721 ﬁunt,
3234 662 3280 705 et
3305 652 3358 705 in
3382 652 3444 707 iis
3471 653 3557 723 qui
3577 664 3788 724 pereunt
3813 673 3832 721 ;

2239 740 2355 794 aliis
2379 742 2581 808 quidem
2609 742 2738 795 odor
2759 744 2871 796 vita:
2897 744 2950 796 in
2970 744 3144 810 vitam,
3177 745 3291 799 aliis
3312 754 3479 800 autem
3500 747 3629 800 odor
3650 750 3829 802 mortis

2238 831 2291 885 in
2310 843 2519 886 mortem
2546 850 2564 897 ;
2603 835 2763 889 etiam
2780 834 2999 889 odorem
3020 835 3214 891 Christi
3245 838 3705 906 pronuntiabimus
3725 838 3828 894 ho-

2238 922 2523 977 micidam?
2546 923 2649 979 Sed
2672 926 2794 994 quia
2826 924 3068 979 homines
3095 941 3300 991 sumus,
3330 936 3385 982 et
3428 942 3526 982 nos
3555 929 3608 982 in
3636 929 3828 1000 hujus-

2238 1014 2386 1067 modi
2430 1016 2814 1085 quaestionibus
2844 1025 2899 1072 et
2947 1018 3462 1075 contradictionibus
3505 1021 3825 1092 plerumque

2237 1116 2452 1175 superat
2477 1115 2568 1162 aut
2595 1107 2776 1179 fatigat
2815 1124 3006 1164 sensus
3032 1109 3317 1175 humanus,
3349 1112 3470 1167 ideo
3498 1129 3624 1169 mox
3651 1122 3711 1170 et
3734 1115 3826 1171 ille

2237 1196 2479 1266 subjecit,
2505 1196 2573 1250 Et
2594 1198 2661 1251 ad
2685 1201 2793 1253 hac
2818 1199 2930 1270 quis
2958 1200 3169 1255 idoneus
3191 1201 3257 1271 (II
3283 1200 3400 1257 Cor.
3434 1218 3492 1268 tt,
3520 1204 3589 1260 15
3614 1214 3663 1259 ct
3692 1206 3830 1275 16)?

2310 1289 2395 1341 37.
2427 1288 2541 1342 Huc
2586 1290 2811 1356 accedit,
2842 1291 2931 1345 ubi
2982 1292 3339 1348 miserabilius
3375 1294 3685 1365 ejulandum
3716 1307 3820 1365 est,

2236 1379 2377 1450 quod
2408 1380 2453 1434 si
2480 1384 2902 1437 concesserimus
2948 1398 3043 1453 pro
3074 1384 3245 1440 salute
3273 1385 3415 1440 illius
3439 1388 3567 1457 aegri
3610 1386 3680 1442 de
3712 1389 3823 1445 vita

2237 1471 2329 1525 ﬁlii
2343 1473 2458 1542 ejus
2474 1472 2636 1529 fuisse
2650 1475 3034 1543 mentiendum,
3051 1477 3121 1531 ita
3145 1478 3394 1547 paulatim
3416 1480 3826 1551 minutatimquo

2236 1563 2528 1618 succrescit
2553 1564 2656 1620 hoc
2678 1566 2899 1633 malum,
2923 1574 2981 1623 et
3004 1568 3254 1625 brevibus
3278 1571 3581 1633 accessibus
3608 1573 3675 1626 ad
3704 1581 3824 1627 tan.

2237 1661 2346 1708 tum
2362 1669 2607 1711 acervum
2624 1658 3022 1714 mendaciorum
3039 1660 3418 1716 sceleratorum
3436 1664 3633 1718 sensim
3648 1665 3821 1720 subire

2236 1746 2424 1802 trando
2444 1748 2769 1818 perducitur,
2788 1758 2847 1805 ut
2862 1767 3127 1821 nunquam
3142 1755 3311 1823 possit
3332 1756 3538 1824 penitus
3562 1757 3789 1812 inveniri
3804 1795 3821 1822 ,

2235 1840 2323 1894 ubi
2371 1850 2531 1896 tanta:
2591 1844 2729 1912 pesti
2780 1859 2875 1913 per
2921 1845 3140 1900 minima
3210 1846 3568 1902 additamenta
3620 1849 3672 1903 in
3718 1850 3819 1904 imo

2234 1946 2478 1986 mensum
2525 1935 2914 1991 convalescenti
2966 1938 3135 2007 possit
3178 1939 3385 1993 obsisti.
3436 1939 3587 1996 Unde
3638 1943 3822 2012 provi-

2234 2021 2543 2078 dentissime
2592 2026 2845 2095 scriptum
2892 2038 3011 2081 est:
3043 2028 3141 2093 Qui
3161 2030 3357 2082 modica
3385 2031 3597 2100 spernit,
3630 2032 3821 2101 pauta-

2236 2114 2325 2165 tim
2376 2114 2559 2167 decidit
2586 2114 2789 2184 (Eccli.
2821 2119 2982 2184 xux,l
3018 2122 3056 2188 ).
3103 2118 3275 2187 Quid,
3326 2120 3467 2191 quod
3494 2122 3616 2175 vita:
3661 2121 3818 2191 hujus

2235 2205 2364 2259 tales
2380 2214 2667 2273 amatores,
2693 2216 2749 2261 ut
2778 2222 2894 2262 eam
2928 2224 3033 2263 non
3063 2210 3307 2266 dubitent
3336 2228 3646 2282 praeponere
3673 2216 3816 2269 veri-

2234 2297 2433 2364 tati,ne
2454 2298 2613 2352 homo
2635 2300 2912 2367 moriatur,
2958 2301 3065 2355 imo
3091 2312 3149 2355 ut
3170 2302 3329 2358 homo
3356 2304 3675 2375 quandoque
3708 2321 3823 2360 mo-

2233 2392 2432 2444 riturus
2484 2392 2755 2462 aliquanto
2775 2394 2947 2447 serius
2991 2396 3268 2461 moriatur,
3300 2410 3404 2449 non
3433 2406 3634 2450 tantum
3663 2414 3820 2451 men-

2237 2484 2342 2547 tiri,
2376 2482 2470 2538 sed
2500 2484 2659 2537 etiam
2689 2485 2930 2553 pejerare
2978 2500 3075 2539 nos
3102 2486 3324 2552 volunt;
3368 2495 3427 2541 ut
3478 2488 3729 2543 videlicet
3756 2506 3825 2545 ne

2233 2575 2505 2646 aliquanto
2531 2577 2689 2631 citius
2718 2586 2952 2631 transeat
2997 2594 3130 2632 vana
3160 2580 3302 2634 salus
3342 2580 3591 2646 hominis,
3622 2597 3823 2640 nomen

2234 2664 2443 2719 Domini
2474 2667 2569 2720 Dei
2608 2669 2775 2722 nostri
2804 2669 3127 2738 accipiamus
3168 2670 3221 2724 in
3263 2671 3500 2726 vanum?
3530 2672 3596 2725 Et
3616 2682 3745 2726 sunt
3771 2674 3822 2728 in

2233 2758 2311 2812 eis
2350 2758 2513 2825 docti,
2544 2758 2634 2829 qui
2676 2762 2835 2813 etiam
2873 2762 3082 2831 regulas
3126 2763 3286 2831 ligant
3327 2764 3565 2832 ﬁnesque
3615 2766 3822 2819 consti-

2234 2857 2402 2915 tuant,
2427 2850 2640 2921 quando
2667 2851 2879 2918 debeat,
2912 2854 3123 2922 quando
3153 2855 3463 2908 nondebeat
3490 2859 3739 2925 pejerari.
3779 2859 3827 2913 0

2233 2940 2322 2994 ubi
2340 2943 2490 3006 estis,
2515 2940 2689 2996 fontes
2710 2942 3064 3013 Iacrymarum
3090 2945 3113 2999 ?
3140 2944 3208 2997 Et
3236 2945 3361 3015 quid
3390 2944 3646 3001 faciemus
3670 2947 3695 3000 ?
3717 2963 3825 3017 quo

2234 3031 2470 3086 ibimus?
2500 3033 2587 3087 ubi
2612 3050 2711 3087 nos
2732 3034 3118 3089 occultabimus
3138 3036 3204 3090 ab
3232 3036 3307 3089 ira
3334 3036 3592 3103 veritatis,
3636 3040 3683 3092 si
3714 3055 3821 3094 non

2233 3123 2407 3179 solum
2435 3125 2750 3196 negligimus
2786 3140 2977 3180 cavere
3005 3126 3301 3190 mendacia,
3334 3128 3428 3182 sed
3452 3128 3712 3184 audemus
3746 3131 3822 3183 in-

2236 3228 2397 3285 super
2440 3214 2632 3270 decere
2661 3216 2932 3286 perjuria?
2964 3216 3205 3271 Viderint
3230 3218 3373 3271 enim
3402 3227 3708 3274 assertores
3730 3219 3824 3274 deo

2235 3306 2578 3377 I'ensoresque
2624 3308 2884 3362 mendacii
2910 3308 3063 3378 quale
3090 3324 3258 3378 genus
3288 3310 3367 3363 vel
3404 3311 3579 3379 qualia
3624 3326 3826 3380 genera

2234 3398 2526 3453 mentiendi
2553 3413 2645 3453 eos
2662 3399 2953 3468 justiﬁcare
2972 3399 3237 3455 delectet:
3270 3402 3457 3455 saltem
3501 3402 3553 3455 in
3585 3402 3678 3455 Dei
3705 3404 3823 3457 cul-

2236 3496 2293 3542 tu
2335 3488 2630 3542 concedant
2673 3504 2781 3543 non
2809 3504 2929 3543 esse
2958 3490 3320 3543 mentiendum
3350 3506 3364 3556 ;
3392 3492 3584 3545 saltem
3632 3507 3755 3546 sese
3784 3508 3818 3545 a

2238 3578 2483 3649 perjuriis
2505 3579 2955 3649 blasphemiisque
2991 3580 3301 3635 contineant
3330 3595 3345 3645 ;
3393 3581 3582 3633 saltem
3610 3581 3700 3635 ubi
3726 3581 3829 3636 Dei

2237 3686 2453 3737 nomen,
2477 3670 2565 3724 ubi
2591 3671 2731 3725 Deus
2776 3672 2947 3737 testis,
2978 3671 3067 3725 ubi
3111 3671 3202 3726 Dei
3229 3678 3623 3726 sacramentum
3652 3670 3820 3726 inter-

2238 3764 2471 3832 ponitur,
2503 3763 2591 3817 ubi
2607 3763 2674 3817 de
2694 3764 2875 3817 divina
2899 3764 3154 3834 religione
3194 3778 3374 3819 sermo
3417 3765 3682 3834 promitur
3705 3765 3825 3821 sive

2236 3854 2559 3920 conseritur,
2584 3870 2743 3908 nemo
2787 3856 3094 3919 mentiatur,
3121 3871 3279 3909 nemo
3306 3854 3507 3922 laudet,
3531 3871 3693 3910 nemo
3713 3855 3819 3909 do-

2237 3956 2356 4000 ceat
2385 3955 2439 4000 et
2485 3946 2777 4014 prmeipiat,
2825 3960 2983 3999 nemo
3026 3947 3228 4015 justum
3258 3946 3402 4000 dicat
3428 3961 3549 4001 esse
3597 3948 3825 4001 menda-

2237 4040 2377 4092 cium
2413 4055 2426 4091 :
2466 4037 2533 4091 de
2555 4038 2761 4091 caeteris
2782 4037 3179 4092 mendaciorum
3219 4038 3506 4108 generibus
3533 4038 3698 4108 eligat
3721 4039 3828 4096 sibi

2236 4130 2377 4201 quod
2406 4139 2557 4201 putat
2600 4146 2720 4185 esse
2749 4131 3087 4185 mitissimum
3130 4141 3290 4202 atque
3326 4131 3825 4185 innocentissimum

2238 4223 2530 4279 mentiendi
2550 4239 2738 4293 genus,
2790 4226 2875 4279 cui
2922 4226 3095 4294 placet
3120 4241 3239 4279 esse
3285 4226 3677 4280 mentiendum.
3711 4226 3826 4281 Hoc

2237 4318 2369 4379 scio,
2398 4315 2539 4385 quod
2567 4316 2729 4369 etiam
2776 4316 2865 4385 qui
2892 4316 3048 4370 docet
3091 4324 3343 4386 oportere
3370 4317 3605 4384 mentiri,
3640 4332 3827 4372 verum

2236 4409 2429 4463 ducere
2453 4423 2512 4462 se
2555 4409 2667 4461 vult
2696 4408 2881 4463 videri.
2910 4408 3041 4462 Nam
3075 4410 3117 4462 si
3146 4408 3339 4463 falsum
3360 4418 3442 4464 est
3470 4410 3616 4479 quod
3640 4410 3822 4475 docet,

2236 4503 2353 4571 quis
2377 4502 2518 4555 falsa:
2544 4502 2673 4555 velit
2710 4501 2926 4557 studere
2952 4500 3230 4568 doctrinas,
3255 4502 3345 4557 ubi
3372 4510 3427 4557 et
3447 4504 3577 4557 fallit
3594 4504 3821 4572 docens,

2235 4605 2288 4649 et
2310 4596 2506 4649 fallitur
2537 4594 2786 4650 discens?
2812 4596 2866 4650 Si
2896 4606 3074 4651 autem
3116 4607 3173 4651 ut
3200 4597 3433 4668 aliquem
3474 4600 3646 4668 possit
3669 4600 3822 4653 inve-

2236 4691 2349 4744 nire
2374 4688 2713 4758 discipulum,
2763 4688 2956 4745 docere
2999 4705 3058 4746 se
3100 4691 3295 4747 asserit
3321 4706 3529 4757 verum,
3559 4708 3683 4746 cum
3711 4694 3815 4746 do-

2234 4790 2354 4834 ceat
2394 4796 2512 4835 esse
2560 4782 2961 4849 mentiendum;
2998 4784 3267 4853 quomodo
3299 4786 3399 4840 erit
3438 4786 3565 4839 illud
3584 4802 3651 4840 ex
3677 4788 3821 4841 veri-

2236 4885 2341 4930 tate
2368 4875 2719 4942 mendacium,
2749 4876 2953 4931 Joanne
2983 4878 3236 4946 Apostolo
3284 4879 3632 4941 reclamante,
3662 4878 3826 4934 Omne

2235 4967 2551 5020 mendacium
2575 4984 2675 5020 non
2696 4978 2845 5021 estex
2864 4968 3067 5021 veritate
3089 4970 3127 5038 (I
3158 4967 3315 5022 Joan.
3342 4984 3400 5031 ll,
3429 4969 3520 5040 21)
3542 4971 3565 5023 ‘?
3590 4970 3708 5025 Non
3732 4982 3816 5026 est

2233 5073 2360 5128 ergo
2384 5074 2593 5124 verum,
2639 5059 2923 5129 aliquando
2972 5075 3093 5115 esse
3147 5061 3510 5116 mentiendum
3544 5080 3558 5117 :
3590 5072 3645 5118 et
3675 5065 3825 5134 quod

2233 5167 2341 5205 non
2376 5160 2457 5206 est
2474 5166 2677 5217 verum,
2705 5152 2903 5206 nemini
2932 5162 3015 5206 est
3040 5152 3261 5207 omnino
3288 5152 3645 5209 suadendum.

2303 5243 2528 5299 CAPUT
2567 5244 2710 5299 XIX.
2735 5275 2810 5285 -——
2834 5246 2920 5299 58.
2968 5245 3036 5300 Ut
3080 5247 3381 5315 periclitanti
3410 5247 3739 5302 subveniatur
3777 5254 3827 5305 si

2233 5352 2335 5389 non
2376 5337 2789 5389 committendum
2812 5347 3059 5407 stuprum,
3084 5338 3156 5391 ita
3168 5353 3257 5391 nec
3278 5339 3583 5408 loquendum
3611 5345 3825 5397 menda-

2233 5428 2384 5480 cium.
2414 5426 2474 5481 Si
2499 5428 2669 5498 aliqua
2691 5429 2840 5482 modo
2866 5430 3222 5499 permittuntur
3266 5432 3547 5497 mendacia,
3596 5444 3823 5489 metuen-

2234 5520 2353 5572 dum
2374 5536 2435 5573 ne
2455 5536 2609 5589 usque
2630 5519 2696 5571 ad
2724 5522 2951 5592 perjuria
2974 5532 3018 5575 et
3039 5521 3381 5591 blasphemia:
3397 5528 3813 5594 progrediantur,

2235 5611 2477 5682 Pejerare
2500 5622 2546 5665 et
2569 5613 2913 5683 blaspheme"
2940 5630 3045 5683 qua
3071 5615 3269 5668 ratione
3290 5614 3555 5681 di/ferant.
3585 5618 3692 5673 Sed
3716 5633 3823 5690 ag.t

2234 5714 2413 5773 partes
2437 5718 2559 5758 suas
2581 5704 2871 5760 inﬁrmitas.
2905 5714 3187 5760 etcauSam
3207 5706 3568 5764 invincibilem
3592 5707 3823 5765 faventi-

2237 5798 2335 5853 bus
2360 5798 2528 5852 turbis
2553 5813 2614 5853 se
2653 5799 2853 5853 habere
2902 5808 3215 5867 proclamat.
3272 5800 3368 5857 Ubi
3397 5804 3742 5867 contradicit,
3767 5816 3821 5863 et

2238 5893 2400 5948 dicit:
2428 5892 2705 5961 Quomodo
2754 5893 2896 5966 apud
2938 5895 3208 5967 homines,
3236 5898 3325 5969 qui
3358 5900 3739 5969 proculdubio
3779 5902 3825 5959 si
