4078 6514
208 470 309 529 545

204 608 481 669 falluntur,
517 612 832 657 avertuntur
867 617 898 655 a
929 617 1163 672 permete
1202 601 1286 657 vel
1336 602 1511 658 aliena
1559 603 1642 657 vel
1673 616 1792 668 sua,

203 696 631 772 periclitantibus
671 694 983 751 subvenitur
1019 693 1348 763 hominibus,
1399 696 1443 750 si
1475 710 1573 749 nos
1606 694 1798 748 huma-

204 806 300 846 nus
320 788 389 844 ad
415 786 783 843 mentiendum
823 801 928 840 non
963 786 1182 842 inclinet
1199 787 1460 842 affectus?
1505 785 1563 842 Si
1589 794 1799 856 patien-

206 893 285 939 ter
313 896 402 937 me
442 880 627 936 audiat
665 879 817 935 turba
848 878 1206 943 mortalitatis,
1241 879 1394 934 turba
1441 877 1800 946 infirmitatis,

204 974 542 1045 respondebo
589 972 789 1044 aliquid
816 987 916 1044 pro
964 971 1176 1042 negotio
1199 971 1458 1026 veritatis.
1485 970 1645 1026 Certe
1690 971 1800 1041 pia,

207 1085 365 1134 vera,
430 1077 617 1123 saneta
661 1067 877 1121 castitas
932 1079 1036 1119 non
1068 1065 1172 1119 nisi
1215 1079 1282 1119 ex
1309 1064 1535 1119 veritate
1562 1074 1692 1118 est:
1747 1072 1805 1119 et

204 1161 452 1232 quisquis
496 1159 756 1215 adversus
784 1173 901 1212 eam
949 1158 1092 1223 facit,
1115 1155 1353 1227 profecto
1376 1156 1636 1211 adversus
1662 1155 1804 1209 veri-

208 1261 368 1307 tatem
400 1250 548 1305 facit.
575 1250 685 1305 Cur
723 1263 851 1319 ergo
873 1256 926 1303 ct
954 1236 998 1302 si
1031 1262 1136 1301 non
1182 1248 1349 1317 possit
1392 1247 1547 1302 aliter
1590 1245 1802 1315 pericli-

206 1344 441 1397 tantibus
461 1341 759 1406 subveniri,
787 1356 889 1395 non
919 1339 1195 1394 committo
1211 1349 1476 1408 stuprum,
1506 1337 1648 1407 quod
1672 1337 1796 1391 ideo

207 1444 286 1490 est
313 1434 646 1489 contrarium
671 1431 900 1495 veritati,
928 1430 1048 1501 quia
1071 1430 1397 1485 contrarium
1421 1437 1503 1484 est
1522 1428 1754 1484 castitati
1784 1444 1799 1492 ;

208 1535 333 1582 etut
367 1524 799 1595 periclitantibus
827 1523 1189 1587 subveniatur,
1225 1523 1414 1592 loquor
1440 1520 1798 1584 mendacium,

210 1617 349 1689 quod
377 1617 483 1689 ipsi
531 1615 868 1687 apertissime
894 1623 978 1670 est
1021 1614 1344 1669 contrarium
1373 1612 1624 1668 veritati?
1665 1612 1801 1679 Quid

210 1724 305 1766 nos
334 1719 543 1764 tantum
574 1707 868 1779 promeruit
893 1706 909 1737 ί
936 1705 1172 1771 castitas,
1220 1713 1274 1760 et
1301 1704 1529 1760 offendit
1558 1702 1802 1759 veritas?

211 1817 330 1857 cum
349 1801 528 1855 omnis
540 1816 607 1854 ex
636 1799 855 1853 veritate
876 1798 944 1851 sit
963 1802 1200 1858 castitas,
1232 1805 1286 1851 et
1310 1798 1379 1850 sit
1404 1810 1511 1850 non
1536 1796 1799 1865 corporis,

215 1894 306 1949 sed
352 1893 553 1948 mentis
598 1891 815 1945 castitas
852 1890 1068 1951 veritas,
1097 1897 1257 1957 atque
1303 1886 1355 1941 in
1401 1898 1579 1943 mente
1605 1887 1805 1942 habitet

213 1986 368 2038 etiam
397 1983 644 2053 corporis
681 1981 963 2057 castitas'.
998 1980 1297 2043 Postremo,
1360 1979 1501 2049 quod
1553 1989 1609 2034 et
1650 1982 1805 2048 paulo

211 2085 332 2131 ante
350 2075 463 2130 dixi
485 2084 540 2129 et
567 2074 762 2129 iterum
807 2072 951 2136 dico,
993 2071 1233 2143 quisquis
1263 2072 1394 2127 mihi
1444 2088 1539 2141 pro
1583 2087 1806 2141 persua-

212 2166 388 2224 dendo
410 2175 464 2222 et
489 2165 827 2222 defendendo
863 2165 971 2220 ullo
1012 2158 1290 2219 mendacio
1312 2164 1650 2228 contradicit,
1679 2165 1805 2234 quid

212 2262 356 2328 dicit,
387 2262 434 2314 si
460 2275 646 2315 verum
664 2274 769 2313 non
811 2258 976 2312 dicit?
1002 2257 1057 2313 Si
1088 2266 1264 2313 autent
1295 2266 1575 2327 prepterea
1603 2266 1683 2311 est
1713 2273 1807 2311 au-

210 2352 438 2408 diendus
467 2354 722 2422 quoniam
746 2367 927 2404 verum
970 2349 1117 2415 dicit,
1146 2350 1413 2419 quomodo
1443 2364 1529 2403 me
1572 2350 1685 2403 vult
1724 2348 1806 2403 fa-

210 2458 332 2499 cere
362 2458 551 2496 verum
598 2441 825 2496 dicendo
878 2440 1230 2495 mendaeem?
1272 2438 1550 2506 Quomodo
1590 2438 1809 2493 menda-

209 2535 346 2591 cium
381 2544 659 2604 patronam
683 2533 783 2589 sibi
823 2531 1043 2586 adhibet
1070 2532 1348 2586 veritatem
1376 2531 1398 2583 ?
1429 2532 1508 2584 An
1558 2530 1808 2585 adversa-

209 2627 287 2681 rio
313 2643 415 2681 suo
461 2627 647 2693 vincit,
674 2634 789 2681 uta
828 2640 887 2679 se
936 2622 1048 2693 ipsa
1094 2623 1337 2677 vincatur
1366 2620 1438 2675 '?
1486 2621 1618 2689 Quis
1670 2621 1808 2678 hanc

208 2718 593 2773 absurditatem
623 2716 804 2771 ferat?
866 2715 1021 2770 Nullo
1042 2729 1168 2784 ergo
1191 2713 1350 2767 modo
1379 2714 1688 2778 dixerimus,
1713 2728 1809 2769 eos

207 2810 294 2879 qui
314 2816 568 2864 asserunt
608 2807 895 2879 aliquando
920 2821 1041 2862 esse
1063 2805 1452 2869 mentiendum,
1478 2806 1529 2859 id
1554 2821 1806 2861 asseren-

206 2899 277 2955 do
315 2914 437 2955 esse
483 2913 742 2963 veraces;
795 2914 880 2965 ne,
933 2897 1075 2968 quod
1120 2905 1204 2952 est
1249 2896 1692 2951 absurdissimum
1753 2905 1809 2952 ct

208 2990 582 3045 stultissimum
610 2989 854 3056 credere,
900 2989 1096 3045 veritas
1117 3002 1215 3042 nos
1265 2987 1455 3042 doceat
1493 3001 1615 3043 esse
1643 3002 1802 3042 men-

207 3079 382 3136 daces.
415 3080 586 3151 Quale
619 3090 700 3136 est
729 3080 894 3146 enim,
932 3086 990 3134 ut
1039 3093 1161 3135 esse
1207 3077 1618 3132 adulterandum
1647 3093 1806 3133 nemo

206 3172 430 3227 discata
465 3173 735 3235 castitate,
792 3171 959 3227 Deum
1006 3170 1387 3225 offendendum
1443 3184 1604 3223 nemo
1640 3169 1809 3225 discat

205 3280 234 3316 a
257 3265 476 3333 pietate,
500 3258 749 3335 cuiquam
792 3259 1092 3317 nocendum
1122 3277 1280 3315 nemo
1308 3261 1479 3316 discat
1510 3277 1539 3315 a
1566 3260 1809 3332 benigni-

208 3364 337 3421 tate,
357 3364 412 3410 et
436 3370 559 3410 esse
590 3349 955 3410 mentiendum
982 3358 1249 3409 discamus
1270 3369 1301 3408 a
1331 3354 1555 3409 veritate
1573 3357 1597 3407 't
1620 3354 1805 3419 Porro

206 3448 251 3503 si
280 3449 385 3503 hoc
422 3464 530 3503 non
561 3434 718 3503 docet
743 3448 962 3512 veritas,
991 3462 1095 3502 non
1127 3455 1209 3502 est
1248 3463 1436 3502 verum
1473 3465 1486 3501 :
1520 3447 1563 3501 si
1592 3462 1698 3502 non
1722 3454 1809 3502 est

204 3552 430 3606 verum,
478 3554 585 3593 non
615 3548 697 3594 est
717 3538 1027 3594 discendum
1059 3555 1073 3591 :
1119 3537 1165 3592 si
1212 3553 1317 3593 non
1347 3547 1432 3594 est
1469 3538 1804 3599 discendum.

208 3649 481 3705 nunquam
509 3643 593 3688 est
623 3632 783 3703 igitur
806 3631 1196 3688 mentiendum.

270 3726 360 3781 59.
392 3724 502 3781 Sed
549 3729 886 3796 perfectorum
914 3733 1011 3792 est,
1045 3724 1118 3778 ait
1171 3723 1383 3794 aliquis,
1427 3724 1622 3779 solidus
1666 3725 1806 3779 cibus

203 3817 223 3887 (
253 3815 414 3871 Hebr.
444 3831 501 3880 ν.
534 3816 604 3870 14
630 3815 672 3887 ).
700 3816 859 3869 Multa
888 3815 1031 3869 enim
1061 3814 1356 3869 secundum
1402 3815 1611 3871 veniam
1659 3816 1803 3870 rela-

205 3916 399 3961 xantur
426 3906 745 3972 infirmitati,
774 3906 1015 3976 quamvis
1040 3904 1420 3958 sincerissima:
1469 3919 1803 3975 nequaquam

205 4000 449 4067 placeant
473 3999 701 4053 veritati.
734 3997 881 4053 Dicat
920 3997 1020 4051 hoc
1037 3998 1279 4067 quisquis
1312 4012 1416 4050 non
1466 3998 1655 4052 metuit
1684 4015 1805 4068 quae

201 4093 585 4163 consequentia
617 4090 900 4147 metuenda
930 4099 1079 4153 sunt,
1130 4090 1173 4143 si
1205 4089 1400 4143 fuerint
1436 4089 1617 4160 aliquo
1644 4091 1805 4145 modo

206 4185 380 4254 aliqua
450 4182 713 4253 permissa
765 4181 1062 4236 mendacia.
1121 4180 1278 4235 Nullo
1317 4179 1477 4235 modo
1525 4189 1701 4235 tamen
1748 4181 1803 4235 in

201 4287 404 4331 tantum
433 4283 561 4330 sunt
584 4274 938 4345 permittenda
966 4271 1354 4333 conscendere.
1381 4282 1438 4327 ut
1466 4272 1533 4327 ad
1573 4273 1802 4343 pcrjuria

199 4368 669 4439 hlasphemiasque
734 4367 1044 4438 perveniant
1085 4383 1099 4419 :
1147 4380 1247 4421 nec
1290 4365 1524 4435 aliquam
1587 4381 1801 4421 causam

194 4475 423 4533 prorsus
453 4468 668 4530 oportet
688 4457 925 4524 obtendi,
948 4472 1047 4511 cur
1066 4454 1258 4511 debeat
1285 4456 1532 4526 pejerari,
1556 4456 1637 4510 vel
1660 4457 1801 4527 quod

197 4560 280 4607 est
320 4550 731 4615 exsecrabilius,
760 4564 857 4604 cur
883 4548 1026 4603 Deus
1053 4546 1245 4602 debeat
1272 4546 1653 4616 bIaSphemari.
1682 4546 1797 4601 Non

195 4646 341 4700 enim
377 4644 503 4715 quia
527 4658 623 4713 per
666 4641 1004 4697 mendacium
1034 4640 1435 4710 blasphematur
1458 4639 1502 4708 δ,
1533 4640 1652 4695 ideo
1682 4656 1788 4695 non

199 4737 628 4808 blasphematur.
677 4735 865 4790 Potest
908 4735 1106 4804 quippe
1153 4734 1254 4789 hoc
1298 4732 1459 4788 modo
1499 4734 1601 4789 dici
1630 4775 1646 4800 ,
1690 4750 1796 4790 non

198 4832 452 4904 pejerari,
480 4830 607 4901 quia
637 4844 733 4900 per
786 4826 1125 4883 mendacium
1156 4826 1448 4897 peieratur.
1488 4825 1618 4895 Quis
1658 4826 1802 4881 enim

197 4941 292 4995 per
319 4924 607 4980 veritatem
658 4920 827 4991 possit
860 4935 981 4975 esse
1034 4918 1316 4989 periurus?
1344 4917 1435 4974 Sic
1476 4920 1636 4974 etiam
1664 4918 1687 4951 ⁵
1708 4934 1803 4989 per

194 5016 480 5071 Veritatem
508 5012 689 5067 nullus
739 5019 916 5081 potest
966 5025 1087 5065 esse
1133 5008 1502 5081 blasphemus.
1532 5010 1673 5065 Sane
1702 5009 1804 5063 mi-

198 5106 302 5160 tius
333 5104 533 5161 falsum
577 5102 742 5173 jurat,
771 5102 861 5173 qui
915 5099 1107 5155 falsum
1142 5102 1309 5155 nescit
1356 5114 1499 5167 esse,
1534 5110 1588 5154 ct
1612 5115 1799 5155 verum

195 5208 346 5269 putat
371 5212 498 5254 esse
539 5195 678 5267 quod
715 5195 901 5264 jurat:
944 5190 1083 5248 sicut
1130 5201 1184 5248 et
1212 5193 1405 5248 Saulus
1444 5193 1801 5248 exeusabilius

196 5291 607 5362 blaSphemavit,
630 5288 749 5359 quia
778 5288 1029 5359 ignorans
1052 5286 1176 5341 fecit
1203 5286 1221 5358 (
1246 5285 1263 5338 1
1288 5285 1419 5339 Tim.
1444 5300 1481 5349 ι,
1518 5286 1584 5339 15
1605 5284 1645 5356 ).
1674 5284 1801 5340 Ideo

194 5396 375 5439 autem
417 5383 569 5454 pejus
620 5394 704 5438 ρει
747 5381 1119 5451 blasphemare
1149 5393 1306 5448 quam
1355 5378 1615 5448 pejerarc,
1668 5393 1801 5448 quu-

260 5521 277 5553 I
312 5519 465 5570 mm;
490 5515 615 5580 Quid
633 5513 765 5580 apud
787 5526 871 5565 nos
893 5518 1078 5566 tamtum
1109 5510 1415 5578 promeruit?
1438 5515 1601 5573 Abest,
1645 5515 1796 5582 apud,

194 5594 220 5710 ._
405 5648 514 5710 uis.
541 5648 599 5692 Αι
620 5640 758 5710 editi,
798 5636 970 5710 mentis
1008 5636 1221 5710 castitas,
1258 5635 1526 5703 vetitasque
1558 5640 1611 5691 in
1640 5646 1798 5692 mente

197 5705 394 5771 tanaim,
416 5704 541 5771 sicut
565 5702 715 5771 etiam
736 5702 958 5771 corporis
967 5702 1176 5771 castitas.
1271 5760 1282 5771 ⁸

262 5768 283 5798 ⁸
314 5767 417 5817 sola
441 5768 551 5817 fere
577 5765 731 5815 editio
752 5770 884 5827 Lava,
910 5769 1015 5814 uta
1036 5778 1087 5827 se
1111 5765 1215 5827 ipso
1234 5765 1469 5814 vincatur.

261 5834 283 5861 δ
315 5839 414 5880 Mn,
442 5838 496 5881 ct,
522 5837 661 5887 Lov.,
686 5824 799 5887 quia
822 5839 907 5890 per
944 5824 1264 5893 ηιεηάίιὲίηηιΔ
1286 5839 1379 5893 non
1417 5826 1795 5893 blasphematur.

204 5893 341 5944 thest
365 5896 455 5944 hoc
480 5893 609 5950 loco,
634 5903 745 5954 non,
769 5901 797 5938 a
820 5888 929 5954 atss.
958 5896 1010 5939 et
1033 5892 1093 5940 ab
1119 5895 1212 5949 Er.,
1235 5888 1488 5954 debetque
1505 5888 1699 5943 έιωδεε,

255 5960 274 5989 ⁸
308 5965 372 6008 tta
396 5967 503 6007 Mss.
539 5964 597 6005 At.
623 5953 760 6011 editi,
785 5950 830 6005 si
850 5954 1006 6003 enim.

1633 466 1835 526 LIBER
1877 467 2071 525 UNUS.

3388 494 3496 552 546

1910 604 2052 659 niam
2074 606 2358 677 pejerando
2389 611 2531 668 falsa.-
2577 618 2651 670 rei
2680 619 2957 676 adhibetur
2981 624 3129 679 testis
3183 624 3340 695 Deus,
3372 630 3488 687 bla-

1909 696 2240 765 Sphemando
2268 710 2444 759 autem
2486 704 2551 760 de
2576 707 2690 776 ipso
2715 708 2846 765 falsa
2873 712 3120 769 dicuntur
3146 716 3277 773 Deo.
3313 718 3489 776 Tanto

1908 794 1991 840 est
2009 796 2185 845 autem
2229 793 2453 865 quisque
2482 796 2891 857 inexcusabilior
2913 804 2931 835 ⁵
2957 804 3071 861 sive
3098 807 3344 878 perjurus
3371 811 3487 869 sive

1908 878 2268 951 blaSphemus,
2300 896 2499 955 quanto
2519 891 2764 961 magisea
2786 909 2904 964 qua:
2930 896 3217 965 pejerando
3247 901 3331 956 vel
3374 902 3495 958 bla-

1908 971 2238 1039 Sphemando
2256 990 2519 1045 asserunt,
2538 980 2664 1036 falsa
2682 995 2944 1040 noverunt
2963 1003 3084 1044 esse
3104 990 3183 1045 vel
3204 992 3432 1049 credunt
3452 996 3498 1049 ⁸.

1909 1060 2159 1133 Quisquis
2188 1065 2363 1136 itaque
2392 1068 2521 1124 dicit
2556 1088 2652 1140 pro
2679 1075 3028 1142 periclitantis
3056 1079 3288 1137 hominis
3312 1084 3492 1141 saluto

1908 1158 2188 1225 temporali
2215 1160 2299 1215 vel
2327 1161 2434 1217 vita
2469 1179 2590 1219 esse
2642 1168 3032 1235 mentiendum,
3086 1173 3245 1228 nimis
3275 1176 3387 1245 ipse
3428 1179 3498 1233 ab

1911 1243 2100 1301 itinere
2127 1250 2390 1305 exorbitat
2425 1261 2643 1310 aeternae
2663 1257 2850 1313 salutis
2876 1267 2934 1314 et
2967 1262 3110 1329 vitm,
3136 1262 3181 1318 si
3207 1243 3331 1319 dicit
3360 1267 3411 1322 in
3434 1283 3498 1322 ea

1908 1351 2069 1392 causa
2115 1340 2275 1396 etiam
2301 1342 2589 1411 jurandum
2636 1364 2732 1417 per
2762 1348 2952 1419 Deum,
3004 1354 3090 1410 vel
3136 1356 3298 1411 etiam
3351 1358 3498 1414 blas-

1912 1426 2264 1493 phemandum
2306 1433 2497 1489 Deum.

1979 1518 2206 1576 CAPUT
2244 1522 2363 1578 XX.
2384 1556 2458 1566 —
2480 1526 2570 1582 40.
2615 1529 2695 1584 An
2718 1533 2903 1587 saltem
2921 1552 3015 1605 pro
3059 1546 3247 1593 (eterna
3276 1540 3495 1600 hominis

1909 1610 2071 1666 salute
2118 1617 2475 1673 mentiendum.
2526 1618 2595 1675 In
2636 1623 2814 1680 salutis
2862 1638 3066 1683 attenta:
3090 1631 3334 1701 periculo,
3363 1635 3493 1689 sicut

1910 1719 2009 1757 non
2057 1706 2199 1760 debet
2256 1712 2448 1765 homini
2489 1715 2746 1770 subveniri
2773 1734 2861 1787 per
2888 1729 3142 1790 stuprum,
3194 1725 3266 1778 ita
3292 1743 3382 1780 nec
3412 1740 3502 1796 per

1909 1799 2244 1868 mendacium,
2300 1804 2438 1873 quod
2482 1820 2593 1861 vere
2630 1819 2885 1878 peccatum
2914 1822 3006 1866 est.
3063 1815 3168 1870 Sed
3215 1817 3503 1888 aliquando

1912 1887 2064 1942 nobis
2094 1889 2261 1959 ipsius
2285 1908 2499 1965 quoque
2541 1898 2729 1955 salutis
2751 1910 2970 1957 :eteruae
2996 1904 3288 1973 periculum
3309 1887 3503 1980 ioppo-

1912 1979 2070 2044 nitur,
2105 1981 2248 2050 quod
2293 1994 2477 2041 nostro
2526 1989 2824 2055 mendacio,
2877 1993 2921 2046 si
2969 1993 3123 2050 aliter
3164 2012 3269 2052 non
3303 1979 3498 2069 potest,

1910 2071 2282 2141 depellendum
2330 2092 2452 2134 esse
2488 2080 2747 2136 clamatur
2774 2084 2959 2153 :_velut
3002 2086 3047 2141 si
3089 2089 3368 2159 quisquam
3407 2092 3504 2149 ba-

1911 2161 2190 2229 ptizandus
2210 2165 2266 2219 in
2292 2176 2554 2234 potestate
2579 2170 2651 2224 sit
2682 2171 2969 2241 impiorum
3017 2184 3177 2246 atque
3204 2178 3500 2237 infidelium

1910 2254 2249 2321 constitutus,
2280 2256 2346 2311 ad
2373 2274 2529 2326 quem
2562 2263 2825 2330 perveniri
2854 2281 2960 2320 non
2993 2270 3160 2337 possit
3202 2280 3261 2326 ut
3289 2272 3503 2330 lavacro

1912 2346 2328 2413 regenerationis
2352 2350 2617 2419 abluatur,
2650 2355 2751 2410 nisi
2780 2356 3020 2429 deceptis
3060 2363 3369 2421 mentiendo
3404 2380 3503 2421 cuo

1911 2434 2174 2491 etodibus.
2205 2437 2290 2492 Ab
2318 2438 2421 2494 hoc
2445 2441 2861 2502 invidiosissimo
2886 2448 2907 2480 ³
2931 2449 3188 2519 clamore,
3217 2470 3322 2520 quo
3348 2458 3499 2527 cogi-

1911 2541 2031 2580 mur
2058 2541 2163 2580 non
2194 2543 2291 2597 pro
2316 2530 2629 2602 cujusquam
2662 2535 2854 2604 opibus
2890 2539 2974 2593 vel
3002 2541 3293 2599 honoribus
3320 2546 3373 2601 in
3396 2546 3499 2604 hoc

1911 2619 2109 2674 smculo
2134 2624 2634 2693 transcurrentibus,
2659 2643 2764 2683 non
2804 2645 2901 2700 pro
2931 2632 3044 2701 ipsa
3072 2635 3230 2706 hujus
3278 2646 3496 2709 tempo-

1912 2709 1987 2762 ris
2009 2711 2135 2775 vita,
2163 2712 2258 2768 sed
2282 2731 2377 2783 pro
2402 2724 2601 2772 mterna
2633 2718 2865 2777 hominis
2890 2724 3063 2780 salute
3112 2730 3345 2797 mentiri,
3378 2746 3486 2803 quo

1911 2799 2233 2871 confugiam,
2261 2804 2362 2860 nisi
2388 2806 2456 2861 ad
2480 2818 2552 2873 te,
2582 2808 2835 2866 Veritas?
2861 2813 2927 2868 Et
2954 2814 3083 2869 mihi
3105 2818 3202 2874 abs
3225 2828 3276 2875 te
3298 2799 3499 2893 propo-

1913 2893 2056 2948 nitur
2094 2896 2332 2951 castitas.
2380 2898 2489 2955 Cur
2514 2902 2655 2956 enim
2686 2903 2731 2958 si
2785 2907 3034 2963 custodes
3077 2909 3189 2977 istt,
3215 2923 3270 2968 ut
3301 2930 3399 2971 nos
3428 2918 3498 2973 ad

1913 2983 2287 3056 baptizandum
2303 2989 2568 3047 hominem
2587 2994 2888 3065 admittant,
2908 3002 3233 3070 stuproillici
3256 3018 3498 3076 possunt,

1913 3095 2018 3134 non
2050 3081 2271 3138 facimus
2300 3087 2565 3140 contraria
2595 3090 2847 3155 castitati,
2869 3092 2989 3147 etsi
3016 3095 3299 3153 mendacio
3321 3094 3497 3171 decipi

1909 3182 2155 3245 possunt,
2172 3173 2396 3230 facimus
2415 3180 2682 3235 contraria
2703 3182 2957 3238 veritati?
2981 3200 3103 3241 cum
3127 3190 3311 3258 procul
3336 3192 3504 3251 dubio

1912 3266 2046 3321 nulli
2072 3276 2215 3325 esset
2235 3267 2462 3325 fideliter
2484 3272 2731 3329 amabilis
2755 3277 2996 3344 castitas,
3026 3280 3071 3334 si
3098 3297 3203 3335 non
3219 3298 3337 3339 eam
3360 3300 3501 3356 prac-

1911 3359 2115 3429 ciperet
2142 3363 2356 3417 veritas.
2382 3362 2617 3423 Proinde
2660 3376 2719 3423 ut
2764 3372 3110 3438 perveniatur
3136 3374 3200 3428 ad
3231 3376 3503 3435 hominem

1910 3452 2308 3521 haptizandum,
2360 3455 2612 3513 fallantur
2661 3462 2977 3518 mentiendo
3015 3465 3288 3536 custodes,
3319 3469 3364 3523 si
3392 3468 3501 3526 hoc

1905 3541 2059 3612 jubet
2083 3545 2301 3601 veritas.
2349 3546 2455 3603 Sed
2487 3550 2757 3619 quomodo
2804 3552 2990 3623 jubeat
3017 3557 3235 3626 veritas,
3258 3568 3316 3615 nt
3340 3561 3503 3618 htmo

1909 3634 2226 3703 baptizetur,
2268 3651 2387 3692 esse
2426 3640 2811 3708 mentiendum,
2851 3645 2896 3699 si
2934 3662 3039 3700 non
3064 3646 3217 3718 jubet
3258 3654 3499 3718 castitas.

1912 3734 1968 3778 ut
1999 3726 2158 3780 homo
2201 3726 2515 3798 baptizetur,
2550 3747 2670 3787 esse
2708 3728 3085 3792 mechandum
3114 3739 3136 3793 ?
3168 3740 3277 3795 Cur
3312 3761 3495 3801 autem

1911 3815 2015 3871 hoc
2040 3833 2146 3871 non
2167 3817 2322 3887 jubet
2347 3822 2583 3886 castitas,
2618 3824 2717 3878 nisi
2740 3826 2862 3895 quia
2890 3826 2992 3883 hoc
3018 3845 3124 3884 non
3149 3830 3307 3888 docet
3348 3838 3500 3891 veri-

1911 3911 2034 3965 tas?
2073 3910 2129 3967 Si
2155 3927 2303 3983 ergo,
2336 3913 2596 3984 nisiquod
2628 3916 2823 3972 veritas
2845 3917 3022 3987 docet,
3068 3920 3244 3980 facere
3266 3940 3371 3981 non
3398 3926 3500 3984 de-

1910 4003 2132 4069 bemus;
2173 4019 2297 4060 cum
2343 4005 2541 4061 veritas
2587 4006 2778 4064 doceat
2823 4026 2923 4066 nec
2961 4022 3178 4083 pr0pter
3228 4014 3501 4075 hominem

1910 4094 2284 4165 haptizandum
2340 4098 2515 4154 facere
2543 4100 2687 4170 quod
2737 4104 3063 4160 contrarium
3122 4115 3205 4163 est
3244 4110 3512 4181 castitati,

1909 4186 2177 4255 quomodo
2205 4203 2305 4243 nos
2328 4187 2542 4245 docebit
2563 4190 2738 4247 facere
2761 4202 2975 4263 propter
3002 4195 3378 4267 baptizandum
3402 4201 3501 4257 ho-

1909 4280 2106 4334 minem
2135 4282 2276 4351 quod
2303 4282 2402 4352 ipsi
2445 4291 2528 4337 est
2551 4285 2880 4340 contrarium
2925 4290 3133 4344 veritati
3164 4290 3319 4349 ?Sed
3358 4295 3501 4351 sicut

1908 4364 2045 4419 oculi
2067 4363 2132 4419 ad
2162 4365 2474 4421 intuendum
2491 4367 2658 4423 solem
2683 4384 2868 4439 parum
2887 4370 3048 4441 firmi,
3070 4388 3133 4429 ea
3168 4384 3343 4432 tamen
3371 4395 3495 4450 qua:

1909 4469 1939 4510 a
1986 4456 2100 4511 sole
2150 4458 2521 4526 illustrantur,
2575 4459 2805 4516 libenter
2852 4463 3156 4531 intuentur;
3187 4468 3264 4524 sic
3302 4470 3498 4527 anima:

1902 4546 2013 4617 jam
2042 4548 2279 4603 valentes
2313 4549 2574 4605 delectari
2629 4552 3025 4621 pulchritudine
3071 4558 3354 4626 castitatis,
3381 4576 3493 4617 non

1911 4648 2088 4695 tamen
2115 4641 2369 4696 continuo
2416 4658 2512 4712 per
2541 4658 2601 4699 se
2629 4644 2798 4714 ipsam
2829 4646 3170 4704 considerare
3218 4651 3500 4707 veritatem

1908 4732 2051 4785 unde
2071 4731 2213 4786 lucet
2238 4733 2454 4787 castitas
2496 4743 2737 4803 possunt,
2763 4745 2823 4790 ut
2849 4752 2968 4791 cum
2996 4748 3212 4794 ventum
3242 4740 3399 4796 fuerit
3425 4742 3495 4796 ad

1907 4822 2105 4893 aliquid
2125 4821 2428 4878 faciendum
2455 4824 2596 4895 quod
2627 4825 2911 4882 adversum
2942 4837 3024 4884 est
3050 4831 3280 4898 veritati,
3301 4832 3370 4886 ita
3400 4847 3493 4887 re-

1908 4914 2110 4985 fugiant
2158 4924 2214 4972 et
2256 4915 2602 4983 exhorreant,
2648 4919 3101 4988 quemadmodum"
3139 4922 3407 4994 refugiunt
3444 4934 3499 4981 et

1908 5007 2217 5074 exhorrent,
2263 5009 2307 5064 si
2366 5008 2668 5065 faciendum
2721 5012 2917 5083 aliquid
2956 5022 3284 5083 proponatur
3341 5017 3492 5086 quod

1909 5099 2191 5155 adversum
2223 5113 2304 5156 est
2325 5103 2575 5157 castitati.
2603 5102 2695 5158 Ille
2734 5114 2912 5159 autem
2955 5104 3095 5160 ﬁlius
3137 5107 3228 5177 qui
3276 5110 3497 5167 verbum

1908 5194 2255 5262 suscipiensa
2295 5194 2593 5265 perditione
2620 5195 2773 5265 longe
2809 5197 3000 5263 aberit,
3037 5206 3091 5253 et
3114 5199 3244 5255 nihil
3284 5200 3402 5257 falsi
3430 5219 3501 5261 ex

1907 5283 2023 5351 ejus
2049 5285 2433 5354 oreprocedit(
2461 5283 2616 5339 Prov.
2646 5301 2802 5349 nix,
2823 5286 2892 5340 27
2921 5285 2963 5359 ),
2995 5297 3100 5343 tam
3123 5291 3222 5345 sibi
3252 5293 3497 5353 clausum

1910 5376 2145 5446 deputat.
2173 5375 2220 5431 si
2246 5376 2313 5431 ad
2343 5377 2764 5433 subveniendum
2787 5380 2985 5436 homini
3012 5398 3112 5454 per
3136 5389 3494 5457 mendacium,

1907 5484 2064 5537 quam
2096 5468 2139 5524 si
2162 5484 2258 5537 per
2281 5477 2521 5540 stuprum
2555 5472 2778 5527 transire
2795 5484 3033 5544 cogatur.
3063 5477 3127 5531 Et
3160 5479 3315 5534 Pater
3336 5495 3499 5536 exat).

1906 5559 1985 5614 dit
2012 5569 2287 5626 orantem,
2319 5570 2376 5616 ut
2401 5562 2575 5617 valeat
2617 5564 2733 5620 sine
2774 5567 3051 5624 mendacio
3089 5570 3498 5640 subvenire,cul

1907 5652 2015 5706 vult
2036 5650 2190 5707 Pater
2212 5652 2344 5724 ipse,
2372 5654 2521 5724 cujus
2543 5657 2898 5714 iuserutahilia
2925 5670 3045 5715 sunt
3060 5661 3278 5731 judicia,
3302 5664 3490 5720 subve-

1970 5768 1988 5836 ξ
2024 5776 2123 5816 sm.
2148 5771 2301 5836 Er.__et
2323 5774 2528 5836 quatuor
2551 5770 2898 5836 Mss.,_qui.sque
2919 5770 3309 5825 inexcusabitius.

1970 5832 1990 5860 ⁸
2024 5836 2124 5900 Duo
2146 5827 2355 5900 codices
2373 5832 2597 5900 Vaticani,
2621 5827 2694 5883 cet
2713 5827 3103 5899 blasphemme
3137 5837 3326 5898 asserit,
3365 5834 3496 5900 ﬁds!

1907 5890 2087 5941 noverit
2109 5902 2211 5940 esse
2236 5890 2308 5940 vet
2331 5892 2506 5942 credit.

1975 5956 1994 5986 ³
2028 5960 2074 6001 ιιι
2099 5951 2198 6001 sola
2226 5952 2441 6003 editione
2467 5964 2595 6016 ιον..
2629 5961 3008 6013 insidiosissime.
