4078 6514
559 504 658 560 537

559 618 681 674 nirt.
715 614 860 671 Talis
899 630 1029 684 ergo
1057 614 1195 667 (ilius
1227 613 1295 665 ita
1325 611 1575 663 observat
1614 624 1643 660 a
1673 605 1969 667 mendacio,
1999 601 2143 656 sicut

559 726 588 764 a
643 718 880 779 peccato.
921 706 1056 761 Nam
1093 713 1148 758 et
1184 700 1470 772 aliquando
1513 698 1774 754 mendacii
1826 710 2021 750 nomen
2049 710 2146 765 pro

561 801 760 870 peccati
787 799 1003 853 nomine
1042 797 1256 867 ponitur
1286 793 1466 849 :unde
1495 792 1621 846 illud
1650 801 1750 855 est,
1783 789 1961 843 Omnis
2001 789 2150 841 homo

561 893 780 946 mendax
803 891 822 964 (
849 890 992 944 Psal.
1030 906 1160 952 cxv,
1200 890 1259 945 il
1297 886 1337 958 ).
1385 885 1474 940 Sic
1505 885 1647 941 enim
1673 884 1870 939 dictum
1897 891 1999 946 est,
2028 890 2150 934 tan-

561 999 721 1054 quam
751 983 1038 1040 diceretur.
1086 980 1271 1034 Omnis
1315 977 1473 1031 homo
1502 989 1749 1047 peccans.
1789 975 1854 1028 Et
1891 972 2057 1028 illud:
2090 972 2152 1027 Si

563 1085 729 1127 autem
762 1074 941 1127 veritas
967 1072 1058 1124 Dei
1075 1072 1127 1125 in
1154 1088 1261 1123 meo
1283 1069 1543 1122 mendacio
1565 1066 1833 1120 abundavit
1852 1065 1872 1137 (
1894 1066 2040 1119 Rom.
2069 1081 2146 1130 Ill,

565 1165 597 1219 7
627 1165 671 1237 ).
706 1166 781 1219 Ac
813 1180 906 1235 per
933 1164 1035 1218 hoc
1061 1179 1180 1217 cum
1214 1162 1467 1215 mentitur
1493 1169 1549 1212 ut
1572 1159 1750 1220 homo,
1771 1165 1954 1226 peccat
1976 1157 2149 1209 utho-

567 1274 678 1324 nio,
709 1265 762 1310 et
790 1272 850 1310 ea
893 1253 1158 1310 sententia
1192 1252 1458 1306 tenebitur
1480 1266 1586 1320 qua
1617 1250 1812 1303 dictum
1844 1257 1946 1310 est,
1972 1247 2153 1300 Omnis

489 1411 492 1416 ‘
567 1349 717 1402 homo
744 1347 959 1400 mendax
973 1361 994 1411 ;
1018 1356 1090 1412 et,
1118 1345 1178 1398 Si
1197 1343 1472 1398 dixerimus
1509 1342 1628 1411 quia
1655 1351 1910 1410 peccatum
1937 1356 2034 1393 non
2059 1343 2154 1392 Im-

571 1443 763 1506 bemus,
789 1457 878 1494 nos
899 1440 1034 1508 ipsos
1076 1437 1361 1491 seducimus
1383 1478 1396 1500 ,
1427 1444 1473 1488 et
1507 1435 1690 1488 veritas
1718 1435 1772 1486 in
1796 1434 1936 1487 ηούὶε
1964 1450 2060 1486 non
2085 1447 2157 1486 est

568 1531 808 1603 (lloan.
833 1549 870 1594 ι,
896 1531 928 1586 8
1033 1530 1166 1585 Cum
1206 1545 1332 1584 vero
1359 1528 1491 1582 nihil
1523 1528 1642 1581 falsi
1675 1544 1739 1581 ex
1775 1527 1892 1596 ejus
1921 1541 2012 1580 ore
2038 1542 2157 1596 pro-

568 1623 729 1686 cedit,
761 1621 1048 1676 secundum
1077 1635 1192 1675 eam
1229 1619 1452 1690 gratiam
1480 1618 1558 1672 sic
1599 1619 1701 1672 erit
1737 1617 1804 1671 de
1830 1632 1931 1686 qua
1954 1617 2156 1671 dictum

570 1721 684 1768 est:
731 1713 832 1778 Qui
858 1722 1010 1765 natus
1058 1723 1131 1764 est
1178 1727 1240 1764 ea:
1274 1708 1405 1774 Deo,
1451 1725 1553 1763 non
1608 1707 1818 1781 μυί-σαι(
1843 1707 1929 1760 ld.
1961 1723 2037 1771 ιιι,
2061 1706 2155 1778 9).

568 1806 694 1861 Haec
715 1805 858 1861 enim
895 1804 1145 1858 nativitas
1173 1804 1216 1857 si
1254 1803 1370 1858 sola
1400 1802 1608 1856 essetin
1640 1801 1813 1864 nobis,
1845 1815 2003 1854 nemo
2032 1815 2160 1869 pec-

570 1905 747 1952 caret:
780 1907 833 1951 et
859 1895 1070 1967 quando
1096 1895 1206 1950 sola
1235 1894 1354 1961 erit,
1386 1909 1546 1948 nemo
1577 1893 1836 1963 peccabit.
1875 1892 2026 1947 Nunc
2053 1907 2150 1946 au-

571 1998 680 2042 tem
730 1988 904 2042 adhuc
961 1987 1220 2043 trahimus
1247 1986 1385 2056 quod
1408 1985 1779 2055 corruptibiles
1805 1985 1912 2038 nali
1941 1998 2159 2039 sumus:

573 2079 821 2148 quamvis
837 2077 1131 2133 secundum
1155 2077 1207 2132 id
1232 2075 1375 2146 quod
1396 2076 1566 2130 renati
1591 2089 1794 2140 sumus,
1819 2075 1861 2128 si
1890 2075 2028 2130 bene
2052 2090 2164 2128 am-

574 2173 842 2237 bulamus,
871 2171 938 2226 de
959 2172 1045 2226 die
1085 2171 1135 2224 in
1167 2170 1307 2224 diem
1331 2184 1651 2223 renovamur
1677 2168 1897 2221 interius
1931 2166 1948 2239 (
1974 2168 2013 2221 ll
2042 2167 2160 2222 Cor.

571 2282 646 2334 tv,
688 2266 754 2322 16
774 2267 813 2338 ).
841 2265 976 2321 Cum
1006 2280 1134 2318 vero
1151 2273 1205 2318 et
1223 2261 1566 2330 corruptibile
1595 2260 1696 2314 hoc
1723 2259 1953 2314 induerit
1984 2259 2160 2314 ineor-

569 2359 893 2427 ruptionem,
947 2357 1052 2410 vita
1084 2363 1248 2409 totum
1295 2351 1620 2417 absorbebit,
1650 2359 1704 2404 et
1750 2351 1926 2405 nullus
1972 2351 2162 2406 mortis

568 2452 786 2506 aculeus
813 2449 1125 2504 remanebit.
1147 2446 1378 2502 Aculeus
1395 2453 1571 2499 autem
1587 2443 1772 2498 mortis
1791 2454 1870 2496 est
1889 2451 2163 2512 peccatum

569 2541 627 2613 (Ι
659 2542 774 2596 Cor.
805 2555 897 2605 xv,
929 2538 1099 2595 53-56

647 2629 870 2687 CAPUT
906 2629 1050 2686 XXI.
1081 2659 1152 2669 —-
1184 2629 1274 2684 4|.
1326 2627 1593 2698 Epilogus.
1646 2627 1748 2680 Aut
1777 2641 1905 2696 ergo
1930 2624 2164 2680 cavenda

569 2722 844 2778 mendacia
879 2729 1025 2776 recte
1047 2720 1275 2791 agendo,
1297 2727 1386 2773 aut
1417 2717 1718 2774 confitenda
1745 2726 1866 2771 sunt
1896 2717 2164 2787 poeniten-

569 2812 643 2868 do
673 2831 685 2866 :
718 2828 824 2866 non
873 2819 1056 2866 autem
1089 2825 1211 2864 cum
1263 2809 1534 2864 abundent
1579 2807 1869 2862 infeliciter
1899 2806 2150 2873 vivendo,

568 2905 810 2975 augenda
835 2911 959 2959 sunt
992 2913 1048 2959 et
1084 2901 1349 2957 docendo.
1383 2901 1487 2956 Sed
1514 2901 1693 2971 eligat,
1725 2900 1816 2970 qui
1866 2899 1967 2954 hoc
1991 2907 2160 2971 putat,

569 2995 710 3050 unde
739 2992 1345 3064 subveniatperitlitanti
1375 2991 1576 3046 homini
1602 2991 1667 3045 ad
1689 2991 1982 3061 quamlibet
2022 2990 2167 3044 salu-

575 3098 685 3144 tem
709 3087 1122 3158 qualiacumque
1139 3083 1416 3138 mendacia
1447 3100 1461 3149 ;
1492 3084 1618 3138 dum
1645 3093 1820 3137 tamen
1839 3092 1891 3137 et
1919 3083 2058 3152 apud
2086 3091 2165 3136 ta-

577 3180 658 3234 les
686 3179 1042 3242 obtineamus,
1103 3175 1244 3229 nulla
1279 3189 1438 3229 causa
1481 3189 1581 3230 nos
1610 3173 1675 3228 ad
1725 3172 2069 3242 pejerandum
2112 3182 2165 3228 et

578 3267 1056 3338 blasphemandum
1083 3274 1332 3336 Oportere
1369 3264 1608 3335 perduci.
1643 3265 1744 3318 Ista
1775 3265 1962 3319 saltem
1993 3263 2168 3320 scele-

577 3378 638 3416 ra
667 3361 746 3415 vel
773 3359 1028 3428 ampliora
1050 3360 1249 3428 stupris
1271 3358 1356 3413 vel
1389 3367 1535 3413 certe
1558 3373 1662 3412 non
1712 3358 1919 3412 minora
1959 3357 2166 3428 judice-

569 3466 716 3507 mus.
747 3449 990 3520 Namque
1036 3447 1376 3519 Cogitaudum
1406 3457 1508 3515 est,
1559 3449 1856 3520 smpissime
1901 3449 2165 3519 homines,

1503 492 1586 546 DE
1625 488 1852 544 OPERE
1893 479 2384 544 lthNACllUliUil,
2425 479 2482 532 S.
2526 471 2891 532 AUGUSTINI

3742 469 3844 524 διε

2254 599 2322 654 de
2363 612 2585 666 quarum
2624 594 2885 650 adulterio
2934 590 3270 662 suspicantur
3295 632 3310 656 ,
3356 588 3422 643 ad
3468 587 3841 658 jusjurandum

2256 707 2544 765 provocare
2569 691 2821 762 conjuges
2844 703 2968 744 suas
2996 706 3010 743 :
3036 687 3178 758 quod
3221 686 3403 755 utique
3434 699 3541 740 non
3573 683 3838 749 facerent,

2256 787 2355 840 nisi
2385 783 2842 840 crederentetiam
2873 781 2990 835 illas
3025 795 3145 850 qua:
3187 795 3292 833 non
3317 779 3609 832 timuerunt
3649 792 3844 846 perpe-

2258 887 2398 931 tuare
2430 875 2789 939 adulterium,
2841 873 3030 926 timere
3062 886 3216 941 posse
3264 869 3578 938 periurium.
3627 868 3764 936 Quia
3796 877 3851 921 et

2257 981 2441 1022 revera
2473 965 2742 1020 nonnullae
2783 962 3062 1033 impudica:
3092 977 3210 1032 quae
3257 975 3358 1016 non
3407 960 3703 1014 timuerunt
3733 958 3840 1012 illi-

2257 1059 2364 1113 cito
2382 1057 2664 1112 concubitu
2687 1056 2826 1109 viros
2855 1055 3057 1120 fallere,
3090 1053 3292 1108 eisdem
3323 1052 3452 1107 viris
3471 1067 3607 1122 quos
3633 1051 3841 1106 fefelle-

2257 1163 2377 1206 rant
2399 1150 2689 1204 timucrunt
2711 1149 2874 1201 Deum
2905 1155 3094 1200 testem
3125 1145 3380 1198 fallaciter
3399 1143 3677 1198 adhibere.
3701 1142 3842 1211 Quid

2259 1241 2418 1308 igitur
2439 1256 2615 1295 causa:
2645 1248 2728 1294 est
2757 1249 2812 1293 ut
2849 1240 3008 1293 homo
3044 1248 3220 1291 castus
3251 1248 3303 1292 ct
3332 1237 3615 1308 religiosus
3640 1237 3850 1292 homini

2263 1330 2574 1400 baptizando
2598 1330 2729 1385 nolit
2773 1329 3035 1384 adulterio
3075 1329 3379 1396 subvenire,
3411 1338 3465 1384 et
3496 1329 3732 1398 perjurio
3762 1345 3854 1384 ve-

2261 1422 2340 1488 lit,
2371 1423 2512 1492 quod
2539 1422 2712 1476 solent
2732 1429 2784 1476 et
2809 1420 3032 1475 adulteri
3068 1418 3392 1475 formidare?
3421 1421 3588 1475 Porro
3615 1421 3661 1474 si
3692 1420 3847 1476 nefas

2262 1524 2344 1569 est
2372 1516 2471 1569 hoc
2488 1530 2646 1583 agere
2677 1512 2986 1584 pejerando,
3017 1523 3215 1583 quanto
3259 1513 3433 1583 potius
3475 1513 3856 1583 blaspheman-

2263 1605 2372 1660 do?
2403 1605 2555 1660 Absit
2600 1620 2729 1676 ergo
2758 1613 2817 1659 ut
2856 1603 3181 1658 christianus
3209 1615 3367 1674 neget
3409 1615 3569 1675 atque
3598 1605 3856 1676 blaSphe-

2267 1708 2376 1753 met
2399 1698 2690 1764 Christum,
2723 1713 2829 1769 quo
2852 1698 3022 1768 possit
3059 1698 3220 1751 alium
3267 1698 3440 1753 facere
3463 1699 3856 1765 christianum;

2265 1802 2320 1868 et
2349 1793 2620 1863 pereundo
2665 1800 2868 1862 quzerat
2897 1791 3296 1856 inveniendum,
3325 1808 3483 1861 quem
3512 1793 3554 1846 si
3597 1793 3724 1847 talia
3753 1792 3856 1848 tio-

2266 1894 2402 1950 ceat,
2433 1883 2618 1955 perdat
2648 1885 2940 1939 inventum.
2975 1882 3064 1938 Sic
3101 1899 3230 1954 ergo
3267 1883 3481 1950 librum,
3533 1885 3618 1939 cui
3653 1900 3852 1941 nomen

2267 1987 2350 2034 est
2371 1979 2547 2044 Libra,
2577 1988 2626 2032 te
2642 1984 2852 2047 oportet
2880 1975 3126 2032 refellere
3145 1985 3305 2046 atque
3335 1977 3635 2043 destruere,
3667 1986 3725 2030 ut
3749 1991 3845 2032 ca-

2268 2087 2362 2147 put
2381 2076 2507 2130 illud
2535 2091 2639 2146 quo
2656 2074 3019 2145 dogmatizant
3044 2073 3374 2129 occultandae
3403 2073 3676 2143 religionis
3698 2087 3858 2128 causa

2268 2185 2389 2225 esse
2415 2169 2801 2233 mentiendum,
2832 2168 2978 2238 prius
3028 2182 3149 2222 esse
3189 2167 3400 2222 noveris
3433 2165 3855 2238 amputandnm;

2269 2261 2342 2315 ita
2368 2270 2424 2316 ut
2447 2261 2533 2315 illa
2565 2261 2868 2316 testimonia
2891 2259 3084 2331 quibus
3109 2270 3324 2315 sanctos
3353 2261 3539 2315 Libros
3561 2261 3861 2315 mendaciis

2270 2352 2381 2407 suis
2408 2360 2663 2422 patronos
2715 2350 2975 2406 adhibere
3019 2351 3330 2417 moliuntur,
3363 2352 3556 2421 partim
3593 2366 3700 2406 non
3743 2367 3865 2407 esse

2271 2444 2566 2507 mendacia,
2586 2443 2775 2513 partim
2802 2443 2960 2497 etiam
2981 2458 3100 2513 qua:
3138 2451 3280 2509 sunt,
3311 2459 3414 2496 non
3444 2457 3567 2498 esse
3607 2443 3864 2498 imitanda

2270 2536 2645 2591 demonstres:
2674 2543 2728 2590 et
2754 2534 2798 2588 si
2827 2542 3028 2589 tantum
3070 2534 3170 2588 sibi
3216 2544 3436 2604 usurpat
3462 2535 3769 2600 infirmitas,
3798 2545 3858 2590 ut

2273 2627 2321 2682 ei
2353 2625 2549 2695 aliquid
2575 2624 2853 2680 venialiter
2879 2624 3216 2694 permittatur
3241 2626 3380 2696 quod
3410 2627 3677 2696 improbat
3709 2627 3850 2681 veri-

2273 2725 2388 2782 tas;
2430 2727 2605 2770 tamen
2649 2725 2706 2770 ut
2739 2715 3050 2770 inconcusse
3075 2725 3256 2770 teneas
3277 2727 3331 2772 et
3351 2715 3606 2771 defendas
3633 2719 3686 2772 in
3717 2719 3859 2772 divi-

2272 2823 2340 2863 na
2393 2807 2650 2878 religione
2694 2822 2965 2876 nunquam
3017 2807 3235 2862 omnino
3283 2823 3403 2862 esse
3451 2809 3861 2864 mentiendum:

2271 2898 2499 2953 latentes
2525 2913 2652 2952 vero
2675 2898 2812 2953 sicut
2851 2913 2952 2953 nec
2991 2897 3263 2954 adulteros
3312 2915 3407 2968 per
3448 2899 3735 2967 adulteria,
3768 2917 3866 2958 nec

2273 2990 2566 3046 homicidas
2614 3006 2711 3061 per
2737 2991 3020 3046 homicidia
3043 3032 3056 3056 ,
3086 3007 3188 3046 nec
3233 2991 3503 3047 maleﬁcos
3531 3008 3625 3063 per
3652 2993 3864 3050 malefi-

2271 3086 2353 3140 cia
2383 3102 2398 3153 ;
2430 3086 2500 3140 ita
2555 3101 2655 3140 nec
2690 3085 2977 3140 mendaces
3007 3100 3104 3156 per
3159 3085 3455 3152 mendacia,
3489 3102 3588 3142 nec
3614 3087 3866 3158 blasphe-

2273 3191 2391 3232 mos
2417 3191 2516 3248 per
2540 3175 2898 3247 blasphemias
2931 3191 3052 3232 esse
3081 3177 3430 3247 qumrendos;
3460 3179 3759 3234 secundum
3805 3195 3867 3236 ea

2273 3284 2392 3340 qua:
2423 3278 2529 3322 tam
2573 3267 2738 3323 multa
2792 3268 2847 3323 in
2889 3267 2991 3323 hoc
3029 3268 3298 3324 volumine
3351 3269 3770 3340 disputavimus,
3814 3284 3869 3329 ut

2272 3359 2361 3414 vix
2386 3358 2452 3414 ad
2480 3360 2596 3431 ejus
2622 3357 2932 3428 terminum,
2962 3374 3125 3431 quem
3153 3360 3271 3415 loco
3311 3360 3413 3417 isto
3443 3361 3681 3431 liximus,
3715 3366 3868 3420 veni-

2275 3464 2473 3506 remus.

674 3679 748 3734 In
782 3672 1008 3754 librum
1042 3646 1118 3735 de
1147 3674 1356 3753 Opere
1384 3675 1872 3746 Monachorum,
1905 3675 2043 3736 vide
2074 3673 2183 3737 lib.
2217 3675 2278 3747 2,
2334 3694 2468 3754 cap.
2508 3675 2608 3749 21,
2651 3678 3224 3746 Retractationum,
3256 3679 3374 3739 col.
3429 3678 3551 3742 638
3580 3724 3596 3751 ,
3640 3681 3867 3749 verbis,

3449 3621 3754 3629 —-————._

3755 3624 3864 3631 —__..

569 3753 647 3817 Ut
680 3755 754 3815 de
784 3753 992 3832 Opere
1035 3754 1501 3816 Monachorum
1530 3755 1876 3817 scriberem
1911 3755 2021 3836 (τι),
2052 3774 2242 3835 usque
2275 3754 2356 3816 ad
2381 3753 2565 3816 uerba
2609 3756 2726 3817 col.
2774 3756 2914 3830 639,
2949 3757 3175 3818 Sancte
3208 3755 3402 3818 frater
3432 3760 3682 3820 Aureli.
3782 3763 3868 3821 Μ.

630 3876 703 3946 (ᾳ)
725 3877 914 3927 Librum
936 3878 1065 3929 hunc
1082 3878 1131 3928 in
1157 3879 1590 3946 Betraetationihus
1611 3884 1904 3943 Augustinus
1927 3879 2130 3930 eoilocat
2153 3881 2373 3942 proxime
2393 3886 2510 3930 ante
2542 3894 2669 3944 Opus
2682 3880 2747 3930 de
2772 3887 2898 3930 Bono
2921 3882 3184 3946 (:onjugali,
3211 3884 3338 3946 quod
3358 3886 3554 3934 circiter
3577 3899 3762 3936 annum
3780 3889 3865 3938 «(Ol

569 3940 838 3996 perlectum
861 3952 974 3990 esse
997 3954 1142 4004 supra
1161 3941 1449 3990 notavimus.

1210 4109 1346 4222 S.
1424 4113 2186 4225 AURELII
2235 4110 3240 4230 AUGUSTINI

1781 4304 2296 4367 HIPPONENSIS
2334 4302 2689 4367 EPISCOPI

1076 4440 1320 4568 DE
1382 4357 3377 4578 ΟΡΕιξΕΜὸᾗᾸΕΗΟΒΗΜ

1671 4650 2149 4758 LIBER
2240 4652 2351 4757 [Γ
2339 4656 2454 4762 Ν
2463 4652 2644 4760 US
2681 4653 2789 4728 (τοι

630 4832 806 4913 aurelii
825 4832 1747 4913 episcopinfgtb_a_g_irrtertis_isg“impulsu”
1759 4837 2440 4913 augustiuus‘monaehorum
2463 4852 2657 4913 causam
2693 4843 2777 4904 qui
2799 4855 2872 4913 se
2889 4845 2991 4913 suis
3013 4847 3235 4898 manibus
3267 4851 3623 4913 transigebant,
3647 4856 3876 4910 defendit

561 4897 800 4980 adversus
818 4891 1530 4980 eiusg‘emtpr'oi‘es‘sgonis
1549 4891 1926 4980 nonuulloshimi
1953 4911 2018 4948 ex
2042 4897 2390 4980 oblatipnibus'
2405 4891 2748 4974 religiosorum
2771 4891 3871 4980 sieivole‘baiumvdvere:

562 4956 1477 5038 seﬂpoitiqsuevangghc'a‘prfceptade
1488 4956 1891 5038 vietuetvestitit
1911 4972 2008 5038 pou
2029 4963 2240 5038 curando
2278 4961 2486 5034 implere
2503 4956 2762 5038 Iactat-ent.
2789 4976 2858 5038 Ac_
2874 4956 3098 5030 primum,
3119 4956 3419 5022 (inungui
3436 4956 3873 5038 'iiiii'siiﬁaiii'iiiii!

564 5019 2118 5100 ἔξίξξῖίξὲάίὲἓῗὲῗῗῖίὶΡΡΞΕἮΞἿἎΨΗΕ,ΞἚῩΨΨΗἯΞΨῬΨ
2134 5019 2630 5100 κίεένςῑίῆῼοονῐιοιῖειιίὲν
2673 5040 2770 5100 (ιιξο
2797 5019 2997 5100 ,ϊὲἀωω
3039 5019 3098 5100 ef
3124 5019 3355 5100 ιυεῐίιιὶῖιῖ
3375 5019 3494 5086 ξίΒέ
3500 5019 3853 5100 mai-219st

563 5077 1424 5163 999513:gsiﬁgdjiﬂaqgﬂia
1450 5088 1707 5163 prﬁeepta,
1721 5077 2024 5163 undosum].
2051 5077 2271 5163 monachi
2295 5085 2381 5144 illi,
2404 5077 2501 5157 non
2524 5077 2956 5163 solum'desidiam,
2983 5077 3871 5163 set—leuam-

561 5141 822 5222 apostolico
846 5149 1093 5222 praecepto
1119 5139 1424 5222 et'lctfemplo
1451 5139 1556 5222 non
1578 5139 1693 5192 esse
1717 5146 1955 5222 contraria
2003 5147 2081 5222 Ad
2107 5139 2404 5222 estretmnn,
2431 5150 2630 5199 crinitos
2663 5152 2924 5201 monachos
2945 5139 3304 5218 reprehendit,
3315 5139 3877 5222 Siﬁ‘tié'iii'dé

561 5202 726 5252 contra
751 5202 1046 5265 praeceptum
1067 5202 1381 5266 apostolicum
1405 5205 1590 5252 nutrire
1615 5214 1840 5267 pergant,
1866 5207 2090 5257 obsecrat
2113 5215 2166 5257 et
2190 5202 2494 5259 exhortatur.

637 5287 864 5342 CAPUT
905 5288 1275 5342 PRIMUM.—
1303 5289 1356 5343 1.
1404 5289 1482 5341 At!
1529 5290 1845 5344 scribendum
1896 5291 1991 5345 ltoc
2038 5310 2165 5360 opus

563 5377 821 5446 impulsus
835 5386 906 5430 at
927 5378 988 5431 ab
1004 5380 1224 5432 Aurelio.
1246 5379 1616 5435 Monac/torum:
1637 5384 1724 5454 qui
1739 5385 1939 5452 operari
1960 5386 2155 5448 uolunt,

2274 5295 2446 5361 Opinio
2497 5297 2559 5348 de
2604 5314 2751 5351 sensu
2794 5299 3020 5367 Apostoli
3055 5302 3279 5370 jubculis
3331 5309 3547 5374 operari.
3586 5310 3871 5381 ()ppommt

2274 5384 2535 5457 Evangelii
2574 5400 2877 5460 praeceptum
2918 5393 2980 5446 de
3008 5412 3106 5448 non
3152 5400 3378 5451 curamlo
3419 5406 3680 5473 corporali
3718 5411 3869 5463 victu.

1749 5493 2033 5533 ADHONlTlO
2074 5494 2154 5532 PP.
2195 5495 2674 5538 BENEDICTINORUM.

621 5563 1521 5657 aliinfggfjidegﬁfgg
1545 5571 1704 5657 collati
1728 5584 1846 5657 sam
1864 5574 2059 5657 cpdiees
2099 5577 2820 5657 manuscripti“nolveindeeim:
2852 5586 2956 5652 tres
2993 5581 3217 5657 nimirum
3252 5589 3480 5648 Vaticani,
3528 5591 3713 5657 reliqui
3737 5598 3852 5646 (:alli

565 5624 704 5701 genii
741 5624 959 5701 sciliceﬁ
987 5624 1290 5701 Qolliertiuus
1307 5644 1562 5701 annorum
1588 5635 1714 5701 lere
1753 5635 1862 5693 900,
1886 5637 2083 5701 uegius,
2109 5624 2895 5701 ι·ἱριριηὶηιῖεέίσλιιξὺιὲἰοιιέὶἐξῘιὲηῖἱ

914 5692 1383 5758 sagiensisabbatia:
1405 5701 1458 5758 _S._
1472 5696 1671 5754 Martini,
1698 5692 1924 5745 {detensis
1949 5692 1992 5745 ἑ.
2028 5692 2272 5758 Arnulphi,

563 5752 662 5818 Dei,
689 5749 1087 5818 bernardinorum
1103 5749 1298 5818 collegii
1321 5755 1612 5818 Parisiensis,
1637 5749 1970 5807 (iisterciensis
2017 5749 2238 5818 abbatissa,

565 5688 886 5744 tuichaelinus,

2460 5642 3090 5720 ausisremugiens.
3466 5642 3868 5720 ςνίιπιςηεεῖίρᾱέὶέ,

2310 5701 2518 5772 abbatize
2534 5701 2714 5772 pusulis
2739 5701 2997 5772 Benedicti,
3025 5701 3423 5772 Bernardinorum
3438 5701 3512 5761 'de
3537 5701 3868 5772 Miseri-colui;

2271 5760 2513 5836 Ecclesiae
2534 5763 2875 5836 Lattdunensis,
2907 5760 3357 5836 augusttnianorum
3383 5760 3875 5836 majoris—conﬁnia;

561 5811 869 5885 Parisiensis;
895 5811 1020 5883 item_
1036 5809 1274 5860 lectiones
1295 5815 1534 5885 variantes
1554 5809 1850 5878 Belgicornm
1874 5828 2076 5885 quatuor
2097 5835 2184 5881 per
2199 5809 2518 5871 Lovamenses
2539 5809 3424 5885 eollecL'eIac'edi—t'i’dne-s'Eget-lio:

641 5871 1152 5947 Comparaoimus
1177 5882 1471 5950 prwtcrca
1556 5871 1758 5937 omnes

624 5951 699 6007 (at
721 5950 931 6009 Scriptus
954 5951 1147 6000 circiter
1171 5962 1346 6000 annum
1371 5955 1536 6005 ctu-isti
1565 5959 1669 6005 tuo.

1859 5883 2158 5944 editiones
2188 5885 2374 5949 initio
2407 5885 2576 5946 Hetr.
2606 5883 2995 5970 etCOnfess.,
3019 5901 3060 5950 ι.
3097 5895 3151 5968 1,
3187 5906 3578 5960 memorans.
3671 5905 3755 5966 Μ.
