  <div class='ocr_page' id='page_1' title='image "/cluster/home/n/w/nwhite01/storage/ocr_20150623/40-41/uc1.31175026811482/282.png"; bbox 0 0 4078 6520; ppageno 0'>
   <div class='ocr_carea' id='block_1_1' title="bbox 241 479 344 538">
    <p class='ocr_par' dir='ltr' id='par_1_1' title="bbox 241 479 344 538">
     <span class='ocr_line' id='line_1_1' title="bbox 241 479 344 538; baseline -0.039 0"><span class='ocrx_word' id='word_1_1' title='bbox 241 479 344 538; x_wconf 67' lang='grc'><strong>549</strong></span> 
     </span>
    </p>
   </div>
   <div class='ocr_carea' id='block_1_2' title="bbox 224 592 1821 665">
    <p class='ocr_par' dir='ltr' id='par_1_2' title="bbox 224 592 1821 665">
     <span class='ocr_line' id='line_1_2' title="bbox 224 592 1821 665; baseline -0.004 -14"><span class='ocrx_word' id='word_1_2' title='bbox 224 596 454 665; x_wconf 76' lang='lat' dir='ltr'><strong>Apostoli</strong></span> <span class='ocrx_word' id='word_1_3' title='bbox 489 608 800 665; x_wconf 76' lang='lat' dir='ltr'><strong>prtecepmm</strong></span> <span class='ocrx_word' id='word_1_4' title='bbox 844 603 906 651; x_wconf 83' lang='lat' dir='ltr'><strong>de</strong></span> <span class='ocrx_word' id='word_1_5' title='bbox 953 609 1104 661; x_wconf 83' lang='lat' dir='ltr'><strong>opere</strong></span> <span class='ocrx_word' id='word_1_6' title='bbox 1141 592 1400 661; x_wconf 84' lang='lat' dir='ltr'><strong>spirituali</strong></span> <span class='ocrx_word' id='word_1_7' title='bbox 1429 592 1591 660; x_wconf 83' lang='lat' dir='ltr'><strong>accipi</strong></span> <span class='ocrx_word' id='word_1_8' title='bbox 1633 593 1821 646; x_wconf 79' lang='lat' dir='ltr'><strong>volunt.</strong></span> 
     </span>
    </p>
   </div>
   <div class='ocr_carea' id='block_1_3' title="bbox 226 682 1825 755">
    <p class='ocr_par' dir='ltr' id='par_1_3' title="bbox 226 682 1825 755">
     <span class='ocr_line' id='line_1_3' title="bbox 226 682 1825 755; baseline -0.004 -11"><span class='ocrx_word' id='word_1_9' title='bbox 226 689 552 744; x_wconf 70' lang='lat' dir='ltr'><strong><em>Arbitrantur</em></strong></span> <span class='ocrx_word' id='word_1_10' title='bbox 580 703 633 740; x_wconf 89' lang='lat' dir='ltr'><strong>se</strong></span> <span class='ocrx_word' id='word_1_11' title='bbox 664 703 762 739; x_wconf 91' lang='lat' dir='ltr'><strong>non</strong></span> <span class='ocrx_word' id='word_1_12' title='bbox 790 696 1053 755; x_wconf 75' lang='lat' dir='ltr'><strong>aperantes</strong></span> <span class='ocrx_word' id='word_1_13' title='bbox 1091 684 1290 738; x_wconf 82' lang='lat' dir='ltr'><strong>obedire</strong></span> <span class='ocrx_word' id='word_1_14' title='bbox 1319 682 1560 753; x_wconf 85' lang='lat' dir='ltr'><strong>Apostolo</strong></span> <span class='ocrx_word' id='word_1_15' title='bbox 1583 691 1628 736; x_wconf 90' lang='lat' dir='ltr'><strong>et</strong></span> <span class='ocrx_word' id='word_1_16' title='bbox 1653 683 1825 737; x_wconf 64' lang='lat' dir='ltr'><strong>lavan-</strong></span> 
     </span>
    </p>
   </div>
   <div class='ocr_carea' id='block_1_4' title="bbox 225 774 1825 851">
    <p class='ocr_par' dir='ltr' id='par_1_4' title="bbox 225 774 1825 851">
     <span class='ocr_line' id='line_1_4' title="bbox 225 774 1825 851; baseline -0.003 -17"><span class='ocrx_word' id='word_1_17' title='bbox 225 780 374 851; x_wconf 82' lang='lat' dir='ltr'><strong>gelio.</strong></span> <span class='ocrx_word' id='word_1_18' title='bbox 397 777 635 833; x_wconf 82' lang='lat' dir='ltr'><strong>Jussioni</strong></span> <span class='ocrx_word' id='word_1_19' title='bbox 664 786 788 843; x_wconf 69' lang='lat' dir='ltr'><strong>tum,</strong></span> <span class='ocrx_word' id='word_1_20' title='bbox 818 784 1002 832; x_wconf 97' lang='lat' dir='ltr'><strong>sancte</strong></span> <span class='ocrx_word' id='word_1_21' title='bbox 1046 775 1210 830; x_wconf 86' lang='lat' dir='ltr'><strong>frater</strong></span> <span class='ocrx_word' id='word_1_22' title='bbox 1243 775 1445 840; x_wconf 82' lang='lat' dir='ltr'><strong>Aureli,</strong></span> <span class='ocrx_word' id='word_1_23' title='bbox 1485 784 1632 830; x_wconf 88' lang='lat' dir='ltr'><strong>tanto</strong></span> <span class='ocrx_word' id='word_1_24' title='bbox 1662 774 1825 829; x_wconf 77' lang='lat' dir='ltr'><strong>dero-</strong></span> 
     </span>
    </p>
   </div>
   <div class='ocr_carea' id='block_1_5' title="bbox 227 869 1824 942">
    <p class='ocr_par' dir='ltr' id='par_1_5' title="bbox 227 869 1824 942">
     <span class='ocr_line' id='line_1_5' title="bbox 227 869 1824 942; baseline -0.004 -14"><span class='ocrx_word' id='word_1_25' title='bbox 227 875 328 928; x_wconf 89' lang='lat' dir='ltr'><strong>tius</strong></span> <span class='ocrx_word' id='word_1_26' title='bbox 353 873 730 941; x_wconf 89' lang='lat' dir='ltr'><strong>obtemperare</strong></span> <span class='ocrx_word' id='word_1_27' title='bbox 752 887 837 927; x_wconf 91' lang='lat' dir='ltr'><strong>me</strong></span> <span class='ocrx_word' id='word_1_28' title='bbox 859 874 1112 942; x_wconf 74' lang='lat' dir='ltr'><strong>oportuit,</strong></span> <span class='ocrx_word' id='word_1_29' title='bbox 1135 879 1334 940; x_wconf 90' lang='lat' dir='ltr'><strong>quanto</strong></span> <span class='ocrx_word' id='word_1_30' title='bbox 1355 870 1523 941; x_wconf 83' lang='lat' dir='ltr'><strong>magis</strong></span> <span class='ocrx_word' id='word_1_31' title='bbox 1548 869 1676 924; x_wconf 89' lang='lat' dir='ltr'><strong>mihi</strong></span> <span class='ocrx_word' id='word_1_32' title='bbox 1704 869 1824 940; x_wconf 84' lang='lat' dir='ltr'><strong>quis</strong></span> 
     </span>
    </p>
   </div>
   <div class='ocr_carea' id='block_1_6' title="bbox 229 961 1826 1035">
    <p class='ocr_par' dir='ltr' id='par_1_6' title="bbox 229 961 1826 1035">
     <span class='ocr_line' id='line_1_6' title="bbox 229 961 1826 1035; baseline -0.006 -13"><span class='ocrx_word' id='word_1_33' title='bbox 229 981 294 1022; x_wconf 58' lang='lat' dir='ltr'><strong>et</strong></span> <span class='ocrx_word' id='word_1_34' title='bbox 343 977 398 1020; x_wconf 89' lang='lat' dir='ltr'><strong>te</strong></span> <span class='ocrx_word' id='word_1_35' title='bbox 438 966 683 1035; x_wconf 78' lang='lat' dir='ltr'><strong>jusserit,</strong></span> <span class='ocrx_word' id='word_1_36' title='bbox 732 965 938 1018; x_wconf 90' lang='lat' dir='ltr'><strong>claruit.</strong></span> <span class='ocrx_word' id='word_1_37' title='bbox 991 964 1246 1017; x_wconf 86' lang='lat' dir='ltr'><strong>Dominus</strong></span> <span class='ocrx_word' id='word_1_38' title='bbox 1285 962 1426 1017; x_wconf 87' lang='lat' dir='ltr'><strong>enim</strong></span> <span class='ocrx_word' id='word_1_39' title='bbox 1459 972 1638 1017; x_wconf 87' lang='lat' dir='ltr'><strong>noster</strong></span> <span class='ocrx_word' id='word_1_40' title='bbox 1666 961 1826 1017; x_wconf 78' lang='lat' dir='ltr'><strong>Jesus</strong></span> 
     </span>
    </p>
   </div>
   <div class='ocr_carea' id='block_1_7' title="bbox 225 1054 1823 1124">
    <p class='ocr_par' dir='ltr' id='par_1_7' title="bbox 225 1054 1823 1124">
     <span class='ocr_line' id='line_1_7' title="bbox 225 1054 1823 1124; baseline -0.003 -12"><span class='ocrx_word' id='word_1_41' title='bbox 225 1056 466 1112; x_wconf 80' lang='lat' dir='ltr'><strong>Christus</strong></span> <span class='ocrx_word' id='word_1_42' title='bbox 498 1056 747 1110; x_wconf 89' lang='lat' dir='ltr'><strong>habitans</strong></span> <span class='ocrx_word' id='word_1_43' title='bbox 775 1056 826 1108; x_wconf 94' lang='lat' dir='ltr'><strong>in</strong></span> <span class='ocrx_word' id='word_1_44' title='bbox 857 1055 1090 1110; x_wconf 84' lang='lat' dir='ltr'><strong>interiori</strong></span> <span class='ocrx_word' id='word_1_45' title='bbox 1122 1064 1210 1108; x_wconf 90' lang='lat' dir='ltr'><strong>tuo</strong></span> <span class='ocrx_word' id='word_1_46' title='bbox 1235 1054 1277 1116; x_wconf 73' lang='grc' dir='ltr'><strong>ί,</strong></span> <span class='ocrx_word' id='word_1_47' title='bbox 1322 1055 1520 1124; x_wconf 85' lang='lat' dir='ltr'><strong>tibique</strong></span> <span class='ocrx_word' id='word_1_48' title='bbox 1558 1054 1823 1109; x_wconf 86' lang='lat' dir='ltr'><strong>sollicitu-</strong></span> 
     </span>
    </p>
   </div>
   <div class='ocr_carea' id='block_1_8' title="bbox 224 1146 1821 1218">
    <p class='ocr_par' dir='ltr' id='par_1_8' title="bbox 224 1146 1821 1218">
     <span class='ocr_line' id='line_1_8' title="bbox 224 1146 1821 1218; baseline -0.004 -13"><span class='ocrx_word' id='word_1_49' title='bbox 224 1151 398 1205; x_wconf 83' lang='lat' dir='ltr'><strong>dinem</strong></span> <span class='ocrx_word' id='word_1_50' title='bbox 433 1159 672 1218; x_wconf 68' lang='lat' dir='ltr'><strong>patcrnm</strong></span> <span class='ocrx_word' id='word_1_51' title='bbox 698 1159 748 1203; x_wconf 88' lang='lat' dir='ltr'><strong>et</strong></span> <span class='ocrx_word' id='word_1_52' title='bbox 770 1146 1016 1201; x_wconf 81' lang='lat' dir='ltr'><strong>fraterme</strong></span> <span class='ocrx_word' id='word_1_53' title='bbox 1037 1146 1308 1200; x_wconf 87' lang='lat' dir='ltr'><strong>charitatis</strong></span> <span class='ocrx_word' id='word_1_54' title='bbox 1333 1146 1616 1214; x_wconf 80' lang='lat' dir='ltr'><strong>inspirans,</strong></span> <span class='ocrx_word' id='word_1_55' title='bbox 1641 1157 1821 1200; x_wconf 86' lang='lat' dir='ltr'><strong>utrum</strong></span> 
     </span>
    </p>
   </div>
   <div class='ocr_carea' id='block_1_9' title="bbox 226 1237 1822 1306">
    <p class='ocr_par' dir='ltr' id='par_1_9' title="bbox 226 1237 1822 1306">
     <span class='ocr_line' id='line_1_9' title="bbox 226 1237 1822 1306; baseline -0.003 -10"><span class='ocrx_word' id='word_1_56' title='bbox 226 1241 346 1296; x_wconf 82' lang='lat' dir='ltr'><strong>ﬁliis</strong></span> <span class='ocrx_word' id='word_1_57' title='bbox 373 1248 427 1293; x_wconf 90' lang='lat' dir='ltr'><strong>et</strong></span> <span class='ocrx_word' id='word_1_58' title='bbox 466 1239 726 1293; x_wconf 80' lang='lat' dir='ltr'><strong>fratribus</strong></span> <span class='ocrx_word' id='word_1_59' title='bbox 756 1239 953 1292; x_wconf 89' lang='lat' dir='ltr'><strong>nostris</strong></span> <span class='ocrx_word' id='word_1_60' title='bbox 997 1237 1270 1291; x_wconf 88' lang='lat' dir='ltr'><strong>monachis</strong></span> <span class='ocrx_word' id='word_1_61' title='bbox 1294 1279 1308 1304; x_wconf 88' lang='lat'><strong>,</strong></span> <span class='ocrx_word' id='word_1_62' title='bbox 1342 1238 1431 1306; x_wconf 90' lang='lat' dir='ltr'><strong>qui</strong></span> <span class='ocrx_word' id='word_1_63' title='bbox 1465 1237 1619 1292; x_wconf 88' lang='lat' dir='ltr'><strong>beato</strong></span> <span class='ocrx_word' id='word_1_64' title='bbox 1658 1238 1822 1292; x_wconf 86' lang='lat' dir='ltr'><strong>Paulo</strong></span> 
     </span>
    </p>
   </div>
   <div class='ocr_carea' id='block_1_10' title="bbox 223 1327 1819 1401">
    <p class='ocr_par' dir='ltr' id='par_1_10' title="bbox 223 1327 1819 1401">
     <span class='ocr_line' id='line_1_10' title="bbox 223 1327 1819 1401; baseline -0.003 -14"><span class='ocrx_word' id='word_1_65' title='bbox 223 1332 462 1401; x_wconf 86' lang='lat' dir='ltr'><strong>apostolo</strong></span> <span class='ocrx_word' id='word_1_66' title='bbox 491 1330 714 1384; x_wconf 86' lang='lat' dir='ltr'><strong>obedire</strong></span> <span class='ocrx_word' id='word_1_67' title='bbox 742 1330 1007 1400; x_wconf 86' lang='lat' dir='ltr'><strong>negligant</strong></span> <span class='ocrx_word' id='word_1_68' title='bbox 1054 1329 1270 1395; x_wconf 75' lang='lat' dir='ltr'><strong>dicenti,</strong></span> <span class='ocrx_word' id='word_1_69' title='bbox 1307 1328 1409 1392; x_wconf 96' lang='lat' dir='ltr'><strong>Qui</strong></span> <span class='ocrx_word' id='word_1_70' title='bbox 1435 1345 1536 1382; x_wconf 91' lang='lat' dir='ltr'><strong>non</strong></span> <span class='ocrx_word' id='word_1_71' title='bbox 1562 1327 1669 1381; x_wconf 89' lang='lat' dir='ltr'><strong>vult</strong></span> <span class='ocrx_word' id='word_1_72' title='bbox 1693 1345 1819 1398; x_wconf 86' lang='lat' dir='ltr'><strong>ope-</strong></span> 
     </span>
    </p>
   </div>
   <div class='ocr_carea' id='block_1_11' title="bbox 220 1418 1824 1493">
    <p class='ocr_par' dir='ltr' id='par_1_11' title="bbox 220 1418 1824 1493">
     <span class='ocr_line' id='line_1_11' title="bbox 220 1418 1824 1493; baseline -0.003 -17"><span class='ocrx_word' id='word_1_73' title='bbox 220 1423 346 1486; x_wconf 87' lang='lat' dir='ltr'><strong>rari,</strong></span> <span class='ocrx_word' id='word_1_74' title='bbox 378 1439 478 1476; x_wconf 87' lang='lat' dir='ltr'><strong>non</strong></span> <span class='ocrx_word' id='word_1_75' title='bbox 507 1422 774 1474; x_wconf 82' lang='lat' dir='ltr'><strong>manducet</strong></span> <span class='ocrx_word' id='word_1_76' title='bbox 806 1419 872 1493; x_wconf 87' lang='lat' dir='ltr'><strong>(ll</strong></span> <span class='ocrx_word' id='word_1_77' title='bbox 904 1419 1078 1472; x_wconf 80' lang='lat' dir='ltr'><strong>Thess.</strong></span> <span class='ocrx_word' id='word_1_78' title='bbox 1112 1435 1188 1483; x_wconf 87' lang='grc' dir='ltr'>ιιι,</span> <span class='ocrx_word' id='word_1_79' title='bbox 1215 1418 1322 1486; x_wconf 81' lang='lat'><strong>10),</strong></span> <span class='ocrx_word' id='word_1_80' title='bbox 1368 1418 1722 1487; x_wconf 88' lang='lat' dir='ltr'><strong>permittenda</strong></span> <span class='ocrx_word' id='word_1_81' title='bbox 1754 1419 1824 1471; x_wconf 86' lang='lat' dir='ltr'><strong>sit</strong></span> 
     </span>
    </p>
   </div>
   <div class='ocr_carea' id='block_1_12' title="bbox 225 1510 1822 1579">
    <p class='ocr_par' dir='ltr' id='par_1_12' title="bbox 225 1510 1822 1579">
     <span class='ocr_line' id='line_1_12' title="bbox 225 1510 1822 1579; baseline -0.003 -11"><span class='ocrx_word' id='word_1_82' title='bbox 225 1515 321 1568; x_wconf 84' lang='lat' dir='ltr'><strong>ista</strong></span> <span class='ocrx_word' id='word_1_83' title='bbox 350 1513 587 1579; x_wconf 85' lang='lat' dir='ltr'><strong>licentia,</strong></span> <span class='ocrx_word' id='word_1_84' title='bbox 619 1512 943 1565; x_wconf 86' lang='lat' dir='ltr'><strong>voluntatem</strong></span> <span class='ocrx_word' id='word_1_85' title='bbox 985 1525 1047 1564; x_wconf 92' lang='lat' dir='ltr'><strong>ac</strong></span> <span class='ocrx_word' id='word_1_86' title='bbox 1097 1510 1325 1579; x_wconf 78' lang='lat' dir='ltr'><strong>linguam</strong></span> <span class='ocrx_word' id='word_1_87' title='bbox 1368 1517 1509 1562; x_wconf 92' lang='lat' dir='ltr'><strong>tuam</strong></span> <span class='ocrx_word' id='word_1_88' title='bbox 1542 1523 1822 1564; x_wconf 76' lang='lat' dir='ltr'><strong>assumens</strong></span> 
     </span>
    </p>
   </div>
   <div class='ocr_carea' id='block_1_13' title="bbox 226 1599 1821 1673">
    <p class='ocr_par' dir='ltr' id='par_1_13' title="bbox 226 1599 1821 1673">
     <span class='ocr_line' id='line_1_13' title="bbox 226 1599 1821 1673; baseline -0.002 -15"><span class='ocrx_word' id='word_1_89' title='bbox 226 1606 276 1657; x_wconf 88' lang='lat' dir='ltr'><strong>in</strong></span> <span class='ocrx_word' id='word_1_90' title='bbox 319 1618 456 1673; x_wconf 90' lang='lat' dir='ltr'><strong>opus</strong></span> <span class='ocrx_word' id='word_1_91' title='bbox 505 1617 661 1657; x_wconf 88' lang='lat' dir='ltr'><strong>suum</strong></span> <span class='ocrx_word' id='word_1_92' title='bbox 687 1642 702 1666; x_wconf 93' lang='lat'><strong>,</strong></span> <span class='ocrx_word' id='word_1_93' title='bbox 739 1601 1015 1672; x_wconf 89' lang='lat' dir='ltr'><strong>imperavit</strong></span> <span class='ocrx_word' id='word_1_94' title='bbox 1045 1600 1172 1654; x_wconf 91' lang='lat' dir='ltr'><strong>mihi</strong></span> <span class='ocrx_word' id='word_1_95' title='bbox 1201 1617 1265 1654; x_wconf 84' lang='lat' dir='ltr'><strong>ex</strong></span> <span class='ocrx_word' id='word_1_96' title='bbox 1300 1609 1350 1656; x_wconf 89' lang='lat' dir='ltr'><strong>te</strong></span> <span class='ocrx_word' id='word_1_97' title='bbox 1370 1643 1383 1665; x_wconf 95' lang='lat'><strong>,</strong></span> <span class='ocrx_word' id='word_1_98' title='bbox 1429 1608 1489 1654; x_wconf 91' lang='lat' dir='ltr'><strong>ut</strong></span> <span class='ocrx_word' id='word_1_99' title='bbox 1518 1599 1642 1655; x_wconf 89' lang='lat' dir='ltr'><strong>hinc</strong></span> <span class='ocrx_word' id='word_1_100' title='bbox 1671 1600 1737 1654; x_wconf 89' lang='lat' dir='ltr'><strong>ad</strong></span> <span class='ocrx_word' id='word_1_101' title='bbox 1770 1609 1821 1655; x_wconf 93' lang='lat' dir='ltr'><strong>tc</strong></span> 
     </span>
    </p>
   </div>
   <div class='ocr_carea' id='block_1_14' title="bbox 226 1691 1820 1764">
    <p class='ocr_par' dir='ltr' id='par_1_14' title="bbox 226 1691 1820 1764">
     <span class='ocr_line' id='line_1_14' title="bbox 226 1691 1820 1764; baseline -0.001 -17"><span class='ocrx_word' id='word_1_102' title='bbox 226 1694 427 1764; x_wconf 83' lang='lat' dir='ltr'><strong>aliquid</strong></span> <span class='ocrx_word' id='word_1_103' title='bbox 456 1695 772 1749; x_wconf 88' lang='lat' dir='ltr'><strong>scriberem.</strong></span> <span class='ocrx_word' id='word_1_104' title='bbox 804 1692 957 1747; x_wconf 83' lang='lat' dir='ltr'><strong>Adsit</strong></span> <span class='ocrx_word' id='word_1_105' title='bbox 985 1693 1160 1762; x_wconf 82' lang='lat' dir='ltr'><strong>itaque</strong></span> <span class='ocrx_word' id='word_1_106' title='bbox 1189 1692 1299 1760; x_wconf 88' lang='lat' dir='ltr'><strong>ipse</strong></span> <span class='ocrx_word' id='word_1_107' title='bbox 1327 1691 1488 1746; x_wconf 89' lang='lat' dir='ltr'><strong>etiam</strong></span> <span class='ocrx_word' id='word_1_108' title='bbox 1520 1692 1672 1757; x_wconf 91' lang='lat' dir='ltr'><strong>mihi,</strong></span> <span class='ocrx_word' id='word_1_109' title='bbox 1713 1707 1820 1762; x_wconf 87' lang='lat' dir='ltr'><strong>quo</strong></span> 
     </span>
    </p>
   </div>
   <div class='ocr_carea' id='block_1_15' title="bbox 225 1783 1818 1854">
    <p class='ocr_par' dir='ltr' id='par_1_15' title="bbox 225 1783 1818 1854">
     <span class='ocr_line' id='line_1_15' title="bbox 225 1783 1818 1854; baseline -0.001 -16"><span class='ocrx_word' id='word_1_110' title='bbox 225 1787 291 1839; x_wconf 87' lang='lat' dir='ltr'><strong>ita</strong></span> <span class='ocrx_word' id='word_1_111' title='bbox 321 1800 562 1854; x_wconf 87' lang='lat' dir='ltr'><strong>paream,</strong></span> <span class='ocrx_word' id='word_1_112' title='bbox 596 1793 654 1838; x_wconf 91' lang='lat' dir='ltr'><strong>ut</strong></span> <span class='ocrx_word' id='word_1_113' title='bbox 678 1785 726 1839; x_wconf 89' lang='lat' dir='ltr'><strong>ei</strong></span> <span class='ocrx_word' id='word_1_114' title='bbox 757 1799 841 1838; x_wconf 90' lang='lat' dir='ltr'><strong>me</strong></span> <span class='ocrx_word' id='word_1_115' title='bbox 870 1799 1058 1853; x_wconf 89' lang='lat' dir='ltr'><strong>parcre</strong></span> <span class='ocrx_word' id='word_1_116' title='bbox 1084 1798 1150 1837; x_wconf 83' lang='lat' dir='ltr'><strong>ex</strong></span> <span class='ocrx_word' id='word_1_117' title='bbox 1176 1783 1291 1852; x_wconf 83' lang='lat' dir='ltr'><strong>ejus</strong></span> <span class='ocrx_word' id='word_1_118' title='bbox 1319 1799 1539 1839; x_wconf 91' lang='lat' dir='ltr'><strong>munere</strong></span> <span class='ocrx_word' id='word_1_119' title='bbox 1570 1784 1683 1853; x_wconf 88' lang='lat' dir='ltr'><strong>ipsa</strong></span> <span class='ocrx_word' id='word_1_120' title='bbox 1710 1783 1818 1838; x_wconf 90' lang='lat' dir='ltr'><strong>uti-</strong></span> 
     </span>
    </p>
   </div>
   <div class='ocr_carea' id='block_1_16' title="bbox 225 1875 1226 1945">
    <p class='ocr_par' dir='ltr' id='par_1_16' title="bbox 225 1875 1226 1945">
     <span class='ocr_line' id='line_1_16' title="bbox 225 1875 1226 1945; baseline -0.003 -15"><span class='ocrx_word' id='word_1_121' title='bbox 225 1878 374 1932; x_wconf 85' lang='lat' dir='ltr'><strong>litate</strong></span> <span class='ocrx_word' id='word_1_122' title='bbox 403 1877 657 1932; x_wconf 90' lang='lat' dir='ltr'><strong>frnctuosi</strong></span> <span class='ocrx_word' id='word_1_123' title='bbox 692 1876 887 1929; x_wconf 88' lang='lat' dir='ltr'><strong>laboris</strong></span> <span class='ocrx_word' id='word_1_124' title='bbox 918 1875 1226 1945; x_wconf 80' lang='lat' dir='ltr'><strong>intelligam.</strong></span> 
     </span>
    </p>
   </div>
   <div class='ocr_carea' id='block_1_17' title="bbox 287 1967 1819 2039">
    <p class='ocr_par' dir='ltr' id='par_1_17' title="bbox 287 1967 1819 2039">
     <span class='ocr_line' id='line_1_17' title="bbox 287 1967 1819 2039; baseline 0 -15"><span class='ocrx_word' id='word_1_125' title='bbox 287 1971 346 2024; x_wconf 70' lang='lat'><strong>3.</strong></span> <span class='ocrx_word' id='word_1_126' title='bbox 393 1970 634 2025; x_wconf 89' lang='lat' dir='ltr'><strong>Primum</strong></span> <span class='ocrx_word' id='word_1_127' title='bbox 675 1984 802 2039; x_wconf 89' lang='lat' dir='ltr'><strong>ergo</strong></span> <span class='ocrx_word' id='word_1_128' title='bbox 827 1967 1113 2023; x_wconf 87' lang='lat' dir='ltr'><strong>videndum</strong></span> <span class='ocrx_word' id='word_1_129' title='bbox 1153 1967 1279 2037; x_wconf 88' lang='lat' dir='ltr'><strong>quid</strong></span> <span class='ocrx_word' id='word_1_130' title='bbox 1309 1967 1488 2023; x_wconf 86' lang='lat' dir='ltr'><strong>dicant</strong></span> <span class='ocrx_word' id='word_1_131' title='bbox 1519 1968 1661 2023; x_wconf 91' lang='lat' dir='ltr'><strong>illius</strong></span> <span class='ocrx_word' id='word_1_132' title='bbox 1693 1983 1819 2039; x_wconf 91' lang='lat' dir='ltr'><strong>pro-</strong></span> 
     </span>
    </p>
   </div>
   <div class='ocr_carea' id='block_1_18' title="bbox 224 2058 1818 2128">
    <p class='ocr_par' dir='ltr' id='par_1_18' title="bbox 224 2058 1818 2128">
     <span class='ocr_line' id='line_1_18' title="bbox 224 2058 1818 2128; baseline 0.001 -14"><span class='ocrx_word' id='word_1_133' title='bbox 224 2060 474 2116; x_wconf 76' lang='lat' dir='ltr'><strong>fessionis</strong></span> <span class='ocrx_word' id='word_1_134' title='bbox 501 2059 751 2115; x_wconf 79' lang='lat' dir='ltr'><strong>homines</strong></span> <span class='ocrx_word' id='word_1_135' title='bbox 779 2059 867 2128; x_wconf 90' lang='lat' dir='ltr'><strong>qui</strong></span> <span class='ocrx_word' id='word_1_136' title='bbox 899 2058 1109 2128; x_wconf 83' lang='lat' dir='ltr'><strong>Operari</strong></span> <span class='ocrx_word' id='word_1_137' title='bbox 1136 2059 1325 2113; x_wconf 82' lang='lat' dir='ltr'><strong>nolunt</strong></span> <span class='ocrx_word' id='word_1_138' title='bbox 1357 2077 1369 2112; x_wconf 89' lang='lat'><strong>:</strong></span> <span class='ocrx_word' id='word_1_139' title='bbox 1403 2058 1617 2126; x_wconf 89' lang='lat' dir='ltr'><strong>deinde,</strong></span> <span class='ocrx_word' id='word_1_140' title='bbox 1650 2060 1695 2114; x_wconf 90' lang='lat' dir='ltr'><strong>si</strong></span> <span class='ocrx_word' id='word_1_141' title='bbox 1723 2075 1818 2116; x_wconf 90' lang='lat' dir='ltr'><strong>eos</strong></span> 
     </span>
    </p>
   </div>
   <div class='ocr_carea' id='block_1_19' title="bbox 222 2149 1815 2215">
    <p class='ocr_par' dir='ltr' id='par_1_19' title="bbox 222 2149 1815 2215">
     <span class='ocr_line' id='line_1_19' title="bbox 222 2149 1815 2215; baseline 0 -9"><span class='ocrx_word' id='word_1_142' title='bbox 222 2166 328 2207; x_wconf 84' lang='lat' dir='ltr'><strong>non</strong></span> <span class='ocrx_word' id='word_1_143' title='bbox 360 2162 510 2207; x_wconf 87' lang='lat' dir='ltr'><strong>recte</strong></span> <span class='ocrx_word' id='word_1_144' title='bbox 535 2151 738 2206; x_wconf 89' lang='lat' dir='ltr'><strong>sentire</strong></span> <span class='ocrx_word' id='word_1_145' title='bbox 776 2149 1135 2203; x_wconf 82' lang='lat' dir='ltr'><strong>invenerimus</strong></span> <span class='ocrx_word' id='word_1_146' title='bbox 1160 2191 1175 2215; x_wconf 92' lang='lat'><strong>,</strong></span> <span class='ocrx_word' id='word_1_147' title='bbox 1207 2149 1272 2203; x_wconf 86' lang='lat' dir='ltr'><strong>ad</strong></span> <span class='ocrx_word' id='word_1_148' title='bbox 1303 2165 1488 2204; x_wconf 89' lang='lat' dir='ltr'><strong>eorum</strong></span> <span class='ocrx_word' id='word_1_149' title='bbox 1518 2151 1815 2206; x_wconf 88' lang='lat' dir='ltr'><strong>correctio-</strong></span> 
     </span>
    </p>
   </div>
   <div class='ocr_carea' id='block_1_20' title="bbox 221 2242 1818 2316">
    <p class='ocr_par' dir='ltr' id='par_1_20' title="bbox 221 2242 1818 2316">
     <span class='ocr_line' id='line_1_20' title="bbox 221 2242 1818 2316; baseline -0.001 -15"><span class='ocrx_word' id='word_1_150' title='bbox 221 2261 343 2301; x_wconf 88' lang='lat' dir='ltr'><strong>nem</strong></span> <span class='ocrx_word' id='word_1_151' title='bbox 384 2245 512 2316; x_wconf 89' lang='lat' dir='ltr'><strong>quid</strong></span> <span class='ocrx_word' id='word_1_152' title='bbox 544 2243 852 2299; x_wconf 91' lang='lat' dir='ltr'><strong>dicendum.</strong></span> <span class='ocrx_word' id='word_1_153' title='bbox 883 2242 1018 2307; x_wconf 86' lang='lat' dir='ltr'><strong>Non,</strong></span> <span class='ocrx_word' id='word_1_154' title='bbox 1069 2243 1347 2313; x_wconf 90' lang='lat' dir='ltr'><strong>inquiunt,</strong></span> <span class='ocrx_word' id='word_1_155' title='bbox 1393 2243 1459 2298; x_wconf 92' lang='lat' dir='ltr'><strong>de</strong></span> <span class='ocrx_word' id='word_1_156' title='bbox 1506 2243 1608 2298; x_wconf 90' lang='lat' dir='ltr'><strong>hoc</strong></span> <span class='ocrx_word' id='word_1_157' title='bbox 1654 2258 1818 2314; x_wconf 89' lang='lat' dir='ltr'><strong>opere</strong></span> 
     </span>
    </p>
   </div>
   <div class='ocr_carea' id='block_1_21' title="bbox 217 2332 1811 2407">
    <p class='ocr_par' dir='ltr' id='par_1_21' title="bbox 217 2332 1811 2407">
     <span class='ocr_line' id='line_1_21' title="bbox 217 2332 1811 2407; baseline -0.003 -15"><span class='ocrx_word' id='word_1_158' title='bbox 217 2337 508 2407; x_wconf 83' lang='lat' dir='ltr'><strong>corporali,</strong></span> <span class='ocrx_word' id='word_1_159' title='bbox 543 2336 595 2390; x_wconf 94' lang='lat' dir='ltr'><strong>in</strong></span> <span class='ocrx_word' id='word_1_160' title='bbox 626 2351 734 2405; x_wconf 90' lang='lat' dir='ltr'><strong>quo</strong></span> <span class='ocrx_word' id='word_1_161' title='bbox 769 2335 849 2389; x_wconf 85' lang='lat' dir='ltr'><strong>vel</strong></span> <span class='ocrx_word' id='word_1_162' title='bbox 879 2333 1129 2403; x_wconf 63' lang='lat' dir='ltr'><strong>agricolae</strong></span> <span class='ocrx_word' id='word_1_163' title='bbox 1158 2333 1240 2388; x_wconf 84' lang='lat' dir='ltr'><strong>vel</strong></span> <span class='ocrx_word' id='word_1_164' title='bbox 1284 2332 1503 2401; x_wconf 81' lang='lat' dir='ltr'><strong>opifices</strong></span> <span class='ocrx_word' id='word_1_165' title='bbox 1548 2333 1811 2402; x_wconf 87' lang='lat' dir='ltr'><strong>laborant,</strong></span> 
     </span>
    </p>
   </div>
   <div class='ocr_carea' id='block_1_22' title="bbox 217 2425 1814 2499">
    <p class='ocr_par' dir='ltr' id='par_1_22' title="bbox 217 2425 1814 2499">
     <span class='ocr_line' id='line_1_22' title="bbox 217 2425 1814 2499; baseline -0.003 -15"><span class='ocrx_word' id='word_1_166' title='bbox 217 2433 471 2499; x_wconf 62' lang='lat' dir='ltr'><strong>pra-cepit</strong></span> <span class='ocrx_word' id='word_1_167' title='bbox 503 2427 794 2497; x_wconf 88' lang='lat' dir='ltr'><strong>Apostolus</strong></span> <span class='ocrx_word' id='word_1_168' title='bbox 818 2467 832 2492; x_wconf 92' lang='lat'><strong>,</strong></span> <span class='ocrx_word' id='word_1_169' title='bbox 862 2443 983 2481; x_wconf 87' lang='lat' dir='ltr'><strong>cum</strong></span> <span class='ocrx_word' id='word_1_170' title='bbox 1011 2425 1214 2480; x_wconf 89' lang='lat' dir='ltr'><strong>diceret</strong></span> <span class='ocrx_word' id='word_1_171' title='bbox 1234 2468 1247 2487; x_wconf 90' lang='lat'><strong>,</strong></span> <span class='ocrx_word' id='word_1_172' title='bbox 1290 2425 1389 2490; x_wconf 89' lang='lat' dir='ltr'><strong>Qui</strong></span> <span class='ocrx_word' id='word_1_173' title='bbox 1429 2442 1528 2479; x_wconf 90' lang='lat' dir='ltr'><strong>non</strong></span> <span class='ocrx_word' id='word_1_174' title='bbox 1558 2426 1662 2480; x_wconf 95' lang='lat' dir='ltr'><strong>vult</strong></span> <span class='ocrx_word' id='word_1_175' title='bbox 1691 2443 1814 2496; x_wconf 82' lang='lat' dir='ltr'><strong>ope-</strong></span> 
     </span>
    </p>
   </div>
   <div class='ocr_carea' id='block_1_23' title="bbox 215 2518 1814 2590">
    <p class='ocr_par' dir='ltr' id='par_1_23' title="bbox 215 2518 1814 2590">
     <span class='ocr_line' id='line_1_23' title="bbox 215 2518 1814 2590; baseline -0.001 -14"><span class='ocrx_word' id='word_1_176' title='bbox 215 2525 339 2590; x_wconf 85' lang='lat' dir='ltr'><strong>rari,</strong></span> <span class='ocrx_word' id='word_1_177' title='bbox 365 2540 468 2577; x_wconf 87' lang='lat' dir='ltr'><strong>non</strong></span> <span class='ocrx_word' id='word_1_178' title='bbox 496 2521 785 2575; x_wconf 80' lang='lat' dir='ltr'><strong>manducet.</strong></span> <span class='ocrx_word' id='word_1_179' title='bbox 814 2519 996 2590; x_wconf 84' lang='lat' dir='ltr'><strong>Neque</strong></span> <span class='ocrx_word' id='word_1_180' title='bbox 1017 2519 1157 2574; x_wconf 89' lang='lat' dir='ltr'><strong>enim</strong></span> <span class='ocrx_word' id='word_1_181' title='bbox 1179 2518 1469 2588; x_wconf 73' lang='lat' dir='ltr'><strong>Erangelio</strong></span> <span class='ocrx_word' id='word_1_182' title='bbox 1485 2527 1673 2589; x_wconf 90' lang='lat' dir='ltr'><strong>posset</strong></span> <span class='ocrx_word' id='word_1_183' title='bbox 1693 2534 1814 2576; x_wconf 89' lang='lat' dir='ltr'><strong>esse</strong></span> 
     </span>
    </p>
   </div>
   <div class='ocr_carea' id='block_1_24' title="bbox 215 2609 1816 2681">
    <p class='ocr_par' dir='ltr' id='par_1_24' title="bbox 215 2609 1816 2681">
     <span class='ocr_line' id='line_1_24' title="bbox 215 2609 1816 2681; baseline -0.004 -10"><span class='ocrx_word' id='word_1_184' title='bbox 215 2617 542 2680; x_wconf 90' lang='lat' dir='ltr'><strong>contrarius,</strong></span> <span class='ocrx_word' id='word_1_185' title='bbox 570 2613 660 2667; x_wconf 91' lang='lat' dir='ltr'><strong>ubi</strong></span> <span class='ocrx_word' id='word_1_186' title='bbox 697 2613 771 2667; x_wconf 88' lang='lat' dir='ltr'><strong>ait</strong></span> <span class='ocrx_word' id='word_1_187' title='bbox 795 2611 911 2681; x_wconf 87' lang='lat' dir='ltr'><strong>ipse</strong></span> <span class='ocrx_word' id='word_1_188' title='bbox 944 2611 1202 2665; x_wconf 87' lang='lat' dir='ltr'><strong>Dominus</strong></span> <span class='ocrx_word' id='word_1_189' title='bbox 1227 2627 1239 2664; x_wconf 89' lang='lat'><strong>:</strong></span> <span class='ocrx_word' id='word_1_190' title='bbox 1273 2609 1400 2663; x_wconf 82' lang='lat' dir='ltr'><strong>Ideo</strong></span> <span class='ocrx_word' id='word_1_191' title='bbox 1427 2609 1542 2663; x_wconf 88' lang='lat' dir='ltr'><strong>dico</strong></span> <span class='ocrx_word' id='word_1_192' title='bbox 1568 2609 1724 2674; x_wconf 88' lang='lat' dir='ltr'><strong>vobis,</strong></span> <span class='ocrx_word' id='word_1_193' title='bbox 1751 2627 1816 2665; x_wconf 86' lang='lat' dir='ltr'><strong>ne</strong></span> 
     </span>
    </p>
   </div>
   <div class='ocr_carea' id='block_1_25' title="bbox 213 2702 1814 2774">
    <p class='ocr_par' dir='ltr' id='par_1_25' title="bbox 213 2702 1814 2774">
     <span class='ocr_line' id='line_1_25' title="bbox 213 2702 1814 2774; baseline -0.006 -10"><span class='ocrx_word' id='word_1_194' title='bbox 213 2709 420 2764; x_wconf 74' lang='lat' dir='ltr'><strong>solliciti</strong></span> <span class='ocrx_word' id='word_1_195' title='bbox 444 2708 554 2761; x_wconf 90' lang='lat' dir='ltr'><strong>sitis</strong></span> <span class='ocrx_word' id='word_1_196' title='bbox 584 2707 770 2759; x_wconf 71' lang='lat' dir='ltr'><strong>animm</strong></span> <span class='ocrx_word' id='word_1_197' title='bbox 796 2713 973 2758; x_wconf 68' lang='lat' dir='ltr'><strong>vestra:</strong></span> <span class='ocrx_word' id='word_1_198' title='bbox 999 2702 1122 2774; x_wconf 81' lang='lat' dir='ltr'><strong>quid</strong></span> <span class='ocrx_word' id='word_1_199' title='bbox 1150 2702 1482 2768; x_wconf 84' lang='lat' dir='ltr'><strong>manducetis,</strong></span> <span class='ocrx_word' id='word_1_200' title='bbox 1513 2719 1672 2774; x_wconf 88' lang='lat' dir='ltr'><strong>neque</strong></span> <span class='ocrx_word' id='word_1_201' title='bbox 1695 2718 1814 2756; x_wconf 90' lang='lat' dir='ltr'><strong>cor-</strong></span> 
     </span>
    </p>
   </div>
   <div class='ocr_carea' id='block_1_26' title="bbox 214 2792 1813 2871">
    <p class='ocr_par' dir='ltr' id='par_1_26' title="bbox 214 2792 1813 2871">
     <span class='ocr_line' id='line_1_26' title="bbox 214 2792 1813 2871; baseline -0.004 -18"><span class='ocrx_word' id='word_1_202' title='bbox 214 2801 324 2871; x_wconf 86' lang='lat' dir='ltr'><strong>pori</strong></span> <span class='ocrx_word' id='word_1_203' title='bbox 354 2808 516 2853; x_wconf 80' lang='lat' dir='ltr'><strong>vestro</strong></span> <span class='ocrx_word' id='word_1_204' title='bbox 546 2797 669 2864; x_wconf 86' lang='lat' dir='ltr'><strong>quid</strong></span> <span class='ocrx_word' id='word_1_205' title='bbox 689 2794 990 2848; x_wconf 82' lang='lat' dir='ltr'><strong>induamini.</strong></span> <span class='ocrx_word' id='word_1_206' title='bbox 1022 2792 1205 2847; x_wconf 87' lang='lat' dir='ltr'><strong>Nonne</strong></span> <span class='ocrx_word' id='word_1_207' title='bbox 1229 2794 1401 2845; x_wconf 87' lang='lat' dir='ltr'><strong>anima</strong></span> <span class='ocrx_word' id='word_1_208' title='bbox 1427 2792 1540 2862; x_wconf 82' lang='lat' dir='ltr'><strong>plus</strong></span> <span class='ocrx_word' id='word_1_209' title='bbox 1565 2802 1636 2846; x_wconf 90' lang='lat' dir='ltr'><strong>est</strong></span> <span class='ocrx_word' id='word_1_210' title='bbox 1659 2809 1813 2863; x_wconf 90' lang='lat' dir='ltr'><strong>quam</strong></span> 
     </span>
    </p>
   </div>
   <div class='ocr_carea' id='block_1_27' title="bbox 213 2883 1814 2960">
    <p class='ocr_par' dir='ltr' id='par_1_27' title="bbox 213 2883 1814 2960">
     <span class='ocr_line' id='line_1_27' title="bbox 213 2883 1814 2960; baseline -0.004 -15"><span class='ocrx_word' id='word_1_211' title='bbox 213 2909 326 2945; x_wconf 84' lang='lat' dir='ltr'><strong>esca</strong></span> <span class='ocrx_word' id='word_1_212' title='bbox 350 2933 366 2958; x_wconf 93' lang='lat'><strong>,</strong></span> <span class='ocrx_word' id='word_1_213' title='bbox 393 2899 440 2944; x_wconf 87' lang='lat' dir='ltr'><strong>et</strong></span> <span class='ocrx_word' id='word_1_214' title='bbox 466 2905 654 2960; x_wconf 86' lang='lat' dir='ltr'><strong>corpus</strong></span> <span class='ocrx_word' id='word_1_215' title='bbox 680 2903 829 2958; x_wconf 89' lang='lat' dir='ltr'><strong>quam</strong></span> <span class='ocrx_word' id='word_1_216' title='bbox 857 2884 1242 2939; x_wconf 81' lang='lat' dir='ltr'><strong>vestimentum?</strong></span> <span class='ocrx_word' id='word_1_217' title='bbox 1278 2883 1564 2954; x_wconf 88' lang='lat' dir='ltr'><strong>Conspicite</strong></span> <span class='ocrx_word' id='word_1_218' title='bbox 1589 2884 1814 2938; x_wconf 79' lang='lat' dir='ltr'><strong>volatilia</strong></span> 
     </span>
    </p>
   </div>
   <div class='ocr_carea' id='block_1_28' title="bbox 212 2983 1810 3054">
    <p class='ocr_par' dir='ltr' id='par_1_28' title="bbox 212 2983 1810 3054">
     <span class='ocr_line' id='line_1_28' title="bbox 212 2983 1810 3054; baseline -0.005 -16"><span class='ocrx_word' id='word_1_219' title='bbox 212 2985 339 3049; x_wconf 60' lang='lat' dir='ltr'><strong>celi,</strong></span> <span class='ocrx_word' id='word_1_220' title='bbox 374 2983 614 3054; x_wconf 89' lang='lat' dir='ltr'><strong>quoniam</strong></span> <span class='ocrx_word' id='word_1_221' title='bbox 639 2997 740 3034; x_wconf 91' lang='lat' dir='ltr'><strong>non</strong></span> <span class='ocrx_word' id='word_1_222' title='bbox 762 2987 955 3044; x_wconf 88' lang='lat' dir='ltr'><strong>serunt,</strong></span> <span class='ocrx_word' id='word_1_223' title='bbox 985 2992 1141 3047; x_wconf 87' lang='lat' dir='ltr'><strong>neque</strong></span> <span class='ocrx_word' id='word_1_224' title='bbox 1165 2985 1378 3043; x_wconf 89' lang='lat' dir='ltr'><strong>metunt,</strong></span> <span class='ocrx_word' id='word_1_225' title='bbox 1409 2993 1568 3045; x_wconf 85' lang='lat' dir='ltr'><strong>neque</strong></span> <span class='ocrx_word' id='word_1_226' title='bbox 1596 2993 1810 3048; x_wconf 83' lang='lat' dir='ltr'><strong>congre—</strong></span> 
     </span>
    </p>
   </div>
   <div class='ocr_carea' id='block_1_29' title="bbox 211 3065 1813 3147">
    <p class='ocr_par' dir='ltr' id='par_1_29' title="bbox 211 3065 1813 3147">
     <span class='ocr_line' id='line_1_29' title="bbox 211 3065 1813 3147; baseline -0.004 -19"><span class='ocrx_word' id='word_1_227' title='bbox 211 3086 330 3147; x_wconf 85' lang='lat' dir='ltr'><strong>gant</strong></span> <span class='ocrx_word' id='word_1_228' title='bbox 351 3076 403 3128; x_wconf 90' lang='lat' dir='ltr'><strong>in</strong></span> <span class='ocrx_word' id='word_1_229' title='bbox 430 3075 650 3137; x_wconf 87' lang='lat' dir='ltr'><strong>horrea;</strong></span> <span class='ocrx_word' id='word_1_230' title='bbox 673 3081 718 3125; x_wconf 90' lang='lat' dir='ltr'><strong>et</strong></span> <span class='ocrx_word' id='word_1_231' title='bbox 747 3068 900 3123; x_wconf 78' lang='lat' dir='ltr'><strong>Pater</strong></span> <span class='ocrx_word' id='word_1_232' title='bbox 923 3078 1081 3124; x_wconf 83' lang='lat' dir='ltr'><strong>vester</strong></span> <span class='ocrx_word' id='word_1_233' title='bbox 1105 3067 1316 3123; x_wconf 67' lang='lat' dir='ltr'><strong>caelestis</strong></span> <span class='ocrx_word' id='word_1_234' title='bbox 1336 3068 1499 3138; x_wconf 87' lang='lat' dir='ltr'><strong>pascit</strong></span> <span class='ocrx_word' id='word_1_235' title='bbox 1525 3065 1636 3121; x_wconf 88' lang='lat' dir='ltr'><strong>illa.</strong></span> <span class='ocrx_word' id='word_1_236' title='bbox 1663 3065 1813 3121; x_wconf 88' lang='lat' dir='ltr'><strong>Non-</strong></span> 
     </span>
    </p>
   </div>
   <div class='ocr_carea' id='block_1_30' title="bbox 212 3160 1814 3240">
    <p class='ocr_par' dir='ltr' id='par_1_30' title="bbox 212 3160 1814 3240">
     <span class='ocr_line' id='line_1_30' title="bbox 212 3160 1814 3240; baseline -0.006 -17"><span class='ocrx_word' id='word_1_237' title='bbox 212 3188 272 3224; x_wconf 87' lang='lat' dir='ltr'><strong>ne</strong></span> <span class='ocrx_word' id='word_1_238' title='bbox 300 3187 388 3224; x_wconf 88' lang='lat' dir='ltr'><strong>vos</strong></span> <span class='ocrx_word' id='word_1_239' title='bbox 417 3169 580 3240; x_wconf 82' lang='lat' dir='ltr'><strong>magis</strong></span> <span class='ocrx_word' id='word_1_240' title='bbox 618 3165 783 3238; x_wconf 83' lang='lat' dir='ltr'><strong>pluris</strong></span> <span class='ocrx_word' id='word_1_241' title='bbox 824 3163 942 3218; x_wconf 86' lang='lat' dir='ltr'><strong>estis</strong></span> <span class='ocrx_word' id='word_1_242' title='bbox 971 3162 1115 3217; x_wconf 82' lang='lat' dir='ltr'><strong>illis?</strong></span> <span class='ocrx_word' id='word_1_243' title='bbox 1145 3160 1272 3226; x_wconf 86' lang='lat' dir='ltr'><strong>Quis</strong></span> <span class='ocrx_word' id='word_1_244' title='bbox 1296 3168 1463 3214; x_wconf 88' lang='lat' dir='ltr'><strong>autem</strong></span> <span class='ocrx_word' id='word_1_245' title='bbox 1493 3168 1708 3213; x_wconf 87' lang='lat' dir='ltr'><strong>vestrum</strong></span> <span class='ocrx_word' id='word_1_246' title='bbox 1728 3175 1814 3213; x_wconf 89' lang='lat' dir='ltr'><strong>co-</strong></span> 
     </span>
    </p>
   </div>
   <div class='ocr_carea' id='block_1_31' title="bbox 210 3253 1813 3336">
    <p class='ocr_par' dir='ltr' id='par_1_31' title="bbox 210 3253 1813 3336">
     <span class='ocr_line' id='line_1_31' title="bbox 210 3253 1813 3336; baseline -0.006 -20"><span class='ocrx_word' id='word_1_247' title='bbox 210 3265 378 3336; x_wconf 81' lang='lat' dir='ltr'><strong>gitans</strong></span> <span class='ocrx_word' id='word_1_248' title='bbox 407 3270 570 3334; x_wconf 82' lang='lat' dir='ltr'><strong>potest</strong></span> <span class='ocrx_word' id='word_1_249' title='bbox 590 3259 812 3330; x_wconf 87' lang='lat' dir='ltr'><strong>adjicere</strong></span> <span class='ocrx_word' id='word_1_250' title='bbox 835 3255 904 3310; x_wconf 90' lang='lat' dir='ltr'><strong>ad</strong></span> <span class='ocrx_word' id='word_1_251' title='bbox 921 3265 1167 3311; x_wconf 88' lang='lat' dir='ltr'><strong>staturam</strong></span> <span class='ocrx_word' id='word_1_252' title='bbox 1190 3270 1337 3308; x_wconf 89' lang='lat' dir='ltr'><strong>suam</strong></span> <span class='ocrx_word' id='word_1_253' title='bbox 1368 3253 1588 3307; x_wconf 84' lang='lat' dir='ltr'><strong>cubitum</strong></span> <span class='ocrx_word' id='word_1_254' title='bbox 1615 3253 1813 3308; x_wconf 75' lang='lat' dir='ltr'><strong>unum?</strong></span> 
     </span>
    </p>
   </div>
   <div class='ocr_carea' id='block_1_32' title="bbox 214 3342 1811 3418">
    <p class='ocr_par' dir='ltr' id='par_1_32' title="bbox 214 3342 1811 3418">
     <span class='ocr_line' id='line_1_32' title="bbox 214 3342 1811 3418; baseline -0.006 -11"><span class='ocrx_word' id='word_1_255' title='bbox 214 3353 276 3407; x_wconf 70' lang='lat' dir='ltr'><strong>Et</strong></span> <span class='ocrx_word' id='word_1_256' title='bbox 314 3355 380 3407; x_wconf 87' lang='lat' dir='ltr'><strong>de</strong></span> <span class='ocrx_word' id='word_1_257' title='bbox 422 3353 716 3406; x_wconf 85' lang='lat' dir='ltr'><strong>vestimento</strong></span> <span class='ocrx_word' id='word_1_258' title='bbox 745 3347 865 3418; x_wconf 90' lang='lat' dir='ltr'><strong>quid</strong></span> <span class='ocrx_word' id='word_1_259' title='bbox 890 3346 1094 3402; x_wconf 86' lang='lat' dir='ltr'><strong>solliciti</strong></span> <span class='ocrx_word' id='word_1_260' title='bbox 1122 3345 1282 3400; x_wconf 69' lang='lat' dir='ltr'><strong>estis?</strong></span> <span class='ocrx_word' id='word_1_261' title='bbox 1329 3342 1660 3399; x_wconf 75' lang='lat' dir='ltr'><strong>Considerate</strong></span> <span class='ocrx_word' id='word_1_262' title='bbox 1701 3344 1811 3398; x_wconf 80' lang='lat' dir='ltr'><strong>lilia</strong></span> 
     </span>
    </p>
   </div>
   <div class='ocr_carea' id='block_1_33' title="bbox 210 3435 1810 3514">
    <p class='ocr_par' dir='ltr' id='par_1_33' title="bbox 210 3435 1810 3514">
     <span class='ocr_line' id='line_1_33' title="bbox 210 3435 1810 3514; baseline -0.004 -18"><span class='ocrx_word' id='word_1_263' title='bbox 210 3445 340 3514; x_wconf 80' lang='lat' dir='ltr'><strong>agri,</strong></span> <span class='ocrx_word' id='word_1_264' title='bbox 371 3441 626 3513; x_wconf 88' lang='lat' dir='ltr'><strong>quomodo</strong></span> <span class='ocrx_word' id='word_1_265' title='bbox 651 3447 879 3493; x_wconf 84' lang='lat' dir='ltr'><strong>crescunt</strong></span> <span class='ocrx_word' id='word_1_266' title='bbox 903 3454 920 3491; x_wconf 90' lang='lat'><strong><em>:</em></strong></span> <span class='ocrx_word' id='word_1_267' title='bbox 943 3453 1041 3491; x_wconf 91' lang='lat' dir='ltr'><strong>non</strong></span> <span class='ocrx_word' id='word_1_268' title='bbox 1067 3436 1316 3499; x_wconf 83' lang='lat' dir='ltr'><strong>laborant,</strong></span> <span class='ocrx_word' id='word_1_269' title='bbox 1337 3451 1496 3505; x_wconf 88' lang='lat' dir='ltr'><strong>neque</strong></span> <span class='ocrx_word' id='word_1_270' title='bbox 1521 3442 1639 3488; x_wconf 84' lang='lat' dir='ltr'><strong>nent</strong></span> <span class='ocrx_word' id='word_1_271' title='bbox 1657 3452 1676 3500; x_wconf 72' lang='grc' dir='ltr'>ς</span> <span class='ocrx_word' id='word_1_272' title='bbox 1697 3435 1810 3490; x_wconf 87' lang='lat' dir='ltr'><strong>dico</strong></span> 
     </span>
    </p>
   </div>
   <div class='ocr_carea' id='block_1_34' title="bbox 209 3521 1809 3601">
    <p class='ocr_par' dir='ltr' id='par_1_34' title="bbox 209 3521 1809 3601">
     <span class='ocr_line' id='line_1_34' title="bbox 209 3521 1809 3601; baseline -0.006 -14"><span class='ocrx_word' id='word_1_273' title='bbox 209 3544 374 3588; x_wconf 86' lang='lat' dir='ltr'><strong>autem</strong></span> <span class='ocrx_word' id='word_1_274' title='bbox 407 3532 567 3596; x_wconf 85' lang='lat' dir='ltr'><strong>vobis,</strong></span> <span class='ocrx_word' id='word_1_275' title='bbox 600 3530 840 3601; x_wconf 87' lang='lat' dir='ltr'><strong>quoniam</strong></span> <span class='ocrx_word' id='word_1_276' title='bbox 880 3521 968 3581; x_wconf 71' lang='lat' dir='ltr'><strong>nec</strong></span> <span class='ocrx_word' id='word_1_277' title='bbox 1011 3527 1258 3584; x_wconf 87' lang='lat' dir='ltr'><strong>Salomon</strong></span> <span class='ocrx_word' id='word_1_278' title='bbox 1284 3525 1337 3578; x_wconf 91' lang='lat' dir='ltr'><strong>in</strong></span> <span class='ocrx_word' id='word_1_279' title='bbox 1365 3525 1504 3578; x_wconf 90' lang='lat' dir='ltr'><strong>omni</strong></span> <span class='ocrx_word' id='word_1_280' title='bbox 1527 3524 1692 3595; x_wconf 82' lang='lat' dir='ltr'><strong>gloria</strong></span> <span class='ocrx_word' id='word_1_281' title='bbox 1714 3543 1809 3578; x_wconf 83' lang='lat' dir='ltr'><strong>sna</strong></span> 
     </span>
    </p>
   </div>
   <div class='ocr_carea' id='block_1_35' title="bbox 207 3614 1802 3695">
    <p class='ocr_par' dir='ltr' id='par_1_35' title="bbox 207 3614 1802 3695">
     <span class='ocr_line' id='line_1_35' title="bbox 207 3614 1802 3695; baseline -0.008 -18"><span class='ocrx_word' id='word_1_282' title='bbox 207 3633 474 3695; x_wconf 81' lang='lat' dir='ltr'><strong>coopertus</strong></span> <span class='ocrx_word' id='word_1_283' title='bbox 505 3632 579 3676; x_wconf 84' lang='lat' dir='ltr'><strong>est</strong></span> <span class='ocrx_word' id='word_1_284' title='bbox 601 3621 731 3674; x_wconf 85' lang='lat' dir='ltr'><strong>sicut</strong></span> <span class='ocrx_word' id='word_1_285' title='bbox 764 3635 916 3672; x_wconf 88' lang='lat' dir='ltr'><strong>unum</strong></span> <span class='ocrx_word' id='word_1_286' title='bbox 941 3634 1003 3672; x_wconf 81' lang='lat' dir='ltr'><strong>ea:</strong></span> <span class='ocrx_word' id='word_1_287' title='bbox 1030 3617 1159 3670; x_wconf 87' lang='lat' dir='ltr'><strong>istis.</strong></span> <span class='ocrx_word' id='word_1_288' title='bbox 1187 3616 1248 3671; x_wconf 89' lang='lat' dir='ltr'><strong>Si</strong></span> <span class='ocrx_word' id='word_1_289' title='bbox 1275 3625 1443 3669; x_wconf 90' lang='lat' dir='ltr'><strong>autem</strong></span> <span class='ocrx_word' id='word_1_290' title='bbox 1475 3615 1644 3684; x_wconf 78' lang='lat' dir='ltr'><strong>{cuum</strong></span> <span class='ocrx_word' id='word_1_291' title='bbox 1669 3614 1802 3684; x_wconf 86' lang='lat' dir='ltr'><strong>agri,</strong></span> 
     </span>
    </p>
   </div>
   <div class='ocr_carea' id='block_1_36' title="bbox 207 3706 1828 3786">
    <p class='ocr_par' dir='ltr' id='par_1_36' title="bbox 207 3706 1828 3786">
     <span class='ocr_line' id='line_1_36' title="bbox 207 3706 1828 3786; baseline -0.005 -16"><span class='ocrx_word' id='word_1_292' title='bbox 207 3717 342 3786; x_wconf 80' lang='lat' dir='ltr'><strong>quod</strong></span> <span class='ocrx_word' id='word_1_293' title='bbox 383 3715 537 3769; x_wconf 80' lang='lat' dir='ltr'><strong>hodie</strong></span> <span class='ocrx_word' id='word_1_294' title='bbox 563 3723 710 3768; x_wconf 86' lang='lat' dir='ltr'><strong>estet</strong></span> <span class='ocrx_word' id='word_1_295' title='bbox 743 3729 853 3765; x_wconf 85' lang='lat' dir='ltr'><strong>cras</strong></span> <span class='ocrx_word' id='word_1_296' title='bbox 897 3711 950 3764; x_wconf 91' lang='lat' dir='ltr'><strong>in</strong></span> <span class='ocrx_word' id='word_1_297' title='bbox 987 3710 1240 3764; x_wconf 86' lang='lat' dir='ltr'><strong>clibanum</strong></span> <span class='ocrx_word' id='word_1_298' title='bbox 1271 3709 1501 3772; x_wconf 82' lang='lat' dir='ltr'><strong>mittitur,</strong></span> <span class='ocrx_word' id='word_1_299' title='bbox 1549 3706 1690 3762; x_wconf 84' lang='lat' dir='ltr'><strong>Deus</strong></span> <span class='ocrx_word' id='word_1_300' title='bbox 1737 3708 1828 3762; x_wconf 47' lang='lat' dir='ltr'><strong>sic‘</strong></span> 
     </span>
    </p>
   </div>
   <div class='ocr_carea' id='block_1_37' title="bbox 209 3799 1810 3878">
    <p class='ocr_par' dir='ltr' id='par_1_37' title="bbox 209 3799 1810 3878">
     <span class='ocr_line' id='line_1_37' title="bbox 209 3799 1810 3878; baseline -0.005 -13"><span class='ocrx_word' id='word_1_301' title='bbox 209 3811 390 3874; x_wconf 76' lang='lat' dir='ltr'><strong>vestit;</strong></span> <span class='ocrx_word' id='word_1_302' title='bbox 411 3817 606 3878; x_wconf 84' lang='lat' dir='ltr'><strong>quant-0</strong></span> <span class='ocrx_word' id='word_1_303' title='bbox 633 3807 793 3876; x_wconf 83' lang='lat' dir='ltr'><strong>utagis</strong></span> <span class='ocrx_word' id='word_1_304' title='bbox 823 3817 908 3857; x_wconf 77' lang='lat' dir='ltr'><strong>vos</strong></span> <span class='ocrx_word' id='word_1_305' title='bbox 936 3803 1149 3857; x_wconf 76' lang='lat' dir='ltr'><strong>modica:</strong></span> <span class='ocrx_word' id='word_1_306' title='bbox 1173 3802 1333 3872; x_wconf 79' lang='lat' dir='ltr'><strong>ﬁdei?</strong></span> <span class='ocrx_word' id='word_1_307' title='bbox 1361 3799 1538 3855; x_wconf 88' lang='lat' dir='ltr'><strong>Nolite</strong></span> <span class='ocrx_word' id='word_1_308' title='bbox 1563 3817 1680 3871; x_wconf 86' lang='lat' dir='ltr'><strong>ergo</strong></span> <span class='ocrx_word' id='word_1_309' title='bbox 1706 3800 1810 3858; x_wconf 78' lang='lat' dir='ltr'><strong>sol-</strong></span> 
     </span>
    </p>
   </div>
   <div class='ocr_carea' id='block_1_38' title="bbox 211 3894 1809 3971">
    <p class='ocr_par' dir='ltr' id='par_1_38' title="bbox 211 3894 1809 3971">
     <span class='ocr_line' id='line_1_38' title="bbox 211 3894 1809 3971; baseline -0.006 -13"><span class='ocrx_word' id='word_1_310' title='bbox 211 3907 334 3960; x_wconf 86' lang='lat' dir='ltr'><strong>liciti</strong></span> <span class='ocrx_word' id='word_1_311' title='bbox 360 3922 488 3971; x_wconf 89' lang='lat' dir='ltr'><strong>esse,</strong></span> <span class='ocrx_word' id='word_1_312' title='bbox 519 3905 759 3967; x_wconf 83' lang='lat' dir='ltr'><strong>dicentes,</strong></span> <span class='ocrx_word' id='word_1_313' title='bbox 790 3901 928 3966; x_wconf 88' lang='lat' dir='ltr'><strong>Quid</strong></span> <span class='ocrx_word' id='word_1_314' title='bbox 953 3896 1386 3957; x_wconf 86' lang='lat' dir='ltr'><strong>manducabimus,</strong></span> <span class='ocrx_word' id='word_1_315' title='bbox 1413 3905 1500 3950; x_wconf 90' lang='lat' dir='ltr'><strong>aut</strong></span> <span class='ocrx_word' id='word_1_316' title='bbox 1525 3895 1647 3968; x_wconf 86' lang='lat' dir='ltr'><strong>quid</strong></span> <span class='ocrx_word' id='word_1_317' title='bbox 1676 3894 1809 3949; x_wconf 81' lang='lat' dir='ltr'><strong>bibe-</strong></span> 
     </span>
    </p>
   </div>
   <div class='ocr_carea' id='block_1_39' title="bbox 210 3987 1807 4066">
    <p class='ocr_par' dir='ltr' id='par_1_39' title="bbox 210 3987 1807 4066">
     <span class='ocr_line' id='line_1_39' title="bbox 210 3987 1807 4066; baseline -0.006 -16"><span class='ocrx_word' id='word_1_318' title='bbox 210 4015 341 4060; x_wconf 85' lang='lat' dir='ltr'><strong>mus,</strong></span> <span class='ocrx_word' id='word_1_319' title='bbox 367 4008 458 4050; x_wconf 87' lang='lat' dir='ltr'><strong>aut</strong></span> <span class='ocrx_word' id='word_1_320' title='bbox 483 4013 580 4066; x_wconf 88' lang='lat' dir='ltr'><strong>quo</strong></span> <span class='ocrx_word' id='word_1_321' title='bbox 611 3994 934 4066; x_wconf 83' lang='lat' dir='ltr'><strong>operiemur?</strong></span> <span class='ocrx_word' id='word_1_322' title='bbox 959 3993 1067 4046; x_wconf 73' lang='lat' dir='ltr'><strong>ha&#39;c</strong></span> <span class='ocrx_word' id='word_1_323' title='bbox 1097 3991 1227 4045; x_wconf 88' lang='lat' dir='ltr'><strong>enim</strong></span> <span class='ocrx_word' id='word_1_324' title='bbox 1255 3992 1423 4043; x_wconf 85' lang='lat' dir='ltr'><strong>omnia</strong></span> <span class='ocrx_word' id='word_1_325' title='bbox 1453 3997 1621 4060; x_wconf 87' lang='lat' dir='ltr'><strong>gentes</strong></span> <span class='ocrx_word' id='word_1_326' title='bbox 1641 3987 1807 4060; x_wconf 81' lang='lat' dir='ltr'><strong>inqui-</strong></span> 
     </span>
    </p>
   </div>
   <div class='ocr_carea' id='block_1_40' title="bbox 207 4081 1808 4155">
    <p class='ocr_par' dir='ltr' id='par_1_40' title="bbox 207 4081 1808 4155">
     <span class='ocr_line' id='line_1_40' title="bbox 207 4081 1808 4155; baseline -0.004 -12"><span class='ocrx_word' id='word_1_327' title='bbox 207 4101 343 4144; x_wconf 86' lang='lat' dir='ltr'><strong>runt.</strong></span> <span class='ocrx_word' id='word_1_328' title='bbox 380 4091 492 4146; x_wconf 88' lang='lat' dir='ltr'><strong>Scit</strong></span> <span class='ocrx_word' id='word_1_329' title='bbox 528 4098 694 4142; x_wconf 89' lang='lat' dir='ltr'><strong>autem</strong></span> <span class='ocrx_word' id='word_1_330' title='bbox 737 4085 890 4141; x_wconf 88' lang='lat' dir='ltr'><strong>Pater</strong></span> <span class='ocrx_word' id='word_1_331' title='bbox 917 4096 1076 4139; x_wconf 80' lang='lat' dir='ltr'><strong>vester</strong></span> <span class='ocrx_word' id='word_1_332' title='bbox 1105 4085 1221 4155; x_wconf 85' lang='lat' dir='ltr'><strong>quia</strong></span> <span class='ocrx_word' id='word_1_333' title='bbox 1251 4084 1330 4136; x_wconf 85' lang='lat' dir='ltr'><strong>his</strong></span> <span class='ocrx_word' id='word_1_334' title='bbox 1359 4081 1590 4136; x_wconf 89' lang='lat' dir='ltr'><strong>omnibus</strong></span> <span class='ocrx_word' id='word_1_335' title='bbox 1613 4083 1808 4153; x_wconf 85' lang='lat' dir='ltr'><strong>indige-</strong></span> 
     </span>
    </p>
   </div>
   <div class='ocr_carea' id='block_1_41' title="bbox 207 4172 1807 4248">
    <p class='ocr_par' dir='ltr' id='par_1_41' title="bbox 207 4172 1807 4248">
     <span class='ocr_line' id='line_1_41' title="bbox 207 4172 1807 4248; baseline -0.006 -12"><span class='ocrx_word' id='word_1_336' title='bbox 207 4183 290 4236; x_wconf 89' lang='lat' dir='ltr'><strong>tis.</strong></span> <span class='ocrx_word' id='word_1_337' title='bbox 327 4181 556 4248; x_wconf 76' lang='lat' dir='ltr'><strong>Qua’rite</strong></span> <span class='ocrx_word' id='word_1_338' title='bbox 601 4187 770 4232; x_wconf 83' lang='lat' dir='ltr'><strong>autent</strong></span> <span class='ocrx_word' id='word_1_339' title='bbox 817 4177 1037 4248; x_wconf 84' lang='lat' dir='ltr'><strong>primum</strong></span> <span class='ocrx_word' id='word_1_340' title='bbox 1077 4191 1288 4245; x_wconf 85' lang='lat' dir='ltr'><strong>regnum</strong></span> <span class='ocrx_word' id='word_1_341' title='bbox 1332 4172 1425 4226; x_wconf 89' lang='lat' dir='ltr'><strong>Dei</strong></span> <span class='ocrx_word' id='word_1_342' title='bbox 1466 4182 1512 4226; x_wconf 87' lang='lat' dir='ltr'><strong>et</strong></span> <span class='ocrx_word' id='word_1_343' title='bbox 1548 4173 1807 4242; x_wconf 86' lang='lat' dir='ltr'><strong>justitiam</strong></span> 
     </span>
    </p>
   </div>
   <div class='ocr_carea' id='block_1_42' title="bbox 207 4264 1806 4343">
    <p class='ocr_par' dir='ltr' id='par_1_42' title="bbox 207 4264 1806 4343">
     <span class='ocr_line' id='line_1_42' title="bbox 207 4264 1806 4343; baseline -0.006 -16"><span class='ocrx_word' id='word_1_344' title='bbox 207 4275 339 4343; x_wconf 69' lang='lat' dir='ltr'><strong>ejus,</strong></span> <span class='ocrx_word' id='word_1_345' title='bbox 369 4281 416 4325; x_wconf 88' lang='lat' dir='ltr'><strong>et</strong></span> <span class='ocrx_word' id='word_1_346' title='bbox 447 4270 618 4324; x_wconf 90' lang='lat' dir='ltr'><strong>omnia</strong></span> <span class='ocrx_word' id='word_1_347' title='bbox 644 4269 752 4323; x_wconf 78' lang='lat' dir='ltr'><strong>hcce</strong></span> <span class='ocrx_word' id='word_1_348' title='bbox 791 4275 1108 4338; x_wconf 82' lang='lat' dir='ltr'><strong>opponentur</strong></span> <span class='ocrx_word' id='word_1_349' title='bbox 1134 4266 1288 4319; x_wconf 83' lang='lat' dir='ltr'><strong>vobis.</strong></span> <span class='ocrx_word' id='word_1_350' title='bbox 1320 4264 1493 4318; x_wconf 75' lang='lat' dir='ltr'><strong>Nolite</strong></span> <span class='ocrx_word' id='word_1_351' title='bbox 1514 4281 1632 4336; x_wconf 85' lang='lat' dir='ltr'><strong>ergo</strong></span> <span class='ocrx_word' id='word_1_352' title='bbox 1659 4265 1806 4318; x_wconf 86' lang='lat' dir='ltr'><strong>solli-</strong></span> 
     </span>
    </p>
   </div>
   <div class='ocr_carea' id='block_1_43' title="bbox 204 4357 1805 4421">
    <p class='ocr_par' dir='ltr' id='par_1_43' title="bbox 204 4357 1805 4421">
     <span class='ocr_line' id='line_1_43' title="bbox 204 4357 1805 4421; baseline -0.007 0"><span class='ocrx_word' id='word_1_353' title='bbox 204 4367 294 4421; x_wconf 87' lang='lat' dir='ltr'><strong>citi</strong></span> <span class='ocrx_word' id='word_1_354' title='bbox 319 4382 430 4421; x_wconf 87' lang='lat' dir='ltr'><strong>esse</strong></span> <span class='ocrx_word' id='word_1_355' title='bbox 453 4367 506 4418; x_wconf 91' lang='lat' dir='ltr'><strong>in</strong></span> <span class='ocrx_word' id='word_1_356' title='bbox 525 4364 804 4418; x_wconf 89' lang='lat' dir='ltr'><strong>crastinum</strong></span> <span class='ocrx_word' id='word_1_357' title='bbox 831 4378 848 4416; x_wconf 94' lang='lat'><strong><em>:</em></strong></span> <span class='ocrx_word' id='word_1_358' title='bbox 873 4361 1126 4414; x_wconf 87' lang='lat' dir='ltr'><strong>crastinus</strong></span> <span class='ocrx_word' id='word_1_359' title='bbox 1147 4359 1277 4412; x_wconf 88' lang='lat' dir='ltr'><strong>enim</strong></span> <span class='ocrx_word' id='word_1_360' title='bbox 1307 4359 1411 4411; x_wconf 73' lang='lat' dir='ltr'><strong>(lies</strong></span> <span class='ocrx_word' id='word_1_361' title='bbox 1439 4357 1686 4412; x_wconf 87' lang='lat' dir='ltr'><strong>sollicitus</strong></span> <span class='ocrx_word' id='word_1_362' title='bbox 1713 4357 1805 4410; x_wconf 88' lang='lat' dir='ltr'><strong>erit</strong></span> 
     </span>
    </p>
   </div>
   <div class='ocr_carea' id='block_1_44' title="bbox 205 4446 1801 4529">
    <p class='ocr_par' dir='ltr' id='par_1_44' title="bbox 205 4446 1801 4529">
     <span class='ocr_line' id='line_1_44' title="bbox 205 4446 1801 4529; baseline -0.008 -17"><span class='ocrx_word' id='word_1_363' title='bbox 205 4458 300 4514; x_wconf 82' lang='lat' dir='ltr'><strong>sibi</strong></span> <span class='ocrx_word' id='word_1_364' title='bbox 330 4457 452 4529; x_wconf 84' lang='lat' dir='ltr'><strong>ipsi.</strong></span> <span class='ocrx_word' id='word_1_365' title='bbox 501 4455 699 4526; x_wconf 73' lang='lat' dir='ltr'><strong>Sufﬁcit</strong></span> <span class='ocrx_word' id='word_1_366' title='bbox 739 4453 840 4506; x_wconf 91' lang='lat' dir='ltr'><strong>diei</strong></span> <span class='ocrx_word' id='word_1_367' title='bbox 869 4453 1066 4506; x_wconf 88' lang='lat' dir='ltr'><strong>malitia</strong></span> <span class='ocrx_word' id='word_1_368' title='bbox 1104 4467 1196 4503; x_wconf 91' lang='lat' dir='ltr'><strong>sua</strong></span> <span class='ocrx_word' id='word_1_369' title='bbox 1225 4448 1436 4519; x_wconf 76' lang='lat' dir='ltr'><strong>(Matth.</strong></span> <span class='ocrx_word' id='word_1_370' title='bbox 1472 4464 1548 4515; x_wconf 73' lang='lat' dir='ltr'><strong>vr,</strong></span> <span class='ocrx_word' id='word_1_371' title='bbox 1584 4446 1801 4519; x_wconf 50' lang='lat'><strong>2535.5).</strong></span> 
     </span>
    </p>
   </div>
   <div class='ocr_carea' id='block_1_45' title="bbox 210 4541 1806 4619">
    <p class='ocr_par' dir='ltr' id='par_1_45' title="bbox 210 4541 1806 4619">
     <span class='ocr_line' id='line_1_45' title="bbox 210 4541 1806 4619; baseline -0.006 -13"><span class='ocrx_word' id='word_1_372' title='bbox 210 4552 371 4617; x_wconf 81' lang='lat' dir='ltr'><strong>Ecce,</strong></span> <span class='ocrx_word' id='word_1_373' title='bbox 405 4547 653 4619; x_wconf 88' lang='lat' dir='ltr'><strong>inquiunt</strong></span> <span class='ocrx_word' id='word_1_374' title='bbox 679 4589 694 4615; x_wconf 93' lang='lat'><strong>,</strong></span> <span class='ocrx_word' id='word_1_375' title='bbox 724 4545 815 4601; x_wconf 90' lang='lat' dir='ltr'><strong>ubi</strong></span> <span class='ocrx_word' id='word_1_376' title='bbox 846 4559 945 4600; x_wconf 91' lang='lat' dir='ltr'><strong>nos</strong></span> <span class='ocrx_word' id='word_1_377' title='bbox 974 4543 1231 4599; x_wconf 90' lang='lat' dir='ltr'><strong>Dominus</strong></span> <span class='ocrx_word' id='word_1_378' title='bbox 1273 4541 1427 4611; x_wconf 89' lang='lat' dir='ltr'><strong>jubet</strong></span> <span class='ocrx_word' id='word_1_379' title='bbox 1475 4541 1542 4596; x_wconf 85' lang='lat' dir='ltr'><strong>de</strong></span> <span class='ocrx_word' id='word_1_380' title='bbox 1585 4541 1724 4595; x_wconf 87' lang='lat' dir='ltr'><strong>victu</strong></span> <span class='ocrx_word' id='word_1_381' title='bbox 1753 4549 1806 4596; x_wconf 88' lang='lat' dir='ltr'><strong>et</strong></span> 
     </span>
    </p>
   </div>
   <div class='ocr_carea' id='block_1_46' title="bbox 208 4633 1807 4714">
    <p class='ocr_par' dir='ltr' id='par_1_46' title="bbox 208 4633 1807 4714">
     <span class='ocr_line' id='line_1_46' title="bbox 208 4633 1807 4714; baseline -0.007 -16"><span class='ocrx_word' id='word_1_382' title='bbox 208 4650 524 4714; x_wconf 77' lang='lat' dir='ltr'><strong>tegumenta</strong></span> <span class='ocrx_word' id='word_1_383' title='bbox 553 4648 739 4696; x_wconf 89' lang='lat' dir='ltr'><strong>nostro</strong></span> <span class='ocrx_word' id='word_1_384' title='bbox 767 4653 886 4694; x_wconf 89' lang='lat' dir='ltr'><strong>esse</strong></span> <span class='ocrx_word' id='word_1_385' title='bbox 917 4651 1138 4692; x_wconf 90' lang='lat' dir='ltr'><strong>securos</strong></span> <span class='ocrx_word' id='word_1_386' title='bbox 1171 4653 1184 4690; x_wconf 95' lang='lat'><strong>:</strong></span> <span class='ocrx_word' id='word_1_387' title='bbox 1217 4633 1486 4705; x_wconf 87' lang='lat' dir='ltr'><strong>quomodo</strong></span> <span class='ocrx_word' id='word_1_388' title='bbox 1512 4648 1638 4704; x_wconf 84' lang='lat' dir='ltr'><strong>ergo</strong></span> <span class='ocrx_word' id='word_1_389' title='bbox 1663 4634 1807 4703; x_wconf 84' lang='lat' dir='ltr'><strong>Apo-</strong></span> 
     </span>
    </p>
   </div>
   <div class='ocr_carea' id='block_1_47' title="bbox 205 4731 1805 4797">
    <p class='ocr_par' dir='ltr' id='par_1_47' title="bbox 205 4731 1805 4797">
     <span class='ocr_line' id='line_1_47' title="bbox 205 4731 1805 4797; baseline -0.008 -5"><span class='ocrx_word' id='word_1_390' title='bbox 205 4739 376 4792; x_wconf 88' lang='lat' dir='ltr'><strong>stolus</strong></span> <span class='ocrx_word' id='word_1_391' title='bbox 402 4735 606 4792; x_wconf 88' lang='lat' dir='ltr'><strong>sentire</strong></span> <span class='ocrx_word' id='word_1_392' title='bbox 627 4732 883 4788; x_wconf 79' lang='lat' dir='ltr'><strong>adversus</strong></span> <span class='ocrx_word' id='word_1_393' title='bbox 917 4731 1198 4785; x_wconf 91' lang='lat' dir='ltr'><strong>Dominum</strong></span> <span class='ocrx_word' id='word_1_394' title='bbox 1235 4734 1434 4797; x_wconf 88' lang='lat' dir='ltr'><strong>posset,</strong></span> <span class='ocrx_word' id='word_1_395' title='bbox 1460 4737 1512 4781; x_wconf 92' lang='lat' dir='ltr'><strong>ut</strong></span> <span class='ocrx_word' id='word_1_396' title='bbox 1540 4740 1635 4780; x_wconf 82' lang='lat' dir='ltr'><strong>nos</strong></span> <span class='ocrx_word' id='word_1_397' title='bbox 1666 4741 1805 4796; x_wconf 72' lang='lat' dir='ltr'><strong>prm-</strong></span> 
     </span>
    </p>
   </div>
   <div class='ocr_carea' id='block_1_48' title="bbox 205 4819 1807 4901">
    <p class='ocr_par' dir='ltr' id='par_1_48' title="bbox 205 4819 1807 4901">
     <span class='ocr_line' id='line_1_48' title="bbox 205 4819 1807 4901; baseline -0.006 -16"><span class='ocrx_word' id='word_1_398' title='bbox 205 4833 413 4901; x_wconf 86' lang='lat' dir='ltr'><strong>cipcrct</strong></span> <span class='ocrx_word' id='word_1_399' title='bbox 438 4830 508 4883; x_wconf 89' lang='lat' dir='ltr'><strong>ita</strong></span> <span class='ocrx_word' id='word_1_400' title='bbox 531 4843 652 4883; x_wconf 91' lang='lat' dir='ltr'><strong>esse</strong></span> <span class='ocrx_word' id='word_1_401' title='bbox 678 4826 878 4882; x_wconf 87' lang='lat' dir='ltr'><strong>debere</strong></span> <span class='ocrx_word' id='word_1_402' title='bbox 906 4823 1163 4878; x_wconf 78' lang='lat' dir='ltr'><strong>sollicitos</strong></span> <span class='ocrx_word' id='word_1_403' title='bbox 1193 4820 1319 4892; x_wconf 87' lang='lat' dir='ltr'><strong>quid</strong></span> <span class='ocrx_word' id='word_1_404' title='bbox 1349 4819 1728 4876; x_wconf 87' lang='lat' dir='ltr'><strong>manducemus</strong></span> <span class='ocrx_word' id='word_1_405' title='bbox 1755 4829 1807 4875; x_wconf 90' lang='lat' dir='ltr'><strong>ct</strong></span> 
     </span>
    </p>
   </div>
   <div class='ocr_carea' id='block_1_49' title="bbox 204 4913 1804 4997">
    <p class='ocr_par' dir='ltr' id='par_1_49' title="bbox 204 4913 1804 4997">
     <span class='ocr_line' id='line_1_49' title="bbox 204 4913 1804 4997; baseline -0.008 -18"><span class='ocrx_word' id='word_1_406' title='bbox 204 4926 333 4997; x_wconf 87' lang='lat' dir='ltr'><strong>quid</strong></span> <span class='ocrx_word' id='word_1_407' title='bbox 364 4923 614 4981; x_wconf 85' lang='lat' dir='ltr'><strong>bibamus</strong></span> <span class='ocrx_word' id='word_1_408' title='bbox 640 4931 694 4977; x_wconf 89' lang='lat' dir='ltr'><strong>et</strong></span> <span class='ocrx_word' id='word_1_409' title='bbox 722 4935 827 4991; x_wconf 90' lang='lat' dir='ltr'><strong>quo</strong></span> <span class='ocrx_word' id='word_1_410' title='bbox 857 4918 1163 4987; x_wconf 87' lang='lat' dir='ltr'><strong>operiamur</strong></span> <span class='ocrx_word' id='word_1_411' title='bbox 1188 4957 1202 4981; x_wconf 98' lang='lat'><strong>,</strong></span> <span class='ocrx_word' id='word_1_412' title='bbox 1237 4923 1294 4968; x_wconf 92' lang='lat' dir='ltr'><strong>ut</strong></span> <span class='ocrx_word' id='word_1_413' title='bbox 1335 4930 1434 4969; x_wconf 90' lang='lat' dir='ltr'><strong>nos</strong></span> <span class='ocrx_word' id='word_1_414' title='bbox 1460 4913 1619 4969; x_wconf 87' lang='lat' dir='ltr'><strong>etiam</strong></span> <span class='ocrx_word' id='word_1_415' title='bbox 1647 4913 1804 4984; x_wconf 83' lang='lat' dir='ltr'><strong>Opili-</strong></span> 
     </span>
    </p>
   </div>
   <div class='ocr_carea' id='block_1_50' title="bbox 204 5003 1808 5080">
    <p class='ocr_par' dir='ltr' id='par_1_50' title="bbox 204 5003 1808 5080">
     <span class='ocr_line' id='line_1_50' title="bbox 204 5003 1808 5080; baseline -0.009 -10"><span class='ocrx_word' id='word_1_416' title='bbox 204 5032 326 5072; x_wconf 88' lang='lat' dir='ltr'><strong>cum</strong></span> <span class='ocrx_word' id='word_1_417' title='bbox 359 5015 589 5080; x_wconf 89' lang='lat' dir='ltr'><strong>artibus,</strong></span> <span class='ocrx_word' id='word_1_418' title='bbox 633 5012 808 5075; x_wconf 90' lang='lat' dir='ltr'><strong>curis,</strong></span> <span class='ocrx_word' id='word_1_419' title='bbox 861 5007 1134 5062; x_wconf 89' lang='lat' dir='ltr'><strong>laboribus</strong></span> <span class='ocrx_word' id='word_1_420' title='bbox 1161 5004 1446 5066; x_wconf 76' lang='lat' dir='ltr'><strong>oneraret?</strong></span> <span class='ocrx_word' id='word_1_421' title='bbox 1475 5003 1808 5073; x_wconf 80' lang='lat' dir='ltr'><strong>Quapropter</strong></span> 
     </span>
    </p>
   </div>
   <div class='ocr_carea' id='block_1_51' title="bbox 207 5093 1808 5178">
    <p class='ocr_par' dir='ltr' id='par_1_51' title="bbox 207 5093 1808 5178">
     <span class='ocr_line' id='line_1_51' title="bbox 207 5093 1808 5178; baseline -0.01 -14"><span class='ocrx_word' id='word_1_422' title='bbox 207 5109 257 5162; x_wconf 91' lang='lat' dir='ltr'><strong>iu</strong></span> <span class='ocrx_word' id='word_1_423' title='bbox 293 5123 362 5163; x_wconf 89' lang='lat' dir='ltr'><strong>eo</strong></span> <span class='ocrx_word' id='word_1_424' title='bbox 392 5105 536 5178; x_wconf 91' lang='lat' dir='ltr'><strong>quod</strong></span> <span class='ocrx_word' id='word_1_425' title='bbox 564 5106 658 5170; x_wconf 89' lang='lat' dir='ltr'><strong>ait,</strong></span> <span class='ocrx_word' id='word_1_426' title='bbox 695 5102 796 5170; x_wconf 90' lang='lat' dir='ltr'><strong>Qui</strong></span> <span class='ocrx_word' id='word_1_427' title='bbox 839 5117 938 5154; x_wconf 90' lang='lat' dir='ltr'><strong>non</strong></span> <span class='ocrx_word' id='word_1_428' title='bbox 972 5099 1076 5152; x_wconf 88' lang='lat' dir='ltr'><strong>vult</strong></span> <span class='ocrx_word' id='word_1_429' title='bbox 1105 5095 1329 5164; x_wconf 81' lang='lat' dir='ltr'><strong>operari,</strong></span> <span class='ocrx_word' id='word_1_430' title='bbox 1363 5112 1462 5148; x_wconf 89' lang='lat' dir='ltr'><strong>non</strong></span> <span class='ocrx_word' id='word_1_431' title='bbox 1504 5093 1808 5160; x_wconf 86' lang='lat' dir='ltr'><strong>manducet;</strong></span> 
     </span>
    </p>
   </div>
   <div class='ocr_carea' id='block_1_52' title="bbox 204 5184 1808 5274">
    <p class='ocr_par' dir='ltr' id='par_1_52' title="bbox 204 5184 1808 5274">
     <span class='ocr_line' id='line_1_52' title="bbox 204 5184 1808 5274; baseline -0.011 -15"><span class='ocrx_word' id='word_1_432' title='bbox 204 5218 370 5274; x_wconf 81' lang='lat' dir='ltr'><strong>Opera</strong></span> <span class='ocrx_word' id='word_1_433' title='bbox 421 5197 736 5272; x_wconf 89' lang='lat' dir='ltr'><strong>spiritualia,</strong></span> <span class='ocrx_word' id='word_1_434' title='bbox 788 5192 1072 5264; x_wconf 89' lang='lat' dir='ltr'><strong>inquiunt,</strong></span> <span class='ocrx_word' id='word_1_435' title='bbox 1113 5187 1371 5243; x_wconf 84' lang='lat' dir='ltr'><strong>debemus</strong></span> <span class='ocrx_word' id='word_1_436' title='bbox 1421 5187 1664 5256; x_wconf 85' lang='lat' dir='ltr'><strong>accipere</strong></span> <span class='ocrx_word' id='word_1_437' title='bbox 1695 5204 1710 5241; x_wconf 88' lang='lat'><strong><em>:</em></strong></span> <span class='ocrx_word' id='word_1_438' title='bbox 1741 5184 1808 5242; x_wconf 91' lang='lat' dir='ltr'><strong>de</strong></span> 
     </span>
    </p>
   </div>
   <div class='ocr_carea' id='block_1_53' title="bbox 205 5277 1809 5364">
    <p class='ocr_par' dir='ltr' id='par_1_53' title="bbox 205 5277 1809 5364">
     <span class='ocr_line' id='line_1_53' title="bbox 205 5277 1809 5364; baseline -0.009 -17"><span class='ocrx_word' id='word_1_439' title='bbox 205 5296 400 5364; x_wconf 83' lang='lat' dir='ltr'><strong>quibus</strong></span> <span class='ocrx_word' id='word_1_440' title='bbox 427 5293 531 5347; x_wconf 90' lang='lat' dir='ltr'><strong>alio</strong></span> <span class='ocrx_word' id='word_1_441' title='bbox 559 5291 678 5344; x_wconf 83' lang='lat' dir='ltr'><strong>loco</strong></span> <span class='ocrx_word' id='word_1_442' title='bbox 707 5287 854 5353; x_wconf 87' lang='lat' dir='ltr'><strong>dicit,</strong></span> <span class='ocrx_word' id='word_1_443' title='bbox 890 5283 1173 5352; x_wconf 86' lang='lat' dir='ltr'><strong>Unicuique</strong></span> <span class='ocrx_word' id='word_1_444' title='bbox 1197 5280 1325 5333; x_wconf 89' lang='lat' dir='ltr'><strong>sicut</strong></span> <span class='ocrx_word' id='word_1_445' title='bbox 1359 5277 1605 5330; x_wconf 85' lang='lat' dir='ltr'><strong>Dominus</strong></span> <span class='ocrx_word' id='word_1_446' title='bbox 1633 5277 1809 5333; x_wconf 87' lang='lat' dir='ltr'><strong>dedit:</strong></span> 
     </span>
    </p>
   </div>
   <div class='ocr_carea' id='block_1_54' title="bbox 204 5369 1811 5461">
    <p class='ocr_par' dir='ltr' id='par_1_54' title="bbox 204 5369 1811 5461">
     <span class='ocr_line' id='line_1_54' title="bbox 204 5369 1811 5461; baseline -0.014 -17"><span class='ocrx_word' id='word_1_447' title='bbox 204 5408 294 5461; x_wconf 77' lang='lat' dir='ltr'><strong>ego</strong></span> <span class='ocrx_word' id='word_1_448' title='bbox 328 5385 574 5458; x_wconf 81' lang='lat' dir='ltr'><strong>plantaci,</strong></span> <span class='ocrx_word' id='word_1_449' title='bbox 603 5381 787 5454; x_wconf 78' lang='lat' dir='ltr'><strong>Apollo</strong></span> <span class='ocrx_word' id='word_1_450' title='bbox 815 5379 1014 5450; x_wconf 82' lang='lat' dir='ltr'><strong>rigavit,</strong></span> <span class='ocrx_word' id='word_1_451' title='bbox 1053 5374 1141 5431; x_wconf 86' lang='lat' dir='ltr'><strong>sed</strong></span> <span class='ocrx_word' id='word_1_452' title='bbox 1169 5372 1302 5425; x_wconf 87' lang='lat' dir='ltr'><strong>Deus</strong></span> <span class='ocrx_word' id='word_1_453' title='bbox 1333 5370 1690 5422; x_wconf 78' lang='lat' dir='ltr'><strong>incrementum</strong></span> <span class='ocrx_word' id='word_1_454' title='bbox 1720 5369 1811 5422; x_wconf 83' lang='lat' dir='ltr'><strong>de-</strong></span> 
     </span>
    </p>
   </div>
   <div class='ocr_carea' id='block_1_55' title="bbox 205 5460 1808 5549">
    <p class='ocr_par' dir='ltr' id='par_1_55' title="bbox 205 5460 1808 5549">
     <span class='ocr_line' id='line_1_55' title="bbox 205 5460 1808 5549; baseline -0.013 -15"><span class='ocrx_word' id='word_1_455' title='bbox 205 5460 313 5547; x_wconf 86' lang='lat' dir='ltr'><strong>dit;</strong></span> <span class='ocrx_word' id='word_1_456' title='bbox 345 5491 401 5536; x_wconf 90' lang='lat' dir='ltr'><strong>ct</strong></span> <span class='ocrx_word' id='word_1_457' title='bbox 444 5477 604 5549; x_wconf 87' lang='lat' dir='ltr'><strong>paulo</strong></span> <span class='ocrx_word' id='word_1_458' title='bbox 641 5485 780 5544; x_wconf 88' lang='lat' dir='ltr'><strong>post,</strong></span> <span class='ocrx_word' id='word_1_459' title='bbox 816 5469 1169 5539; x_wconf 66' lang='lat' dir='ltr'><strong>Unusquisque</strong></span> <span class='ocrx_word' id='word_1_460' title='bbox 1197 5479 1339 5517; x_wconf 89' lang='lat' dir='ltr'><strong>suam</strong></span> <span class='ocrx_word' id='word_1_461' title='bbox 1372 5460 1648 5514; x_wconf 80' lang='lat' dir='ltr'><strong>mercedem</strong></span> <span class='ocrx_word' id='word_1_462' title='bbox 1676 5461 1808 5514; x_wconf 87' lang='lat' dir='ltr'><strong>acci-</strong></span> 
     </span>
    </p>
   </div>
   <div class='ocr_carea' id='block_1_56' title="bbox 207 5555 1809 5642">
    <p class='ocr_par' dir='ltr' id='par_1_56' title="bbox 207 5555 1809 5642">
     <span class='ocr_line' id='line_1_56' title="bbox 207 5555 1809 5642; baseline -0.017 -14"><span class='ocrx_word' id='word_1_463' title='bbox 207 5575 307 5642; x_wconf 81' lang='lat' dir='ltr'><strong>piet</strong></span> <span class='ocrx_word' id='word_1_464' title='bbox 346 5569 630 5626; x_wconf 81' lang='lat' dir='ltr'><strong>seettndum</strong></span> <span class='ocrx_word' id='word_1_465' title='bbox 660 5581 808 5618; x_wconf 87' lang='lat' dir='ltr'><strong>suum</strong></span> <span class='ocrx_word' id='word_1_466' title='bbox 837 5562 1079 5616; x_wconf 89' lang='lat' dir='ltr'><strong>laborem.</strong></span> <span class='ocrx_word' id='word_1_467' title='bbox 1127 5556 1222 5610; x_wconf 72' lang='lat' dir='ltr'><strong>Dei</strong></span> <span class='ocrx_word' id='word_1_468' title='bbox 1251 5555 1382 5607; x_wconf 82' lang='lat' dir='ltr'><strong>enim</strong></span> <span class='ocrx_word' id='word_1_469' title='bbox 1419 5568 1594 5605; x_wconf 85' lang='lat' dir='ltr'><strong>sumus</strong></span> <span class='ocrx_word' id='word_1_470' title='bbox 1623 5568 1809 5621; x_wconf 85' lang='lat' dir='ltr'><strong>coape-</strong></span> 
     </span>
    </p>
   </div>
   <div class='ocr_carea' id='block_1_57' title="bbox 205 5642 1806 5733">
    <p class='ocr_par' dir='ltr' id='par_1_57' title="bbox 205 5642 1806 5733">
     <span class='ocr_line' id='line_1_57' title="bbox 205 5642 1806 5733; baseline -0.018 -11"><span class='ocrx_word' id='word_1_471' title='bbox 205 5669 330 5721; x_wconf 87' lang='lat' dir='ltr'><strong>mrii</strong></span> <span class='ocrx_word' id='word_1_472' title='bbox 347 5682 367 5731; x_wconf 88' lang='lat'><strong>,&#39;</strong></span> <span class='ocrx_word' id='word_1_473' title='bbox 403 5663 496 5719; x_wconf 88' lang='lat' dir='ltr'><strong>Dei</strong></span> <span class='ocrx_word' id='word_1_474' title='bbox 526 5658 841 5733; x_wconf 84' lang='lat' dir='ltr'><strong>agricultura</strong></span> <span class='ocrx_word' id='word_1_475' title='bbox 861 5697 874 5717; x_wconf 91' lang='lat'><strong>,</strong></span> <span class='ocrx_word' id='word_1_476' title='bbox 909 5653 1002 5706; x_wconf 89' lang='lat' dir='ltr'><strong>Dei</strong></span> <span class='ocrx_word' id='word_1_477' title='bbox 1043 5648 1316 5718; x_wconf 63' lang='lat' dir='ltr'><strong>aediﬁcatio</strong></span> <span class='ocrx_word' id='word_1_478' title='bbox 1343 5645 1460 5699; x_wconf 86' lang='lat' dir='ltr'><strong>estis</strong></span> <span class='ocrx_word' id='word_1_479' title='bbox 1489 5659 1506 5698; x_wconf 92' lang='lat'><em>:</em></span> <span class='ocrx_word' id='word_1_480' title='bbox 1531 5642 1806 5698; x_wconf 87' lang='lat' dir='ltr'><strong>secundum</strong></span> 
     </span>
    </p>
   </div>
   <div class='ocr_carea' id='block_1_58' title="bbox 210 5736 1808 5832">
    <p class='ocr_par' dir='ltr' id='par_1_58' title="bbox 210 5736 1808 5832">
     <span class='ocr_line' id='line_1_58' title="bbox 210 5736 1808 5832; baseline -0.018 -19"><span class='ocrx_word' id='word_1_481' title='bbox 210 5765 426 5832; x_wconf 59' lang='lat' dir='ltr'><strong>patiam</strong></span> <span class='ocrx_word' id='word_1_482' title='bbox 456 5769 574 5826; x_wconf 78' lang='lat' dir='ltr'><strong>qua:</strong></span> <span class='ocrx_word' id='word_1_483' title='bbox 602 5751 725 5804; x_wconf 86' lang='lat' dir='ltr'><strong>datu</strong></span> <span class='ocrx_word' id='word_1_484' title='bbox 754 5755 822 5802; x_wconf 87' lang='lat' dir='ltr'><strong>est</strong></span> <span class='ocrx_word' id='word_1_485' title='bbox 849 5744 1009 5810; x_wconf 87' lang='lat' dir='ltr'><strong>mihi,</strong></span> <span class='ocrx_word' id='word_1_486' title='bbox 1044 5752 1098 5796; x_wconf 90' lang='lat' dir='ltr'><strong>ut</strong></span> <span class='ocrx_word' id='word_1_487' title='bbox 1127 5739 1332 5809; x_wconf 88' lang='lat' dir='ltr'><strong>sapiens</strong></span> <span class='ocrx_word' id='word_1_488' title='bbox 1363 5736 1662 5790; x_wconf 80' lang='lat' dir='ltr'><strong>architectus</strong></span> <span class='ocrx_word' id='word_1_489' title='bbox 1689 5736 1808 5805; x_wconf 48' lang='lat' dir='ltr'><strong>funn</strong></span> 
     </span>
    </p>
   </div>
   <div class='ocr_carea' id='block_1_59' title="bbox 210 5827 1811 5917">
    <p class='ocr_par' dir='ltr' id='par_1_59' title="bbox 210 5827 1811 5917">
     <span class='ocr_line' id='line_1_59' title="bbox 210 5827 1811 5917; baseline -0.019 -7"><span class='ocrx_word' id='word_1_490' title='bbox 210 5827 499 5909; x_wconf 58' lang='lat' dir='ltr'><strong>demeritum</strong></span> <span class='ocrx_word' id='word_1_491' title='bbox 528 5841 677 5917; x_wconf 81' lang='lat' dir='ltr'><strong>posui</strong></span> <span class='ocrx_word' id='word_1_492' title='bbox 706 5844 724 5910; x_wconf 91' lang='lat'><strong>(</strong></span> <span class='ocrx_word' id='word_1_493' title='bbox 752 5840 769 5894; x_wconf 92' lang='grc' dir='ltr'><strong>ι</strong></span> <span class='ocrx_word' id='word_1_494' title='bbox 797 5836 914 5893; x_wconf 85' lang='lat' dir='ltr'><strong>Cor.</strong></span> <span class='ocrx_word' id='word_1_495' title='bbox 940 5850 1018 5902; x_wconf 85' lang='grc' dir='ltr'>ιιι,</span> <span class='ocrx_word' id='word_1_496' title='bbox 1051 5830 1221 5902; x_wconf 75' lang='lat'><strong>5-10)</strong></span> <span class='ocrx_word' id='word_1_497' title='bbox 1253 5831 1400 5884; x_wconf 86' lang='lat' dir='ltr'><strong>Sicut</strong></span> <span class='ocrx_word' id='word_1_498' title='bbox 1428 5842 1554 5900; x_wconf 85' lang='lat' dir='ltr'><strong>ergo</strong></span> <span class='ocrx_word' id='word_1_499' title='bbox 1583 5827 1811 5897; x_wconf 79' lang='lat' dir='ltr'><strong>Aposto-</strong></span> 
     </span>
    </p>
   </div>
   <div class='ocr_carea' id='block_1_60' title="bbox 265 5955 1410 6028">
    <p class='ocr_par' dir='ltr' id='par_1_60' title="bbox 265 5955 1410 6028">
     <span class='ocr_line' id='line_1_60' title="bbox 265 5955 1410 6028; baseline -0.021 1"><span class='ocrx_word' id='word_1_500' title='bbox 265 5978 282 6012; x_wconf 84' lang='grc'><strong><em>⁸</em></strong></span> <span class='ocrx_word' id='word_1_501' title='bbox 302 5969 430 6028; x_wconf 78' lang='lat' dir='ltr'><strong>Sola</strong></span> <span class='ocrx_word' id='word_1_502' title='bbox 450 5971 605 6023; x_wconf 79' lang='lat' dir='ltr'><strong>editio</strong></span> <span class='ocrx_word' id='word_1_503' title='bbox 627 5973 761 6018; x_wconf 57' lang='grc' dir='ltr'><strong>ιον..</strong></span> <span class='ocrx_word' id='word_1_504' title='bbox 780 5961 828 6012; x_wconf 87' lang='lat' dir='ltr'><strong>in</strong></span> <span class='ocrx_word' id='word_1_505' title='bbox 853 5957 1071 6012; x_wconf 72' lang='lat' dir='ltr'><strong>interiori</strong></span> <span class='ocrx_word' id='word_1_506' title='bbox 1103 5955 1290 6007; x_wconf 86' lang='lat' dir='ltr'><strong>homine</strong></span> <span class='ocrx_word' id='word_1_507' title='bbox 1313 5962 1410 6007; x_wconf 88' lang='lat' dir='ltr'><strong>tuo.</strong></span> 
     </span>
    </p>
   </div>
   <div class='ocr_carea' id='block_1_61' title="bbox 1648 478 2088 538">
    <p class='ocr_par' dir='ltr' id='par_1_61' title="bbox 1648 478 2088 538">
     <span class='ocr_line' id='line_1_61' title="bbox 1648 478 2088 538; baseline 0.014 -6"><span class='ocrx_word' id='word_1_508' title='bbox 1648 478 1844 534; x_wconf 74' lang='lat' dir='ltr'><strong>LIBER</strong></span> <span class='ocrx_word' id='word_1_509' title='bbox 1890 481 2088 538; x_wconf 81' lang='lat' dir='ltr'><strong>UNUS.</strong></span> 
     </span>
    </p>
   </div>
   <div class='ocr_carea' id='block_1_62' title="bbox 3423 503 3532 561">
    <p class='ocr_par' dir='ltr' id='par_1_62' title="bbox 3423 503 3532 561">
     <span class='ocr_line' id='line_1_62' title="bbox 3423 503 3532 561; baseline 0 -3"><span class='ocrx_word' id='word_1_510' title='bbox 3423 503 3532 561; x_wconf 64' lang='grc' dir='ltr'><strong>55η</strong></span> 
     </span>
    </p>
   </div>
   <div class='ocr_carea' id='block_1_63' title="bbox 1947 595 3527 682">
    <p class='ocr_par' dir='ltr' id='par_1_63' title="bbox 1947 595 3527 682">
     <span class='ocr_line' id='line_1_63' title="bbox 1947 595 3527 682; baseline 0.016 -34"><span class='ocrx_word' id='word_1_511' title='bbox 1947 595 2028 649; x_wconf 91' lang='lat' dir='ltr'><strong>lus</strong></span> <span class='ocrx_word' id='word_1_512' title='bbox 2054 611 2306 667; x_wconf 81' lang='lat' dir='ltr'><strong>operatur</strong></span> <span class='ocrx_word' id='word_1_513' title='bbox 2341 602 2644 670; x_wconf 83' lang='lat' dir='ltr'><strong>plantando,</strong></span> <span class='ocrx_word' id='word_1_514' title='bbox 2679 605 2920 676; x_wconf 78' lang='lat' dir='ltr'><strong>rigando,</strong></span> <span class='ocrx_word' id='word_1_515' title='bbox 2951 611 3292 682; x_wconf 75' lang='lat' dir='ltr'><strong>:cdilieando,</strong></span> <span class='ocrx_word' id='word_1_516' title='bbox 3322 626 3376 671; x_wconf 88' lang='lat' dir='ltr'><strong>et</strong></span> <span class='ocrx_word' id='word_1_517' title='bbox 3396 618 3527 674; x_wconf 82' lang='lat' dir='ltr'><strong>fun-</strong></span> 
     </span>
    </p>
   </div>
   <div class='ocr_carea' id='block_1_64' title="bbox 1938 688 3523 776">
    <p class='ocr_par' dir='ltr' id='par_1_64' title="bbox 1938 688 3523 776">
     <span class='ocr_line' id='line_1_64' title="bbox 1938 688 3523 776; baseline 0.014 -35"><span class='ocrx_word' id='word_1_518' title='bbox 1938 688 2246 746; x_wconf 88' lang='lat' dir='ltr'><strong>damentum</strong></span> <span class='ocrx_word' id='word_1_519' title='bbox 2296 695 2570 762; x_wconf 85' lang='lat' dir='ltr'><strong>ponendo;</strong></span> <span class='ocrx_word' id='word_1_520' title='bbox 2618 698 2688 751; x_wconf 88' lang='lat' dir='ltr'><strong>ita</strong></span> <span class='ocrx_word' id='word_1_521' title='bbox 2718 701 2806 769; x_wconf 87' lang='lat' dir='ltr'><strong>qui</strong></span> <span class='ocrx_word' id='word_1_522' title='bbox 2853 716 2956 755; x_wconf 91' lang='lat' dir='ltr'><strong>non</strong></span> <span class='ocrx_word' id='word_1_523' title='bbox 3005 708 3113 756; x_wconf 85' lang='lat' dir='ltr'><strong>vult</strong></span> <span class='ocrx_word' id='word_1_524' title='bbox 3151 709 3384 776; x_wconf 86' lang='lat' dir='ltr'><strong>operari,</strong></span> <span class='ocrx_word' id='word_1_525' title='bbox 3418 726 3523 767; x_wconf 88' lang='lat' dir='ltr'><strong>non</strong></span> 
     </span>
    </p>
   </div>
   <div class='ocr_carea' id='block_1_65' title="bbox 1937 779 3526 864">
    <p class='ocr_par' dir='ltr' id='par_1_65' title="bbox 1937 779 3526 864">
     <span class='ocr_line' id='line_1_65' title="bbox 1937 779 3526 864; baseline 0.013 -32"><span class='ocrx_word' id='word_1_526' title='bbox 1937 779 2241 836; x_wconf 85' lang='lat' dir='ltr'><strong>manducet.</strong></span> <span class='ocrx_word' id='word_1_527' title='bbox 2273 783 2408 851; x_wconf 87' lang='lat' dir='ltr'><strong>Quid</strong></span> <span class='ocrx_word' id='word_1_528' title='bbox 2439 785 2580 841; x_wconf 88' lang='lat' dir='ltr'><strong>enim</strong></span> <span class='ocrx_word' id='word_1_529' title='bbox 2611 789 2825 857; x_wconf 86' lang='lat' dir='ltr'><strong>prodest</strong></span> <span class='ocrx_word' id='word_1_530' title='bbox 2849 791 3216 848; x_wconf 87' lang='lat' dir='ltr'><strong>manducando</strong></span> <span class='ocrx_word' id='word_1_531' title='bbox 3241 797 3526 864; x_wconf 84' lang='lat' dir='ltr'><strong>spirituali-</strong></span> 
     </span>
    </p>
   </div>
   <div class='ocr_carea' id='block_1_66' title="bbox 1935 875 3525 954">
    <p class='ocr_par' dir='ltr' id='par_1_66' title="bbox 1935 875 3525 954">
     <span class='ocr_line' id='line_1_66' title="bbox 1935 875 3525 954; baseline 0.013 -29"><span class='ocrx_word' id='word_1_532' title='bbox 1935 880 2016 927; x_wconf 91' lang='lat' dir='ltr'><strong>ter</strong></span> <span class='ocrx_word' id='word_1_533' title='bbox 2044 875 2189 943; x_wconf 88' lang='lat' dir='ltr'><strong>pasci</strong></span> <span class='ocrx_word' id='word_1_534' title='bbox 2217 877 2380 930; x_wconf 83' lang='lat' dir='ltr'><strong>verbo</strong></span> <span class='ocrx_word' id='word_1_535' title='bbox 2406 877 2501 932; x_wconf 88' lang='lat' dir='ltr'><strong>Dei</strong></span> <span class='ocrx_word' id='word_1_536' title='bbox 2528 879 2564 945; x_wconf 85' lang='grc'><strong>¹,</strong></span> <span class='ocrx_word' id='word_1_537' title='bbox 2614 881 2658 934; x_wconf 90' lang='lat' dir='ltr'><strong>si</strong></span> <span class='ocrx_word' id='word_1_538' title='bbox 2699 897 2804 935; x_wconf 90' lang='lat' dir='ltr'><strong>non</strong></span> <span class='ocrx_word' id='word_1_539' title='bbox 2850 883 2971 938; x_wconf 89' lang='lat' dir='ltr'><strong>inde</strong></span> <span class='ocrx_word' id='word_1_540' title='bbox 3018 895 3269 954; x_wconf 89' lang='lat' dir='ltr'><strong>operatur</strong></span> <span class='ocrx_word' id='word_1_541' title='bbox 3296 889 3525 946; x_wconf 85' lang='lat' dir='ltr'><strong>aliorum</strong></span> 
     </span>
    </p>
   </div>
   <div class='ocr_carea' id='block_1_67' title="bbox 1933 965 3524 1046">
    <p class='ocr_par' dir='ltr' id='par_1_67' title="bbox 1933 965 3524 1046">
     <span class='ocr_line' id='line_1_67' title="bbox 1933 965 3524 1046; baseline 0.012 -29"><span class='ocrx_word' id='word_1_542' title='bbox 1933 965 2377 1022; x_wconf 69' lang='lat' dir='ltr'><strong>auliftcationem?</strong></span> <span class='ocrx_word' id='word_1_543' title='bbox 2409 968 2558 1024; x_wconf 90' lang='lat' dir='ltr'><strong>Sicut</strong></span> <span class='ocrx_word' id='word_1_544' title='bbox 2585 971 2656 1025; x_wconf 90' lang='lat' dir='ltr'><strong>illi</strong></span> <span class='ocrx_word' id='word_1_545' title='bbox 2690 972 2840 1043; x_wconf 86' lang='lat' dir='ltr'><strong>pigro</strong></span> <span class='ocrx_word' id='word_1_546' title='bbox 2871 989 3026 1030; x_wconf 86' lang='lat' dir='ltr'><strong>servo</strong></span> <span class='ocrx_word' id='word_1_547' title='bbox 3054 977 3178 1045; x_wconf 84' lang='lat' dir='ltr'><strong>quid</strong></span> <span class='ocrx_word' id='word_1_548' title='bbox 3209 980 3407 1046; x_wconf 87' lang='lat' dir='ltr'><strong>profuit</strong></span> <span class='ocrx_word' id='word_1_549' title='bbox 3435 996 3524 1036; x_wconf 84' lang='lat' dir='ltr'><strong>ac-</strong></span> 
     </span>
    </p>
   </div>
   <div class='ocr_carea' id='block_1_68' title="bbox 1931 1057 3520 1137">
    <p class='ocr_par' dir='ltr' id='par_1_68' title="bbox 1931 1057 3520 1137">
     <span class='ocr_line' id='line_1_68' title="bbox 1931 1057 3520 1137; baseline 0.012 -28"><span class='ocrx_word' id='word_1_550' title='bbox 1931 1057 2109 1127; x_wconf 85' lang='lat' dir='ltr'><strong>cipere</strong></span> <span class='ocrx_word' id='word_1_551' title='bbox 2157 1060 2444 1130; x_wconf 89' lang='lat' dir='ltr'><strong>talentum,</strong></span> <span class='ocrx_word' id='word_1_552' title='bbox 2487 1071 2540 1118; x_wconf 90' lang='lat' dir='ltr'><strong>et</strong></span> <span class='ocrx_word' id='word_1_553' title='bbox 2585 1064 2936 1134; x_wconf 80' lang='lat' dir='ltr'><strong>abscondere,</strong></span> <span class='ocrx_word' id='word_1_554' title='bbox 2985 1084 3084 1122; x_wconf 87' lang='lat' dir='ltr'><strong>nec</strong></span> <span class='ocrx_word' id='word_1_555' title='bbox 3126 1073 3334 1137; x_wconf 83' lang='lat' dir='ltr'><strong>Operari</strong></span> <span class='ocrx_word' id='word_1_556' title='bbox 3379 1073 3520 1128; x_wconf 88' lang='lat' dir='ltr'><strong>lucra</strong></span> 
     </span>
    </p>
   </div>
   <div class='ocr_carea' id='block_1_69' title="bbox 1925 1151 3520 1232">
    <p class='ocr_par' dir='ltr' id='par_1_69' title="bbox 1925 1151 3520 1232">
     <span class='ocr_line' id='line_1_69' title="bbox 1925 1151 3520 1232; baseline 0.008 -24"><span class='ocrx_word' id='word_1_557' title='bbox 1925 1151 2231 1208; x_wconf 81' lang='lat' dir='ltr'><strong>dominica?</strong></span> <span class='ocrx_word' id='word_1_558' title='bbox 2262 1158 2340 1209; x_wconf 87' lang='lat' dir='ltr'><strong>An</strong></span> <span class='ocrx_word' id='word_1_559' title='bbox 2369 1165 2427 1210; x_wconf 89' lang='lat' dir='ltr'><strong>ut</strong></span> <span class='ocrx_word' id='word_1_560' title='bbox 2464 1157 2511 1211; x_wconf 90' lang='lat' dir='ltr'><strong>ei</strong></span> <span class='ocrx_word' id='word_1_561' title='bbox 2541 1157 2843 1214; x_wconf 85' lang='lat' dir='ltr'><strong>auferretur</strong></span> <span class='ocrx_word' id='word_1_562' title='bbox 2870 1161 2920 1214; x_wconf 89' lang='lat' dir='ltr'><strong>in</strong></span> <span class='ocrx_word' id='word_1_563' title='bbox 2958 1161 3079 1226; x_wconf 84' lang='lat' dir='ltr'><strong>line,</strong></span> <span class='ocrx_word' id='word_1_564' title='bbox 3113 1171 3168 1218; x_wconf 89' lang='lat' dir='ltr'><strong>et</strong></span> <span class='ocrx_word' id='word_1_565' title='bbox 3198 1165 3310 1232; x_wconf 84' lang='lat' dir='ltr'><strong>ipse.</strong></span> <span class='ocrx_word' id='word_1_566' title='bbox 3343 1165 3392 1218; x_wconf 92' lang='lat' dir='ltr'><strong>in</strong></span> <span class='ocrx_word' id='word_1_567' title='bbox 3425 1182 3520 1220; x_wconf 75' lang='lat' dir='ltr'><strong>ex~</strong></span> 
     </span>
    </p>
   </div>
   <div class='ocr_carea' id='block_1_70' title="bbox 1933 1235 3519 1327">
    <p class='ocr_par' dir='ltr' id='par_1_70' title="bbox 1933 1235 3519 1327">
     <span class='ocr_line' id='line_1_70' title="bbox 1933 1235 3519 1327; baseline 0.006 -29"><span class='ocrx_word' id='word_1_568' title='bbox 1933 1245 2157 1300; x_wconf 87' lang='lat' dir='ltr'><strong>teriores</strong></span> <span class='ocrx_word' id='word_1_569' title='bbox 2181 1247 2427 1302; x_wconf 82' lang='lat' dir='ltr'><strong>tenebras</strong></span> <span class='ocrx_word' id='word_1_570' title='bbox 2452 1248 2752 1304; x_wconf 89' lang='lat' dir='ltr'><strong>mitteretur</strong></span> <span class='ocrx_word' id='word_1_571' title='bbox 2771 1249 2983 1319; x_wconf 77' lang='lat' dir='ltr'><strong>(Matth.</strong></span> <span class='ocrx_word' id='word_1_572' title='bbox 3010 1269 3135 1319; x_wconf 77' lang='lat' dir='ltr'><strong>xxv,</strong></span> <span class='ocrx_word' id='word_1_573' title='bbox 3159 1254 3228 1307; x_wconf 67' lang='lat'><strong>‘24</strong></span> <span class='ocrx_word' id='word_1_574' title='bbox 3258 1254 3350 1327; x_wconf 78' lang='lat'><strong>50)</strong></span> <span class='ocrx_word' id='word_1_575' title='bbox 3367 1255 3390 1308; x_wconf 89' lang='lat'><strong>?</strong></span> <span class='ocrx_word' id='word_1_576' title='bbox 3410 1235 3519 1321; x_wconf 75' lang='lat' dir='ltr'><strong>Sic,</strong></span> 
     </span>
    </p>
   </div>
   <div class='ocr_carea' id='block_1_71' title="bbox 1932 1337 3518 1415">
    <p class='ocr_par' dir='ltr' id='par_1_71' title="bbox 1932 1337 3518 1415">
     <span class='ocr_line' id='line_1_71' title="bbox 1932 1337 3518 1415; baseline 0.007 -27"><span class='ocrx_word' id='word_1_577' title='bbox 1932 1337 2199 1407; x_wconf 77' lang='lat' dir='ltr'><strong>inquiunt,</strong></span> <span class='ocrx_word' id='word_1_578' title='bbox 2219 1347 2278 1392; x_wconf 64' lang='lat' dir='ltr'><strong>&#39;et</strong></span> <span class='ocrx_word' id='word_1_579' title='bbox 2307 1353 2404 1392; x_wconf 89' lang='lat' dir='ltr'><strong>nos</strong></span> <span class='ocrx_word' id='word_1_580' title='bbox 2430 1339 2654 1395; x_wconf 82' lang='lat' dir='ltr'><strong>facimus</strong></span> <span class='ocrx_word' id='word_1_581' title='bbox 2683 1359 2695 1394; x_wconf 92' lang='lat'><strong>:</strong></span> <span class='ocrx_word' id='word_1_582' title='bbox 2729 1342 2950 1412; x_wconf 85' lang='lat' dir='ltr'><strong>legimus</strong></span> <span class='ocrx_word' id='word_1_583' title='bbox 2978 1359 3098 1398; x_wconf 91' lang='lat' dir='ltr'><strong>cum</strong></span> <span class='ocrx_word' id='word_1_584' title='bbox 3132 1343 3404 1412; x_wconf 62' lang='lat' dir='ltr'><strong>fratribus,</strong></span> <span class='ocrx_word' id='word_1_585' title='bbox 3431 1348 3518 1415; x_wconf 88' lang='lat' dir='ltr'><strong>qui</strong></span> 
     </span>
    </p>
   </div>
   <div class='ocr_carea' id='block_1_72' title="bbox 1929 1427 3518 1505">
    <p class='ocr_par' dir='ltr' id='par_1_72' title="bbox 1929 1427 3518 1505">
     <span class='ocr_line' id='line_1_72' title="bbox 1929 1427 3518 1505; baseline 0.007 -26"><span class='ocrx_word' id='word_1_586' title='bbox 1929 1427 1993 1480; x_wconf 89' lang='lat' dir='ltr'><strong>ad</strong></span> <span class='ocrx_word' id='word_1_587' title='bbox 2027 1444 2122 1481; x_wconf 91' lang='lat' dir='ltr'><strong>nos</strong></span> <span class='ocrx_word' id='word_1_588' title='bbox 2149 1429 2218 1483; x_wconf 83' lang='lat' dir='ltr'><strong>ab</strong></span> <span class='ocrx_word' id='word_1_589' title='bbox 2244 1437 2375 1484; x_wconf 70' lang='lat' dir='ltr'><strong>cestu</strong></span> <span class='ocrx_word' id='word_1_590' title='bbox 2397 1431 2580 1484; x_wconf 83' lang='lat' dir='ltr'><strong>saeculi</strong></span> <span class='ocrx_word' id='word_1_591' title='bbox 2601 1432 2819 1486; x_wconf 85' lang='lat' dir='ltr'><strong>veniunt</strong></span> <span class='ocrx_word' id='word_1_592' title='bbox 2843 1432 3064 1503; x_wconf 81' lang='lat' dir='ltr'><strong>fatigati,</strong></span> <span class='ocrx_word' id='word_1_593' title='bbox 3095 1444 3151 1488; x_wconf 88' lang='lat' dir='ltr'><strong>ut</strong></span> <span class='ocrx_word' id='word_1_594' title='bbox 3180 1435 3318 1505; x_wconf 87' lang='lat' dir='ltr'><strong>apud</strong></span> <span class='ocrx_word' id='word_1_595' title='bbox 3347 1453 3443 1490; x_wconf 85' lang='lat' dir='ltr'><strong>nos</strong></span> <span class='ocrx_word' id='word_1_596' title='bbox 3469 1438 3518 1490; x_wconf 88' lang='lat' dir='ltr'><strong>in</strong></span> 
     </span>
    </p>
   </div>
   <div class='ocr_carea' id='block_1_73' title="bbox 1930 1519 3520 1596">
    <p class='ocr_par' dir='ltr' id='par_1_73' title="bbox 1930 1519 3520 1596">
     <span class='ocr_line' id='line_1_73' title="bbox 1930 1519 3520 1596; baseline 0.007 -25"><span class='ocrx_word' id='word_1_597' title='bbox 1930 1519 2092 1573; x_wconf 80' lang='lat' dir='ltr'><strong>verbo</strong></span> <span class='ocrx_word' id='word_1_598' title='bbox 2123 1519 2238 1585; x_wconf 90' lang='lat' dir='ltr'><strong>Dei,</strong></span> <span class='ocrx_word' id='word_1_599' title='bbox 2264 1530 2318 1575; x_wconf 90' lang='lat' dir='ltr'><strong>et</strong></span> <span class='ocrx_word' id='word_1_600' title='bbox 2336 1520 2391 1576; x_wconf 87' lang='lat' dir='ltr'><strong>in</strong></span> <span class='ocrx_word' id='word_1_601' title='bbox 2422 1522 2771 1591; x_wconf 84' lang='lat' dir='ltr'><strong>orationibus,</strong></span> <span class='ocrx_word' id='word_1_602' title='bbox 2801 1525 3042 1594; x_wconf 80' lang='lat' dir='ltr'><strong>psalmis,</strong></span> <span class='ocrx_word' id='word_1_603' title='bbox 3071 1524 3302 1596; x_wconf 84' lang='lat' dir='ltr'><strong>hymnis,</strong></span> <span class='ocrx_word' id='word_1_604' title='bbox 3325 1535 3380 1580; x_wconf 90' lang='lat' dir='ltr'><strong>ct</strong></span> <span class='ocrx_word' id='word_1_605' title='bbox 3402 1543 3520 1582; x_wconf 64' lang='lat' dir='ltr'><strong>can»</strong></span> 
     </span>
    </p>
   </div>
   <div class='ocr_carea' id='block_1_74' title="bbox 1928 1609 3513 1685">
    <p class='ocr_par' dir='ltr' id='par_1_74' title="bbox 1928 1609 3513 1685">
     <span class='ocr_line' id='line_1_74' title="bbox 1928 1609 3513 1685; baseline 0.005 -22"><span class='ocrx_word' id='word_1_606' title='bbox 1928 1609 2048 1665; x_wconf 87' lang='lat' dir='ltr'><strong>tieis</strong></span> <span class='ocrx_word' id='word_1_607' title='bbox 2069 1610 2429 1680; x_wconf 90' lang='lat' dir='ltr'><strong>spiritualibus</strong></span> <span class='ocrx_word' id='word_1_608' title='bbox 2451 1614 2806 1684; x_wconf 89' lang='lat' dir='ltr'><strong>requiescant.</strong></span> <span class='ocrx_word' id='word_1_609' title='bbox 2831 1615 3164 1685; x_wconf 83' lang='lat' dir='ltr'><strong>Alloquimur</strong></span> <span class='ocrx_word' id='word_1_610' title='bbox 3181 1632 3294 1682; x_wconf 90' lang='lat' dir='ltr'><strong>eos,</strong></span> <span class='ocrx_word' id='word_1_611' title='bbox 3325 1628 3513 1672; x_wconf 66' lang='lat' dir='ltr'><strong>censeo</strong></span> 
     </span>
    </p>
   </div>
   <div class='ocr_carea' id='block_1_75' title="bbox 1926 1700 3516 1774">
    <p class='ocr_par' dir='ltr' id='par_1_75' title="bbox 1926 1700 3516 1774">
     <span class='ocr_line' id='line_1_75' title="bbox 1926 1700 3516 1774; baseline 0.004 -20"><span class='ocrx_word' id='word_1_612' title='bbox 1926 1700 2119 1768; x_wconf 88' lang='lat' dir='ltr'><strong>lamur,</strong></span> <span class='ocrx_word' id='word_1_613' title='bbox 2147 1701 2514 1768; x_wconf 82' lang='lat' dir='ltr'><strong>exhortamur,</strong></span> <span class='ocrx_word' id='word_1_614' title='bbox 2548 1705 2873 1759; x_wconf 77' lang='lat' dir='ltr'><strong>:ediﬁcantcs</strong></span> <span class='ocrx_word' id='word_1_615' title='bbox 2901 1706 2950 1758; x_wconf 91' lang='lat' dir='ltr'><strong>in</strong></span> <span class='ocrx_word' id='word_1_616' title='bbox 2979 1706 3078 1770; x_wconf 86' lang='lat' dir='ltr'><strong>eis,</strong></span> <span class='ocrx_word' id='word_1_617' title='bbox 3103 1706 3146 1759; x_wconf 90' lang='lat' dir='ltr'><strong>si</strong></span> <span class='ocrx_word' id='word_1_618' title='bbox 3173 1707 3298 1774; x_wconf 91' lang='lat' dir='ltr'><strong>quid</strong></span> <span class='ocrx_word' id='word_1_619' title='bbox 3329 1722 3516 1762; x_wconf 89' lang='lat' dir='ltr'><strong>corum</strong></span> 
     </span>
    </p>
   </div>
   <div class='ocr_carea' id='block_1_76' title="bbox 1926 1793 3514 1868">
    <p class='ocr_par' dir='ltr' id='par_1_76' title="bbox 1926 1793 3514 1868">
     <span class='ocr_line' id='line_1_76' title="bbox 1926 1793 3514 1868; baseline 0.006 -23"><span class='ocrx_word' id='word_1_620' title='bbox 1926 1793 2048 1847; x_wconf 68' lang='lat' dir='ltr'><strong>vita:</strong></span> <span class='ocrx_word' id='word_1_621' title='bbox 2087 1809 2183 1863; x_wconf 90' lang='lat' dir='ltr'><strong>pro</strong></span> <span class='ocrx_word' id='word_1_622' title='bbox 2214 1810 2311 1849; x_wconf 91' lang='lat' dir='ltr'><strong>suo</strong></span> <span class='ocrx_word' id='word_1_623' title='bbox 2348 1796 2513 1864; x_wconf 82' lang='lat' dir='ltr'><strong>gradu</strong></span> <span class='ocrx_word' id='word_1_624' title='bbox 2543 1795 2733 1850; x_wconf 89' lang='lat' dir='ltr'><strong>deesse</strong></span> <span class='ocrx_word' id='word_1_625' title='bbox 2763 1797 3135 1866; x_wconf 84' lang='lat' dir='ltr'><strong>perspicimus.</strong></span> <span class='ocrx_word' id='word_1_626' title='bbox 3181 1797 3325 1851; x_wconf 85' lang='lat' dir='ltr'><strong>Talia</strong></span> <span class='ocrx_word' id='word_1_627' title='bbox 3355 1815 3514 1868; x_wconf 80' lang='lat' dir='ltr'><strong>opera</strong></span> 
     </span>
    </p>
   </div>
   <div class='ocr_carea' id='block_1_77' title="bbox 1925 1885 3514 1957">
    <p class='ocr_par' dir='ltr' id='par_1_77' title="bbox 1925 1885 3514 1957">
     <span class='ocr_line' id='line_1_77' title="bbox 1925 1885 3514 1957; baseline 0.001 -17"><span class='ocrx_word' id='word_1_628' title='bbox 1925 1885 1973 1940; x_wconf 90' lang='lat' dir='ltr'><strong>si</strong></span> <span class='ocrx_word' id='word_1_629' title='bbox 2005 1903 2106 1940; x_wconf 91' lang='lat' dir='ltr'><strong>non</strong></span> <span class='ocrx_word' id='word_1_630' title='bbox 2141 1885 2459 1952; x_wconf 88' lang='lat' dir='ltr'><strong>faceremus,</strong></span> <span class='ocrx_word' id='word_1_631' title='bbox 2491 1888 2790 1957; x_wconf 89' lang='lat' dir='ltr'><strong>periculose</strong></span> <span class='ocrx_word' id='word_1_632' title='bbox 2816 1904 2844 1941; x_wconf 95' lang='lat' dir='ltr'><strong>a</strong></span> <span class='ocrx_word' id='word_1_633' title='bbox 2876 1888 3100 1942; x_wconf 87' lang='lat' dir='ltr'><strong>Domino</strong></span> <span class='ocrx_word' id='word_1_634' title='bbox 3130 1888 3379 1942; x_wconf 84' lang='lat' dir='ltr'><strong>alimenta</strong></span> <span class='ocrx_word' id='word_1_635' title='bbox 3405 1889 3514 1957; x_wconf 80' lang='lat' dir='ltr'><strong>ipsa</strong></span> 
     </span>
    </p>
   </div>
   <div class='ocr_carea' id='block_1_78' title="bbox 1924 1976 3517 2046">
    <p class='ocr_par' dir='ltr' id='par_1_78' title="bbox 1924 1976 3517 2046">
     <span class='ocr_line' id='line_1_78' title="bbox 1924 1976 3517 2046; baseline 0.001 -16"><span class='ocrx_word' id='word_1_636' title='bbox 1924 1976 2220 2046; x_wconf 87' lang='lat' dir='ltr'><strong>spiritualia</strong></span> <span class='ocrx_word' id='word_1_637' title='bbox 2243 1991 2599 2032; x_wconf 86' lang='lat' dir='ltr'><strong>sumeremus.</strong></span> <span class='ocrx_word' id='word_1_638' title='bbox 2628 1977 2739 2031; x_wconf 84' lang='lat' dir='ltr'><strong>Hoc</strong></span> <span class='ocrx_word' id='word_1_639' title='bbox 2768 1978 2908 2031; x_wconf 87' lang='lat' dir='ltr'><strong>enim</strong></span> <span class='ocrx_word' id='word_1_640' title='bbox 2932 1976 3388 2046; x_wconf 84' lang='lat' dir='ltr'><strong>dixitApostolus,</strong></span> <span class='ocrx_word' id='word_1_641' title='bbox 3417 1977 3517 2042; x_wconf 80' lang='lat' dir='ltr'><strong>Qut</strong></span> 
     </span>
    </p>
   </div>
   <div class='ocr_carea' id='block_1_79' title="bbox 1923 2067 3517 2140">
    <p class='ocr_par' dir='ltr' id='par_1_79' title="bbox 1923 2067 3517 2140">
     <span class='ocr_line' id='line_1_79' title="bbox 1923 2067 3517 2140; baseline 0.001 -18"><span class='ocrx_word' id='word_1_642' title='bbox 1923 2085 2025 2122; x_wconf 91' lang='lat' dir='ltr'><strong>non</strong></span> <span class='ocrx_word' id='word_1_643' title='bbox 2054 2067 2160 2122; x_wconf 88' lang='lat' dir='ltr'><strong>vult</strong></span> <span class='ocrx_word' id='word_1_644' title='bbox 2185 2069 2407 2140; x_wconf 86' lang='lat' dir='ltr'><strong>operari,</strong></span> <span class='ocrx_word' id='word_1_645' title='bbox 2436 2085 2536 2123; x_wconf 92' lang='lat' dir='ltr'><strong>non</strong></span> <span class='ocrx_word' id='word_1_646' title='bbox 2563 2069 2850 2123; x_wconf 88' lang='lat' dir='ltr'><strong>manducet.</strong></span> <span class='ocrx_word' id='word_1_647' title='bbox 2887 2068 2961 2122; x_wconf 88' lang='lat' dir='ltr'><strong>Ita</strong></span> <span class='ocrx_word' id='word_1_648' title='bbox 2992 2084 3050 2123; x_wconf 91' lang='lat' dir='ltr'><strong>se</strong></span> <span class='ocrx_word' id='word_1_649' title='bbox 3079 2069 3164 2122; x_wconf 91' lang='lat' dir='ltr'><strong>isti</strong></span> <span class='ocrx_word' id='word_1_650' title='bbox 3191 2068 3517 2124; x_wconf 87' lang='lat' dir='ltr'><strong>arbitrantur</strong></span> 
     </span>
    </p>
   </div>
   <div class='ocr_carea' id='block_1_80' title="bbox 1921 2160 3512 2232">
    <p class='ocr_par' dir='ltr' id='par_1_80' title="bbox 1921 2160 3512 2232">
     <span class='ocr_line' id='line_1_80' title="bbox 1921 2160 3512 2232; baseline 0 -18"><span class='ocrx_word' id='word_1_651' title='bbox 1921 2160 2226 2231; x_wconf 65' lang='lat' dir='ltr'><strong>apostolicae</strong></span> <span class='ocrx_word' id='word_1_652' title='bbox 2248 2170 2303 2216; x_wconf 90' lang='lat' dir='ltr'><strong>et</strong></span> <span class='ocrx_word' id='word_1_653' title='bbox 2323 2160 2649 2232; x_wconf 79' lang='lat' dir='ltr'><strong>evangelica:</strong></span> <span class='ocrx_word' id='word_1_654' title='bbox 2674 2161 3045 2232; x_wconf 87' lang='lat' dir='ltr'><strong>obtemperare</strong></span> <span class='ocrx_word' id='word_1_655' title='bbox 3066 2162 3364 2229; x_wconf 67' lang='lat' dir='ltr'><strong>sententiae,</strong></span> <span class='ocrx_word' id='word_1_656' title='bbox 3392 2177 3512 2214; x_wconf 89' lang='lat' dir='ltr'><strong>cum</strong></span> 
     </span>
    </p>
   </div>
   <div class='ocr_carea' id='block_1_81' title="bbox 1921 2251 3516 2323">
    <p class='ocr_par' dir='ltr' id='par_1_81' title="bbox 1921 2251 3516 2323">
     <span class='ocr_line' id='line_1_81' title="bbox 1921 2251 3516 2323; baseline 0.001 -16"><span class='ocrx_word' id='word_1_657' title='bbox 1921 2261 1976 2307; x_wconf 90' lang='lat' dir='ltr'><strong>et</strong></span> <span class='ocrx_word' id='word_1_658' title='bbox 2003 2251 2351 2322; x_wconf 80' lang='lat' dir='ltr'><strong>Evangelium</strong></span> <span class='ocrx_word' id='word_1_659' title='bbox 2378 2253 2605 2308; x_wconf 88' lang='lat' dir='ltr'><strong>credunt</strong></span> <span class='ocrx_word' id='word_1_660' title='bbox 2651 2253 2718 2308; x_wconf 88' lang='lat' dir='ltr'><strong>dc</strong></span> <span class='ocrx_word' id='word_1_661' title='bbox 2757 2269 2864 2308; x_wconf 91' lang='lat' dir='ltr'><strong>non</strong></span> <span class='ocrx_word' id='word_1_662' title='bbox 2891 2253 3123 2308; x_wconf 86' lang='lat' dir='ltr'><strong>curanda</strong></span> <span class='ocrx_word' id='word_1_663' title='bbox 3155 2255 3417 2323; x_wconf 83' lang='lat' dir='ltr'><strong>corporali</strong></span> <span class='ocrx_word' id='word_1_664' title='bbox 3460 2264 3516 2309; x_wconf 84' lang='lat' dir='ltr'><strong>et</strong></span> 
     </span>
    </p>
   </div>
   <div class='ocr_carea' id='block_1_82' title="bbox 1923 2343 3511 2415">
    <p class='ocr_par' dir='ltr' id='par_1_82' title="bbox 1923 2343 3511 2415">
     <span class='ocr_line' id='line_1_82' title="bbox 1923 2343 3511 2415; baseline 0.001 -17"><span class='ocrx_word' id='word_1_665' title='bbox 1923 2344 2202 2414; x_wconf 85' lang='lat' dir='ltr'><strong>temporali</strong></span> <span class='ocrx_word' id='word_1_666' title='bbox 2233 2345 2356 2399; x_wconf 81' lang='lat' dir='ltr'><strong>vitae</strong></span> <span class='ocrx_word' id='word_1_667' title='bbox 2383 2343 2540 2414; x_wconf 87' lang='lat' dir='ltr'><strong>hujus</strong></span> <span class='ocrx_word' id='word_1_668' title='bbox 2568 2343 2854 2414; x_wconf 85' lang='lat' dir='ltr'><strong>indigentia</strong></span> <span class='ocrx_word' id='word_1_669' title='bbox 2898 2345 3238 2414; x_wconf 51' lang='lat' dir='ltr'><strong>praecepisse,</strong></span> <span class='ocrx_word' id='word_1_670' title='bbox 3271 2355 3325 2400; x_wconf 90' lang='lat' dir='ltr'><strong>et</strong></span> <span class='ocrx_word' id='word_1_671' title='bbox 3367 2351 3511 2415; x_wconf 85' lang='lat' dir='ltr'><strong>Apo-</strong></span> 
     </span>
    </p>
   </div>
   <div class='ocr_carea' id='block_1_83' title="bbox 1919 2435 3511 2506">
    <p class='ocr_par' dir='ltr' id='par_1_83' title="bbox 1919 2435 3511 2506">
     <span class='ocr_line' id='line_1_83' title="bbox 1919 2435 3511 2506; baseline 0 -16"><span class='ocrx_word' id='word_1_672' title='bbox 1919 2437 2114 2490; x_wconf 87' lang='lat' dir='ltr'><strong>stolum</strong></span> <span class='ocrx_word' id='word_1_673' title='bbox 2144 2436 2211 2492; x_wconf 91' lang='lat' dir='ltr'><strong>de</strong></span> <span class='ocrx_word' id='word_1_674' title='bbox 2238 2436 2359 2492; x_wconf 86' lang='lat' dir='ltr'><strong>cibo</strong></span> <span class='ocrx_word' id='word_1_675' title='bbox 2387 2445 2441 2490; x_wconf 91' lang='lat' dir='ltr'><strong>et</strong></span> <span class='ocrx_word' id='word_1_676' title='bbox 2471 2451 2635 2504; x_wconf 71' lang='lat' dir='ltr'><strong>Opere</strong></span> <span class='ocrx_word' id='word_1_677' title='bbox 2677 2437 2938 2506; x_wconf 86' lang='lat' dir='ltr'><strong>spirituali</strong></span> <span class='ocrx_word' id='word_1_678' title='bbox 2982 2437 3181 2490; x_wconf 76' lang='lat' dir='ltr'><strong>dixisse</strong></span> <span class='ocrx_word' id='word_1_679' title='bbox 3205 2478 3219 2501; x_wconf 94' lang='lat'><strong>,</strong></span> <span class='ocrx_word' id='word_1_680' title='bbox 3267 2435 3367 2501; x_wconf 82' lang='lat' dir='ltr'><strong>Qui</strong></span> <span class='ocrx_word' id='word_1_681' title='bbox 3410 2453 3511 2490; x_wconf 89' lang='lat' dir='ltr'><strong>non</strong></span> 
     </span>
    </p>
   </div>
   <div class='ocr_carea' id='block_1_84' title="bbox 1918 2527 2722 2598">
    <p class='ocr_par' dir='ltr' id='par_1_84' title="bbox 1918 2527 2722 2598">
     <span class='ocr_line' id='line_1_84' title="bbox 1918 2527 2722 2598; baseline -0.004 -18"><span class='ocrx_word' id='word_1_682' title='bbox 1918 2528 2022 2580; x_wconf 84' lang='lat' dir='ltr'><strong>vult</strong></span> <span class='ocrx_word' id='word_1_683' title='bbox 2053 2528 2275 2598; x_wconf 87' lang='lat' dir='ltr'><strong>operari,</strong></span> <span class='ocrx_word' id='word_1_684' title='bbox 2305 2543 2404 2582; x_wconf 89' lang='lat' dir='ltr'><strong>non</strong></span> <span class='ocrx_word' id='word_1_685' title='bbox 2436 2527 2722 2580; x_wconf 82' lang='lat' dir='ltr'><strong>manducet.</strong></span> 
     </span>
    </p>
   </div>
   <div class='ocr_carea' id='block_1_85' title="bbox 1989 2617 3512 2691">
    <p class='ocr_par' dir='ltr' id='par_1_85' title="bbox 1989 2617 3512 2691">
     <span class='ocr_line' id='line_1_85' title="bbox 1989 2617 3512 2691; baseline -0.003 -15"><span class='ocrx_word' id='word_1_686' title='bbox 1989 2619 2215 2677; x_wconf 83' lang='lat' dir='ltr'><strong>CAPUT</strong></span> <span class='ocrx_word' id='word_1_687' title='bbox 2241 2621 2380 2676; x_wconf 88' lang='lat' dir='ltr'><strong>ll.—</strong></span> <span class='ocrx_word' id='word_1_688' title='bbox 2400 2622 2454 2676; x_wconf 79' lang='lat'><strong>5.</strong></span> <span class='ocrx_word' id='word_1_689' title='bbox 2481 2619 2822 2691; x_wconf 75' lang='lat' dir='ltr'><strong>Rcfrlluntur,</strong></span> <span class='ocrx_word' id='word_1_690' title='bbox 2841 2620 2960 2688; x_wconf 86' lang='lat' dir='ltr'><strong>quia</strong></span> <span class='ocrx_word' id='word_1_691' title='bbox 2980 2629 3032 2672; x_wconf 87' lang='lat' dir='ltr'><strong>ut</strong></span> <span class='ocrx_word' id='word_1_692' title='bbox 3061 2634 3261 2673; x_wconf 87' lang='lat' dir='ltr'><strong>sensum</strong></span> <span class='ocrx_word' id='word_1_693' title='bbox 3280 2617 3512 2690; x_wconf 54' lang='lat' dir='ltr'><strong>Evange.</strong></span> 
     </span>
    </p>
   </div>
   <div class='ocr_carea' id='block_1_86' title="bbox 1920 2709 3513 2779">
    <p class='ocr_par' dir='ltr' id='par_1_86' title="bbox 1920 2709 3513 2779">
     <span class='ocr_line' id='line_1_86' title="bbox 1920 2709 3513 2779; baseline -0.001 -15"><span class='ocrx_word' id='word_1_694' title='bbox 1920 2710 1976 2764; x_wconf 89' lang='lat' dir='ltr'><strong>lii</strong></span> <span class='ocrx_word' id='word_1_695' title='bbox 2001 2727 2063 2765; x_wconf 81' lang='lat' dir='ltr'><strong>ea:</strong></span> <span class='ocrx_word' id='word_1_696' title='bbox 2086 2713 2200 2766; x_wconf 89' lang='lat' dir='ltr'><strong>aliis</strong></span> <span class='ocrx_word' id='word_1_697' title='bbox 2232 2722 2277 2765; x_wconf 89' lang='lat' dir='ltr'><strong>et</strong></span> <span class='ocrx_word' id='word_1_698' title='bbox 2298 2710 2414 2764; x_wconf 87' lang='lat' dir='ltr'><strong>aliis</strong></span> <span class='ocrx_word' id='word_1_699' title='bbox 2445 2710 2602 2764; x_wconf 86' lang='lat' dir='ltr'><strong>verbis</strong></span> <span class='ocrx_word' id='word_1_700' title='bbox 2625 2710 2831 2763; x_wconf 85' lang='lat' dir='ltr'><strong>Doniini</strong></span> <span class='ocrx_word' id='word_1_701' title='bbox 2859 2709 3062 2774; x_wconf 87' lang='lat' dir='ltr'><strong>habent,</strong></span> <span class='ocrx_word' id='word_1_702' title='bbox 3089 2709 3161 2762; x_wconf 91' lang='lat' dir='ltr'><strong>ita</strong></span> <span class='ocrx_word' id='word_1_703' title='bbox 3187 2709 3354 2762; x_wconf 89' lang='lat' dir='ltr'><strong>locum</strong></span> <span class='ocrx_word' id='word_1_704' title='bbox 3375 2709 3513 2779; x_wconf 70' lang='grc' dir='ltr'><strong>Αροο</strong></span> 
     </span>
    </p>
   </div>
   <div class='ocr_carea' id='block_1_87' title="bbox 1917 2800 3509 2873">
    <p class='ocr_par' dir='ltr' id='par_1_87' title="bbox 1917 2800 3509 2873">
     <span class='ocr_line' id='line_1_87' title="bbox 1917 2800 3509 2873; baseline 0 -20"><span class='ocrx_word' id='word_1_705' title='bbox 1917 2802 2035 2854; x_wconf 87' lang='lat' dir='ltr'><strong>stoli</strong></span> <span class='ocrx_word' id='word_1_706' title='bbox 2055 2817 2118 2855; x_wconf 78' lang='lat' dir='ltr'><strong>ea:</strong></span> <span class='ocrx_word' id='word_1_707' title='bbox 2144 2802 2260 2856; x_wconf 90' lang='lat' dir='ltr'><strong>aliis</strong></span> <span class='ocrx_word' id='word_1_708' title='bbox 2282 2803 2391 2873; x_wconf 89' lang='lat' dir='ltr'><strong>ejus</strong></span> <span class='ocrx_word' id='word_1_709' title='bbox 2412 2802 2560 2854; x_wconf 87' lang='lat' dir='ltr'><strong>dictis</strong></span> <span class='ocrx_word' id='word_1_710' title='bbox 2576 2800 2954 2871; x_wconf 88' lang='lat' dir='ltr'><strong>intelligendum</strong></span> <span class='ocrx_word' id='word_1_711' title='bbox 2977 2816 3082 2854; x_wconf 88' lang='lat' dir='ltr'><strong>esse</strong></span> <span class='ocrx_word' id='word_1_712' title='bbox 3102 2817 3202 2854; x_wconf 89' lang='lat' dir='ltr'><strong>non</strong></span> <span class='ocrx_word' id='word_1_713' title='bbox 3224 2802 3509 2853; x_wconf 83' lang='lat' dir='ltr'><strong>attendunt.</strong></span> 
     </span>
    </p>
   </div>
   <div class='ocr_carea' id='block_1_88' title="bbox 1917 2893 3508 2963">
    <p class='ocr_par' dir='ltr' id='par_1_88' title="bbox 1917 2893 3508 2963">
     <span class='ocr_line' id='line_1_88' title="bbox 1917 2893 3508 2963; baseline -0.001 -13"><span class='ocrx_word' id='word_1_714' title='bbox 1917 2893 2027 2950; x_wconf 86' lang='lat' dir='ltr'><strong>Nec</strong></span> <span class='ocrx_word' id='word_1_715' title='bbox 2056 2894 2338 2948; x_wconf 87' lang='lat' dir='ltr'><strong>attendunt</strong></span> <span class='ocrx_word' id='word_1_716' title='bbox 2363 2895 2482 2963; x_wconf 88' lang='lat' dir='ltr'><strong>quia</strong></span> <span class='ocrx_word' id='word_1_717' title='bbox 2510 2894 2553 2947; x_wconf 92' lang='lat' dir='ltr'><strong>si</strong></span> <span class='ocrx_word' id='word_1_718' title='bbox 2583 2893 2714 2946; x_wconf 83' lang='lat' dir='ltr'><strong>alius</strong></span> <span class='ocrx_word' id='word_1_719' title='bbox 2739 2893 2960 2954; x_wconf 84' lang='lat' dir='ltr'><strong>diceret,</strong></span> <span class='ocrx_word' id='word_1_720' title='bbox 2995 2893 3270 2946; x_wconf 91' lang='lat' dir='ltr'><strong>Dominum</strong></span> <span class='ocrx_word' id='word_1_721' title='bbox 3293 2894 3508 2962; x_wconf 90' lang='lat' dir='ltr'><strong>quidem</strong></span> 
     </span>
    </p>
   </div>
   <div class='ocr_carea' id='block_1_89' title="bbox 1923 2983 3511 3054">
    <p class='ocr_par' dir='ltr' id='par_1_89' title="bbox 1923 2983 3511 3054">
     <span class='ocr_line' id='line_1_89' title="bbox 1923 2983 3511 3054; baseline 0.001 -16"><span class='ocrx_word' id='word_1_722' title='bbox 1923 2985 1973 3039; x_wconf 93' lang='lat' dir='ltr'><strong>in</strong></span> <span class='ocrx_word' id='word_1_723' title='bbox 1998 2984 2268 3054; x_wconf 84' lang='lat' dir='ltr'><strong>parabolis</strong></span> <span class='ocrx_word' id='word_1_724' title='bbox 2293 2993 2347 3039; x_wconf 91' lang='lat' dir='ltr'><strong>et</strong></span> <span class='ocrx_word' id='word_1_725' title='bbox 2375 2985 2428 3038; x_wconf 89' lang='lat' dir='ltr'><strong>in</strong></span> <span class='ocrx_word' id='word_1_726' title='bbox 2455 2984 2892 3039; x_wconf 90' lang='lat' dir='ltr'><strong>similitudinibus</strong></span> <span class='ocrx_word' id='word_1_727' title='bbox 2919 2983 3222 3054; x_wconf 88' lang='lat' dir='ltr'><strong>loquentem</strong></span> <span class='ocrx_word' id='word_1_728' title='bbox 3265 2983 3331 3038; x_wconf 91' lang='lat' dir='ltr'><strong>dc</strong></span> <span class='ocrx_word' id='word_1_729' title='bbox 3371 2985 3511 3039; x_wconf 84' lang='lat' dir='ltr'><strong>victu</strong></span> 
     </span>
    </p>
   </div>
   <div class='ocr_carea' id='block_1_90' title="bbox 1915 3075 3514 3147">
    <p class='ocr_par' dir='ltr' id='par_1_90' title="bbox 1915 3075 3514 3147">
     <span class='ocr_line' id='line_1_90' title="bbox 1915 3075 3514 3147; baseline -0.001 -16"><span class='ocrx_word' id='word_1_730' title='bbox 1915 3085 1970 3132; x_wconf 88' lang='lat' dir='ltr'><strong>ct</strong></span> <span class='ocrx_word' id='word_1_731' title='bbox 2003 3087 2310 3147; x_wconf 82' lang='lat' dir='ltr'><strong>tegumenta</strong></span> <span class='ocrx_word' id='word_1_732' title='bbox 2343 3076 2602 3147; x_wconf 87' lang='lat' dir='ltr'><strong>spirituali</strong></span> <span class='ocrx_word' id='word_1_733' title='bbox 2647 3075 2937 3140; x_wconf 85' lang='lat' dir='ltr'><strong>monuisse,</strong></span> <span class='ocrx_word' id='word_1_734' title='bbox 2989 3083 3046 3129; x_wconf 89' lang='lat' dir='ltr'><strong>ut</strong></span> <span class='ocrx_word' id='word_1_735' title='bbox 3093 3091 3196 3129; x_wconf 92' lang='lat' dir='ltr'><strong>non</strong></span> <span class='ocrx_word' id='word_1_736' title='bbox 3247 3075 3370 3132; x_wconf 88' lang='lat' dir='ltr'><strong>inde</strong></span> <span class='ocrx_word' id='word_1_737' title='bbox 3405 3077 3514 3130; x_wconf 90' lang='lat' dir='ltr'><strong>sint</strong></span> 
     </span>
    </p>
   </div>
   <div class='ocr_carea' id='block_1_91' title="bbox 1915 3167 3509 3240">
    <p class='ocr_par' dir='ltr' id='par_1_91' title="bbox 1915 3167 3509 3240">
     <span class='ocr_line' id='line_1_91' title="bbox 1915 3167 3509 3240; baseline -0.001 -16"><span class='ocrx_word' id='word_1_738' title='bbox 1915 3171 2130 3226; x_wconf 89' lang='lat' dir='ltr'><strong>solliciti</strong></span> <span class='ocrx_word' id='word_1_739' title='bbox 2159 3171 2299 3226; x_wconf 82' lang='lat' dir='ltr'><strong>servi</strong></span> <span class='ocrx_word' id='word_1_740' title='bbox 2325 3170 2441 3240; x_wconf 91' lang='lat' dir='ltr'><strong>ejus</strong></span> <span class='ocrx_word' id='word_1_741' title='bbox 2473 3170 2632 3239; x_wconf 91' lang='lat' dir='ltr'><strong>(sicut</strong></span> <span class='ocrx_word' id='word_1_742' title='bbox 2652 3169 2780 3223; x_wconf 91' lang='lat' dir='ltr'><strong>dicit</strong></span> <span class='ocrx_word' id='word_1_743' title='bbox 2805 3211 2816 3233; x_wconf 90' lang='lat'><strong>,</strong></span> <span class='ocrx_word' id='word_1_744' title='bbox 2849 3167 2978 3222; x_wconf 77' lang='lat' dir='ltr'><strong>Cum</strong></span> <span class='ocrx_word' id='word_1_745' title='bbox 3009 3185 3092 3222; x_wconf 88' lang='lat' dir='ltr'><strong>vos</strong></span> <span class='ocrx_word' id='word_1_746' title='bbox 3115 3171 3415 3224; x_wconf 75' lang='lat' dir='ltr'><strong>attraxerint</strong></span> <span class='ocrx_word' id='word_1_747' title='bbox 3441 3170 3509 3223; x_wconf 77' lang='lat' dir='ltr'><strong>ad</strong></span> 
     </span>
    </p>
   </div>
   <div class='ocr_carea' id='block_1_92' title="bbox 1903 3258 3510 3334">
    <p class='ocr_par' dir='ltr' id='par_1_92' title="bbox 1903 3258 3510 3334">
     <span class='ocr_line' id='line_1_92' title="bbox 1903 3258 3510 3334; baseline -0.002 -16"><span class='ocrx_word' id='word_1_748' title='bbox 1903 3262 2126 3334; x_wconf 86' lang='lat' dir='ltr'><strong>judicia,</strong></span> <span class='ocrx_word' id='word_1_749' title='bbox 2155 3261 2308 3315; x_wconf 87' lang='lat' dir='ltr'><strong>nolite</strong></span> <span class='ocrx_word' id='word_1_750' title='bbox 2335 3261 2556 3330; x_wconf 86' lang='lat' dir='ltr'><strong>cogitare</strong></span> <span class='ocrx_word' id='word_1_751' title='bbox 2607 3259 2730 3330; x_wconf 88' lang='lat' dir='ltr'><strong>quid</strong></span> <span class='ocrx_word' id='word_1_752' title='bbox 2769 3259 3065 3328; x_wconf 83' lang='lat' dir='ltr'><strong>loquamini.</strong></span> <span class='ocrx_word' id='word_1_753' title='bbox 3114 3258 3333 3313; x_wconf 84' lang='lat' dir='ltr'><strong>Dabitur</strong></span> <span class='ocrx_word' id='word_1_754' title='bbox 3378 3262 3510 3314; x_wconf 87' lang='lat' dir='ltr'><strong>enim</strong></span> 
     </span>
    </p>
   </div>
   <div class='ocr_carea' id='block_1_93' title="bbox 1915 3351 3511 3421">
    <p class='ocr_par' dir='ltr' id='par_1_93' title="bbox 1915 3351 3511 3421">
     <span class='ocr_line' id='line_1_93' title="bbox 1915 3351 3511 3421; baseline -0.002 -13"><span class='ocrx_word' id='word_1_755' title='bbox 1915 3355 2052 3408; x_wconf 86' lang='lat' dir='ltr'><strong>vobis</strong></span> <span class='ocrx_word' id='word_1_756' title='bbox 2090 3355 2144 3407; x_wconf 90' lang='lat' dir='ltr'><strong>in</strong></span> <span class='ocrx_word' id='word_1_757' title='bbox 2173 3351 2264 3406; x_wconf 86' lang='lat' dir='ltr'><strong>illa</strong></span> <span class='ocrx_word' id='word_1_758' title='bbox 2288 3351 2415 3405; x_wconf 89' lang='lat' dir='ltr'><strong>hora</strong></span> <span class='ocrx_word' id='word_1_759' title='bbox 2443 3351 2565 3420; x_wconf 89' lang='lat' dir='ltr'><strong>quid</strong></span> <span class='ocrx_word' id='word_1_760' title='bbox 2603 3351 2923 3421; x_wconf 87' lang='lat' dir='ltr'><strong>loquamini:</strong></span> <span class='ocrx_word' id='word_1_761' title='bbox 2957 3368 3056 3404; x_wconf 87' lang='lat' dir='ltr'><strong>non</strong></span> <span class='ocrx_word' id='word_1_762' title='bbox 3086 3352 3218 3404; x_wconf 84' lang='lat' dir='ltr'><strong>enim</strong></span> <span class='ocrx_word' id='word_1_763' title='bbox 3259 3368 3346 3405; x_wconf 90' lang='lat' dir='ltr'><strong>vos</strong></span> <span class='ocrx_word' id='word_1_764' title='bbox 3389 3353 3511 3406; x_wconf 87' lang='lat' dir='ltr'><strong>estis</strong></span> 
     </span>
    </p>
   </div>
   <div class='ocr_carea' id='block_1_94' title="bbox 1912 3441 3509 3518">
    <p class='ocr_par' dir='ltr' id='par_1_94' title="bbox 1912 3441 3509 3518">
     <span class='ocr_line' id='line_1_94' title="bbox 1912 3441 3509 3518; baseline -0.001 -20"><span class='ocrx_word' id='word_1_765' title='bbox 1912 3447 1999 3518; x_wconf 86' lang='lat' dir='ltr'><strong>qui</strong></span> <span class='ocrx_word' id='word_1_766' title='bbox 2029 3443 2315 3515; x_wconf 88' lang='lat' dir='ltr'><strong>loquimini,</strong></span> <span class='ocrx_word' id='word_1_767' title='bbox 2346 3444 2434 3498; x_wconf 88' lang='lat' dir='ltr'><strong>sed</strong></span> <span class='ocrx_word' id='word_1_768' title='bbox 2465 3443 2690 3513; x_wconf 86' lang='lat' dir='ltr'><strong>Spiritus</strong></span> <span class='ocrx_word' id='word_1_769' title='bbox 2736 3441 2909 3497; x_wconf 65' lang='lat' dir='ltr'><strong>Patris</strong></span> <span class='ocrx_word' id='word_1_770' title='bbox 2938 3443 3115 3511; x_wconf 78' lang='lat' dir='ltr'><strong>vestri,</strong></span> <span class='ocrx_word' id='word_1_771' title='bbox 3157 3445 3245 3514; x_wconf 92' lang='lat' dir='ltr'><strong>qui</strong></span> <span class='ocrx_word' id='word_1_772' title='bbox 3287 3444 3509 3517; x_wconf 74' lang='lat' dir='ltr'><strong>loquitur</strong></span> 
     </span>
    </p>
   </div>
   <div class='ocr_carea' id='block_1_95' title="bbox 1913 3533 3508 3611">
    <p class='ocr_par' dir='ltr' id='par_1_95' title="bbox 1913 3533 3508 3611">
     <span class='ocr_line' id='line_1_95' title="bbox 1913 3533 3508 3611; baseline 0 -21"><span class='ocrx_word' id='word_1_773' title='bbox 1913 3538 1965 3591; x_wconf 90' lang='lat' dir='ltr'><strong>in</strong></span> <span class='ocrx_word' id='word_1_774' title='bbox 1991 3536 2126 3591; x_wconf 87' lang='lat' dir='ltr'><strong>vobis</strong></span> <span class='ocrx_word' id='word_1_775' title='bbox 2156 3535 2368 3611; x_wconf 65' lang='lat' dir='ltr'><strong>[Mattlu</strong></span> <span class='ocrx_word' id='word_1_776' title='bbox 2404 3551 2463 3604; x_wconf 82' lang='lat' dir='ltr'><strong>x,</strong></span> <span class='ocrx_word' id='word_1_777' title='bbox 2492 3535 2558 3591; x_wconf 72' lang='lat'><strong>19</strong></span> <span class='ocrx_word' id='word_1_778' title='bbox 2581 3545 2624 3589; x_wconf 88' lang='lat' dir='ltr'><strong>et</strong></span> <span class='ocrx_word' id='word_1_779' title='bbox 2644 3533 2758 3608; x_wconf 72' lang='lat'><strong>20].</strong></span> <span class='ocrx_word' id='word_1_780' title='bbox 2788 3535 2978 3591; x_wconf 87' lang='lat' dir='ltr'><strong>Sermo</strong></span> <span class='ocrx_word' id='word_1_781' title='bbox 3003 3537 3200 3606; x_wconf 91' lang='lat' dir='ltr'><strong>quippe</strong></span> <span class='ocrx_word' id='word_1_782' title='bbox 3232 3537 3508 3607; x_wconf 78' lang='lat' dir='ltr'><strong>sapientia:</strong></span> 
     </span>
    </p>
   </div>
   <div class='ocr_carea' id='block_1_96' title="bbox 1912 3629 3509 3701">
    <p class='ocr_par' dir='ltr' id='par_1_96' title="bbox 1912 3629 3509 3701">
     <span class='ocr_line' id='line_1_96' title="bbox 1912 3629 3509 3701; baseline -0.001 -15"><span class='ocrx_word' id='word_1_783' title='bbox 1912 3630 2205 3701; x_wconf 87' lang='lat' dir='ltr'><strong>spiritualis</strong></span> <span class='ocrx_word' id='word_1_784' title='bbox 2226 3638 2328 3694; x_wconf 91' lang='lat' dir='ltr'><strong>est,</strong></span> <span class='ocrx_word' id='word_1_785' title='bbox 2360 3629 2428 3684; x_wconf 89' lang='lat' dir='ltr'><strong>de</strong></span> <span class='ocrx_word' id='word_1_786' title='bbox 2455 3643 2559 3698; x_wconf 90' lang='lat' dir='ltr'><strong>quo</strong></span> <span class='ocrx_word' id='word_1_787' title='bbox 2581 3629 2698 3683; x_wconf 85' lang='lat' dir='ltr'><strong>illos</strong></span> <span class='ocrx_word' id='word_1_788' title='bbox 2723 3629 2891 3682; x_wconf 83' lang='lat' dir='ltr'><strong>noluit</strong></span> <span class='ocrx_word' id='word_1_789' title='bbox 2911 3629 3163 3697; x_wconf 86' lang='lat' dir='ltr'><strong>cogitare,</strong></span> <span class='ocrx_word' id='word_1_790' title='bbox 3190 3630 3509 3697; x_wconf 88' lang='lat' dir='ltr'><strong>promittens</strong></span> 
     </span>
    </p>
   </div>
   <div class='ocr_carea' id='block_1_97' title="bbox 1911 3719 3504 3793">
    <p class='ocr_par' dir='ltr' id='par_1_97' title="bbox 1911 3719 3504 3793">
     <span class='ocr_line' id='line_1_97' title="bbox 1911 3719 3504 3793; baseline -0.001 -17"><span class='ocrx_word' id='word_1_791' title='bbox 1911 3721 2054 3793; x_wconf 90' lang='lat' dir='ltr'><strong>quod</strong></span> <span class='ocrx_word' id='word_1_792' title='bbox 2081 3721 2160 3778; x_wconf 90' lang='lat' dir='ltr'><strong>eis</strong></span> <span class='ocrx_word' id='word_1_793' title='bbox 2187 3721 2321 3775; x_wconf 83' lang='lat' dir='ltr'><strong>nihil</strong></span> <span class='ocrx_word' id='word_1_794' title='bbox 2349 3720 2471 3775; x_wconf 88' lang='lat' dir='ltr'><strong>inde</strong></span> <span class='ocrx_word' id='word_1_795' title='bbox 2503 3720 2745 3776; x_wconf 91' lang='lat' dir='ltr'><strong>sollicitis</strong></span> <span class='ocrx_word' id='word_1_796' title='bbox 2764 3728 3106 3789; x_wconf 66' lang='lat' dir='ltr'><strong>priestaretur</strong></span> <span class='ocrx_word' id='word_1_797' title='bbox 3124 3719 3165 3790; x_wconf 91' lang='lat'><strong>;)</strong></span> <span class='ocrx_word' id='word_1_798' title='bbox 3193 3721 3504 3789; x_wconf 82' lang='lat' dir='ltr'><strong>Apostolum</strong></span> 
     </span>
    </p>
   </div>
   <div class='ocr_carea' id='block_1_98' title="bbox 1911 3807 3504 3884">
    <p class='ocr_par' dir='ltr' id='par_1_98' title="bbox 1911 3807 3504 3884">
     <span class='ocr_line' id='line_1_98' title="bbox 1911 3807 3504 3884; baseline -0.003 -15"><span class='ocrx_word' id='word_1_799' title='bbox 1911 3823 2090 3869; x_wconf 89' lang='lat' dir='ltr'><strong>autem</strong></span> <span class='ocrx_word' id='word_1_800' title='bbox 2117 3812 2226 3884; x_wconf 87' lang='lat' dir='ltr'><strong>jam</strong></span> <span class='ocrx_word' id='word_1_801' title='bbox 2271 3825 2420 3866; x_wconf 91' lang='lat' dir='ltr'><strong>more</strong></span> <span class='ocrx_word' id='word_1_802' title='bbox 2449 3810 2745 3881; x_wconf 87' lang='lat' dir='ltr'><strong>apostolico</strong></span> <span class='ocrx_word' id='word_1_803' title='bbox 2771 3809 3006 3878; x_wconf 81' lang='lat' dir='ltr'><strong>apertius</strong></span> <span class='ocrx_word' id='word_1_804' title='bbox 3045 3807 3420 3872; x_wconf 75' lang='lat' dir='ltr'><strong>disserentem,</strong></span> <span class='ocrx_word' id='word_1_805' title='bbox 3450 3822 3504 3865; x_wconf 86' lang='lat' dir='ltr'><strong>et</strong></span> 
     </span>
    </p>
   </div>
   <div class='ocr_carea' id='block_1_99' title="bbox 1913 3902 3503 3981">
    <p class='ocr_par' dir='ltr' id='par_1_99' title="bbox 1913 3902 3503 3981">
     <span class='ocr_line' id='line_1_99' title="bbox 1913 3902 3503 3981; baseline -0.003 -18"><span class='ocrx_word' id='word_1_806' title='bbox 1913 3913 2080 3979; x_wconf 85' lang='lat' dir='ltr'><strong>magis</strong></span> <span class='ocrx_word' id='word_1_807' title='bbox 2107 3907 2322 3981; x_wconf 88' lang='lat' dir='ltr'><strong>proprie</strong></span> <span class='ocrx_word' id='word_1_808' title='bbox 2350 3921 2506 3976; x_wconf 87' lang='lat' dir='ltr'><strong>quam</strong></span> <span class='ocrx_word' id='word_1_809' title='bbox 2539 3904 2759 3974; x_wconf 83' lang='lat' dir='ltr'><strong>ﬁgurate</strong></span> <span class='ocrx_word' id='word_1_810' title='bbox 2791 3903 3092 3972; x_wconf 88' lang='lat' dir='ltr'><strong>loquentem</strong></span> <span class='ocrx_word' id='word_1_811' title='bbox 3116 3945 3130 3968; x_wconf 93' lang='lat'><strong>,</strong></span> <span class='ocrx_word' id='word_1_812' title='bbox 3162 3902 3299 3955; x_wconf 91' lang='lat' dir='ltr'><strong>sicut</strong></span> <span class='ocrx_word' id='word_1_813' title='bbox 3339 3904 3503 3958; x_wconf 88' lang='lat' dir='ltr'><strong>multa</strong></span> 
     </span>
    </p>
   </div>
   <div class='ocr_carea' id='block_1_100' title="bbox 1911 3992 3500 4072">
    <p class='ocr_par' dir='ltr' id='par_1_100' title="bbox 1911 3992 3500 4072">
     <span class='ocr_line' id='line_1_100' title="bbox 1911 3992 3500 4072; baseline -0.007 -16"><span class='ocrx_word' id='word_1_814' title='bbox 1911 4017 1974 4056; x_wconf 89' lang='lat' dir='ltr'><strong>ac</strong></span> <span class='ocrx_word' id='word_1_815' title='bbox 2018 4015 2153 4072; x_wconf 88' lang='lat' dir='ltr'><strong>pene</strong></span> <span class='ocrx_word' id='word_1_816' title='bbox 2191 3998 2369 4053; x_wconf 90' lang='lat' dir='ltr'><strong>omnia</strong></span> <span class='ocrx_word' id='word_1_817' title='bbox 2413 4011 2532 4051; x_wconf 84' lang='lat' dir='ltr'><strong>sese</strong></span> <span class='ocrx_word' id='word_1_818' title='bbox 2562 3995 2758 4050; x_wconf 88' lang='lat' dir='ltr'><strong>habent</strong></span> <span class='ocrx_word' id='word_1_819' title='bbox 2795 3995 2848 4048; x_wconf 91' lang='lat' dir='ltr'><strong>in</strong></span> <span class='ocrx_word' id='word_1_820' title='bbox 2894 3992 3146 4062; x_wconf 87' lang='lat' dir='ltr'><strong>Epistolis</strong></span> <span class='ocrx_word' id='word_1_821' title='bbox 3171 3993 3500 4062; x_wconf 85' lang='lat' dir='ltr'><strong>apostolicis,</strong></span> 
     </span>
    </p>
   </div>
   <div class='ocr_carea' id='block_1_101' title="bbox 1915 4083 3500 4163">
    <p class='ocr_par' dir='ltr' id='par_1_101' title="bbox 1915 4083 3500 4163">
     <span class='ocr_line' id='line_1_101' title="bbox 1915 4083 3500 4163; baseline -0.005 -17"><span class='ocrx_word' id='word_1_822' title='bbox 1915 4093 2125 4163; x_wconf 85' lang='lat' dir='ltr'><strong>proprie</strong></span> <span class='ocrx_word' id='word_1_823' title='bbox 2161 4090 2226 4146; x_wconf 87' lang='lat' dir='ltr'><strong>de</strong></span> <span class='ocrx_word' id='word_1_824' title='bbox 2253 4102 2415 4161; x_wconf 87' lang='lat' dir='ltr'><strong>opere</strong></span> <span class='ocrx_word' id='word_1_825' title='bbox 2443 4085 2710 4156; x_wconf 87' lang='lat' dir='ltr'><strong>corporali</strong></span> <span class='ocrx_word' id='word_1_826' title='bbox 2746 4085 2974 4154; x_wconf 87' lang='lat' dir='ltr'><strong>ciboque</strong></span> <span class='ocrx_word' id='word_1_827' title='bbox 3013 4083 3230 4148; x_wconf 84' lang='lat' dir='ltr'><strong>dixisse,</strong></span> <span class='ocrx_word' id='word_1_828' title='bbox 3269 4083 3371 4148; x_wconf 87' lang='lat' dir='ltr'><strong>Qui</strong></span> <span class='ocrx_word' id='word_1_829' title='bbox 3400 4101 3500 4138; x_wconf 91' lang='lat' dir='ltr'><strong>non</strong></span> 
     </span>
    </p>
   </div>
   <div class='ocr_carea' id='block_1_102' title="bbox 1912 4178 3504 4255">
    <p class='ocr_par' dir='ltr' id='par_1_102' title="bbox 1912 4178 3504 4255">
     <span class='ocr_line' id='line_1_102' title="bbox 1912 4178 3504 4255; baseline -0.006 -15"><span class='ocrx_word' id='word_1_830' title='bbox 1912 4188 2016 4242; x_wconf 90' lang='lat' dir='ltr'><strong>vult</strong></span> <span class='ocrx_word' id='word_1_831' title='bbox 2042 4185 2264 4255; x_wconf 81' lang='lat' dir='ltr'><strong>operari,</strong></span> <span class='ocrx_word' id='word_1_832' title='bbox 2289 4199 2388 4237; x_wconf 91' lang='lat' dir='ltr'><strong>non</strong></span> <span class='ocrx_word' id='word_1_833' title='bbox 2411 4181 2714 4236; x_wconf 90' lang='lat' dir='ltr'><strong>manducet:</strong></span> <span class='ocrx_word' id='word_1_834' title='bbox 2736 4179 3048 4234; x_wconf 87' lang='lat' dir='ltr'><strong>redderetur</strong></span> <span class='ocrx_word' id='word_1_835' title='bbox 3071 4178 3172 4232; x_wconf 90' lang='lat' dir='ltr'><strong>illis</strong></span> <span class='ocrx_word' id='word_1_836' title='bbox 3196 4178 3352 4233; x_wconf 85' lang='lat' dir='ltr'><strong>dubia</strong></span> <span class='ocrx_word' id='word_1_837' title='bbox 3381 4193 3504 4234; x_wconf 86' lang='lat' dir='ltr'><strong>sen-</strong></span> 
     </span>
    </p>
   </div>
   <div class='ocr_carea' id='block_1_103' title="bbox 1915 4268 3507 4346">
    <p class='ocr_par' dir='ltr' id='par_1_103' title="bbox 1915 4268 3507 4346">
     <span class='ocr_line' id='line_1_103' title="bbox 1915 4268 3507 4346; baseline -0.008 -9"><span class='ocrx_word' id='word_1_838' title='bbox 1915 4283 2078 4338; x_wconf 81' lang='lat' dir='ltr'><strong>tentia</strong></span> <span class='ocrx_word' id='word_1_839' title='bbox 2104 4295 2312 4346; x_wconf 84' lang='lat' dir='ltr'><strong>eorum,</strong></span> <span class='ocrx_word' id='word_1_840' title='bbox 2346 4277 2450 4332; x_wconf 91' lang='lat' dir='ltr'><strong>nisi</strong></span> <span class='ocrx_word' id='word_1_841' title='bbox 2477 4268 2668 4332; x_wconf 55' lang='lat' dir='ltr'><strong>caitera</strong></span> <span class='ocrx_word' id='word_1_842' title='bbox 2690 4273 2954 4330; x_wconf 86' lang='lat' dir='ltr'><strong>dominica</strong></span> <span class='ocrx_word' id='word_1_843' title='bbox 2975 4272 3134 4328; x_wconf 83' lang='lat' dir='ltr'><strong>verba</strong></span> <span class='ocrx_word' id='word_1_844' title='bbox 3160 4272 3507 4327; x_wconf 67' lang='lat' dir='ltr'><strong>considerano</strong></span> 
     </span>
    </p>
   </div>
   <div class='ocr_carea' id='block_1_104' title="bbox 1913 4364 3503 4444">
    <p class='ocr_par' dir='ltr' id='par_1_104' title="bbox 1913 4364 3503 4444">
     <span class='ocr_line' id='line_1_104' title="bbox 1913 4364 3503 4444; baseline -0.008 -13"><span class='ocrx_word' id='word_1_845' title='bbox 1913 4386 2014 4444; x_wconf 88' lang='lat' dir='ltr'><strong>tes,</strong></span> <span class='ocrx_word' id='word_1_846' title='bbox 2038 4375 2339 4429; x_wconf 81' lang='lat' dir='ltr'><strong>invenirent</strong></span> <span class='ocrx_word' id='word_1_847' title='bbox 2365 4369 2565 4442; x_wconf 87' lang='lat' dir='ltr'><strong>aliquid</strong></span> <span class='ocrx_word' id='word_1_848' title='bbox 2612 4366 2753 4423; x_wconf 89' lang='lat' dir='ltr'><strong>unde</strong></span> <span class='ocrx_word' id='word_1_849' title='bbox 2797 4366 3084 4438; x_wconf 89' lang='lat' dir='ltr'><strong>probarent</strong></span> <span class='ocrx_word' id='word_1_850' title='bbox 3110 4382 3229 4420; x_wconf 88' lang='lat' dir='ltr'><strong>eum</strong></span> <span class='ocrx_word' id='word_1_851' title='bbox 3269 4364 3338 4420; x_wconf 88' lang='lat' dir='ltr'><strong>de</strong></span> <span class='ocrx_word' id='word_1_852' title='bbox 3364 4365 3503 4419; x_wconf 89' lang='lat' dir='ltr'><strong>victu</strong></span> 
     </span>
    </p>
   </div>
   <div class='ocr_carea' id='block_1_105' title="bbox 1912 4457 3496 4534">
    <p class='ocr_par' dir='ltr' id='par_1_105' title="bbox 1912 4457 3496 4534">
     <span class='ocr_line' id='line_1_105' title="bbox 1912 4457 3496 4534; baseline -0.01 -9"><span class='ocrx_word' id='word_1_853' title='bbox 1912 4479 1966 4525; x_wconf 94' lang='lat' dir='ltr'><strong>et</strong></span> <span class='ocrx_word' id='word_1_854' title='bbox 2012 4468 2207 4523; x_wconf 85' lang='lat' dir='ltr'><strong>vestitu</strong></span> <span class='ocrx_word' id='word_1_855' title='bbox 2254 4461 2516 4534; x_wconf 85' lang='lat' dir='ltr'><strong>corporali</strong></span> <span class='ocrx_word' id='word_1_856' title='bbox 2559 4475 2666 4516; x_wconf 92' lang='lat' dir='ltr'><strong>non</strong></span> <span class='ocrx_word' id='word_1_857' title='bbox 2706 4458 2983 4515; x_wconf 79' lang='lat' dir='ltr'><strong>curando&#39;</strong></span> <span class='ocrx_word' id='word_1_858' title='bbox 3017 4458 3250 4512; x_wconf 88' lang='lat' dir='ltr'><strong>locutum</strong></span> <span class='ocrx_word' id='word_1_859' title='bbox 3298 4457 3496 4521; x_wconf 79' lang='lat' dir='ltr'><strong>fuisse,</strong></span> 
     </span>
    </p>
   </div>
   <div class='ocr_carea' id='block_1_106' title="bbox 1912 4547 3504 4623">
    <p class='ocr_par' dir='ltr' id='par_1_106' title="bbox 1912 4547 3504 4623">
     <span class='ocr_line' id='line_1_106' title="bbox 1912 4547 3504 4623; baseline -0.01 -8"><span class='ocrx_word' id='word_1_860' title='bbox 1912 4575 2033 4616; x_wconf 89' lang='lat' dir='ltr'><strong>cum</strong></span> <span class='ocrx_word' id='word_1_861' title='bbox 2074 4559 2313 4623; x_wconf 84' lang='lat' dir='ltr'><strong>diceret,</strong></span> <span class='ocrx_word' id='word_1_862' title='bbox 2360 4552 2533 4608; x_wconf 87' lang='lat' dir='ltr'><strong>Nolite</strong></span> <span class='ocrx_word' id='word_1_863' title='bbox 2555 4550 2760 4606; x_wconf 86' lang='lat' dir='ltr'><strong>solliciti</strong></span> <span class='ocrx_word' id='word_1_864' title='bbox 2786 4565 2894 4604; x_wconf 87' lang='lat' dir='ltr'><strong>esse</strong></span> <span class='ocrx_word' id='word_1_865' title='bbox 2928 4548 3050 4619; x_wconf 88' lang='lat' dir='ltr'><strong>quid</strong></span> <span class='ocrx_word' id='word_1_866' title='bbox 3079 4547 3389 4602; x_wconf 87' lang='lat' dir='ltr'><strong>manducetis</strong></span> <span class='ocrx_word' id='word_1_867' title='bbox 3413 4589 3428 4612; x_wconf 95' lang='lat'><strong>,</strong></span> <span class='ocrx_word' id='word_1_868' title='bbox 3457 4556 3504 4599; x_wconf 89' lang='lat' dir='ltr'><strong>et</strong></span> 
     </span>
    </p>
   </div>
   <div class='ocr_carea' id='block_1_107' title="bbox 1910 4637 3504 4725">
    <p class='ocr_par' dir='ltr' id='par_1_107' title="bbox 1910 4637 3504 4725">
     <span class='ocr_line' id='line_1_107' title="bbox 1910 4637 3504 4725; baseline -0.009 -19"><span class='ocrx_word' id='word_1_869' title='bbox 1910 4653 2032 4725; x_wconf 88' lang='lat' dir='ltr'><strong>quid</strong></span> <span class='ocrx_word' id='word_1_870' title='bbox 2059 4651 2256 4711; x_wconf 83' lang='lat' dir='ltr'><strong>bibatis,</strong></span> <span class='ocrx_word' id='word_1_871' title='bbox 2289 4658 2331 4701; x_wconf 86' lang='lat' dir='ltr'><strong>et</strong></span> <span class='ocrx_word' id='word_1_872' title='bbox 2362 4663 2458 4717; x_wconf 86' lang='lat' dir='ltr'><strong>quo</strong></span> <span class='ocrx_word' id='word_1_873' title='bbox 2489 4643 2766 4698; x_wconf 87' lang='lat' dir='ltr'><strong>vestiamini</strong></span> <span class='ocrx_word' id='word_1_874' title='bbox 2784 4657 2804 4707; x_wconf 88' lang='lat'><strong><em>;</em></strong></span> <span class='ocrx_word' id='word_1_875' title='bbox 2832 4641 2976 4697; x_wconf 85' lang='lat' dir='ltr'><strong>velut</strong></span> <span class='ocrx_word' id='word_1_876' title='bbox 3022 4641 3066 4694; x_wconf 89' lang='lat' dir='ltr'><strong>si</strong></span> <span class='ocrx_word' id='word_1_877' title='bbox 3107 4640 3287 4694; x_wconf 90' lang='lat' dir='ltr'><strong>animo</strong></span> <span class='ocrx_word' id='word_1_878' title='bbox 3315 4637 3504 4692; x_wconf 80' lang='lat' dir='ltr'><strong>adrer-</strong></span> 
     </span>
    </p>
   </div>
   <div class='ocr_carea' id='block_1_108' title="bbox 1915 4731 3505 4812">
    <p class='ocr_par' dir='ltr' id='par_1_108' title="bbox 1915 4731 3505 4812">
     <span class='ocr_line' id='line_1_108' title="bbox 1915 4731 3505 4812; baseline -0.01 -14"><span class='ocrx_word' id='word_1_879' title='bbox 1915 4753 2086 4798; x_wconf 87' lang='lat' dir='ltr'><strong>tcrent</strong></span> <span class='ocrx_word' id='word_1_880' title='bbox 2129 4740 2268 4812; x_wconf 90' lang='lat' dir='ltr'><strong>quod</strong></span> <span class='ocrx_word' id='word_1_881' title='bbox 2301 4740 2392 4803; x_wconf 91' lang='lat' dir='ltr'><strong>ait,</strong></span> <span class='ocrx_word' id='word_1_882' title='bbox 2428 4737 2553 4790; x_wconf 79' lang='lat' dir='ltr'><strong>Ila-c</strong></span> <span class='ocrx_word' id='word_1_883' title='bbox 2583 4736 2716 4790; x_wconf 87' lang='lat' dir='ltr'><strong>enim</strong></span> <span class='ocrx_word' id='word_1_884' title='bbox 2757 4735 2928 4789; x_wconf 90' lang='lat' dir='ltr'><strong>omnia</strong></span> <span class='ocrx_word' id='word_1_885' title='bbox 2969 4731 3152 4786; x_wconf 83' lang='lat' dir='ltr'><strong>Gentes</strong></span> <span class='ocrx_word' id='word_1_886' title='bbox 3195 4731 3505 4800; x_wconf 86' lang='lat' dir='ltr'><strong>inquirunt:</strong></span> 
     </span>
    </p>
   </div>
   <div class='ocr_carea' id='block_1_109' title="bbox 1914 4819 3500 4898">
    <p class='ocr_par' dir='ltr' id='par_1_109' title="bbox 1914 4819 3500 4898">
     <span class='ocr_line' id='line_1_109' title="bbox 1914 4819 3500 4898; baseline -0.01 -10"><span class='ocrx_word' id='word_1_887' title='bbox 1914 4835 1983 4889; x_wconf 88' lang='lat' dir='ltr'><strong>ibi</strong></span> <span class='ocrx_word' id='word_1_888' title='bbox 2002 4833 2142 4888; x_wconf 89' lang='lat' dir='ltr'><strong>enim</strong></span> <span class='ocrx_word' id='word_1_889' title='bbox 2156 4829 2388 4886; x_wconf 86' lang='lat' dir='ltr'><strong>ostendit</strong></span> <span class='ocrx_word' id='word_1_890' title='bbox 2405 4829 2470 4881; x_wconf 87' lang='lat' dir='ltr'><strong>de</strong></span> <span class='ocrx_word' id='word_1_891' title='bbox 2501 4827 2628 4898; x_wconf 80' lang='lat' dir='ltr'><strong>ipsis</strong></span> <span class='ocrx_word' id='word_1_892' title='bbox 2645 4823 3010 4894; x_wconf 88' lang='lat' dir='ltr'><strong>corporalibus</strong></span> <span class='ocrx_word' id='word_1_893' title='bbox 3037 4831 3090 4876; x_wconf 87' lang='lat' dir='ltr'><strong>et</strong></span> <span class='ocrx_word' id='word_1_894' title='bbox 3118 4819 3500 4889; x_wconf 89' lang='lat' dir='ltr'><strong>temporalibus</strong></span> 
     </span>
    </p>
   </div>
   <div class='ocr_carea' id='block_1_110' title="bbox 1913 4910 3502 4992">
    <p class='ocr_par' dir='ltr' id='par_1_110' title="bbox 1913 4910 3502 4992">
     <span class='ocr_line' id='line_1_110' title="bbox 1913 4910 3502 4992; baseline -0.012 -9"><span class='ocrx_word' id='word_1_895' title='bbox 1913 4943 1971 4983; x_wconf 85' lang='lat' dir='ltr'><strong>se</strong></span> <span class='ocrx_word' id='word_1_896' title='bbox 1998 4928 2216 4983; x_wconf 82' lang='lat' dir='ltr'><strong>dixisse.</strong></span> <span class='ocrx_word' id='word_1_897' title='bbox 2251 4924 2326 4980; x_wconf 87' lang='lat' dir='ltr'><strong>Ita</strong></span> <span class='ocrx_word' id='word_1_898' title='bbox 2358 4937 2516 4992; x_wconf 87' lang='lat' dir='ltr'><strong>ergo,</strong></span> <span class='ocrx_word' id='word_1_899' title='bbox 2551 4920 2595 4974; x_wconf 93' lang='lat' dir='ltr'><strong>si</strong></span> <span class='ocrx_word' id='word_1_900' title='bbox 2625 4917 2726 4972; x_wconf 91' lang='lat' dir='ltr'><strong>hoc</strong></span> <span class='ocrx_word' id='word_1_901' title='bbox 2757 4916 2928 4971; x_wconf 90' lang='lat' dir='ltr'><strong>solum</strong></span> <span class='ocrx_word' id='word_1_902' title='bbox 2957 4913 3025 4968; x_wconf 91' lang='lat' dir='ltr'><strong>de</strong></span> <span class='ocrx_word' id='word_1_903' title='bbox 3061 4913 3159 4966; x_wconf 89' lang='lat' dir='ltr'><strong>hac</strong></span> <span class='ocrx_word' id='word_1_904' title='bbox 3196 4925 3256 4966; x_wconf 85' lang='lat' dir='ltr'><strong>re</strong></span> <span class='ocrx_word' id='word_1_905' title='bbox 3284 4910 3502 4965; x_wconf 78' lang='lat' dir='ltr'><strong>dixisset</strong></span> 
     </span>
    </p>
   </div>
   <div class='ocr_carea' id='block_1_111' title="bbox 1914 5001 3500 5090">
    <p class='ocr_par' dir='ltr' id='par_1_111' title="bbox 1914 5001 3500 5090">
     <span class='ocr_line' id='line_1_111' title="bbox 1914 5001 3500 5090; baseline -0.015 -16"><span class='ocrx_word' id='word_1_906' title='bbox 1914 5018 2222 5090; x_wconf 71' lang='lat' dir='ltr'><strong>Apostolus,</strong></span> <span class='ocrx_word' id='word_1_907' title='bbox 2259 5014 2359 5083; x_wconf 85' lang='lat' dir='ltr'><strong>Qui</strong></span> <span class='ocrx_word' id='word_1_908' title='bbox 2388 5030 2486 5066; x_wconf 90' lang='lat' dir='ltr'><strong>non</strong></span> <span class='ocrx_word' id='word_1_909' title='bbox 2513 5011 2613 5064; x_wconf 83' lang='lat' dir='ltr'><strong>vult</strong></span> <span class='ocrx_word' id='word_1_910' title='bbox 2643 5007 2876 5081; x_wconf 86' lang='lat' dir='ltr'><strong>aperari,</strong></span> <span class='ocrx_word' id='word_1_911' title='bbox 2907 5021 3006 5058; x_wconf 88' lang='lat' dir='ltr'><strong>non</strong></span> <span class='ocrx_word' id='word_1_912' title='bbox 3040 5001 3344 5065; x_wconf 87' lang='lat' dir='ltr'><strong>manducet;</strong></span> <span class='ocrx_word' id='word_1_913' title='bbox 3369 5017 3500 5070; x_wconf 81' lang='lat' dir='ltr'><strong>pos-</strong></span> 
     </span>
    </p>
   </div>
   <div class='ocr_carea' id='block_1_112' title="bbox 1914 5095 3502 5167">
    <p class='ocr_par' dir='ltr' id='par_1_112' title="bbox 1914 5095 3502 5167">
     <span class='ocr_line' id='line_1_112' title="bbox 1914 5095 3502 5167; baseline -0.011 -1"><span class='ocrx_word' id='word_1_914' title='bbox 1914 5122 2034 5167; x_wconf 90' lang='lat' dir='ltr'><strong>sent</strong></span> <span class='ocrx_word' id='word_1_915' title='bbox 2076 5112 2192 5165; x_wconf 74' lang='lat' dir='ltr'><strong>harc</strong></span> <span class='ocrx_word' id='word_1_916' title='bbox 2232 5107 2394 5163; x_wconf 88' lang='lat' dir='ltr'><strong>verba</strong></span> <span class='ocrx_word' id='word_1_917' title='bbox 2443 5107 2493 5158; x_wconf 91' lang='lat' dir='ltr'><strong>in</strong></span> <span class='ocrx_word' id='word_1_918' title='bbox 2543 5103 2697 5157; x_wconf 82' lang='lat' dir='ltr'><strong>aliam</strong></span> <span class='ocrx_word' id='word_1_919' title='bbox 2742 5097 2947 5152; x_wconf 87' lang='lat' dir='ltr'><strong>traduci</strong></span> <span class='ocrx_word' id='word_1_920' title='bbox 2991 5095 3308 5151; x_wconf 89' lang='lat' dir='ltr'><strong>sententiam</strong></span> <span class='ocrx_word' id='word_1_921' title='bbox 3341 5112 3354 5149; x_wconf 92' lang='lat'><strong>:</strong></span> <span class='ocrx_word' id='word_1_922' title='bbox 3385 5109 3502 5150; x_wconf 88' lang='lat' dir='ltr'><strong>cum</strong></span> 
     </span>
    </p>
   </div>
   <div class='ocr_carea' id='block_1_113' title="bbox 1914 5186 3508 5266">
    <p class='ocr_par' dir='ltr' id='par_1_113' title="bbox 1914 5186 3508 5266">
     <span class='ocr_line' id='line_1_113' title="bbox 1914 5186 3508 5266; baseline -0.014 -3"><span class='ocrx_word' id='word_1_923' title='bbox 1914 5222 2042 5266; x_wconf 85' lang='lat' dir='ltr'><strong>vero</strong></span> <span class='ocrx_word' id='word_1_924' title='bbox 2066 5203 2248 5260; x_wconf 84' lang='lat' dir='ltr'><strong>multis</strong></span> <span class='ocrx_word' id='word_1_925' title='bbox 2277 5199 2392 5253; x_wconf 87' lang='lat' dir='ltr'><strong>aliis</strong></span> <span class='ocrx_word' id='word_1_926' title='bbox 2421 5196 2552 5250; x_wconf 91' lang='lat' dir='ltr'><strong>locis</strong></span> <span class='ocrx_word' id='word_1_927' title='bbox 2583 5191 2940 5262; x_wconf 85' lang='lat' dir='ltr'><strong>Epistolarum</strong></span> <span class='ocrx_word' id='word_1_928' title='bbox 2967 5203 3206 5250; x_wconf 90' lang='lat' dir='ltr'><strong>suarum,</strong></span> <span class='ocrx_word' id='word_1_929' title='bbox 3234 5186 3360 5257; x_wconf 84' lang='lat' dir='ltr'><strong>quid</strong></span> <span class='ocrx_word' id='word_1_930' title='bbox 3384 5187 3508 5242; x_wconf 91' lang='lat' dir='ltr'><strong>hinc</strong></span> 
     </span>
    </p>
   </div>
   <div class='ocr_carea' id='block_1_114' title="bbox 1914 5280 3508 5364">
    <p class='ocr_par' dir='ltr' id='par_1_114' title="bbox 1914 5280 3508 5364">
     <span class='ocr_line' id='line_1_114' title="bbox 1914 5280 3508 5364; baseline -0.018 -7"><span class='ocrx_word' id='word_1_931' title='bbox 1914 5300 2127 5364; x_wconf 87' lang='lat' dir='ltr'><strong>sentiat,</strong></span> <span class='ocrx_word' id='word_1_932' title='bbox 2151 5291 2486 5364; x_wconf 86' lang='lat' dir='ltr'><strong>apertissime</strong></span> <span class='ocrx_word' id='word_1_933' title='bbox 2529 5287 2752 5347; x_wconf 87' lang='lat' dir='ltr'><strong>doceat;</strong></span> <span class='ocrx_word' id='word_1_934' title='bbox 2797 5280 3068 5350; x_wconf 82' lang='lat' dir='ltr'><strong>superfluo</strong></span> <span class='ocrx_word' id='word_1_935' title='bbox 3120 5288 3410 5342; x_wconf 87' lang='lat' dir='ltr'><strong>conantur,</strong></span> <span class='ocrx_word' id='word_1_936' title='bbox 3457 5290 3508 5333; x_wconf 82' lang='lat' dir='ltr'><strong>et</strong></span> 
     </span>
    </p>
   </div>
   <div class='ocr_carea' id='block_1_115' title="bbox 1915 5371 3508 5449">
    <p class='ocr_par' dir='ltr' id='par_1_115' title="bbox 1915 5371 3508 5449">
     <span class='ocr_line' id='line_1_115' title="bbox 1915 5371 3508 5449; baseline -0.015 0"><span class='ocrx_word' id='word_1_937' title='bbox 1915 5393 2014 5449; x_wconf 89' lang='lat' dir='ltr'><strong>sibi</strong></span> <span class='ocrx_word' id='word_1_938' title='bbox 2059 5398 2112 5445; x_wconf 89' lang='lat' dir='ltr'><strong>et</strong></span> <span class='ocrx_word' id='word_1_939' title='bbox 2148 5383 2359 5441; x_wconf 63' lang='lat' dir='ltr'><strong>caeteris</strong></span> <span class='ocrx_word' id='word_1_940' title='bbox 2398 5379 2679 5449; x_wconf 79' lang='lat' dir='ltr'><strong>caliginem</strong></span> <span class='ocrx_word' id='word_1_941' title='bbox 2725 5373 3030 5438; x_wconf 87' lang='lat' dir='ltr'><strong>obducere,</strong></span> <span class='ocrx_word' id='word_1_942' title='bbox 3061 5379 3116 5426; x_wconf 87' lang='lat' dir='ltr'><strong>ut</strong></span> <span class='ocrx_word' id='word_1_943' title='bbox 3142 5371 3282 5440; x_wconf 91' lang='lat' dir='ltr'><strong>quod</strong></span> <span class='ocrx_word' id='word_1_944' title='bbox 3313 5371 3508 5425; x_wconf 81' lang='lat' dir='ltr'><strong>utiliter</strong></span> 
     </span>
    </p>
   </div>
   <div class='ocr_carea' id='block_1_116' title="bbox 1917 5465 3510 5541">
    <p class='ocr_par' dir='ltr' id='par_1_116' title="bbox 1917 5465 3510 5541">
     <span class='ocr_line' id='line_1_116' title="bbox 1917 5465 3510 5541; baseline -0.013 0"><span class='ocrx_word' id='word_1_945' title='bbox 1917 5487 2004 5541; x_wconf 89' lang='lat' dir='ltr'><strong>illa</strong></span> <span class='ocrx_word' id='word_1_946' title='bbox 2041 5479 2272 5538; x_wconf 76' lang='lat' dir='ltr'><strong>Charitas</strong></span> <span class='ocrx_word' id='word_1_947' title='bbox 2298 5482 2477 5530; x_wconf 88' lang='lat' dir='ltr'><strong>monet</strong></span> <span class='ocrx_word' id='word_1_948' title='bbox 2511 5488 2613 5525; x_wconf 89' lang='lat' dir='ltr'><strong>non</strong></span> <span class='ocrx_word' id='word_1_949' title='bbox 2658 5469 2828 5524; x_wconf 89' lang='lat' dir='ltr'><strong>solum</strong></span> <span class='ocrx_word' id='word_1_950' title='bbox 2860 5466 3039 5522; x_wconf 87' lang='lat' dir='ltr'><strong>facere</strong></span> <span class='ocrx_word' id='word_1_951' title='bbox 3065 5465 3254 5528; x_wconf 90' lang='lat' dir='ltr'><strong>nolint,</strong></span> <span class='ocrx_word' id='word_1_952' title='bbox 3287 5465 3380 5519; x_wconf 58' lang='lat' dir='ltr'><strong>scil</strong></span> <span class='ocrx_word' id='word_1_953' title='bbox 3413 5481 3510 5521; x_wconf 88' lang='lat' dir='ltr'><strong>nec</strong></span> 
     </span>
    </p>
   </div>
   <div class='ocr_carea' id='block_1_117' title="bbox 1916 5557 3509 5646">
    <p class='ocr_par' dir='ltr' id='par_1_117' title="bbox 1916 5557 3509 5646">
     <span class='ocr_line' id='line_1_117' title="bbox 1916 5557 3509 5646; baseline -0.015 -11"><span class='ocrx_word' id='word_1_954' title='bbox 1916 5576 2208 5646; x_wconf 81' lang='lat' dir='ltr'><strong>intelligere</strong></span> <span class='ocrx_word' id='word_1_955' title='bbox 2234 5569 2355 5640; x_wconf 88' lang='lat' dir='ltr'><strong>ipsi,</strong></span> <span class='ocrx_word' id='word_1_956' title='bbox 2382 5574 2473 5621; x_wconf 91' lang='lat' dir='ltr'><strong>aut</strong></span> <span class='ocrx_word' id='word_1_957' title='bbox 2497 5565 2562 5618; x_wconf 90' lang='lat' dir='ltr'><strong>ab</strong></span> <span class='ocrx_word' id='word_1_958' title='bbox 2583 5564 2700 5617; x_wconf 88' lang='lat' dir='ltr'><strong>aliis</strong></span> <span class='ocrx_word' id='word_1_959' title='bbox 2725 5560 2946 5632; x_wconf 82' lang='lat' dir='ltr'><strong>intelligi</strong></span> <span class='ocrx_word' id='word_1_960' title='bbox 2968 5558 3152 5626; x_wconf 88' lang='lat' dir='ltr'><strong>velint,</strong></span> <span class='ocrx_word' id='word_1_961' title='bbox 3188 5573 3292 5612; x_wconf 90' lang='lat' dir='ltr'><strong>non</strong></span> <span class='ocrx_word' id='word_1_962' title='bbox 3317 5557 3509 5612; x_wconf 85' lang='lat' dir='ltr'><strong>timen-</strong></span> 
     </span>
    </p>
   </div>
   <div class='ocr_carea' id='block_1_118' title="bbox 1980 5738 3523 5810">
    <p class='ocr_par' dir='ltr' id='par_1_118' title="bbox 1980 5738 3523 5810">
     <span class='ocr_line' id='line_1_118' title="bbox 1980 5738 3523 5810; baseline -0.011 -3"><span class='ocrx_word' id='word_1_963' title='bbox 1980 5763 1995 5791; x_wconf 77' lang='grc' dir='ltr'><strong>ι</strong></span> <span class='ocrx_word' id='word_1_964' title='bbox 2033 5759 2105 5807; x_wconf 85' lang='lat' dir='ltr'><strong>sic</strong></span> <span class='ocrx_word' id='word_1_965' title='bbox 2136 5763 2241 5804; x_wconf 71' lang='lat' dir='ltr'><strong>Mss.</strong></span> <span class='ocrx_word' id='word_1_966' title='bbox 2270 5758 2326 5802; x_wconf 80' lang='lat' dir='ltr'><strong>At</strong></span> <span class='ocrx_word' id='word_1_967' title='bbox 2349 5748 2484 5810; x_wconf 90' lang='lat' dir='ltr'><strong>editi,</strong></span> <span class='ocrx_word' id='word_1_968' title='bbox 2511 5744 2806 5796; x_wconf 77' lang='lat' dir='ltr'><strong>manducare</strong></span> <span class='ocrx_word' id='word_1_969' title='bbox 2831 5739 3165 5808; x_wconf 86' lang='lat' dir='ltr'><strong>spiritualiter,</strong></span> <span class='ocrx_word' id='word_1_970' title='bbox 3191 5738 3244 5791; x_wconf 88' lang='lat' dir='ltr'><strong>id</strong></span> <span class='ocrx_word' id='word_1_971' title='bbox 3267 5745 3354 5799; x_wconf 87' lang='lat' dir='ltr'><strong>est,</strong></span> <span class='ocrx_word' id='word_1_972' title='bbox 3380 5753 3523 5802; x_wconf 79' lang='lat' dir='ltr'><strong>pasce</strong></span> 
     </span>
    </p>
   </div>
   <div class='ocr_carea' id='block_1_119' title="bbox 1916 5821 3490 5930">
    <p class='ocr_par' dir='ltr' id='par_1_119' title="bbox 1916 5821 3490 5930">
     <span class='ocr_line' id='line_1_119' title="bbox 1916 5821 3490 5930; baseline -0.011 1"><span class='ocrx_word' id='word_1_973' title='bbox 1916 5821 2310 5930; x_wconf 51' lang='lat' dir='ltr'><strong>w&#39;bl‘itpefliiione</strong></span> <span class='ocrx_word' id='word_1_974' title='bbox 2326 5882 2436 5924; x_wconf 82' lang='lat' dir='ltr'><strong>Iov.</strong></span> <span class='ocrx_word' id='word_1_975' title='bbox 2461 5871 2590 5922; x_wconf 89' lang='lat' dir='ltr'><strong>male</strong></span> <span class='ocrx_word' id='word_1_976' title='bbox 2614 5872 2843 5921; x_wconf 77' lang='lat' dir='ltr'><strong>omissuro</strong></span> <span class='ocrx_word' id='word_1_977' title='bbox 2870 5875 2963 5926; x_wconf 80' lang='lat' dir='ltr'><strong>est,</strong></span> <span class='ocrx_word' id='word_1_978' title='bbox 2989 5864 3235 5927; x_wconf 86' lang='lat' dir='ltr'><strong>curando;</strong></span> <span class='ocrx_word' id='word_1_979' title='bbox 3251 5863 3379 5927; x_wconf 72' lang='lat' dir='ltr'><strong>«procl</strong></span> <span class='ocrx_word' id='word_1_980' title='bbox 3404 5875 3490 5913; x_wconf 77' lang='lat' dir='ltr'><strong>rer</strong></span> 
     </span>
    </p>
   </div>
   <div class='ocr_carea' id='block_1_120' title="bbox 1921 5933 2876 5998">
    <p class='ocr_par' dir='ltr' id='par_1_120' title="bbox 1921 5933 2876 5998">
     <span class='ocr_line' id='line_1_120' title="bbox 1921 5933 2876 5998; baseline -0.021 0"><span class='ocrx_word' id='word_1_981' title='bbox 1921 5950 2036 5998; x_wconf 88' lang='lat' dir='ltr'><strong>bum</strong></span> <span class='ocrx_word' id='word_1_982' title='bbox 2059 5946 2106 5994; x_wconf 88' lang='lat' dir='ltr'><strong>in</strong></span> <span class='ocrx_word' id='word_1_983' title='bbox 2131 5942 2275 5992; x_wconf 81' lang='lat' dir='ltr'><strong>editis</strong></span> <span class='ocrx_word' id='word_1_984' title='bbox 2295 5938 2404 5990; x_wconf 77' lang='lat' dir='ltr'><strong>aliis</strong></span> <span class='ocrx_word' id='word_1_985' title='bbox 2425 5935 2604 5996; x_wconf 71' lang='lat' dir='ltr'><strong>legitur</strong></span> <span class='ocrx_word' id='word_1_986' title='bbox 2631 5941 2680 5983; x_wconf 86' lang='lat' dir='ltr'><strong>et</strong></span> <span class='ocrx_word' id='word_1_987' title='bbox 2701 5933 2748 5981; x_wconf 88' lang='lat' dir='ltr'><strong>in</strong></span> <span class='ocrx_word' id='word_1_988' title='bbox 2769 5937 2876 5980; x_wconf 81' lang='lat' dir='ltr'><strong>Mss.</strong></span> 
     </span>
    </p>
   </div>
  </div>
