4078 6512
546 481 640 535 551
1496 467 1583 521 DE
1619 464 1843 521 OPERF.
1883 460 2371 529 MONACHORUM,
2411 414 2469 517 S.
2509 460 2872 518 AUGUSTINI

546 606 626 648 t--s
654 588 796 659 quod
826 586 1079 654 scriptum
1104 592 1208 649 est,
1242 580 1419 635 Noluit
1442 580 1718 648 intelligere
1736 586 1788 631 ut
1812 578 1933 632 bene
1955 584 2122 647 ageret

547 683 717 756 (Psal.
750 694 925 741 xxxv,
957 677 1033 745 Α).
1558 724 1563 725 ,

614 768 840 827 CAPUT
879 766 1058 821 ll|.—-
1100 766 1157 820 4.
1215 763 1365 817 Pauli
1414 769 1721 831 prteccptum
1772 759 1835 811 de
1881 756 2136 826 corporali

546 880 697 934 apere
725 879 832 918 esse
862 860 1100 930 probatur
1118 874 1182 912 ea:
1206 854 1583 909 circumstantia
1613 850 1854 905 lectionis.
1885 848 2135 917 Exemplo

544 972 635 1009 suo
664 953 861 1006 Paulus
889 950 1058 1003 docuit
1078 946 1201 1012 quid
1229 944 1537 1014 prwceperit.
1572 941 1724 995 Prius
1754 953 1880 1009 ergo
1908 938 2134 993 demon-

545 1056 718 1100 strare
740 1044 995 1098 debemus
1023 1041 1235 1094 beatum
1263 1035 1562 1107 apostolum
1595 1032 1812 1086 Paulum
1835 1046 1994 1100 opera
2016 1042 2137 1082 cor-

546 1136 749 1208 poralia
776 1148 961 1190 servos
994 1130 1085 1187 Dei
1113 1130 1324 1199 operari
1352 1127 1606 1188 voluisse,
1639 1138 1759 1193 quae
1785 1122 1943 1175 linem
1977 1121 2138 1173 habe-

552 1238 672 1283 rent
701 1240 945 1296 magnam
971 1224 987 1254 ί
1016 1221 1343 1291 spiritualem
1370 1214 1693 1279 mercedem,
1727 1210 1918 1266 adhoc
1944 1219 1999 1263 ut
2024 1210 2138 1277 ipso

548 1319 692 1374 victu
718 1326 773 1372 et
802 1323 1106 1385 tegumento
1132 1328 1163 1366 a
1193 1310 1338 1365 nullo
1378 1307 1675 1376 indigerent
1702 1345 1718 1371 ,
1769 1300 1864 1357 sed
1894 1300 2138 1355 manibus

552 1411 664 1464 suis
695 1409 810 1462 haec
832 1407 930 1462 sibi
964 1410 1308 1475 procurarent
1340 1417 1353 1453 :
1381 1398 1573 1454 deinde
1594 1394 1880 1451 ostendere
1907 1407 2139 1460 evange-

554 1502 654 1555 lica
696 1500 785 1553 illa
826 1505 1110 1567 praecepta,
1142 1493 1209 1547 de
1240 1492 1429 1562 quibus
1455 1486 1692 1542 nonnulli
1719 1499 1823 1539 non
1854 1484 2027 1537 solum
2059 1481 2139 1550 pi-

551 1592 793 1663 gritiam,
824 1589 917 1644 sed
945 1590 1101 1643 etiam
1129 1584 1482 1653 arrogantiam
1514 1594 1663 1633 suam
1693 1577 1867 1631 fovent
1886 1617 1900 1639 ,
1928 1583 2143 1644 apesto-

552 1686 655 1739 lico
674 1689 940 1755 praecepto
954 1688 1007 1735 et
1021 1676 1266 1745 exemplo
1289 1691 1390 1728 non
1414 1687 1531 1728 esse
1548 1669 1832 1725 contraria.
1852 1666 2141 1722 Videamus

556 1773 733 1843 itaque
760 1771 899 1827 unde
923 1769 987 1824 ad
1018 1770 1117 1822 hoc
1143 1766 1348 1822 venerit
1376 1762 1660 1832 Apostolus
1681 1802 1695 1826 ,
1724 1768 1784 1813 ut
1812 1758 2013 1812 diceret
2036 1799 2047 1819 ,
2081 1755 2141 1809 Si

551 1864 665 1929 quis
696 1879 795 1916 non
817 1862 921 1916 vult
954 1859 1155 1928 operari
1178 1900 1192 1923 ,
1226 1873 1325 1910 non
1351 1854 1656 1918 manducet;
1700 1859 1753 1905 et
1780 1848 1906 1920 quid
1950 1847 2142 1902 deinde

554 1962 811 2009 contexat
832 1993 846 2016 ,
878 1959 934 2005 ut
959 1965 1026 2005 ex
1059 1949 1170 2018 ipsa
1200 1944 1593 2002 circumstantia
1622 1941 1861 1997 lectionis
1890 1947 2143 2009 apparent

551 2045 821 2100 declarata
864 2041 1149 2097 sententia.
1183 2037 1571 2100 Denuntiamus,
1605 2033 1795 2103 inquit,
1829 2030 1988 2095 vobis,
2031 2033 2141 2099 fra-

552 2147 674 2198 tres,
704 2135 757 2187 in
784 2133 986 2186 nomine;
1004 2129 1212 2183 Domini
1238 2127 1394 2182 nostri
1415 2124 1539 2178 Jesu
1563 2122 1769 2186 Christi,
1800 2130 1853 2174 ut
1876 2118 2145 2174 subtraha-

555 2228 618 2281 tis
656 2241 741 2279 vos
786 2225 847 2276 ab
890 2222 1028 2276 omni
1075 2221 1233 2289 fratre
1278 2217 1491 2287 inquieta
1516 2213 1824 2275 ambulante,
1858 2219 1902 2263 et
1932 2226 2033 2263 non
2058 2224 2139 2261 se-

551 2316 774 2371 cundum
802 2314 1121 2367 traditionem
1143 2326 1293 2380 quam
1315 2314 1610 2377 acceperunt
1637 2321 1668 2356 a
1693 2303 1853 2356 nobis.
1878 2300 1990 2371 Ipsi
2010 2299 2143 2352 enim

552 2407 689 2460 scitis
719 2403 967 2474 quomodo
1021 2410 1248 2472 oporteat
1304 2396 1492 2450 imitari
1540 2410 1666 2460 nos;
1730 2392 1849 2463 quia
1894 2408 1995 2445 non
2034 2389 2142 2461 fui-

553 2515 666 2550 mus
693 2494 900 2566 inquieti
941 2495 1073 2547 inter
1103 2508 1207 2557 vos,
1252 2505 1409 2559 neque
1448 2503 1629 2559 panem
1666 2485 1728 2539 ab
1775 2484 1944 2553 aliqua
1985 2483 2143 2553 gratis

555 2588 969 2642 umnducavimus
988 2626 1001 2648 ,
1032 2584 1118 2638 sed
1146 2584 1197 2637 in
1228 2582 1395 2635 labore
1420 2590 1464 2633 et
1495 2578 1790 2650 fatigatione
1813 2576 1895 2630 die
1921 2591 1981 2627 ac
2002 2582 2146 2627 nocte

552 2690 839 2751 operantes,
877 2694 938 2731 ne
963 2692 1109 2746 quem
1137 2683 1352 2728 vestrum
1376 2687 1699 2742 gravarentus
1723 2684 1741 2723 :
1770 2684 1870 2723 non
1899 2666 2017 2737 quia
2045 2682 2144 2719 non

556 2772 872 2827 habuerimus
903 2777 1227 2841 potestatem,
1255 2765 1343 2819 sed
1371 2773 1422 2817 ut
1448 2762 1776 2831 nosmetipsos
1803 2763 2020 2830 formam
2047 2757 2145 2811 da-

556 2882 721 2921 remus
750 2864 888 2918 vobis
913 2902 929 2930 ,
971 2878 1071 2931 qua
1101 2876 1191 2913 nos
1225 2855 1571 2911 imitaremini.
1610 2852 1750 2907 Nam
1778 2859 1823 2906 et
1866 2866 1980 2904 cum
2005 2847 2146 2919 apud

557 2974 644 3012 vos
673 2971 914 3017 essemus,
948 2953 1043 3005 hoc
1073 2949 1209 3004 vobis
1236 2946 1671 3018 prtecipiebamus,
1700 2942 1937 3014 quoniam
1962 2941 2007 2996 si
2035 2940 2144 3011 quis

560 3064 661 3101 non
684 3046 788 3098 vult
816 3042 1035 3112 operari,
1065 3056 1165 3093 non
1195 3036 1482 3091 manducet.
1511 3035 1806 3090 Audiuimus
1834 3034 1966 3087 enim
1992 3048 2146 3104 quos-

560 3137 680 3189 dam
705 3136 836 3189 inter
872 3148 957 3186 vos
983 3130 1243 3184 ambulare
1268 3128 1513 3196 inquiete,
1556 3125 1685 3179 nihil
1712 3134 1975 3195 operantes
1999 3166 2014 3189 ,
2060 3120 2147 3178 sed

562 3228 757 3282 curiose
784 3233 1007 3296 agentes.
1041 3220 1135 3275 His
1165 3229 1332 3273 autem
1358 3218 1442 3289 qui
1470 3215 1717 3287 ejusmodi
1738 3223 1875 3280 sunt,
1913 3214 2149 3285 praecipi-

564 3336 675 3375 mus
699 3328 745 3373 et
770 3318 1086 3372 obsecramus
1114 3312 1168 3367 in
1210 3311 1428 3365 Domino
1454 3308 1489 3363 Ι
1494 3326 1578 3363 esu
1608 3307 1827 3374 Christo,
1859 3315 1911 3360 ut
1940 3323 2054 3361 cum
2080 3307 2151 3361 si-

566 3412 720 3468 lentio
749 3417 1012 3479 operantes
1039 3422 1219 3478 panem
1246 3421 1393 3459 suum
1432 3402 1732 3455 manducent
1762 3398 1834 3470 (ll
1859 3397 2037 3454 Thess.
2068 3413 2146 3465 nt,

614 3501 758 3571 42).
802 3497 938 3567 Quid
983 3496 1049 3551 ad
1094 3496 1207 3549 lure
1236 3493 1339 3548 dici
1370 3500 1569 3563 potest,
1614 3487 2040 3560 quandoquidem
2083 3504 2150 3542 ne

562 3592 809 3662 cuiquam
853 3597 1036 3659 postea
1076 3587 1261 3641 liceret
1307 3584 1407 3637 hoc
1458 3596 1555 3651 pro
1598 3580 1889 3646 voluntate,
1921 3593 2024 3632 non
2056 3593 2150 3647 pro

562 3681 820 3739 charitate
849 3676 1211 3746 interpretari,
1245 3674 1488 3742 exemplo
1526 3687 1623 3727 suo
1651 3670 1832 3725 docuit
1857 3668 1983 3739 quid
2016 3684 2151 3737 prte-

561 3771 798 3842 ceperit?
819 3768 895 3824 llli
917 3770 1058 3823 enim
1084 3776 1333 3835 tanquam
1358 3761 1613 3833 Apostolo
1636 3760 1967 3831 prmdicatori
1988 3760 2152 3813 Evan-

561 3863 711 3934 gelii,
742 3860 893 3916 militi
920 3857 1156 3923 Christi,
1195 3854 1476 3926 plantatori
1504 3854 1695 3919 vinem,
1727 3851 1927 3921 pastori
1974 3852 2150 3921 gregis

562 3954 914 4009 constituerat
948 3949 1205 4004 Dominus
1228 3957 1285 4001 ut
1312 3944 1381 4001 de
1407 3943 1696 4014 Evangelio
1722 3943 1959 4008 viveret;
1986 3949 2040 3998 et
2068 3951 2149 3994 ta-

564 4064 690 4104 men
720 4048 832 4117 ipse
861 4042 1185 4113 stipendium
1229 4039 1328 4093 sibi
1366 4037 1602 4093 debitum
1632 4051 1737 4090 non
1779 4034 1978 4105 exegit,
2012 4042 2068 4087 ut
2092 4048 2150 4087 se

565 4139 791 4193 formam
814 4134 969 4188 daret
985 4132 1063 4186 eis
1084 4132 1172 4200 qui
1190 4129 1402 4199 exigere
1432 4126 1665 4181 indebita
1689 4124 1975 4195 cupiebant
1998 4141 2009 4175 :
2042 4124 2149 4177 sic-

565 4239 624 4284 ut
665 4228 731 4282 ad
772 4224 1075 4282 Corinthios
1134 4222 1296 4287 dicit,
1356 4220 1481 4287 Quis
1519 4219 1700 4271 militat
1744 4217 1848 4271 suis
1889 4216 2151 4287 stipendiis

566 4318 831 4388 unquam?
884 4314 1007 4381 Quis
1040 4313 1232 4383 plantat
1280 4310 1508 4375 vineam,
1540 4318 1585 4363 et
1623 4308 1686 4362 de
1714 4310 1879 4378 fructu
1914 4308 2021 4379 ejus
2050 4323 2151 4359 non

566 4407 705 4463 edit?
737 4405 859 4470 Quis
891 4403 1047 4473 pascit
1076 4417 1275 4473 gregem
1298 4440 1313 4464 ,
1348 4408 1392 4453 et
1418 4398 1481 4451 de
1519 4397 1647 4452 lacte
1674 4397 1838 4467 gregis
1867 4413 1965 4450 non
1992 4396 2153 4468 perci-

568 4496 686 4569 pit?
715 4495 856 4564 Ergo
883 4492 1023 4565 quod
1071 4491 1172 4546 sibi
1215 4489 1506 4545 debebatur
1529 4530 1543 4551 ,
1585 4487 1757 4543 noluit
1796 4487 2066 4556 accipere,
2096 4494 2153 4539 ut

566 4586 815 4656 exemplo
836 4582 951 4655 ejus
971 4590 1366 4644 coercerentur,
1389 4578 1477 4649 qui
1506 4578 1603 4633 sibi
1633 4593 1735 4631 non
1760 4578 1829 4631 ita
1856 4577 2115 4632 ordinatis
2131 4578 2151 4608 ²

567 4681 621 4735 in
650 4676 887 4733 Ecclesia
928 4674 1049 4728 talia
1080 4672 1265 4727 deberi
1291 4670 1705 4725 arbitrabantur.
1734 4668 1869 4736 Quid
1900 4676 1981 4723 est
2009 4667 2152 4721 enim

565 4770 708 4844 quod
749 4768 866 4824 ait:
902 4765 1081 4837 Neque
1107 4780 1287 4836 panem
1327 4762 1488 4833 gratis
1515 4760 1576 4814 ab
1612 4760 1781 4829 aliqua
1822 4758 2151 4813 manducavi-

566 4881 700 4930 mus,
725 4862 815 4918 sed
836 4861 889 4915 in
918 4859 1088 4914 labore
1112 4866 1158 4912 et
1186 4855 1482 4928 fatigatione
1505 4853 1587 4907 die
1612 4868 1673 4905 ac
1695 4861 1838 4905 nocte
1865 4860 2150 4920 operantes,

565 4972 627 5008 ne
648 4970 795 5026 quem
817 4960 1033 5006 vestrum
1052 4961 1373 5020 gravaremus
1395 4960 1413 4997 :
1435 4960 1536 4997 non
1562 4943 1680 5014 quia
1705 4959 1803 4996 non
1834 4942 2154 4995 habuerimus

567 5056 880 5118 potestatem,
911 5041 999 5097 sed
1026 5050 1080 5095 ut
1110 5055 1200 5093 nos
1226 5038 1445 5107 formam
1470 5035 1702 5088 daremus
1726 5033 1890 5097 vobis,
1917 5049 2016 5102 qua
2065 5049 2155 5085 nos

565 5132 931 5190 imitaremini?
975 5129 1206 5185 Audiam
1248 5141 1376 5196 ergo
1418 5124 1609 5195 quibus
1648 5122 1750 5177 hoc
1796 5120 2069 5192 prmcepit,
2102 5121 2152 5176 id

570 5236 673 5291 est,
703 5226 793 5296 qui
822 5239 928 5278 non
958 5222 1157 5278 habent
1182 5219 1317 5273 hanc
1346 5225 1661 5287 potestatem
1690 5229 1847 5284 quam
1877 5212 1965 5268 ille
1995 5213 2154 5268 habe-

571 5318 680 5382 bat,
715 5323 774 5369 ut
811 5311 1179 5368 tantummodo
1224 5308 1570 5379 spiritualiter
1611 5314 1895 5375 Operantes
1935 5305 2154 5358 mandu-

569 5416 692 5462 cent
720 5420 910 5476 panem
945 5418 974 5456 a
1001 5401 1265 5472 corporali
1297 5400 1479 5455 labore
1508 5398 1791 5469 gratuitum
1827 5413 1839 5449 :
1870 5406 1918 5450 et
1965 5411 2153 5465 quem-

572 5496 860 5552 admodum
890 5493 1037 5557 dicit,
1074 5492 1405 5560 Prwcipimus
1433 5500 1478 5544 et
1508 5490 1825 5543 obsecramus
1854 5488 1905 5539 in
1934 5486 2151 5549 Christo,

573 5598 629 5642 ut
655 5604 767 5642 cum
798 5584 998 5639 silentio
1024 5590 1287 5651 aperantes
1317 5598 1495 5650 panem
1524 5597 1668 5635 suum
1695 5579 2017 5644 manducent,
2048 5594 2153 5630 non

570 5679 845 5749 disputent
872 5680 1065 5749 contra
1084 5669 1509 5725 manifestissima
1537 5670 1699 5724 verba
1726 5667 2002 5739 Apostoli;
2030 5667 2154 5737 quia

571 5780 623 5826 et
650 5770 749 5822 hoc
787 5762 1018 5835 pertinet
1045 5760 1111 5814 ad
1137 5759 1399 5813 silentium
1426 5799 1440 5825 ,
1488 5774 1607 5814 cum
1649 5776 1754 5830 quo
1800 5758 1995 5815 debent
2024 5772 2152 5830 ope-

632 5906 651 5938 ι
685 5910 809 5959 Mss,
836 5893 1063 5959 haberent
1084 5892 1135 5944 in
1154 5903 1375 5959 magnam
1388 5930 1401 5943 .

632 5968 652 5998 ι
684 5973 756 6015 ει,
782 5954 831 6012 e't
855 5956 1080 6020 plerique
1104 5964 1232 6012 κει,
1254 5954 1460 6004 ordinati
1475 5987 1489 6002 .

3725 466 3829 519 55?

2244 582 2424 629 mutes
2450 573 2770 630 manducare
2799 589 2985 643 panem
3016 589 3189 627 sumn.

2310 666 2536 722 CAPUT
2574 666 2660 721 ιγ.
2682 697 2753 707 -
2780 668 2833 722 5.
2866 665 3021 719 Pauli
3045 668 3288 720 sententia
3325 683 3387 721 ex
3415 667 3531 720 aliis
3554 668 3666 737 ejus
3699 667 3832 740 Epi-

2238 758 2385 812 stolis
2405 760 2687 814 declarata.
2711 758 3242 814 Enucleatiusautcm
3260 759 3633 829 etdiligentius
3654 761 3834 818 adhuc

2241 851 2341 905 ista
2364 852 2522 905 verba
2544 850 2936 906 considerarem
2953 862 3109 922 atque
3128 861 3430 917 tractarem,
3454 853 3556 907 nisi
3574 851 3831 909 haberem

2238 940 2340 994 alia
2368 940 2480 995 loca
2503 940 2862 1010 Epistolarum
2887 940 3003 1010 ejus
3030 942 3199 996 multo
3221 942 3605 1011 manifestiora,
3639 945 3836 1014 quibus

2239 1029 2446 1085 collatis
2475 1040 2529 1086 et
2560 1034 2661 1086 ista
2692 1030 2939 1101 liquidius
2971 1034 3392 1099 manilestautur,
3426 1044 3478 1089 et
3508 1035 3553 1090 si
3579 1035 3681 1090 ista
3723 1051 3830 1090 non

2245 1131 2448 1186 essent,
2480 1120 2567 1175 illa
2606 1121 2933 1176 sufficerent.
2976 1120 3056 1176 Ad
3084 1121 3389 1177 Corinthios
3416 1124 3558 1178 enim
3588 1125 3836 1179 scribens

2244 1216 2311 1271 de
2343 1216 2441 1270 hac
2466 1215 2651 1271 eadem
2680 1232 2758 1280 re,
2793 1216 2857 1269 ita
2889 1215 3017 1270 dicit
3043 1234 3057 1270 :
3090 1215 3210 1269 Non
3238 1232 3351 1270 sum
3377 1217 3541 1270 liber?
3576 1233 3681 1271 non
3724 1232 3834 1271 sunt

2242 1308 2541 1376 apostolus?
2572 1305 2757 1360 Nonne
2794 1305 3047 1361 Christum
3082 1305 3259 1359 Iesum
3300 1305 3573 1360 Dominum
3601 1317 3836 1361 nostrum

2241 1400 2385 1453 vidi?
2413 1398 2598 1452 Nonne
2624 1416 2750 1467 opus
2778 1415 2945 1451 meum
2973 1414 3059 1452 ros
3085 1400 3201 1451 estis
3242 1398 3295 1451 in
3340 1397 3606 1452 Domino?
3631 1400 3695 1455 Si
3720 1401 3836 1454 aliis

2244 1506 2342 1542 non
2369 1505 2481 1541 sum
2508 1488 2787 1556 apostolus,
2816 1488 2951 1541 vobis
2974 1498 3309 1541 verumtamen
3337 1505 3469 1542 smn.
3497 1489 3835 1559 Signaculum

2245 1582 2374 1635 enim
2406 1581 2717 1649 apostolatus
2758 1581 2853 1633 mei
2892 1596 2977 1634 vos
3007 1581 3124 1634 estis
3150 1581 3202 1634 in
3234 1580 3471 1635 Domino.
3508 1582 3627 1637 Mea
3656 1583 3837 1652 defen-

2243 1673 2318 1726 sio
2346 1673 2413 1727 ad
2442 1688 2525 1727 eos
2557 1672 2640 1741 qui
2684 1688 2762 1725 me
2796 1671 3108 1741 interrogant
3138 1675 3245 1726 ha'c
3284 1682 3373 1727 est.
3428 1672 3696 1743 Numquid
3734 1692 3837 1728 non

2245 1763 2482 1817 habemus
2506 1765 2833 1833 potestatem‘
2868 1762 3207 1817 umnducandi
3226 1773 3271 1817 et
3298 1763 3497 1818 bibendi
3518 1765 3543 1819 ?
3568 1764 3835 1835 Numquid

2245 1869 2344 1905 non
2376 1852 2612 1907 habemus
2657 1863 2948 1921 potestatem
2988 1869 3211 1907 sororem
3250 1854 3510 1909 mulierem
3543 1856 3835 1910 circumdu-

2244 1943 2408 2005 cendi,
2438 1944 2566 1999 sicut
2596 1952 2643 1996 et
2664 1944 2829 1997 ca'teri
2855 1944 3102 2013 Apostoli,
3129 1954 3174 1997 et
3201 1948 3385 2014 fratres
3414 1945 3640 2011 Domini,
3671 1957 3719 2001 et
3740 1947 3837 2002 Ce-

2247 2034 2373 2101 phas
2417 2032 2459 2104 (ι
2499 2033 2617 2087 Cor.
2656 2049 2709 2087 ix
2733 2075 2748 2099 ,
2793 2033 2927 2105 1-7).
2972 2033 3102 2088 Vide
3128 2034 3571 2103 quemadmodum
3604 2037 3835 2106 primum

2247 2126 2491 2181 ostendat
2514 2124 2637 2195 quid
2665 2125 2768 2180 sibi
2796 2125 2974 2191 liceat,
2998 2134 3051 2180 et
3081 2125 3201 2181 ideo
3226 2126 3384 2181 liceat
3408 2127 3529 2197 quia
3555 2128 3835 2198 apostolus

2246 2227 2346 2271 est.
2375 2216 2501 2271 Inde
2522 2217 2662 2271 enim
2692 2218 2854 2287 etrapit
2878 2234 2889 2270 2
2920 2216 3039 2271 Non
3066 2234 3176 2272 sum
3194 2218 3355 2274 liber?
3383 2236 3483 2274 non
3500 2237 3614 2274 sum
3630 2233 3833 2290 aposto-

2247 2308 2367 2361 lus?
2406 2308 2473 2362 Et
2500 2308 2688 2377 probat
2726 2323 2785 2363 se
2830 2308 3128 2378 apostolum
3176 2324 3316 2377 esse,
3367 2310 3550 2366 dicens
3588 2329 3604 2366 :
3649 2311 3839 2368 Nonne

2246 2395 2501 2452 Christum
2529 2397 2705 2451 Jesum
2731 2396 3011 2452 Dominum
3055 2408 3283 2453 nostrum
3321 2400 3467 2455 vidi?
3493 2400 3683 2457 Nonne
3707 2419 3838 2474 opus

2246 2506 2413 2544 meum
2450 2506 2537 2543 vos
2564 2489 2682 2544 estis
2709 2489 2761 2543 in
2788 2488 3050 2544 Domino?
3077 2490 3193 2559 Quo
3221 2492 3446 2562 probato
3472 2494 3712 2549 ostendit
3737 2497 3838 2552 sibi

2248 2578 2409 2634 licere
2433 2579 2574 2649 quod
2601 2579 2810 2636 ca'teris
2838 2581 3142 2651 Apostolis;
3172 2581 3223 2636 id
3243 2590 3343 2647 est,
3373 2591 3430 2637 ut
3454 2599 3556 2639 non
3585 2596 3840 2655 operetur

2248 2669 2493 2723 manibus
2519 2670 2630 2725 suis
2650 2709 2666 2736 ,
2699 2668 2791 2725 sed
2824 2684 2888 2725 ex
2916 2670 3201 2742 Evangelio
3225 2672 3385 2739 vivat,
3421 2674 3558 2729 sicut
3582 2676 3840 2743 Dominus

2246 2759 2558 2826 constituit,
2598 2760 2740 2831 quod
2780 2761 2831 2815 in
2862 2763 3312 2832 consequentibus
3349 2766 3692 2835 apertissime
3736 2768 3836 2824 de—

2248 2853 2567 2908 monstravit
2596 2871 2612 2908 :
2643 2853 2710 2908 ad
2742 2853 2843 2908 hoc
2870 2853 3012 2909 enim
3042 2863 3098 2911 et
3125 2854 3311 2912 ﬁdeles
3354 2857 3607 2914 mulieres
3637 2857 3841 2915 haben.

2251 2952 2332 2999 tes
2362 2952 2629 3001 terrenam
2655 2944 3003 3000 substantiam
3032 2944 3177 3000 ibant
3200 2960 3319 3001 cum
3342 2947 3421 3001 eis
3441 2989 3454 3013 ,
3484 2959 3537 3003 et
3563 2949 3840 3005 ministra-

2249 3035 2376 3091 bant
2420 3036 2501 3092 eis
2551 3036 2619 3095 de
2665 3035 2963 3095 substantia
3004 3051 3138 3105 sua,
3182 3046 3241 3092 ut
3289 3037 3487 3093 nullius
3538 3038 3841 3110 indigerent

2253 3128 2443 3183 horum
2465 3143 2583 3197 quae
2602 3127 2669 3183 ad
2692 3127 2990 3183 necessaria
3013 3128 3132 3185 vitae
3154 3128 3311 3199 hujus
3333 3129 3598 3199 pertinent
3618 3133 3661 3185 '.
3686 3132 3839 3199 Quod

2251 3216 2438 3273 beatus
2465 3218 2661 3273 Paulus
2691 3218 2853 3273 licere
2876 3218 3090 3289 quidem
3118 3220 3218 3276 sibi
3244 3220 3595 3290 demonstrat,
3623 3222 3766 3279 sicut
3791 3234 3845 3278 et

2251 3311 2428 3366 czmeri
2481 3310 2723 3381 Apostoli
2767 3310 3049 3378 faciebant,
3096 3310 3191 3367 sed
3240 3327 3302 3368 ea
3349 3323 3609 3383 potestate
3655 3330 3716 3372 se
3767 3317 3843 3371 uti

2252 3402 2486 3457 noluisse
2514 3412 2695 3471 postea
2722 3412 3123 3459 commemorat.
3159 3404 3271 3460 [loc
3296 3406 3513 3476 quidam
3538 3422 3644 3462 non
3676 3408 3843 3464 intel-

2253 3491 2497 3561 ligentes,
2543 3506 2651 3547 non
2696 3508 2920 3547 sororem
2960 3494 3261 3564 mulierem,
3306 3512 3428 3553 cum
3473 3498 3561 3553 ille
3608 3499 3839 3569 diceret,

2255 3579 2521 3652 Numquid
2564 3599 2667 3637 non
2708 3582 2946 3639 habemus
2975 3594 3271 3656 potestatem
3312 3604 3532 3643 sororem
3581 3592 3847 3647 mulierem

2253 3673 2698 3729 circumducendi?
2726 3674 2819 3729 sed
2852 3692 3056 3730 uxorem
3098 3676 3427 3748 interpretati
3454 3690 3600 3736 sunt.
3632 3682 3848 3739 Fefcllit

2252 3779 2349 3823 eos
2375 3764 2520 3820 verbi
2548 3764 2707 3835 ει·ωοί
2737 3766 3057 3836 ambiguitas
3077 3809 3093 3834 ,
3124 3767 3267 3838 quod
3294 3778 3348 3823 et
3378 3785 3511 3825 uxor
3550 3779 3607 3826 et
3649 3773 3847 3830 mulier

2253 3856 2441 3913 eodem
2485 3856 2650 3911 verbo
2700 3872 2873 3927 gra-ee
2916 3858 3132 3914 dicitur.
3163 3861 3474 3932 Quanquam
3503 3862 3606 3920 hoc
3646 3864 3718 3920 ita
3749 3882 3846 3938 po-

2253 3948 2419 4002 suerit
2440 3946 2748 4017 Apostolus,
2779 3958 2837 4003 ut
2874 3948 2982 4003 falli
3011 3965 3118 4005 non
3149 3951 3434 4008 debuerint
3464 3972 3479 4008 :
3507 3956 3628 4025 quia
3670 3973 3847 4029 neque

2254 4037 2514 4091 mulierem
2544 4038 2908 4094 tantummodo
2934 4040 3040 4107 ait,
3073 4040 3165 4096 sed
3193 4058 3415 4098 sororem
3444 4046 3708 4101 mulierem
3734 4049 3844 4120 (a);

2256 4146 2427 4200 neque
2456 4130 2706 4195 ducendi,
2731 4132 2825 4186 sed
2856 4132 3282 4187 circumducendi.
3310 4135 3689 4194 Verumtamen
3711 4140 3847 4195 alios

2256 4221 2573 4291 interpretes
2600 4235 2703 4275 non
2730 4220 2919 4276 fefellit
2941 4221 3055 4277 lucc
3074 4224 3409 4296 ambiguitas,
3437 4236 3491 4283 ct
3514 4228 3781 4285 mulierem
3800 4230 3844 4299 ³,

2256 4329 2361 4367 non
2389 4328 2615 4377 uxorem,
2643 4312 2975 4381 interpretati
3003 4322 3146 4369 sunt.

2326 4405 2553 4461 CAPUT
2582 4404 2646 4460 V.
2669 4436 2739 4446 -—
2763 4406 2816 4460 6.
2846 4407 3100 4473 Apostolis
3136 4411 3435 4481 permissum
3478 4384 3719 4469 mulieres
3753 4418 3849 4471 sibi

2257 4498 2595 4551 ministrantes
2669 4513 2838 4551 secum
2895 4499 3076 4553 habere
3137 4502 3366 4571 exemplo
3429 4502 3640 4558 Christi.
3690 4505 3848 4574 Quod

2256 4588 2492 4658 quisquis
2519 4596 2668 4657 putat
2696 4604 2799 4642 non
2828 4590 3063 4659 potuisse
3088 4588 3155 4644 ab
3179 4592 3448 4661 Apostolis
3476 4593 3613 4658 ﬁeri,
3640 4604 3698 4650 ut
3718 4611 3845 4653 eum

2257 4681 2335 4733 eis
2378 4688 2575 4733 sancta:
2614 4680 3035 4733 conversationis
3080 4681 3333 4737 mulieres
3361 4683 3673 4750 circuirent,
3709 4702 3848 4757 qua-

2258 4784 2485 4838 cumque
2516 4769 2857 4838 Evangelium
2886 4768 3245 4840 pra-dicabant
3266 4812 3281 4839 ,
3313 4780 3369 4825 ut
3398 4774 3478 4828 eis
3504 4773 3573 4829 de
3598 4790 3695 4829 sua
3722 4779 3852 4834 sub-

2257 4860 2447 4915 stantia
2469 4859 2829 4913 ministrarent
2849 4862 3171 4927 necessaria,
3199 4862 3549 4933 Evangelium
3572 4865 3779 4932 audiat,
3797 4878 3853 4923 et

2258 4959 2541 5020 Cognoscat
2566 4949 3012 5020 quemadmodum
3042 4949 3144 5005 hoc
3169 4952 3334 5022 ipsius
3359 4954 3569 5009 Domini
3597 4959 3853 5030 exemplo

2260 5040 2535 5094 faciebant.
2554 5039 2808 5094 Dominus
2820 5042 2959 5095 enim
2974 5050 3154 5097 noster
3168 5059 3314 5100 more
3332 5046 3719 5105 misericordia:
3740 5066 3854 5105 sua:

2260 5133 2637 5189 infirmioribus
2662 5134 3009 5202 compatiens.
3034 5151 3153 5190 cum
3176 5135 3225 5191 ei
3244 5149 3461 5207 possent
3482 5142 3670 5210 Angeli
3696 5144 3856 5198 mini-

2260 5233 2450 5290 strare,
2479 5232 2533 5278 et
2559 5224 2761 5279 loculos
2788 5224 3048 5294 habebat,
3100 5244 3205 5297 quo
3258 5230 3561 5285 mitteretur
3598 5237 3853 5303 pecunia,

2260 5331 2378 5385 qua:
2403 5316 2773 5371 conferebatur
2799 5317 2979 5386 utique
3004 5333 3031 5371 a
3060 5319 3212 5373 bonis
3260 5322 3503 5377 ﬁdelibus
3539 5342 3731 5381 eorum
3775 5332 3857 5382 vi-

2260 5410 2365 5463 ctui
2396 5409 2694 5463 necessaria
2726 5425 2739 5460 :
2771 5425 2904 5479 quos
2932 5411 3135 5465 loculos
3157 5412 3307 5468 Juda:
3333 5419 3753 5484 commendavit,
3802 5431 3858 5475 ut

2261 5500 2422 5553 etiam
2448 5498 2595 5553 fures
2623 5500 2665 5552 si
2692 5500 2891 5553 evitare
2919 5516 3023 5554 non
3058 5516 3355 5570 possemus,
3405 5506 3640 5563 tolerare
3668 5509 3721 5562 in
3758 5511 3829 5564 Ec

2260 5590 2420 5645 clesia
2448 5589 2793 5645 disceremus.
2828 5590 2921 5645 Ille
2957 5594 3098 5645 enim
3125 5609 3182 5646 ea
3208 5610 3321 5663 qua:
3348 5596 3693 5666 mittebantur,
3717 5600 3860 5657 sicut

2324 5706 2342 5735 ι
2377 5708 2427 5751 tn
2444 5711 2549 5752 Mss.
2574 5700 2840 5765 plerisque,
2867 5701 3136 5763 licentiam;
3160 5704 3281 5777 loco,
3305 5713 3595 5770 potestatem.

2324 5767 2345 5798 1
2376 5774 2553 5798 Πηιειοε
2590 5778 2738 5798 nrnnn
2779 5770 2867 5798 Mue
2940 5766 3004 5798 tu!
3052 5767 3357 5798 «riserunt-mn
3398 5769 3507 5798 διέρη-
3554 5772 3595 5798 In

2262 5767 2553 5877 unznemties
2588 5778 2739 5827 prope
2777 5770 2905 5825 Mss,
2939 5766 3004 5814 ad
3048 5766 3360 5819 substantiam
3398 5769 3507 5821 vita:
3549 5772 3695 5835 hujus
3744 5787 3860 5837 pcr-

2329 5891 2349 5920 ³
2370 5888 2473 5936 sola
2499 5888 2645 5935 editio
2666 5895 2773 5936 Iov.
2798 5888 2963 5946 habet,
2988 5888 3101 5951 quia
3121 5903 3332 5942 sororem
3352 5896 3617 5946 mulierem.

2328 5950 2399 6009 (α)
2438 5950 2671 6009 ηἰίεῐρίεόη
2695 5952 2897 6010 guttaica
2920 5950 3182 6011 periageiu.
