4078 6530
222 432 325 490 553

220 543 285 597 de
312 542 407 597 illo
434 540 701 611 scriptum
722 547 825 607 est,
850 526 1110 612 auferebat
1136 540 1315 615 (Joan.
1348 544 1441 607 ιη,
1470 537 1548 611 6).
1592 541 1659 596 Et
1699 557 1822 597 mu-

222 635 380 689 lieres
409 634 583 690 voluit
611 642 671 689 ut
693 649 754 690 se
782 634 849 689 ad
876 632 1226 705 praeparanda
1249 640 1305 688 et
1330 632 1680 689 ministranda
1724 649 1823 689 ne-

219 726 455 782 cessaria
496 735 887 796 sequerentur,
917 725 1209 780 ostendens
1239 723 1363 795 quid
1402 724 1744 796 evangelistis
1769 733 1824 780 et

222 817 484 872 ministris
515 817 612 872 Dei
642 824 896 888 tanquam
926 816 1206 882 militibus,
1238 830 1269 871 a
1310 816 1554 885 plebibus
1583 816 1678 873 Dei
1710 826 1825 871 tan-

219 925 377 979 quam
407 908 837 977 provincialibus
861 907 1185 972 deberetur;
1229 915 1286 962 ut
1324 908 1370 963 si
1410 910 1528 978 quis
1568 923 1635 964 eo
1680 908 1819 979 quod

220 999 316 1054 sibi
347 998 665 1065 deberetur,
696 997 771 1052 uti
804 998 988 1063 nollet,
1030 997 1169 1052 sicut
1199 998 1391 1054 Paulus
1427 999 1699 1069 apostolus
1725 1016 1824 1055 no-

222 1093 336 1159 luit,
369 1092 605 1162 amplius
638 1091 971 1162 impenderet
998 1091 1279 1159 Ecclesiae,
1306 1108 1412 1148 non
1447 1093 1709 1164 exigendo
1730 1093 1826 1149 sti-

220 1184 477 1255 pendium
524 1183 785 1250 debitum,
829 1183 921 1240 sed
965 1183 1334 1255 quotidianum
1374 1186 1572 1240 victum
1601 1185 1669 1241 de
1712 1188 1823 1240 suis

220 1278 496 1333 laboribus
517 1275 880 1347 transigendo.
911 1276 1169 1331 Audierat
1192 1276 1338 1332 enim
1368 1277 1715 1344 stabnlarius,
1750 1278 1815 1331 ad

219 1385 378 1441 quem
410 1369 731 1424 vulneratus
761 1368 849 1423 ille
879 1366 1166 1437 perductus
1193 1377 1276 1422 cst
1307 1385 1322 1423 :
1350 1366 1414 1422 Si
1439 1366 1561 1438 quid
1602 1368 1822 1439 amplius

219 1462 527 1532 erogavcris,
557 1462 613 1514 in
640 1458 901 1515 redeundo
926 1459 1135 1512 reddant
1162 1459 1249 1513 tibi
1280 1457 1428 1528 (Luc.
1455 1474 1510 1523 ι,
1542 1457 1655 1529 55).
1696 1458 1824 1513 Ant-

220 1556 358 1623 plius
403 1567 538 1624 ergo
580 1552 838 1623 erogabat
876 1551 1151 1621 apostolus
1190 1550 1411 1617 Paulus,
1458 1550 1549 1621 qui
1589 1550 1720 1615 suis,
1766 1560 1825 1607 ut

220 1646 330 1715 ipse
372 1651 625 1709 testatur,
670 1641 949 1712 stipendiis
987 1642 1251 1697 militabat
1278 1639 1462 1712 (lCor.
1491 1656 1567 1707 Ix,
1600 1641 1749 1708 7-15,
1778 1650 1824 1695 et

220 1734 269 1792 ll.
287 1734 411 1791 Cor.
436 1751 513 1800 χι,
537 1735 619 1806 7).
652 1732 711 1789 ln
736 1733 1026 1804 Evangelio
1054 1734 1198 1788 enim
1223 1733 1482 1803 scriptum
1506 1739 1589 1788 est
1614 1750 1626 1786 :
1659 1731 1822 1787 Dein-

221 1844 334 1897 ceps
378 1836 429 1887 et
468 1828 580 1898 ipse
607 1826 705 1881 iter
730 1825 947 1897 faeiebat
977 1842 1067 1897 per
1090 1825 1315 1880 civitates
1352 1833 1400 1878 et
1437 1824 1647 1879 castella
1689 1841 1823 1896 prae-

221 1921 397 1973 dicans
447 1928 497 1973 et
538 1919 892 1990 erangelizans
916 1934 1126 1989 regnum
1155 1916 1284 1984 Dei;
1323 1926 1371 1973 et
1398 1916 1664 1971 duodecim
1707 1933 1822 1971 cum

218 2012 326 2076 illa,
376 2020 427 2065 et
480 2010 717 2065 mulieres
746 2011 930 2078 aliqua:
954 2025 1069 2081 qua:
1120 2019 1263 2064 erant
1290 2018 1483 2063 curata:
1508 2026 1540 2062 a
1561 2004 1821 2079 spiritibus

220 2104 458 2176 malignis
485 2112 532 2158 et
562 2103 944 2173 inﬁrmitatibus
974 2118 993 2157 :
1026 2102 1197 2156 Maria
1222 2108 1336 2174 qua:
1364 2112 1570 2158 vocatur
1601 2103 1822 2175 Magda-

220 2198 350 2265 lene,
378 2196 444 2251 de
464 2212 564 2267 qua
589 2195 842 2250 daemonia
865 2202 1054 2267 septem
1081 2194 1309 2250 exierant
1326 2194 1367 2262 ί,
1394 2203 1442 2249 et
1463 2193 1670 2249 Joanna
1694 2206 1824 2248 uxor

220 2289 408 2344 Chuzce
438 2289 787 2359 procuratoris
812 2286 1036 2344 Herodis
1057 2329 1074 2356 ,
1100 2296 1146 2342 et
1174 2287 1438 2355 Susanna,
1471 2296 1518 2342 et
1546 2288 1663 2342 aliae
1690 2288 1823 2341 mul-

222 2392 303 2447 ue,
331 2397 449 2451 qua:
470 2379 827 2435 ministrabant
850 2380 923 2434 eis
946 2379 1010 2433 de
1033 2378 1361 2451 facultatibus
1383 2378 1490 2432 suis
1519 2376 1668 2448 (Luc.
1703 2392 1818 2445 vui,

222 2473 247 2526 i
280 2472 362 2543 5).
395 2470 509 2526 lloc
538 2471 847 2540 exemplum
873 2470 1083 2525 Domini
1110 2469 1455 2526 imitabantur
1472 2469 1734 2540 Apostoli,
1755 2470 1820 2525 ad

220 2560 593 2633 accipiendum
641 2561 745 2617 sibi
782 2561 1023 2617 debitum
1067 2561 1283 2628 cibum;
1310 2560 1377 2616 de
1414 2575 1521 2632 quo
1550 2561 1689 2617 idem
1720 2561 1824 2616 Do-

222 2653 405 2710 minus
429 2653 771 2724 apertissime
792 2653 1029 2724 loquitur
1056 2666 1069 2709 :
1095 2651 1311 2719 Euntes,
1336 2652 1527 2723 inquit,
1550 2652 1825 2723 prtedicate

222 2744 477 2810 dicentes,
506 2746 628 2815 quia
657 2744 1085 2816 appropinquavit
1126 2760 1335 2816 regnum
1363 2743 1621 2799 calorum.
1664 2742 1823 2813 Inﬁr-

224 2852 329 2890 mos
357 2845 533 2890 curate
555 2876 570 2899 ,
603 2844 828 2889 mortuos
854 2837 1111 2901 suscitate,
1147 2834 1373 2905 leprosos
1410 2834 1651 2889 mandate
1672 2876 1687 2903 ,
1719 2835 1826 2891 (lth

225 2928 393 2982 monia
418 2928 603 3000 ejicite.
643 2925 815 2983 Gratis
840 2926 1123 2998 accepistis,
1152 2928 1309 2997 gratis
1337 2929 1471 2982 date.
1503 2926 1678 2983 Nolite
1703 2946 1823 2998 pos-

225 3021 391 3074 sidere
412 3037 617 3087 aurum,
649 3036 809 3092 neque
829 3028 1118 3091 argentum,
1142 3036 1301 3089 neque
1321 3020 1585 3090 pecuniam
1606 3020 1657 3074 in
1679 3021 1823 3076 sonis

226 3112 421 3179 uestris,
452 3128 616 3182 neque
644 3128 819 3182 peram
845 3112 896 3166 in
921 3111 1002 3165 uia
1023 3152 1038 3176 ,
1067 3127 1226 3183 neque
1254 3110 1382 3165 duas
1422 3111 1638 3175 tunicas,
1669 3128 1827 3182 neque

226 3203 590 3270 calceamenta,
614 3221 775 3274 neque
812 3205 1042 3275 virgam:
1067 3205 1250 3277 dignus
1299 3214 1373 3259 est
1401 3206 1534 3261 enim
1561 3211 1827 3276 operarius

226 3295 333 3349 cibo
358 3311 451 3348 suo
481 3294 695 3367 (Matth.
716 3294 958 3367 x,7-lt)).
987 3296 1124 3351 Ecce
1149 3296 1236 3350 ubi
1264 3297 1539 3352 constituit
1566 3298 1827 3356 Dominus

225 3386 367 3454 quod
398 3386 541 3442 idem
565 3389 844 3458 apostolus
868 3397 1273 3444 commemorat.
1294 3390 1376 3445 Ad
1407 3390 1510 3446 hoc
1527 3391 1671 3447 enim
1693 3393 1827 3447 dixit

226 3478 313 3532 illa
336 3478 517 3533 omnia
546 3494 614 3535 ne
642 3488 938 3550 portarent,
968 3489 1027 3534 ut
1053 3481 1142 3535 ubi
1168 3496 1303 3551 Opus
1330 3489 1493 3547 esset,
1523 3484 1592 3539 ab
1611 3484 1691 3540 eis
1729 3499 1818 3539 ac-

224 3568 466 3639 ciperent
490 3570 686 3641 quibus
714 3572 1097 3627 annuntiabant
1123 3588 1345 3643 regnum
1368 3573 1485 3629 Dei.

293 3660 527 3717 CAPUT
566 3661 657 3717 Vl.
696 3692 771 3704 —
812 3664 864 3717 7.
902 3662 983 3718 De
1034 3663 1312 3736 Evangelia
1356 3668 1516 3720 vivere
1565 3683 1665 3721 non
1702 3668 1824 3723 solis

228 3751 510 3821 Apostolis,
537 3753 627 3808 sed
653 3762 701 3809 et
728 3754 844 3809 aliis
871 3767 1161 3810 concessum
1187 3773 1219 3809 a
1247 3755 1466 3811 Christo.
1484 3756 1561 3812 Ne
1584 3758 1704 3829 quis
1724 3776 1824 3814 au-

231 3853 336 3898 tem
368 3844 663 3899 arbitretur
701 3844 829 3900 solis
853 3845 1134 3901 duodecim
1160 3846 1264 3902 hoc
1292 3846 1457 3903 fuisse
1485 3862 1821 3916 concessum;

230 3934 347 3988 vide
375 3936 541 3990 etiam
567 3935 694 4005 quid
721 3935 894 3991 Lucas
919 3945 1102 3992 narret
1132 3955 1147 3992 :
1178 3935 1303 3992 Post
1326 3937 1455 4005 haec,
1486 3939 1687 4010 inquit,
1732 3940 1824 3996 de-

224 4026 443 4096 signavit
469 4024 725 4082 Dominus
752 4036 798 4083 et
822 4028 952 4082 alios
982 4027 1303 4100 septuaginta
1326 4029 1475 4096 duos,
1493 4039 1540 4084 et
1560 4031 1693 4085 misit
1709 4032 1825 4086 illos

224 4116 367 4170 binos
392 4125 512 4171 ante
538 4118 724 4187 [aciem
763 4135 910 4173 suam
951 4119 1004 4172 in
1042 4135 1240 4173 onmem
1279 4119 1530 4175 ciuitatem
1573 4130 1622 4176 et
1660 4120 1826 4176 locum

222 4224 320 4277 quo
347 4216 456 4261 erat
483 4208 594 4277 ipse
621 4216 880 4263 uenturus.
913 4207 980 4263 Et
1008 4208 1207 4263 dicebat
1234 4209 1336 4265 illis
1367 4225 1387 4264 :
1414 4209 1599 4266 Messis
1621 4211 1825 4280 quidem

224 4300 403 4363 multa,
437 4300 664 4371 operarii
707 4309 877 4356 autem
922 4300 1074 4371 pauci
1115 4317 1135 4357 :
1171 4312 1348 4373 rogate
1385 4318 1504 4373 ergo
1548 4302 1827 4359 Dominum

225 4391 438 4458 messis,
477 4400 533 4445 ut
558 4390 725 4445 mittat
752 4391 1012 4462 aperarias
1047 4392 1103 4447 in
1145 4408 1357 4448 messem
1383 4409 1550 4447 suam.
1581 4392 1683 4460 Ite,
1714 4410 1828 4449 ecce

225 4498 316 4553 ego
360 4484 506 4538 mitto
548 4498 637 4538 uos
681 4482 810 4537 sicut
851 4498 1011 4555 agnos
1043 4484 1176 4539 inter
1203 4485 1374 4556 lupos.
1406 4483 1585 4541 Nolite
1622 4497 1827 4558 portare

225 4575 507 4639 sacculum,
537 4591 698 4646 neque
720 4592 914 4647 peram,
943 4592 1104 4648 neque
1125 4576 1488 4644 calceamenta,
1511 4588 1559 4634 et
1577 4581 1826 4635 neminem

228 4686 314 4738 per
340 4670 475 4723 vium
500 4668 862 4724 salutaveritis.
892 4668 962 4723 In
988 4686 1352 4741 quamcumque
1375 4670 1580 4725 domum
1606 4672 1830 4726 intrave-

226 4762 353 4828 ritis,
383 4761 606 4832 primunt
645 4761 795 4815 dicite
833 4776 852 4816 :
890 4760 1009 4818 Pas:
1045 4761 1162 4816 huic
1198 4762 1390 4817 domui.
1418 4762 1487 4817 Et
1511 4764 1557 4818 si
1582 4764 1649 4818 ibi
1677 4766 1829 4835 fuerit

226 4855 362 4921 ﬁlius
383 4854 546 4924 pacis,
571 4853 843 4924 requiescet
862 4870 1015 4924 super
1033 4853 1181 4909 illum
1197 4870 1300 4925 pax
1319 4863 1480 4909 vestra
1499 4870 1519 4910 :
1537 4855 1616 4910 sin
1636 4866 1824 4923 autem,

224 4946 291 4998 ad
322 4963 409 5001 ros
436 4956 730 5001 revertetur.
761 4944 826 5000 In
852 4946 1027 5001 eadem
1056 4955 1225 5001 autem
1249 4947 1400 5001 domo
1428 4956 1642 5014 manete,
1671 4949 1827 5004 eden-

224 5053 295 5097 tes
342 5052 391 5096 et
440 5041 663 5095 bibentes
690 5056 803 5111 qua:
840 5040 981 5110 apud
1018 5040 1135 5097 illos
1163 5048 1278 5095 sunt
1322 5055 1342 5095 :
1380 5041 1563 5113 dignus
1591 5050 1664 5096 est
1694 5043 1827 5096 enim

225 5133 489 5203 aperarius
515 5134 744 5187 mercede
765 5150 857 5187 sua
888 5131 1037 5207 (Luc.
1065 5149 1099 5189 x
1119 5175 1135 5201 ,
1169 5134 1317 5206 1-7).
1345 5133 1442 5190 llic
1470 5145 1691 5205 apparet
1717 5152 1825 5190 non

224 5245 341 5285 esse
372 5229 461 5284 illa
485 5229 653 5299 jussa,
683 5228 777 5284 sed
804 5228 1098 5299 permissa;
1122 5237 1180 5283 ut
1198 5228 1436 5299 quisquis
1463 5228 1537 5282 uti
1561 5228 1739 5291 vellet,
1762 5244 1827 5283 eo

224 5330 467 5376 uteretur
494 5319 638 5390 quod
668 5319 767 5375 sibi
800 5321 982 5376 liceret
1004 5335 1071 5376 ex
1100 5319 1309 5376 Domini
1336 5319 1750 5385 constitutione;
1778 5320 1822 5373 si

220 5415 340 5481 quis
364 5423 548 5467 autem
584 5412 660 5466 uti
690 5413 874 5477 nollet,
906 5428 1012 5468 non
1038 5420 1224 5467 contra
1245 5411 1451 5482 jussum
1478 5410 1696 5478 faceret,
1727 5413 1820 5466 sed

219 5506 284 5558 de
315 5519 416 5560 suo
435 5504 561 5573 jure
595 5503 810 5559 cederet
842 5502 1240 5560 misericordins
1267 5514 1321 5559 et
1350 5503 1664 5559 laboriosius
1688 5518 1822 5558 con-

221 5604 465 5650 versatus
495 5596 516 5628 ²
545 5594 598 5648 in
629 5593 936 5663 Evangelio,
968 5595 1019 5649 in
1043 5609 1150 5665 quo
1174 5602 1227 5649 et
1252 5593 1485 5648 debitam
1516 5594 1819 5649 mercedem

220 5686 387 5743 nollet
413 5687 683 5756 accipere.
711 5685 962 5757 Alioquin
990 5695 1175 5743 contra
1205 5686 1405 5757 iussum
1449 5685 1658 5741 Domini
1698 5687 1817 5742 fecit

277 5822 294 5855 ⁸
330 5820 406 5870 sic
429 5827 537 5870 uss.
564 5819 809 5885 ﬁnitiones
826 5832 966 5879 vero,
990 5816 1227 5872 dwnwnia
1250 5826 1428 5885 septem
1450 5817 1673 5883 ejcccrat.

278 5890 296 5915 ι
328 5885 403 5933 sic
428 5891 534 5933 Mss.
562 5889 619 5932 Αι
643 5882 777 5939 editi,
806 5890 1183 5934 conuersarrtur.

481 5966 761 6025 ΡΑΤιιοι.
810 5970 939 6033 XL,

1609 418 1809 485 LIBER
1850 416 2050 485 usus.

3425 449 3531 506 5M

1934 542 2242 612 Apostolus,
2268 546 2356 615 qui
2386 557 2729 620 posteaquam
2750 553 2984 610 ostendit
3008 555 3107 611 sibi
3134 557 3317 628 licere,
3341 565 3522 617 statim

1932 631 2157 703 subjecit
2182 651 2198 687 :
2228 633 2334 690 Sed
2354 646 2519 692 tamen
2546 656 2636 710 ego
2664 658 2765 695 non
2784 660 2897 697 sum
2917 662 3037 701 usus
3058 647 3154 702 hac
3180 660 3442 720 potestate.

2002 740 2230 800 CAPUT
2267 742 2378 800 νη.
2407 776 2483 788 -
2507 748 2562 804 8.
2601 748 2910 808 Potestatem
2948 770 3049 811 non
3077 762 3324 829 aperandi
3350 760 3526 818 datam

1930 836 2207 909 Apostolis,
2231 856 2337 896 esse
2358 842 2742 915 intelligendam
2767 847 2831 901 de
2854 864 3005 918 apere
3028 855 3301 922 corporali.
3329 855 3434 912 Sed
3456 858 3524 912 ad

1935 930 2172 986 ordinem
2203 932 2506 1003 redeamus,
2538 950 2601 991 ac
2636 944 2802 992 totum
2843 939 3015 1010 ipsum
3063 942 3314 1013 Epistolas
3351 948 3525 1003 locum

1929 1020 2212 1092 diligenter
2233 1025 2656 1082 consideremus.
2689 1027 2978 1099 Numquid,
3010 1032 3200 1103 inquit,
3230 1052 3333 1090 non
3373 1038 3527 1093 habe-

1930 1129 2043 1167 mus
2080 1114 2336 1169 licentiam
2364 1118 2710 1174 manducandi
2744 1130 2792 1175 et
2836 1122 3078 1178 bibendi?
3116 1125 3378 1198 Numquid
3425 1147 3526 1184 non

1931 1205 2176 1263 habemus
2213 1208 2470 1265 licentiam
2510 1228 2737 1268 sororem
2765 1216 3030 1270 mulierem
3069 1219 3529 1277 circumducendi?

1929 1298 2099 1366 Quam
2144 1301 2410 1357 licentiam
2446 1303 2609 1371 dixit,
2641 1306 2742 1361 nisi
2777 1322 2935 1378 quam
2985 1308 3246 1365 Dominus
3276 1310 3419 1366 dedit
3447 1314 3526 1367 eis

1928 1407 2065 1462 quos
2091 1393 2159 1449 ad
2185 1395 2582 1464 praedicandum
2602 1412 2826 1469 regnum
2852 1400 3111 1455 cmlorum
3135 1401 3299 1468 misit,
3318 1402 3523 1468 dicens,

1930 1484 2011 1538 Ea
2055 1499 2168 1555 qua:
2212 1487 2276 1542 ab
2319 1488 2444 1558 ipsis
2472 1489 2488 1521 ⁸
2534 1498 2651 1543 sunt
2704 1491 3007 1545 manducate
3032 1509 3051 1546 :
3077 1493 3262 1565 dignus
3286 1503 3359 1547 est
3389 1495 3523 1549 enim

1928 1580 2192 1650 aperarius
2224 1580 2453 1635 mercede
2502 1598 2634 1649 sua;
2673 1591 2728 1638 et
2770 1598 2831 1638 se
2878 1583 3053 1653 ipsum
3101 1600 3407 1655 proponens
3456 1585 3526 1641 ad

1927 1676 2165 1745 ejusdem
2197 1679 2475 1748 potestatis
2500 1681 2832 1751 exemplum,
2863 1682 2948 1737 cui
2981 1682 3307 1738 ﬁdelissimae
3334 1684 3527 1739 mulie-

1926 1781 2015 1821 res
2042 1767 2166 1822 talia
2186 1770 2491 1824 necessaria
2520 1769 2589 1827 de
2613 1772 2725 1826 suis
2748 1771 3085 1827 facultatibus
3110 1774 3521 1829 ministrabant?

1927 1860 2170 1930 Amplius
2199 1870 2376 1917 autem
2409 1862 2534 1917 fecit
2560 1863 2835 1934 apostolus
2879 1863 3075 1919 Paulus
3096 1905 3110 1930 ,
3144 1873 3202 1919 ut
3230 1865 3297 1920 de
3327 1880 3526 1936 coapo-

1926 1951 2078 2007 stolis
2119 1952 2233 2008 suis
2271 1952 2648 2008 documentum
2695 1953 2977 2009 adhiberet
3017 1954 3175 2025 hujus
3217 1955 3449 2012 licentia:
3490 1972 3523 2012 a

1926 2042 2155 2099 Domino
2179 2047 2480 2115 permissae.
2510 2046 2694 2118 Neque
2725 2047 2867 2103 enim
2910 2046 3310 2118 reprehendens
3337 2050 3524 2121 subje-

1926 2134 2037 2201 cit,
2082 2133 2231 2190 Sicut
2257 2146 2305 2190 et
2330 2138 2497 2192 caeteri
2527 2138 2778 2209 Apostoli,
2807 2148 2855 2193 et
2880 2141 3065 2212 fratres
3097 2138 3324 2205 Domini,
3352 2151 3398 2195 et
3424 2141 3523 2196 Ce-

1926 2224 2093 2294 phas;
2141 2226 2237 2281 sed
2281 2236 2341 2282 ut
2386 2226 2515 2283 hinc
2564 2229 2870 2285 ostenderet
2913 2229 3015 2286 hoc
3057 2247 3116 2287 se
3146 2232 3392 2302 accipere
3422 2248 3521 2287 no-

1926 2314 2111 2383 luisse,
2138 2317 2282 2387 quod
2307 2318 2357 2375 ei
2386 2318 2552 2376 licere
2575 2321 2820 2391 accipere
2846 2334 3164 2378 caeterorum
3187 2323 3347 2378 etiam
3368 2339 3522 2380 com-

1926 2408 2229 2464 militonum
2280 2410 2398 2481 ejus
2447 2428 2598 2468 more
2646 2413 2986 2485 probaretur.
3033 2414 3113 2468 An
3160 2431 3251 2485 ego
3290 2414 3431 2470 solus
3477 2426 3524 2470 ev

1924 2494 2192 2558 Barnabas
2215 2520 2316 2558 non
2341 2505 2581 2559 habemus
2605 2514 2899 2576 potestatem
2925 2522 3026 2560 non
3058 2508 3305 2576 operandi
3322 2508 3348 2561 7
3382 2507 3523 2562 Ecce

1925 2593 2145 2649 abstulit
2176 2609 2393 2650 omnem
2434 2595 2819 2651 dubitationem
2856 2597 3016 2651 etiam
3051 2597 3370 2653 tardissimis
3397 2612 3521 2653 cor.

1930 2684 2107 2752 dibus,
2140 2694 2199 2741 ut
2227 2687 2525 2757 intelligant
2563 2687 2631 2742 de
2659 2703 2761 2758 qua
2801 2688 3112 2757 operatione
3136 2688 3296 2743 dicat.
3324 2688 3523 2758 thuid

1928 2777 2069 2831 enim
2097 2777 2204 2844 ait,
2231 2776 2313 2830 An
2340 2794 2429 2848 ego
2453 2776 2594 2831 solus
2620 2787 2665 2831 et
2693 2776 2957 2833 Barnabas
2981 2794 3085 2831 non
3112 2777 3351 2832 habemus
3375 2787 3523 2850 pote~

1926 2878 2107 2923 statem
2138 2885 2240 2924 non
2282 2868 2529 2940 operandi
2548 2870 2575 2924 7
2600 2870 2702 2924 nisi
2731 2869 2852 2940 quia
2883 2885 3071 2925 omnes
3099 2871 3441 2941 evangelisttn
3469 2880 3525 2925 et

1930 2960 2160 3014 ministri
2204 2959 2354 3014 verbi
2402 2959 2495 3013 Dei
2534 2959 2805 3015 habebant
2846 2969 3165 3030 potestatem
3210 2976 3240 3015 a
3296 2962 3524 3015 Domino

1928 3062 2223 3124 acceptam,
2254 3062 2311 3107 ut
2341 3068 2445 3107 non
2475 3062 2824 3123 operarentur
2846 3054 2868 3085 ³
2895 3054 3142 3108 manibus
3170 3054 3302 3120 suis,
3333 3054 3427 3109 sed
3454 3069 3523 3109 ex

1929 3145 2217 3216 Evangelio
2233 3144 2495 3211 viverent,
2518 3153 2804 3213 operantes
2832 3144 3200 3199 tantummodo
3229 3144 3522 3214 spiritualia

1929 3238 1981 3291 in
2010 3236 2389 3307 praedicatione
2414 3236 2564 3307 regni
2591 3236 2848 3292 caelorum
2871 3276 2885 3302 ,
2916 3246 2972 3292 et
2999 3235 3351 3291 aediﬁcatione
3379 3237 3527 3306 pacis

1930 3328 2205 3385 Ecclesize.
2229 3327 2413 3398 Neque
2439 3329 2579 3383 enim
2607 3328 2886 3399 quisquam
2916 3336 3093 3397 potest
3118 3329 3298 3385 dicere
3322 3328 3389 3384 de
3410 3329 3524 3399 ipsa

1928 3420 2191 3492 spirituali
2218 3421 2531 3490 operatione
2557 3420 2758 3475 dixisse
2788 3422 3121 3489 Apostolum,
3156 3420 3236 3475 Au
3263 3437 3354 3492 ego
3381 3422 3523 3475 solus

1929 3522 1974 3565 et
1999 3511 2263 3566 Barnabas
2278 3528 2379 3566 non
2396 3511 2635 3567 habemus
2652 3522 2944 3582 potestatem
2964 3530 3064 3567 non
3079 3514 3354 3583 aperandi?
3374 3513 3526 3567 lianc

1928 3604 2071 3660 enim
2112 3612 2430 3674 potestatem
2462 3618 2566 3658 non
2595 3602 2848 3674 operandi
2878 3619 3066 3659 omnes
3105 3603 3181 3658 illi
3216 3603 3520 3660 habebant:

1927 3696 2070 3753 dicat
2100 3711 2229 3767 ergo
2257 3697 2348 3767 qui
2379 3704 2607 3752 conatur
2634 3704 2903 3766 praecepta
2943 3697 3235 3765 apostolica
3284 3696 3338 3750 in
3395 3710 3523 3751 scn-

1930 3790 2149 3844 tentiam
2191 3803 2343 3844 suam
2386 3788 2679 3857 depravare
2704 3796 2865 3857 atque
2902 3794 3237 3856 pervertere;
3269 3786 3453 3852 dicat,
3477 3787 3521 3841 si

1928 3880 2119 3948 audet,
2152 3894 2342 3935 omnes
2369 3878 2722 3948 evangelistas
2747 3892 2777 3932 a
2809 3877 3036 3932 Domino
3065 3876 3339 3947 accepisse
3365 3886 3522 3948 pote-

1929 3980 2120 4027 statem
2152 3987 2258 4025 non
2297 3968 2716 4041 evangelizandi.
2758 3969 2830 4023 At
2869 3969 2916 4024 si
2948 3968 3049 4023 hoc
3078 3968 3521 4023 absurdissimum

1929 4072 1985 4119 et
2028 4062 2426 4118 insanissimum
2464 4074 2547 4119 est
2586 4060 2766 4117 dicere
2793 4102 2806 4125 ,
2847 4075 2945 4115 cur
2982 4061 3172 4115 nolunt
3224 4059 3523 4131 intelligere

1928 4154 2071 4226 quod
2100 4154 2349 4209 omnibus
2378 4162 2577 4223 pateat,
2605 4152 2877 4222 accepisse
2902 4151 3116 4222 quidem
3145 4151 3263 4206 illos
3288 4160 3524 4221 potesta-

1930 4257 2037 4305 tem
2068 4262 2174 4303 non
2204 4247 2480 4316 operandi,
2503 4245 2599 4302 sed
2616 4260 2777 4315 opera
2793 4245 3089 4316 corporalia
3111 4243 3306 4315 quibus
3325 4246 3523 4299 victum

1929 4349 2231 4415 quaererent
2251 4382 2267 4403 .
2297 4339 2420 4412 quia
2450 4339 2635 4411 dignus
2671 4349 2744 4394 est
2769 4339 3029 4411 operarius
3056 4339 3165 4392 cibo
3192 4354 3287 4393 suo
3316 4348 3361 4391 et
3391 4354 3523 4391 mer-

1929 4434 2050 4489 cede
2084 4449 2208 4500 sua,
2247 4434 2386 4488 sicut
2423 4430 2772 4502 Evangelium
2811 4431 3090 4501 loquitur?
3119 4429 3234 4485 Non
3260 4445 3388 4501 ergo
3421 4430 3525 4485 soli

1930 4525 2129 4581 Paulus
2172 4533 2227 4580 et
2270 4524 2541 4580 Barnabas
2577 4524 2841 4579 habebant
2877 4532 3196 4594 potestatem
3236 4538 3345 4579 non
3390 4537 3525 4591 0pc-

1930 4619 2113 4683 randi;
2143 4617 2238 4673 scd
2264 4632 2453 4672 omnes
2481 4617 2680 4687 pariter
2718 4614 2987 4671 habebant
3018 4616 3156 4671 hanc
3185 4624 3522 4685 potestatem,

1932 4727 2034 4780 qua
2066 4710 2153 4765 isti
2183 4725 2287 4765 non
2319 4709 2639 4774 utebantur,
2671 4709 2901 4778 amplius
2942 4708 3299 4778 impendendo
3343 4708 3526 4762 Eccle-

1932 4804 2047 4867 siaa,
2074 4802 2211 4856 sicut
2239 4801 2294 4855 in
2324 4801 2428 4856 illis
2466 4801 2600 4856 locis
2645 4800 2733 4854 ubi
2780 4800 3255 4871 evangelizabant,
3297 4800 3525 4853 inﬁrmis

1931 4907 2228 4963 congruere
2252 4890 2581 4962 judicabant.
2625 4891 2691 4944 Et
2735 4890 2876 4959 ideo,
2922 4906 2990 4945 ne
3018 4890 3358 4959 coapostolos
3398 4904 3525 4943 suos

1932 4983 2343 5056 reprehendisse
2367 4983 2656 5046 videretur,
2690 4982 2962 5050 subjungit
2989 4990 3043 5034 et
3070 4980 3197 5034 dicit
3228 4996 3241 5034 :
3275 4979 3399 5046 Quis
3425 4980 3525 5032 mi—

1933 5076 2045 5129 litat
2072 5075 2175 5128 suis
2200 5073 2469 5144 stipendiis
2496 5087 2716 5139 unquam
2740 5071 2766 5124 7
2795 5070 2919 5135 Quis
2948 5071 3105 5139 pascit
3133 5086 3353 5140 gregem,
3388 5080 3436 5123 et
3463 5074 3525 5122 de

1932 5170 2062 5223 lacte
2082 5168 2245 5239 gregis
2283 5183 2384 5221 non
2414 5163 2667 5236 percipit?
2698 5162 2963 5231 Numquid
2979 5162 3256 5216 secundum
3273 5162 3524 5215 hominem

1932 5260 2038 5314 lucc
2062 5259 2239 5329 loquar
2254 5256 2281 5311 2’
2307 5256 2385 5309 An
2408 5254 2517 5308 Lex
2537 5270 2639 5308 non
2663 5253 2772 5307 lucc
2801 5252 2960 5307 dicit?
2984 5250 3050 5306 In
3072 5252 3181 5324 lege
3202 5252 3338 5306 enim
3358 5252 3528 5324 Moysi

1931 5354 2171 5420 scriptum
2195 5359 2269 5404 est
2296 5364 2315 5403 :
2342 5347 2469 5402 Bovi
2496 5347 2754 5401 trituranti
2787 5362 2843 5400 os
2888 5362 2989 5400 non
3018 5346 3314 5417 infrenabis.
3352 5344 3527 5399 Num-

1929 5444 2052 5517 quid
2076 5443 2140 5497 de
2163 5441 2317 5497 bobus
2340 5441 2552 5511 pertinet
2571 5438 2640 5492 ad
2658 5437 2820 5492 Deum
2838 5438 2864 5493 2
2879 5437 2959 5492 Αη
2980 5448 3185 5509 propter
3205 5455 3297 5493 nos
3318 5440 3524 5492 omnino

1932 5535 2098 5589 dicit?
2125 5533 2341 5604 Propter
2363 5548 2454 5585 nos
2480 5532 2612 5585 enim
2635 5531 2878 5601 scriptum
2917 5538 3011 5598 est,
3040 5531 3160 5601 quia
3182 5530 3325 5584 debet
3353 5531 3405 5583 in
3435 5547 3525 5600 spe

1994 5758 2010 5789 ‘
2047 5755 2185 5813 ultu.
2212 5751 2344 5817 apud
2367 5751 2511 5817 ipsos.
2536 5757 2590 5801 At
2612 5756 2742 5812 $155.,
2788 5750 2846 5802 ab
2891 5748 3028 5816 ipsis.
3068 5757 3230 5801 Ct‘il‘CO
3276 5756 3369 5811 est,
3414 5750 3523 5815 pra"

1930 5818 2276 5940 mlgb'i"erbum,
2299 5882 2632 5941 aperarcntur,
2658 5876 2799 5926 abest
2821 5888 2848 5925 a
2871 5873 3121 5937 plerisque
3138 5880 3245 5923 Mss.

2872 5958 3151 6035 {Dix-hrt
3164 5957 3267 6035 it.)
