4078 6536
526 429 630 483 555
1466 415 1554 470 DE
1591 409 1820 468 OPERE
1850 403 2348 472 MONACUORUM,
2389 405 2449 461 S.
2491 404 2861 462 AUGUSTINI

525 563 609 614 qui
631 551 742 598 arat
769 556 935 608 arare,
959 547 1004 594 et
1035 536 1276 592 triturans
1302 536 1352 588 in
1378 551 1467 605 spe
1492 534 1685 604 fructus
1701 530 2043 603 participandi
2070 532 2108 584 ¹.

527 635 621 690 llis
650 632 827 688 verbis
873 631 1002 684 satis
1048 627 1248 683 indicat
1294 625 1571 695 apostolus
1619 624 1834 686 Paulus,
1878 637 1984 677 non
2019 621 2119 676 sibi

527 723 728 796 aliquid
780 735 1064 794 usurpasse
1101 721 1240 774 ultra
1280 717 1517 772 debitum
1561 714 1898 785 coapostolos
1946 726 2072 766 suos
2100 753 2117 778 ,

525 819 648 882 quia
701 830 808 870 non
859 813 1218 884 cperabantur
1262 808 1633 879 corporaliter,
1684 805 1824 861 unde
1855 804 2118 859 haberent

527 911 652 965 huic
681 909 802 962 vita:
833 906 1132 962 necessaria
1157 905 1201 970 ’,
1231 901 1348 970 sed,
1376 900 1514 956 sicut
1539 899 1792 953 Dominus
1820 897 2115 961 constituti,

527 1019 594 1058 ex
617 999 904 1072 Evangelia
936 999 1175 1052 viventes
1200 1009 1390 1066 panem
1421 992 1707 1063 gratuitum
1737 988 2120 1044 manducarcnt

527 1094 594 1148 ab
619 1093 698 1149 eis
724 1091 914 1164 quibus
934 1088 1217 1160 gratuitam
1242 1084 1466 1156 gratiam
1489 1079 1868 1152 praedicabant.
1898 1079 2117 1150 Stipen-

528 1185 676 1240 dium
703 1182 844 1239 enim
872 1195 1025 1235 suum
1059 1187 1306 1248 tanquam
1336 1174 1530 1228 milites
1555 1171 1884 1242 accipiebant
1903 1210 1920 1237 ,
1959 1179 2013 1226 et
2050 1168 2118 1224 de

531 1277 704 1331 vinem
732 1288 826 1344 per
849 1286 944 1328 eos
965 1271 1214 1341 plantatae
1239 1265 1433 1331 fructu,
1458 1263 1596 1336 quod
1627 1277 1761 1334 opus
1790 1271 1926 1328 erat,
1950 1261 2118 1316 libere

530 1366 917 1436 decerpebant;
949 1372 1002 1418 et
1026 1363 1094 1417 de
1123 1360 1298 1431 gregis
1321 1373 1480 1430 quem
1515 1356 1823 1427 pascebant,
1853 1356 1990 1410 lacte
2015 1369 2110 1425 po-

533 1463 748 1525 tabant;
781 1467 834 1512 et
871 1473 938 1512 ex
980 1470 1104 1510 area
1131 1469 1287 1525 quam
1325 1449 1641 1506 trilurabant
1665 1489 1679 1514 ,
1723 1447 1902 1503 cibum
1932 1462 2116 1503 sumc-

535 1555 682 1605 bant.

602 1637 828 1696 CAPUT
861 1635 994 1692 \‘lll.
1032 1663 1106 1676 --
1144 1634 1199 1690 9.
1250 1630 1549 1704 Apastolum
1591 1629 1855 1699 manifeste
1894 1626 2031 1700 loqui
2056 1628 2120 1682 de

531 1751 679 1806 opere
705 1749 964 1787 manuum.
994 1730 1241 1801 Apertius
1266 1735 1441 1782 autem
1483 1733 1676 1781 cmtcra
1715 1723 2022 1790 connectit,
2063 1729 2119 1778 et

532 1825 752 1880 omnino
793 1822 966 1878 aufert
1006 1836 1195 1877 omnes
1221 1817 1564 1875 dubitationis
1606 1818 1875 1886 ambages.
1924 1814 1986 1869 Si
2029 1831 2119 1868 nas

533 1917 669 1971 vobis
688 1957 704 1982 ,
745 1914 944 1986 inquit,
972 1912 1259 1985 spiritualia
1293 1909 1674 1975 seminavimus,
1721 1921 1957 1978 magnum
1984 1914 2053 1959 est
2076 1905 2120 1959 si

533 2005 960 2061 vcstracarnalia
1005 2003 1292 2058 metamus?
1327 2001 1457 2068 Quae
1496 2009 1618 2055 sunt
1651 1999 1944 2070 spiritualia
1999 2012 2120 2067 qutc

533 2097 837 2162 seminavit,
871 2095 975 2151 nisi
1018 2095 1242 2149 verbum
1284 2100 1340 2147 et
1383 2090 1693 2162 mysterium
1744 2089 1763 2120 ³
1798 2086 2120 2144 sacramenti

537 2191 685 2262 regni
715 2187 1008 2246 caelorum?
1038 2186 1166 2254 Qum
1198 2193 1376 2240 autem
1406 2183 1638 2239 carnalia
1672 2197 1792 2252 qua:
1827 2180 1928 2235 sibi
1960 2179 2120 2234 licere

536 2297 739 2341 metere
781 2282 928 2346 dicit,
971 2281 1071 2336 nisi
1104 2279 1218 2333 haec
1248 2276 1590 2346 temporalia,
1633 2289 1752 2345 quae
1793 2273 1916 2327 vita:
1961 2279 2120 2342 atque

535 2376 836 2447 indigentia:
858 2373 1034 2429 carnis
1056 2371 1256 2426 indulta
1285 2370 1442 2424 sunt?
1470 2369 1594 2423 llzec
1613 2375 1792 2422 autem
1819 2365 1919 2420 sibi
1943 2365 2120 2421 debita

533 2483 592 2523 se
620 2467 688 2522 ab
717 2467 794 2522 eis
835 2480 942 2519 non
973 2463 1228 2534 qnmsisse
1259 2476 1358 2516 nec
1388 2460 1662 2529 accepisse
1692 2456 2022 2519 manifestat,
2054 2471 2121 2511 ne

532 2557 673 2628 quod
717 2554 1156 2626 impedimentum
1197 2552 1350 2607 daret
1396 2550 1684 2620 Evangelia
1721 2548 1941 2603 Christi.
1984 2546 2122 2614 Quid

533 2659 699 2705 restat
719 2657 820 2712 ,Iut
849 2647 1208 2716 intelligamus
1236 2659 1358 2700 eum
1399 2651 1675 2712 operatum
1710 2656 1831 2696 esse
1860 2639 2002 2695 unde
2040 2640 2122 2693 vi-

533 2753 677 2798 ctum
728 2740 950 2795 haberet
973 2779 988 2805 ,
1018 2736 1145 2792 .nisi
1188 2735 1466 2804 corporale
1496 2749 1631 2804 opus
1664 2731 2033 2803 corporalibus
2070 2739 2125 2785 et

532 2833 826 2888 visibilibus
869 2829 1114 2885 manibus
1149 2827 1296 2882 suis?
1326 2824 1459 2880 Nam
1487 2824 1532 2878 si
1561 2823 1629 2878 de
1671 2821 1932 2892 spirituali
1961 2834 2124 2890 opere

535 2925 730 2978 victum
761 2931 815 2978 et
844 2926 1205 2991 tegumentum
1252 2921 1552 2986 quaereret,
1599 2913 1652 2968 id
1695 2921 1798 2978 est,
1843 2921 1902 2967 ut
1938 2912 2006 2966 ab
2046 2910 2125 2966 eis

536 3016 650 3069 luce
692 3013 981 3083 acciperet,
1026 3024 1163 3081 quos
1205 3009 1257 3062 in
1305 3006 1590 3076 Evangelia
1633 3003 1970 3069 aediﬁcabat,
2016 3018 2123 3057 non

535 3113 928 3175 consequenter
948 3102 1150 3157 diceret
1181 3119 1194 3155 :
1227 3099 1288 3156 Si
1317 3100 1407 3154 alii
1433 3097 1691 3168 potestatis
1711 3105 1887 3152 vestras
1913 3096 2123 3167 partici-

538 3208 681 3267 pant,
710 3214 810 3250 non
837 3196 998 3267 magis
1023 3194 1154 3248 nos?
1177 3192 1282 3248 Sed
1309 3208 1407 3245 nou
1429 3206 1599 3244 sumus
1620 3189 1700 3243 usi
1725 3189 1820 3242 hac
1849 3197 2127 3260 potestate;

538 3291 625 3344 sed
669 3288 840 3343 omnia
887 3288 1183 3350 toleramus,
1233 3300 1296 3337 ne
1339 3281 1474 3354 quod
1507 3280 1924 3351 impedimentum
1951 3281 2127 3333 demus

538 3381 815 3452 Erangelia
843 3378 1048 3434 Christi.
1079 3379 1191 3444 Qua
1224 3383 1484 3445 potestate
1517 3388 1574 3428 se
1601 3371 1730 3428 dicit
1772 3386 1880 3427 non
1931 3385 2084 3426 usum
2107 3413 2122 3437 ,

541 3473 639 3527 nisi
670 3487 828 3542 quam
862 3469 1092 3524 habebat
1136 3468 1186 3520 in
1234 3481 1328 3521 eos
1375 3482 1405 3520 a
1450 3465 1676 3519 Domino
1717 3470 1994 3533 acceptam
2019 3503 2037 3532 ,
2069 3470 2128 3516 ut

539 3580 724 3620 eorum
768 3561 1000 3617 carnalia
1049 3568 1294 3627 meteret,
1336 3558 1402 3612 ad
1430 3558 1628 3612 victum
1656 3557 1776 3611 vita:
1803 3555 1982 3626 hujus,
2010 3571 2129 3626 quze

533 3659 592 3712 in
621 3671 783 3712 carne
807 3653 1015 3726 agitur?
1038 3653 1188 3721 cujus
1206 3650 1482 3722 potestatis
1499 3649 1785 3719 participes
1800 3657 1951 3704 erant
1965 3648 2130 3703 etiam

540 3748 650 3815 alii,
684 3748 772 3817 qni
805 3761 912 3800 non
941 3743 1020 3799 eis
1051 3744 1221 3814 primo
1253 3742 1598 3812 Evangelium
1641 3739 2089 3795 annuntiaverunt
2110 3781 2127 3805 ,

540 3840 633 3894 sed
663 3838 728 3892 ad
759 3851 942 3892 eorum
970 3833 1267 3889 Eeclesiam
1299 3832 1530 3902 idipsum
1563 3831 1919 3902 praedicantes
1946 3838 2130 3900 postea

543 3939 824 3987 venerunt.
856 3928 979 3984 ldco
1005 3942 1126 3982 cum
1167 3926 1424 3993 dixisset,
1457 3924 1519 3980 Si
1553 3941 1643 3978 nos
1671 3923 1808 3978 vobis
1843 3924 2133 3994 spiritualia

541 4023 893 4077 seminavimus
917 4061 931 4084 ,
975 4035 1214 4090 magnum
1239 4028 1309 4072 est
1337 4018 1381 4071 si
1403 4017 1631 4071 carnalia
1656 4027 1816 4071 vestra
1844 4016 2134 4070 metamus?

541 4113 787 4181 subjecit,
809 4111 867 4166 Si
892 4111 982 4164 alii
1006 4109 1266 4182 potestatis
1291 4117 1468 4162 vestra!
1491 4098 1816 4179 participant,
1844 4124 1945 4161 non
1971 4107 2133 4177 magis

544 4208 681 4261 nos?
707 4207 771 4260 Et
798 4220 918 4260 cum
943 4203 1364 4259 demonstrasset
1388 4201 1515 4270 quid
1543 4201 1621 4256 eis
1645 4201 1926 4272 potestatis
1948 4210 2128 4256 esset:

550 4298 655 4354 Sed
683 4314 782 4351 non
811 4312 987 4351 sumus
1014 4297 1126 4359 usi,
1155 4295 1354 4364 inquit,
1398 4295 1493 4347 hac
1526 4303 1806 4364 potestate;
1850 4295 1939 4348 sed
1967 4295 2136 4348 omnia

549 4392 820 4444 toleramus
845 4428 859 4450 ,
906 4404 967 4442 ne
1006 4387 1140 4456 quod
1189 4386 1599 4456 impedimentum
1641 4387 1816 4440 demus
1863 4386 2136 4457 Evangelia

548 4480 754 4536 Christi.
777 4480 971 4534 Dicant
997 4493 1124 4549 ergo
1147 4479 1264 4545 isti,
1288 4477 1555 4548 quomodo
1589 4479 1656 4533 de
1682 4494 1844 4547 opere
1879 4480 2136 4547 Spirituali

547 4572 817 4627 carnalem
846 4574 1041 4625 victum
1073 4569 1302 4625 habebat
1326 4569 1634 4638 Apostolus,
1665 4587 1782 4624 cum
1814 4583 1996 4640 aperte
2023 4573 2138 4642 ipse

546 4668 687 4720 dicat
715 4678 820 4719 non
849 4678 907 4718 se
934 4677 1090 4718 usum
1120 4677 1242 4717 esse
1271 4661 1371 4717 bac
1399 4671 1678 4733 potestate.
1713 4666 1782 4718 At
1808 4665 1852 4718 si
1881 4665 1948 4719 de
1975 4681 2138 4736 opere

550 4756 812 4827 spirituali
840 4755 1108 4810 carnalem
1144 4753 1342 4808 victum
1381 4768 1489 4808 non
1521 4753 1778 4822 habebat,
1807 4765 1974 4812 restat
1997 4768 2052 4812 ut
2071 4759 2139 4815 de

548 4863 710 4918 opere
729 4847 994 4916 corporali
1025 4845 1288 4911 habuerit,
1319 4853 1373 4901 et
1399 4845 1522 4900 inde
1543 4845 1684 4902 dicat
1711 4867 1724 4901 :
1756 4847 1931 4919 Neque
1959 4869 2141 4922 panem

547 4941 706 5006 gratis
731 4939 792 4992 ab
819 4938 988 5008 aliqua
1009 4936 1424 4990 manducavimus
1441 4977 1456 5001 ,
1496 4937 1586 4991 sed
1608 4940 1662 4992 in
1691 4939 1862 4994 labore
1887 4950 1932 4996 et
1955 4943 2142 5013 fatiga-

544 5040 686 5078 swne
715 5037 864 5076 nocte
890 5033 938 5075 et
963 5023 1046 5076 (lie
1075 5031 1373 5090 operantes,
1397 5036 1458 5074 ne
1497 5036 1646 5089 quem
1676 5028 1903 5073 vestrum
1930 5034 2129 5088 grava-

543 5131 722 5176 remus
757 5132 775 5170 :
805 5132 906 5169 non
943 5115 1068 5185 quia
1103 5112 1124 5144 ³
1161 5131 1264 5168 ηοη
1305 5111 1646 5166 habuerimus
1671 5119 2006 5179 potestatem,
2037 5107 2126 5164 sed

545 5217 603 5260 ut
634 5226 728 5263 nos
751 5207 985 5275 formam
1021 5208 1267 5262 daremus
1301 5206 1467 5269 vobis,
1511 5223 1618 5276 qua
1658 5223 1752 5260 nos
1777 5205 2134 5258 imitaremini

550 5296 616 5366 (ll
648 5297 837 5359 Thess,
874 5313 957 5362 ιιι,
994 5299 1048 5361 8,
1085 5298 1161 5365 9).
1201 5297 1427 5360 Omnia,
1462 5297 1675 5368 inquit,
1719 5295 2029 5359 toleramus,
2069 5311 2132 5346 ne

547 5379 686 5458 quod
720 5389 1146 5458 impedimentum
1167 5392 1352 5445 demus
1381 5389 1662 5462 Evangelia
1687 5387 1911 5444 Christi.

619 5566 634 5630 ξ
664 5562 802 5630 lites”
828 5560 880 5630 in
902 5562 1333 5630 speparticipandi
1353 5569 1570 5630 remissa
1593 5581 1733 5630 voce,
1757 5565 1964 5630 fructus.

616 5627 636 5656 ⁸
663 5626 777 5674 Sola
805 5625 959 5673 editio
991 5625 1126 5675 Lov..
1156 5625 1282 5676 unde
1306 5626 1531 5677 haberent
1555 5627 1700 5678 victui
1725 5625 2020 5680 necessaria.

618 5689 637 5717 ³
664 5688 1009 5748 (listerciensis
1030 5688 1206 5745 codex,
1231 5686 1572 5748 ministerium.

620 5750 650 5816 s
667 5749 876 5816 vulgata
895 5747 1119 5816 ipseque
1163 5748 1466 5816 Augustinus
1509 5752 1681 5816 ferunt,
1699 5751 1858 5816 quasi.
1886 5768 1975 5815 pro
1996 5751 2128 5816 quia.

558 5810 682 5920 litt;er
704 5811 908 5921 {eclioui
948 5812 1148 5872 penitus
1179 5812 1506 5872 adstipulatur
1533 5813 1687 5863 Morel
1708 5810 1721 5870 ζ
1746 5810 1904 5864 Ειριιιῖ
1931 5810 2044 5866 (ζπῖι.
2078 5830 2126 5878 p.

625 5889 670 5921 4.
703 5911 714 5921 .
743 5892 760 5912 ⁸
1396 5887 1402 5893 ’

593 5875 670 5934 ut,
703 5873 760 5921 ι’.
1396 5887 1402 5893 ·

3715 405 3820 462 556

2294 528 2518 586 CAPUT
2550 529 2639 584 IX.
2665 560 2734 570 —-
2760 529 2846 586 10.
2871 526 3106 600 Apertlus
3128 539 3173 584 et
3193 531 3380 585 clarius
3407 529 3462 584 id
3481 546 3588 584 esse
3614 545 3677 584 ex
3700 546 3823 583 can-

2226 625 2560 696 sequentibus.
2590 623 2656 678 Et
2681 621 2818 678 redit
2843 637 3050 692 rursus,
3084 622 3363 695 modisque
3389 623 3636 678 omnibus
3657 622 3821 677 etiam

2225 725 2383 786 atque
2408 716 2567 770 etiam
2592 714 2928 770 commendat
2949 714 3074 784 quid
3095 714 3196 770 sibi
3222 715 3400 780 liccat,
3429 723 3485 769 et
3506 724 3684 770 tamen
3712 730 3823 774 non

2227 807 2398 860 faciat.
2427 803 2666 872 Nescitis,
2702 805 2893 876 inquit,
2939 805 3176 876 quoniam
3201 807 3288 877 qui
3313 807 3365 859 in
3386 807 3570 878 templo
3601 822 3822 878 aperan-

2225 905 2327 963 tur,
2359 912 2472 966 quia
2491 897 2554 950 de
2575 897 2760 967 templo
2783 906 2897 951 sunt
2926 897 3122 952 edunt?
3141 897 3228 967 qui
3280 897 3466 951 altaria
3488 898 3779 951 deserviunt
3804 940 3818 960 ,

2223 990 2408 1042 altaria
2439 991 2840 1061 compartiuntur
2887 990 2947 1044 “2
2989 989 3077 1044 Sic
3119 1000 3166 1044 et
3207 989 3453 1044 Dominus
3477 990 3734 1044 ordinavit
3760 993 3824 1042 iis

2222 1081 2310 1148 qui
2357 1079 2687 1152 Evangelinm
2727 1081 3029 1135 annuntiant
3053 1120 3068 1148 ,
3101 1081 3164 1136 de
3197 1082 3470 1151 Evangelia
3497 1083 3658 1137 vivere
3683 1098 3703 1136 :
3729 1097 3823 1152 ego

2223 1186 2390 1227 autem
2421 1176 2614 1229 nullius
2641 1174 2820 1228 harant
2862 1191 2981 1228 usus
3025 1191 3157 1229 sum.
3210 1175 3345 1244 Quid
3391 1174 3490 1229 hoc
3537 1175 3824 1246 apertius?

2223 1266 2348 1336 quid
2375 1266 2602 1320 clarius?
2643 1266 2846 1320 Vereor
2881 1282 2950 1322 ne
2991 1269 3126 1322 forte
3155 1282 3276 1320 cum
3309 1267 3516 1323 dissero
3553 1269 3739 1322 volens
3770 1267 3821 1322 id

2223 1375 2518 1429 estponere,
2541 1361 2826 1414 obscurum
2854 1360 2944 1413 liat
2963 1360 3105 1430 quod
3135 1375 3229 1430 per
3255 1376 3315 1416 se
3346 1360 3485 1416 lucet
3512 1370 3566 1416 et
3590 1361 3758 1416 claret
3777 1363 3822 1415 ¹.

2221 1451 2322 1520 Qui
2347 1451 2490 1506 enim
2537 1451 2654 1506 luec
2697 1452 2856 1507 verba
2890 1467 2996 1507 non
3027 1451 3352 1524 intelligunt,
3381 1463 3472 1508 aut
3499 1469 3559 1510 se
3587 1469 3698 1509 non
3740 1455 3824 1509 in-

2223 1543 2461 1612 tclligere
2494 1542 2727 1612 lingunt,
2759 1558 2877 1598 mea
2905 1542 3072 1598 multo
3099 1544 3276 1599 minus
3301 1545 3602 1614 intelligunt
3640 1546 3726 1600 vel
3763 1561 3822 1600 se

2223 1638 2520 1708 intelligere
2562 1640 2880 1709 prolitentur
2911 1653 2928 1692 :
2959 1638 3061 1692 nisi
3102 1637 3241 1694 forte
3281 1649 3561 1709 propterea
3590 1641 3701 1695 cito
3738 1641 3821 1695 in-

2226 1729 2462 1798 telligant
2508 1737 2712 1797 nostra,
2746 1730 2866 1800 quia
2903 1728 3216 1784 conceditur
3241 1730 3319 1786 eis
3354 1730 3622 1786 intellecta
3663 1731 3816 1785 deri-

2223 1819 2387 1887 dere,
2411 1819 2477 1876 de
2498 1821 2739 1892 Apostoli
2768 1829 2946 1877 autem
2978 1821 3156 1877 verbis
3182 1839 3286 1877 non
3317 1823 3456 1878 idem
3486 1824 3820 1880 conceditur.

2225 1910 2517 1981 Propterea
2561 1911 2650 1967 ubi
2679 1913 2835 1967 aliter
2862 1928 2924 1968 ea
2955 1913 3244 1968 secundum
3293 1929 3447 1970 suam
3492 1916 3818 1971 sententiam

2225 2003 2563 2073 interpretari
2600 2019 2706 2058 non
2748 2014 2996 2074 possunt,
3032 2005 3193 2060 etiam
3223 2005 3366 2060 clara
3406 2015 3461 2061 et
3489 2006 3772 2062 manifesta
3805 2050 3819 2070 ,

2224 2094 2449 2149 obscura
2491 2102 2546 2150 et
2589 2095 2792 2150 incerta
2837 2111 2957 2150 esse
2998 2095 3353 2166 respondent,
3393 2097 3515 2167 quia
3563 2112 3725 2168 prava
3769 2107 3827 2151 et

2226 2199 2475 2256 perversa
2529 2202 2636 2242 non
2679 2187 2897 2242 audent.
2931 2189 3138 2244 Clamat
3176 2188 3338 2244 homo
3379 2189 3512 2256 Dei,
3567 2188 3824 2243 Dominus

2225 2277 2474 2332 ordinavit
2501 2279 2562 2332 iis
2590 2280 2677 2352 qui
2712 2277 3046 2348 Evangelium
3085 2281 3406 2346 annuntiant,
3443 2281 3506 2334 de
3547 2281 3827 2352 Evangelia

2226 2371 2422 2436 vivere;
2449 2388 2538 2442 ego
2565 2381 2733 2426 autent
2763 2373 2954 2427 nullius
2979 2374 3160 2427 horum
3191 2390 3312 2428 usus
3341 2391 3490 2441 sum;
3519 2384 3574 2429 et
3597 2386 3830 2430 conatur

2226 2477 2352 2517 caro
2377 2472 2431 2518 et
2457 2464 2672 2534 sanguis
2697 2473 2842 2520 recta
2869 2464 3182 2535 depravare,
3210 2474 3394 2535 aperta
3419 2467 3678 2522 claudere
3699 2511 3714 2534 ,
3740 2483 3833 2522 sc-

2227 2569 2356 2609 rcna
2397 2555 2735 2612 obnubilare.
2765 2556 3072 2626 Spirituale,
3107 2557 3298 2628 inquit,
3322 2573 3457 2628 opus
3486 2558 3738 2624 faciebat,
3769 2571 3828 2614 et

2228 2646 2351 2702 inde
2395 2648 2624 2703 vivebat.
2674 2648 2731 2704 Si
2765 2649 2835 2703 ita
2866 2657 2979 2714 est,
3011 2649 3078 2706 de
3109 2651 3399 2722 Evangelia
3436 2652 3652 2707 vivebat
3683 2670 3696 2706 :
3727 2669 3830 2708 cur

2227 2752 2356 2809 ergo
2395 2739 2560 2803 dicit,
2608 2739 2860 2796 Dominus
2884 2741 3132 2797 ordinavit
3156 2743 3220 2797 iis
3247 2744 3332 2812 qui
3363 2741 3702 2816 Evangelium
3732 2762 3832 2798 an-

2229 2831 2480 2900 nuntiant,
2504 2831 2567 2886 de
2589 2831 2865 2904 Evangelia
2891 2835 3082 2900 vivere;
3102 2851 3194 2907 ego
3222 2844 3388 2890 autem
3426 2837 3619 2892 nullius
3643 2837 3832 2892 harum

2231 2941 2350 2980 usus
2373 2926 2528 2980 sum?
2561 2927 2666 2981 Aut
2699 2927 2745 2981 si
2775 2935 2829 2982 et
2868 2926 2971 2982 hoc
3007 2927 3176 2998 ipsum
3218 2929 3358 2998 quod
3395 2929 3482 2985 hic
3508 2929 3713 2985 dictum
3744 2944 3834 2985 ess

2231 3017 2410 3080 vivere,
2453 3017 2749 3072 secundum
2792 3019 3123 3088 spiritualcm
3158 3019 3324 3074 vitam
3350 3020 3537 3076 volunt
3562 3022 3836 3090 interpre-

2232 3112 2351 3170 tari,
2381 3105 2580 3160 nullam
2610 3123 2760 3178 spem
2784 3107 3012 3163 habebat
3041 3110 3333 3179 Apostolus
3358 3111 3424 3166 ad
3453 3111 3623 3166 Deum
3649 3113 3738 3181 qui
3761 3111 3836 3166 de

2233 3194 2527 3266 Evangelio
2569 3213 2676 3252 non
2717 3199 2952 3266 vivebat,
2997 3201 3121 3270 quia
3176 3201 3336 3270 dixit,
3385 3201 3597 3256 Nullius
3644 3203 3837 3256 harum

2232 3301 2356 3340 usus
2397 3303 2529 3342 sum.
2570 3288 2909 3360 Quapropter
2955 3298 3011 3344 ut
3057 3305 3182 3360 spes
3228 3292 3301 3346 illi
3343 3303 3487 3347 certa
3527 3302 3673 3348 esset
3708 3295 3838 3348 vita:

2231 3387 2484 3446 mternze,
2531 3379 2600 3435 de
2651 3381 2937 3452 Evangelia
2984 3381 3167 3452 utique
3223 3383 3569 3458 spiritualiter
3614 3384 3839 3438 vivebat

2233 3470 2545 3538 Apostolus.
2578 3470 2730 3538 Quod
2765 3487 2895 3543 ergo
2921 3473 3023 3539 ait,
3057 3471 3170 3544 Ego
3207 3483 3374 3529 autem
3416 3476 3608 3530 nullius
3644 3477 3839 3530 horum

2233 3575 2353 3613 usus
2378 3576 2512 3626 sum,
2545 3560 2612 3615 de
2640 3563 2743 3615 vita
2773 3563 2871 3616 ista
2897 3578 3018 3633 quae
3049 3563 3100 3617 in
3136 3578 3298 3618 carne
3333 3564 3508 3634 agitur
3531 3565 3650 3620 sine
3677 3565 3841 3619 dubi-

2236 3654 2435 3708 tatione
2457 3652 2580 3708 facit
2604 3652 2858 3725 intelligi,
2891 3655 3034 3725 quod
3073 3655 3208 3711 dixit
3236 3656 3518 3712 Dominum
3548 3658 3841 3715 ordinasse

2236 3745 2299 3798 iis
2342 3746 2430 3814 qui
2478 3744 2823 3816 Evangelium
2855 3749 3176 3802 annuntiant
3203 3749 3269 3804 de
3297 3750 3586 3820 Evangelia
3608 3752 3796 3806 vivere
3818 3793 3835 3818 ,

2237 3837 2411 3911 idest,
2435 3838 2597 3893 vitam
2627 3839 2779 3893 istam
2805 3840 2889 3894 cui
2911 3855 3045 3910 opus
3078 3853 3160 3898 est
3186 3842 3326 3896 victu
3355 3852 3408 3898 et
3438 3852 3750 3913 legumento
3768 3845 3842 3899 de

2239 3929 2524 4000 Evangelia
2549 3932 2880 4002 transigere;
2924 3933 3062 3987 sicut
3107 3935 3355 4004 superius
3393 3935 3459 3990 de
3497 3936 3612 3997 suis
3639 3951 3843 4006 coapo-

2239 4023 2391 4076 stolis
2430 4021 2568 4076 dixit
2597 4041 2608 4075 :
2640 4023 2781 4078 unde
2805 4023 2919 4093 ipse
2946 4025 3203 4079 Dominus
3239 4025 3350 4090 ait,
3383 4025 3582 4098 Dignus
3607 4037 3682 4081 est
3711 4045 3842 4098 ope-

2239 4113 2405 4167 rarius
2430 4112 2539 4167 cibo
2565 4131 2692 4180 suo;
2719 4121 2800 4177 et,
2836 4115 3018 4185 dignus
3057 4125 3129 4170 est
3159 4118 3421 4185 aperarius
3454 4118 3683 4172 mercede
3720 4135 3840 4172 sua.

2241 4204 2392 4258 [tunc
2431 4204 2607 4274 itaque
2636 4205 2814 4259 cibum
2851 4213 2906 4260 et
2942 4205 3079 4261 banc
3118 4207 3424 4262 mercedem
3467 4208 3844 4262 sustentandae

2241 4294 2398 4364 hujus
2422 4296 2546 4349 vitae
2571 4295 2803 4350 debitam
2833 4297 3173 4368 evangelistis
3199 4297 3221 4330 ³
3237 4341 3252 4366 ,
3274 4298 3340 4354 ab
3358 4299 3437 4356 eis
3461 4300 3655 4369 quibus
3676 4315 3844 4354 eran-

2240 4388 2498 4458 gelizabat
2527 4403 2630 4443 non
2659 4390 2863 4459 accepit
2905 4390 3214 4460 Apostolus,
3246 4406 3432 4446 verum
3469 4391 3690 4458 dicens,
3728 4391 3844 4464 Ego

2242 4488 2408 4532 autent
2437 4480 2629 4532 nullius
2655 4479 2834 4533 horum
2865 4496 2984 4534 usus
3011 4496 3144 4534 sum.

2314 4568 2538 4625 CAPUT
2569 4569 2712 4624 X.——
2736 4571 2823 4625 Η.
2851 4570 2933 4624 Ea:
2951 4570 3229 4643 Evangelia
3247 4589 3334 4627 cur
3355 4590 3457 4628 non
3478 4575 3595 4629 vivit
3614 4575 3834 4629 Paulus.

2243 4661 2312 4715 Et
2337 4662 2597 4731 sequitur,
2617 4670 2670 4716 et
2693 4662 2935 4734 adjungit
2956 4704 2970 4730 ,
2996 4678 3064 4718 ne
3087 4661 3226 4720 forte
3245 4665 3528 4735 quisquam
3551 4666 3834 4721 arbitretur

2245 4752 2367 4808 ideo
2406 4768 2527 4808 eum
2585 4768 2691 4808 non
2736 4754 3048 4824 accepisse,
3089 4755 3215 4825 quia
3271 4755 3346 4810 illi
3392 4771 3501 4811 non
3538 4757 3836 4813 dederant:

2248 4844 2367 4898 Non
2405 4854 2572 4899 autem
2616 4845 2796 4916 scripsi
2833 4846 2941 4900 ltazc
2982 4854 3036 4900 ut
3071 4847 3142 4899 ita
3171 4847 3298 4916 ﬁant
3324 4848 3378 4901 in
3407 4865 3520 4914 me;
3549 4849 3739 4903 bonum
3771 4860 3845 4902 cst

2246 4937 2368 4990 mihi
2396 4937 2558 5008 magis
2575 4938 2724 5004 mori,
2747 4953 2898 5007 quam
2920 4938 3138 5008 gloriam
3165 4955 3328 4992 meam
3353 4940 3619 5010 quisquam
3641 4942 3849 4994 inanem

2245 5028 2421 5098 finiat.
2447 5029 2620 5098 Quam
2648 5029 2872 5100 gloriam
2891 5072 2906 5096 ,
2934 5030 3036 5085 nisi
3067 5045 3227 5100 quam
3269 5030 3468 5088 habere
3494 5033 3668 5087 voluit
3703 5034 3851 5103 apud

2250 5121 2448 5187 Deum,
2499 5121 2549 5175 in
2587 5120 2804 5177 Christo
2845 5123 3176 5192 compatiens
3229 5124 3482 5189 inﬁrmis;
3526 5125 3670 5180 sicut
3720 5142 3855 5181 mox

2246 5214 2582 5282 apertissime
2605 5214 2844 5268 dicturus
2872 5215 2992 5269 est?
3023 5214 3085 5270 Si
3116 5215 3251 5268 enim
3281 5217 3725 5287 euangelizavero,
3763 5217 3854 5271 in-

2246 5303 2378 5372 quit,
2411 5321 2512 5357 non
2541 5313 2614 5358 est
2641 5305 2766 5359 mihi
2793 5306 2957 5376 gloria
2984 5322 3004 5359 :
3030 5309 3299 5360 necessitas
3323 5308 3455 5361 enim
3487 5308 3612 5361 mihi
3638 5310 3858 5363 incum-

2247 5393 2354 5458 bit;
2385 5395 2435 5449 id
2459 5406 2562 5462 eat,
2596 5396 2958 5452 sustentandae
3005 5399 3130 5451 vita:
3180 5397 3359 5467 hujus.
3429 5397 3516 5451 Va:
3563 5401 3703 5453 enim
3756 5403 3861 5455 erit

2249 5486 2391 5552 mihi,
2434 5487 2626 5557 inquit,
2654 5497 2699 5543 st
2728 5505 2827 5542 non
2849 5489 3256 5560 evangelieavero
3287 5505 3306 5543 :
3334 5488 3385 5543 id
3416 5499 3518 5558 est,
3549 5491 3698 5546 malo
3724 5508 3863 5549 meo

2305 5699 2320 5764 ξ
2345 5696 2693 5764 gisterciensis
2716 5699 2895 5764 codex,
2917 5697 3404 5764 comparticipantur.

2302 5759 2322 5789 ³
2350 5758 2430 5806 Er.
2458 5768 2510 5808 et
2546 5762 2717 5821 plures
2748 5758 3101 5816 Mss.,claniat.

2303 5822 2322 5851 ³
2352 5821 2502 5878 Editi,
2542 5819 2653 5891 vita;
2695 5821 2905 5872 debitum
2932 5819 3601 5891 concessumevangelistis.‘
3645 5821 3812 5874 Abest
3844 5863 3866 5890 ,

2248 5895 2540 5945 t‘oncessttm,
2566 5900 2593 5933 a
2612 5885 2747 5947 Mss,
2775 5892 2825 5935 et
2849 5900 2910 5935 ex
2932 5888 3007 5935 bis
3034 5888 3255 5936 nonnulli
3282 5885 3466 5936 habent
3488 5885 3720 5935 debitam.
