4078 6502
228 466 332 525 557

230 601 333 641 non
355 583 763 655 evangeiizabo,
782 584 903 655 quia
921 580 1061 637 fame
1080 580 1375 647 cruciabor,
1404 588 1460 635 et
1479 579 1617 636 unde
1640 581 1815 636 vivam

228 693 336 732 non
363 677 596 734 habebo.
628 677 760 732 Nam
789 675 1047 747 sequitur,
1088 683 1141 730 et
1169 674 1296 729 dicit
1326 692 1339 729 :
1372 673 1435 730 Si
1472 676 1605 729 enim
1651 676 1819 729 colens

226 772 320 823 hoc
349 768 509 839 facio,
543 768 818 822 mercedem
845 765 1023 821 habeo.
1057 766 1336 820 Veientem
1373 780 1433 821 se
1453 764 1588 820 dicit
1611 765 1817 830 facere,

225 862 268 915 si
300 861 446 915 nulla
488 861 613 915 vitae
654 859 811 928 hujus
842 857 1120 913 iniciendae
1156 857 1477 911 necessitate
1511 857 1819 926 compulsus

226 953 379 1019 facit;
430 961 492 1008 et
539 952 610 1008 ob
662 951 766 1007 hoc
805 951 1001 1007 habere
1057 951 1399 1017 mercedem,
1448 952 1630 1021 utique
1678 951 1818 1020 apud

227 1046 395 1100 Deum
440 1046 625 1115 gloriae
661 1045 1019 1115 sempiternae.
1066 1042 1129 1099 Si
1165 1052 1333 1097 autem
1378 1043 1581 1107 invitus,
1625 1043 1815 1113 inquit,

224 1138 539 1209 dispensatio
559 1137 686 1193 mihi
704 1138 893 1192 credita
910 1147 1016 1192 est:
1037 1136 1089 1191 id
1112 1145 1213 1202 est,
1237 1137 1281 1191 si
1303 1136 1622 1193 necessitate
1640 1144 1814 1190 trans-

224 1230 433 1299 igeudaa
464 1229 621 1299 hujus
651 1230 772 1283 vitae
803 1229 999 1285 invitus
1020 1243 1183 1298 cogor
1204 1226 1588 1297 evangelizare,
1607 1226 1818 1295 dispen-

223 1320 355 1374 satio
394 1321 520 1374 mihi
560 1319 756 1374 credita
796 1331 905 1383 est;
949 1328 1007 1373 ut
1056 1319 1261 1374 scilicet
1303 1335 1377 1374 ex
1415 1319 1819 1390 dispensatione

226 1428 383 1477 mea,
433 1412 557 1482 quia
606 1411 917 1477 Christum,
982 1412 1104 1483 quia
1164 1413 1485 1468 veritatem‘
1539 1411 1814 1481 prmdico,

225 1505 474 1574 quamvis
499 1520 565 1559 ex
598 1505 899 1571 occasione,
918 1507 1166 1576 quamvis
1190 1522 1304 1561 mea
1326 1521 1594 1576 quaerens,
1623 1520 1814 1575 quam-

224 1595 305 1649 vis
345 1596 552 1650 terreni
593 1596 942 1651 emolumenti
976 1597 1295 1651 necessitate
1336 1596 1645 1666 compulsus
1670 1638 1684 1661 ,
1727 1597 1817 1651 alii

225 1685 528 1756 proﬁciant,
553 1702 653 1757 ego
680 1698 856 1741 autem
884 1688 1025 1758 apud
1068 1689 1233 1743 Deum
1276 1688 1577 1743 mercedem
1622 1688 1822 1758 glorio-

224 1794 336 1833 sam
366 1779 511 1832 illam
553 1780 1041 1849 sempiternamque
1072 1796 1176 1834 non
1223 1779 1466 1835 habeam.
1501 1779 1629 1844 Quae
1654 1797 1772 1850 ergo
1796 1820 1811 1845 ,

225 1869 413 1940 inquit.
439 1886 629 1924 merces
653 1871 773 1924 milii
802 1872 893 1924 erit
912 1872 939 1926 Ρ
964 1871 1305 1942 interrogans
1325 1871 1459 1926 dixit
1487 1888 1500 1924 :
1534 1880 1813 1941 propterea

222 1959 599 2028 suspendenda
621 1970 703 2014 est
719 1961 1097 2030 pronuntiatio,
1113 1962 1283 2017 donec
1300 1961 1641 2032 respondeat.
1660 1961 1813 2030 Quod

224 2063 280 2106 ut
297 2051 519 2108 {acilius
548 2053 895 2124 intelligatur,
921 2063 1173 2124 tanquam
1215 2069 1315 2109 nos
1352 2070 1477 2110 eum
1518 2055 1814 2123 interroge-

223 2157 363 2210 mus,
394 2144 526 2211 Qua:
570 2160 700 2214 ergo
750 2145 842 2199 tibi
887 2161 1093 2201 merces
1120 2146 1256 2211 erit,
1290 2147 1566 2216 Apostole,
1599 2144 1814 2215 quando

222 2236 525 2290 mercedem
557 2236 713 2292 istam
755 2247 1022 2293 terrenam
1054 2238 1220 2293 etiam
1268 2237 1610 2308 evangelistis
1658 2237 1815 2292 bonis

219 2326 477 2394 debitam,
494 2342 599 2382 non
618 2337 837 2398 prOpter
862 2330 962 2385 hoc
981 2328 1491 2398 evangelizantibus,
1515 2328 1609 2383 sed
1632 2335 1809 2382 tamen

216 2428 638 2488 consequentem
661 2429 718 2475 et
746 2420 980 2475 oblatam
1002 2436 1074 2477 ex
1100 2421 1309 2476 Domini
1350 2422 1686 2476 ordinatione
1724 2435 1815 2474 su-

217 2515 512 2582 mentibus,
537 2524 591 2570 tu
620 2531 729 2572 non
756 2516 992 2587 accipis?
1017 2533 1136 2588 qua:
1160 2531 1288 2589 ergo
1320 2518 1412 2572 tibi
1435 2532 1645 2572 merces
1669 2515 1813 2571 erit?

219 2607 352 2663 Vide
385 2608 515 2679 quid
547 2609 871 2679 respondeat
912 2627 925 2665 ε
961 2607 1029 2665 Ut
1054 2611 1428 2681 euangelizans,
1464 2608 1668 2681 inquit,
1707 2609 1815 2662 sine

215 2712 423 2773 sumptu
450 2718 639 2773 ponam
664 2700 1030 2772 Evangelium;
1056 2703 1107 2758 id
1134 2711 1237 2769 est,
1266 2713 1325 2757 ut
1356 2718 1461 2757 non
1493 2703 1565 2757 sit
1588 2700 1813 2757 creden-

218 2793 361 2849 tibus
391 2803 767 2865 sumptuosum
798 2793 1169 2863 Evangelium,
1193 2809 1261 2850 ue
1286 2802 1469 2864 putent
1488 2793 1554 2848 ad
1581 2792 1687 2848 hoc
1710 2792 1813 2847 sibi

216 2885 601 2955 evangelizari,
625 2894 683 2940 ut
705 2885 757 2940 id
782 2885 1123 2957 evangelista:
1158 2886 1309 2956 quasi
1340 2885 1573 2941 vendere
1594 2885 1814 2939 videan-

216 2988 322 3031 tur.
366 2979 435 3032 Et
476 2987 655 3033 tamen
699 2978 839 3034 redit
863 2980 1024 3034 etiam
1062 2987 1223 3049 atque
1257 2980 1440 3047 etiam,
1468 2989 1528 3034 ut
1563 2978 1816 3034 ostendat

216 3070 343 3137 quid
365 3069 468 3123 sibi
485 3069 605 3139 jure
626 3069 894 3126 dominico
927 3071 1087 3126 liceat
1107 3113 1122 3140 ,
1151 3079 1208 3128 et
1236 3072 1351 3143 ipse
1376 3088 1480 3127 non
1512 3072 1669 3127 iaciat
1699 3090 1713 3125 :
1743 3069 1813 3127 Ut

217 3174 319 3211 non
344 3158 547 3225 abutar,
577 3160 776 3230 inquit,
805 3170 1053 3232 potestate
1078 3178 1190 3216 mea
1217 3163 1270 3216 in
1297 3162 1595 3237 Evangelia.

290 3249 524 3305 CAPUT
551 3249 809 3306 XL—ﬁ.
826 3249 893 3305 In
909 3252 1005 3306 hac
1020 3268 1094 3316 re,
1114 3260 1167 3305 ut
1183 3253 1236 3307 in
1252 3252 1386 3319 aliis,
1404 3252 1600 3309 Paulus
1615 3270 1814 3310 excom-

221 3341 461 3413 passione
484 3358 538 3396 se
561 3342 779 3411 inﬁrmis
806 3344 1173 3398 accommodat.
1195 3344 1460 3410 Quomodo
1475 3346 1586 3401 sine
1611 3347 1815 3415 ﬁctione

219 3444 264 3486 et
297 3433 510 3505 fallacia
547 3437 713 3505 factus
744 3445 817 3489 est
843 3436 989 3506 quasi
1012 3436 1103 3490 sub
1129 3436 1237 3507 lege
1272 3447 1319 3491 et
1360 3438 1506 3509 quasi
1544 3438 1653 3492 sine
1682 3439 1812 3510 lege.

220 3524 388 3581 Timet
426 3543 492 3581 ne
529 3526 879 3599 Evangelium,
902 3530 947 3583 si
975 3546 1038 3584 ea:
1062 3546 1119 3584 eo
1141 3531 1290 3598 vivat,
1319 3531 1494 3586 venale
1528 3540 1727 3601 putetur
1750 3532 1813 3586 ab

220 3618 462 3687 inﬁrmis.
484 3618 602 3674 Jam
643 3636 771 3675 vero
809 3622 929 3691 quia
960 3620 1250 3677 inﬁrmitati
1290 3623 1564 3679 hominum
1593 3640 1814 3696 compa-

132 3748 137 3751 .
224 3710 365 3765 tiens
391 3711 446 3765 id
472 3710 732 3779 faciebat,
763 3712 1043 3768 audiamus
1075 3715 1353 3785 sequentia
1387 3732 1400 3767 :
1436 3714 1563 3770 Cum
1588 3717 1720 3769 enim
1755 3714 1818 3770 li-

222 3800 308 3856 ber
350 3803 471 3869 sim,
501 3803 691 3874 inquit,
721 3820 785 3858 ex
812 3804 1075 3874 omnibus,
1097 3807 1323 3861 omnium
1356 3824 1436 3861 me
1459 3824 1654 3863 servum
1681 3811 1811 3881 feci,

221 3903 276 3947 ut
298 3894 476 3965 plures
501 3894 847 3965 lucrifacerem
878 3912 896 3951 :
918 3898 981 3952 iis
1009 3899 1095 3968 qui
1120 3900 1213 3953 sub
1232 3897 1368 3970 Lege
1387 3907 1526 3967 sunt,
1556 3900 1703 3972 quasi
1725 3901 1817 3955 sub

220 3982 377 4056 Lege,
399 4001 519 4039 cum
548 4003 648 4040 non
684 3988 781 4042 sim
806 3988 912 4057 ipse
936 3990 1028 4043 sub
1050 3988 1217 4061 Lege,
1246 3998 1303 4043 ut
1341 4006 1425 4045 eos
1454 3991 1538 4061 qui
1567 3990 1659 4046 sub
1684 3990 1820 4063 Lege

222 4087 369 4131 erant
408 4078 794 4150 lucrifaceretn;
833 4081 896 4135 iis
919 4082 1008 4153 qui
1036 4082 1144 4136 sine
1171 4080 1306 4153 Lege
1331 4092 1486 4148 sunt,
1529 4085 1677 4156 quasi
1709 4085 1819 4140 sine

220 4170 380 4241 Lege,
408 4187 525 4224 cum
556 4171 666 4226 sine
685 4171 793 4244 lege
816 4171 914 4227 Dei
940 4191 1041 4227 non
1064 4175 1195 4240 sim,
1217 4174 1308 4229 sed
1333 4175 1430 4230 sim
1458 4176 1511 4230 in
1540 4178 1647 4247 lege
1670 4175 1818 4232 Chri-

221 4263 309 4324 sti,
344 4270 396 4315 ut
443 4262 793 4335 lurrifacerem
835 4281 920 4319 eos
956 4266 1042 4336 qui
1069 4256 1177 4321 sine
1200 4266 1336 4339 Lege
1359 4277 1495 4322 sunt.
1527 4269 1678 4337 Quod
1711 4285 1819 4325 non

223 4354 515 4408 simulandi
540 4356 770 4410 versutia
800 4355 1024 4412 faciebat
1044 4400 1058 4425 ,
1087 4358 1181 4413 sed
1222 4360 1583 4429 compatiendi
1608 4361 1821 4417 miseri-

222 4444 448 4509 cordia;
482 4445 533 4499 id
553 4454 666 4513 cst,
698 4461 803 4501 non
832 4448 981 4517 quasi
1010 4458 1065 4503 ut
1089 4464 1147 4505 se
1174 4450 1395 4519 lingeret
1418 4450 1683 4519 Judmum,
1711 4453 1820 4508 sic-

223 4544 285 4590 ut
333 4536 576 4591 nonnulli
620 4545 959 4607 putaverunt,
989 4540 1112 4610 quia
1136 4539 1374 4611 legitima
1404 4552 1587 4598 vetera
1602 4542 1822 4600 ieroso-

226 4627 389 4698 lymis
418 4630 721 4685 observavit
752 4630 849 4702 (a).
883 4630 1027 4687 Fecit
1055 4634 1199 4689 enim
1227 4633 1329 4689 hoc
1363 4636 1656 4692 secundum
1687 4638 1822 4694 libe-

228 4736 344 4774 rant
381 4730 437 4775 et
483 4723 818 4778 manifestam
848 4726 1169 4781 sententiam
1205 4742 1388 4796 suam,
1432 4730 1484 4785 in
1524 4746 1626 4801 qua
1671 4732 1821 4799 dicit,

226 4811 570 4868 Circumcisus
611 4815 725 4884 quis
777 4824 981 4872 vocatus
1030 4818 1147 4873 est?
1194 4835 1297 4874 non
1352 4820 1575 4876 adducat
1619 4839 1824 4894 praepu-

226 4903 429 4971 tium”;
454 4903 507 4962 id
536 4913 621 4961 est
640 4947 659 4973 ,
691 4922 798 4961 non
824 4907 906 4963 sic
936 4908 1100 4975 vivat,
1123 4910 1273 4980 quasi
1303 4912 1625 4982 prmputium
1653 4913 1825 4968 addu-

226 4997 388 5057 xerit.
412 5006 468 5053 et
494 4997 547 5052 id
577 4998 720 5069 quod
750 4999 1043 5057 nudaverat
1084 5004 1279 5058 texerit
1325 5019 1343 5060 :
1379 5006 1518 5061 sicut
1558 5006 1665 5061 alio
1704 5007 1825 5063 loco

225 5091 378 5158 dicit,
413 5090 743 5147 Circumcisio
773 5103 862 5147 tua
897 5095 1201 5167 praeputium
1244 5095 1383 5165 facta
1421 5107 1496 5153 est
1535 5097 1729 5169 (Rom.
1762 5112 1822 5167 tt,

223 5182 345 5256 25).
379 5183 688 5240 Secundum
714 5184 853 5241 hanc
879 5201 1009 5257 ergo
1034 5189 1354 5243 sententiam
1392 5204 1544 5245 suam
1566 5232 1583 5259 ,
1606 5207 1707 5263 qua
1737 5191 1823 5247 di-

223 5274 320 5338 cit,
350 5272 696 5330 Circumcisus
718 5278 831 5347 quis
853 5288 1057 5333 vocatus
1086 5279 1203 5334 est?
1229 5296 1333 5334 non
1360 5280 1584 5335 adducat
1614 5300 1823 5354 prwpu-

226 5368 375 5419 tium.
408 5365 474 5421 In
510 5369 763 5439 praeputio
789 5369 902 5439 quis
929 5383 1131 5425 vocatus
1160 5371 1273 5425 est?
1298 5388 1399 5426 non
1439 5373 1828 5430 circumcidatur

230 5458 270 5529 (Ι
301 5456 425 5513 Cor.
449 5474 545 5526 vn,
574 5459 702 5531 18);
734 5459 857 5515 fecit
897 5461 981 5515 illa
1022 5478 1143 5532 quae
1184 5479 1292 5517 non
1331 5464 1748 5535 intelligentibns
1774 5478 1828 5524 et

226 5565 418 5621 parum
461 5552 862 5609 attendentibus
903 5555 1122 5611 tinxisse
1168 5564 1383 5626 putatus
1430 5566 1559 5623 est;
1610 5558 1827 5617 Judwus

224 5646 371 5700 enim
385 5647 937 5705 eratetcireumcisus
959 5659 1196 5715 vocatus;
1222 5650 1391 5705 noluit
1407 5651 1671 5709 adducere
1694 5670 1830 5724 prte-

295 5781 316 5856 ξ
349 5779 517 5856 Elui-es
536 5780 1065 5856 Μεςηηιιαριινίςιωη,
1089 5795 1186 5847 qua
1200 5783 1463 5856 veritatem.

292 5844 316 5875 ⁸
348 5850 443 5893 Hoc
465 5850 520 5893 et
540 5843 761 5906 proximo
785 5843 1026 5913 loco__vox,
1059 5843 1378 5911 praeputium,
1408 5862 1437 5899 a
1455 5854 1559 5899 Mss.
1581 5850 1736 5913 abest,
1762 5854 1831 5905 uti

231 5913 332 5956 eu
354 5918 516 5967 grtcco
539 5913 682 5956 textu
708 5906 931 5967 Apostoli.

295 5968 368 6031 (a)
392 5970 589 6018 Hieron.
617 5969 665 6019 iu
694 5971 833 6031 epist.
874 5970 1002 6019 inter
1026 5970 1392 6034 .tugustinianas
1414 5976 1501 6032 75.
1529 5992 1574 6027 η.
1604 5978 1734 6029 9-11.

1645 462 1848 520 LIBER
1887 462 2089 522 UNUS.

3425 482 3529 539 55!!

1936 578 2164 648 putium,
2192 578 2246 635 id
2267 588 2368 649 est,
2387 582 2555 639 noluit
2582 585 2652 642 ita
2678 588 2857 645 vivere
2881 603 2947 645 ac
2966 591 3011 647 si
3039 592 3388 652 circumcisus
3412 613 3521 654 non

1933 675 2097 723 esset.
2125 668 2242 725 Hoc
2269 672 2411 726 enim
2448 672 2561 743 jam
2607 676 2660 730 in
2712 686 2976 748 potestate
3013 681 3274 739 habebat.
3307 686 3376 742 Et
3420 691 3521 744 sub

1932 759 2076 830 Lege
2091 762 2304 832 quidem
2324 779 2430 820 non
2456 776 2575 821 erat
2594 767 2731 823 sicut
2756 770 2830 825 illi
2858 773 2947 842 qui
2961 788 3079 829 eam
3096 776 3366 833 serviliter
3387 794 3518 850 Ope-

1933 854 2209 921 rabantur;
2247 858 2340 912 sed
2369 867 2545 915 tamen
2568 862 2619 915 in
2650 863 2766 935 lege
2793 865 2888 921 Dei
2912 876 2966 922 et
2989 868 3204 925 Christi.
3231 870 3346 928 Non
3372 875 3519 931 enim

1932 945 2035 999 alia
2065 947 2152 1002 lex
2191 960 2308 1003 erat
2336 951 2421 1006 illa
2446 962 2501 1008 et
2525 954 2627 1008 alia
2661 956 2747 1012 lex
2779 958 2893 1022 Dei.
2936 961 3073 1017 sicut
3114 965 3307 1033 perditi
3345 967 3518 1022 Mani-

1932 1034 2069 1090 chazi
2098 1038 2276 1093 solent
2301 1039 2501 1098 dicere.
2524 1045 2772 1116 Alioquin
2796 1048 2840 1103 si
2867 1064 2987 1105 cum
3009 1052 3096 1107 illa
3123 1054 3275 1121 fecit,
3307 1057 3521 1116 ﬁnxisse

1904 1191 1906 1194 ν
1932 1127 2200 1194 putandus
2223 1140 2333 1193 cst;
2361 1133 2512 1189 tinxit
2540 1145 2594 1189 et
2616 1152 2879 1207 paganum
2916 1151 2970 1196 et
2996 1143 3311 1201 sacriﬁcavit
3344 1149 3518 1215 idolis,

1934 1216 2056 1286 quia
2073 1216 2202 1274 dicit
2223 1220 2420 1277 factum
2441 1239 2500 1281 se
2532 1224 2698 1283 fuisse
2724 1229 2787 1285 iis
2803 1232 2891 1301 qui
2912 1233 3029 1289 sine
3050 1234 3194 1306 Lege
3222 1248 3345 1293 sunt
3368 1244 3519 1310 quasi

1932 1309 2051 1366 sine
2076 1311 2239 1384 Lege.
2253 1314 2397 1383 Quos
2413 1319 2596 1389 utique
2613 1336 2717 1375 non
2736 1323 2836 1378 nisi
2852 1323 3112 1395 Gentiles,
3135 1344 3267 1399 quos
3279 1309 3520 1402 Paganos

1931 1400 2179 1471 dicimus,
2211 1406 2324 1461 vult
2349 1408 2591 1480 intelligi.
2620 1412 2778 1468 Aliud
2810 1425 2891 1469 est
2918 1432 3045 1487 ergo
3076 1434 3194 1473 esse
3225 1422 3325 1476 sub
3356 1400 3519 1493 Lege,

1930 1494 2073 1549 aliud
2099 1495 2152 1551 in
2180 1496 2340 1569 Lege,
2368 1501 2509 1557 aliud
2527 1506 2643 1559 sine
2677 1505 2835 1578 Lege.
2863 1508 2976 1564 Sub
2998 1510 3141 1581 Lege
3166 1516 3521 1571 carnalcslu-

1929 1583 2029 1640 daci
2045 1603 2061 1641 :
2075 1587 2127 1641 in
2148 1588 2289 1660 Lege
2299 1591 2601 1662 spirituales
2615 1605 2670 1651 et
2694 1596 2863 1653 Judmi
2881 1609 2935 1655 et
2955 1600 3265 1671 Christiani;
3287 1607 3428 1663 unde
3445 1609 3523 1664 illi

1929 1687 2279 1735 servaverunt
2302 1697 2508 1738 morem
2531 1685 2679 1740 illum
2707 1689 2935 1757 patrium
2955 1731 2972 1759 ,
3001 1692 3097 1748 sed
3121 1708 3284 1750 onera
3306 1697 3519 1753 insolita

1928 1767 2271 1827 credentibus
2287 1771 2544 1831 Gentibus
2561 1793 2668 1832 non
2699 1780 3098 1851 imposuerunt;
3117 1794 3172 1841 et
3193 1787 3312 1843 ideo
3332 1790 3476 1845 etilli
3502 1794 3521 1824 ί

1925 1858 2225 1916 circumcisi
2241 1873 2365 1919 sunt
2395 1867 2545 1922 :sine
2562 1868 2705 1940 Lege
2717 1881 2895 1927 autem
2914 1873 3114 1931 Gentes
3138 1894 3255 1948 qua:
3285 1881 3522 1937 nondum

1926 1950 2286 2022 crediderunt,
2303 1957 2496 2027 quibus
2515 1970 2691 2016 tamen
2716 1978 2777 2020 se
2800 1966 3088 2035 Apostolus
3102 1972 3415 2042 congruisse
3444 1984 3523 2031 te-

1925 2048 2096 2097 statur
2118 2058 2217 2114 per
2240 2047 2641 2107 misericordem
2668 2059 3113 2126 compassiouem,
3139 2077 3243 2117 non
3275 2078 3371 2132 per
3397 2081 3521 2121 ver-

1922 2132 2165 2201 sipellem
2193 2137 2612 2208 simulationem;
2647 2144 2698 2199 id
2727 2155 2829 2212 est,
2859 2156 2998 2203 uteo
3020 2152 3182 2207 modo
3212 2154 3519 2214 subveniret

1925 2225 2124 2279 carnali
2150 2225 2337 2282 Iudaeo
2356 2231 2439 2284 vel
2470 2231 2703 2303 Pagano,
2732 2251 2840 2307 quo
2868 2241 3029 2294 modo
3053 2241 3155 2297 sibi
3180 2244 3318 2314 ipse,
3342 2249 3387 2302 si
3411 2248 3518 2304 hoc

1926 2323 2090 2382 esset,
2123 2316 2395 2375 subveniri
2423 2323 2680 2379 voluisset
2712 2343 2726 2379 :
2753 2336 2972 2396 portans
2998 2332 3181 2402 utique
3206 2350 3391 2391 eorum
3425 2339 3515 2393 in-

1930 2402 2237 2461 ﬁrmitatem
2265 2409 2319 2463 in
2356 2415 2743 2482 compassionis
2776 2418 3159 2491 similitudine,
3184 2440 3291 2481 non
3328 2426 3518 2484 fallens

1925 2496 1978 2549 in
2007 2500 2269 2555 mendacii
2301 2501 2551 2572 ﬁctione;
2581 2508 2720 2563 sicut
2752 2512 3008 2569 continuo
3037 2518 3300 2587 sequitur,
3341 2529 3396 2577 et
3429 2523 3517 2577 di-

1923 2586 2017 2652 cit,
2049 2586 2241 2645 Factus
2268 2609 2379 2647 sum
2399 2595 2617 2664 inﬁrmis
2636 2597 2891 2669 inﬁrmus,
2914 2613 2969 2657 ut
2996 2586 3225 2675 inﬁrmos
3250 2609 3515 2683 lucriface-

1924 2694 2029 2731 rem
2053 2678 2225 2752 (lCer.
2256 2698 2331 2750 is,
2366 2684 2553 2758 1-22).
2581 2687 2717 2744 Hinc
2734 2692 2875 2746 enim
2908 2693 3245 2766 loquebatur,
3278 2678 3515 2757 utetiam

1924 2771 2103 2825 omnia
2129 2772 2217 2826 illa
2238 2772 2462 2832 diceret.
2493 2776 2643 2833 Sicut
2688 2794 2818 2851 ergo
2860 2783 3002 2852 quod
3032 2784 3205 2842 factus
3247 2801 3329 2844 est
3367 2791 3520 2846 inﬁr-

1923 2863 2028 2919 mis
2048 2864 2314 2933 inﬁrmus,
2343 2883 2450 2924 non
2476 2878 2594 2925 erat
2618 2873 2992 2941 mendacium;
3021 2878 3100 2933 sic
3126 2888 3181 2934 et
3198 2890 3389 2937 cretera
3429 2885 3517 2939 illa

1924 2960 2197 3029 superius.
2234 2960 2404 3030 Quam
2434 2964 2578 3019 enim
2625 2966 2755 3022 dicit
2784 2966 3151 3027 inﬁrmitatem
3192 2988 3344 3029 suam
3388 2993 3514 3047 erga

1927 3050 2171 3107 inﬁrmos
2211 3050 2399 3121 fuisse,
2432 3055 2535 3111 nisi
2564 3058 2923 3128 compatiendi
2961 3061 3073 3128 eis,
3106 3063 3158 3117 in
3187 3072 3390 3119 tantum
3419 3078 3471 3120 ut
3496 3108 3515 3135 ,

1925 3160 1994 3199 ne
2018 3145 2290 3202 videretur
2314 3149 2562 3204 venditor
2591 3151 2888 3222 Evangelii,
2914 3164 2969 3209 ct
2994 3155 3143 3212 verbi
3172 3157 3264 3212 Dei
3295 3175 3515 3215 cursum

1923 3237 2065 3306 apud
2096 3237 2375 3308 imperitos
2400 3240 2452 3295 in
2482 3241 2677 3296 malam
2705 3245 3066 3313 suspicionem
3104 3247 3360 3305 decidens
3407 3250 3515 3304 im-

1927 3326 2152 3397 pediret,
2178 3331 2347 3387 nollet
2377 3332 2624 3403 accipere
2658 3335 2803 3405 quod
2826 3335 2949 3405 jure
2983 3337 3256 3394 dominico
3280 3340 3519 3399 debeba-

1926 3420 2049 3473 tur?
2072 3419 2224 3488 Quod
2246 3421 2291 3475 si
2322 3423 2499 3488 vellet,
2531 3438 2635 3479 nou
2665 3426 2845 3496 utique
2873 3429 3210 3499 mentiretur,
3238 3434 3359 3503 quia
3392 3449 3521 3491 vero

1924 3508 2222 3570 debebatur
2250 3530 2263 3564 :
2292 3515 2507 3584 et,quia
2538 3514 2741 3583 noluit,
2769 3533 2874 3572 non
2902 3520 3085 3589 utique
3115 3524 3373 3577 mentitus
3412 3536 3518 3579 est.

1925 3602 2107 3674 Neque
2134 3605 2275 3660 enim
2306 3605 2439 3661 dixit
2465 3621 2572 3662 non
2614 3608 2715 3664 sibi
2743 3608 2926 3665 deberi
2953 3629 2969 3665 :
3002 3612 3096 3668 sed
3123 3614 3307 3671 deberi
3336 3626 3522 3673 osten-

1925 3694 2025 3761 dit,
2052 3704 2108 3750 et
2135 3696 2314 3752 debito
2334 3712 2392 3752 se
2417 3712 2575 3753 usum
2607 3714 2712 3753 non
2736 3714 2875 3767 esse,
2908 3717 3008 3757 nec
3031 3704 3249 3760 omnino
3279 3707 3354 3761 uti
3385 3708 3523 3763 velle

1925 3784 2200 3854 professus
2226 3798 2344 3853 est,
2376 3803 2443 3844 eo
2473 3789 2589 3858 ipso
2622 3788 2794 3845 factus
2829 3792 3101 3857 inﬁrmus,
3124 3810 3233 3864 quo
3262 3806 3524 3865 potestate

1926 3892 2022 3933 sua
2053 3879 2128 3933 uti
2155 3878 2356 3944 noluit;
2392 3889 2499 3937 tam
2540 3880 2876 3937 misericordi
2915 3884 3119 3940 scilicet
3155 3886 3370 3943 indutus
3390 3889 3523 3945 alie-

1926 3977 2034 4032 ctu,
2079 3978 2135 4023 ut
2172 3970 2431 4039 cngitarct
2457 3971 2906 4041 quemadmodum
2938 3989 3119 4031 secum
3149 3978 3232 4047 agi
3254 3978 3443 4044 vellet,
3477 3983 3523 4035 si

1927 4069 1983 4115 ct
2012 4060 2126 4129 ipse
2163 4062 2236 4115 ita
2280 4061 2659 4131 inﬁrmaretur,
2688 4073 2747 4120 ut
2789 4074 2967 4134 posset
3000 4066 3067 4122 de
3107 4066 3214 4123 illis
3255 4085 3351 4142 per
3388 4087 3525 4141 quos

1928 4151 2029 4205 sibi
2059 4152 2401 4223 Evangelium
2424 4155 2825 4224 praedicaretur,
2847 4158 2890 4211 si
2918 4173 3015 4215 eos
3042 4158 3246 4216 videret
3277 4172 3524 4232 sumptus

1928 4243 2193 4313 accipere,
2225 4245 2377 4315 quasi
2404 4247 2872 4303 mercimoniorum
2900 4248 3168 4305 nundinas
3200 4253 3479 4323 suspicari.

1938 4328 1949 4333 λ
2000 4335 2227 4391 CAPUT
2267 4338 2475 4392 Xll.--
2502 4340 2587 4394 15.
2622 4339 2954 4410 Inﬁrmorum
2998 4343 3236 4412 periculis
3278 4350 3521 4420 tremefa-

1928 4435 2038 4479 ctus
2066 4426 2202 4497 eligit
2230 4426 2491 4494 laborare,
2522 4446 2673 4499 quam
2706 4431 2771 4484 de
2794 4430 3072 4505 Evangelia
3100 4434 3282 4490 vivere.
3308 4437 3383 4492 De
3426 4439 3527 4494 hac

1930 4517 2239 4574 inﬁrmitate
2265 4535 2357 4574 sua
2385 4522 2515 4575 dicit
2544 4523 2649 4576 alio
2674 4522 2792 4577 loco
2822 4541 2836 4577 :
2862 4522 3012 4581 Facti
3041 4542 3217 4582 sumus
3247 4531 3444 4598 parvuli
3473 4533 3526 4584 in

1931 4611 2095 4666 medio
2119 4622 2357 4681 vestrum,
2377 4624 2616 4685 tanquam
2636 4617 2678 4670 si
2708 4616 2882 4672 nutrix
2899 4619 3065 4688 [occat
3084 4620 3222 4690 ﬁlios
3239 4637 3378 4677 suos.
3394 4623 3526 4677 Nam

1931 4702 2049 4771 ejus
2072 4703 2471 4760 circumstantia
2501 4706 2745 4763 lectionis
2766 4708 2869 4766 hoc
2894 4711 3091 4767 indicat
3122 4730 3137 4769 :
3169 4713 3350 4782 Neque
3369 4715 3525 4776 enim,

1932 4793 2123 4864 inquit,
2150 4796 2423 4867 aliquando
2457 4796 2510 4851 in
2546 4814 2774 4854 sermone
2797 4800 3109 4857 adulationis
3146 4805 3357 4875 fuimus,
3400 4806 3530 4859 sicut

1931 4886 2105 4951 scitis;
2145 4904 2304 4959 neque
2343 4889 2397 4942 in
2426 4892 2688 4946 occasione
2714 4893 3005 4963 cupiditatis
3027 4936 3043 4961 ,
3071 4895 3212 4949 Deus
3250 4897 3387 4953 tutis
3421 4910 3531 4960 cst;

1932 4992 2090 5048 neque
2112 4989 2390 5049 quaerentes
2428 4982 2491 5035 ab
2529 4982 2814 5038 bantinibus
2832 4984 3069 5055 gloriam,
3100 5002 3259 5055 neque
3297 5004 3329 5041 a
3369 4989 3525 5055 vobis,

1932 5085 2091 5141 neque
2112 5069 2176 5124 ab
2202 5072 2360 5137 aliis;
2383 5089 2500 5127 cum
2517 5090 2777 5143 possemus
2795 5076 2936 5131 oneri
2957 5076 3092 5132 vobis
3109 5094 3235 5145 esse,
3261 5089 3314 5132 ut
3342 5079 3532 5137 Clu-isti

1932 5161 2164 5233 Δροαοιὶ
2191 5177 2212 5217 .'
2235 5164 2325 5218 sed
2364 5165 2491 5237 facti
2524 5181 2698 5220 sumus
2737 5169 2936 5238 parvuli
2977 5169 3031 5222 in
3079 5170 3245 5223 medio
3280 5181 3531 5239 vestrum,-

1935 5264 2173 5325 tanquam
2197 5256 2244 5310 si
2265 5256 2440 5310 nutriat
2467 5258 2631 5328 foveat
2663 5258 2798 5327 ﬁlios
2834 5276 2953 5315 suos
2992 5260 3047 5331 (Ι
3078 5260 3254 5318 Thess.
3286 5280 3354 5329 tt,
3379 5266 3525 5337 5-7).

1935 5348 2087 5414 Quod
2112 5363 2240 5419 ergo
2264 5348 2331 5403 ad
2362 5346 2671 5405 Corinthios
2696 5349 2824 5406 dicit
2846 5394 2858 5410 .
2896 5352 3093 5408 habere
3118 5369 3176 5409 se
3209 5366 3529 5425 potestatem

1936 5440 2263 5509 apostolatus
2290 5440 2408 5505 sui,
2452 5440 2592 5497 sicut
2628 5450 2684 5497 et
2722 5444 2900 5499 caeteri
2935 5444 3175 5514 Apostoli
3202 5489 3216 5513 ,
3248 5465 3349 5518 qua
3383 5461 3533 5519 pote-

1938 5540 2072 5585 state
2088 5547 2240 5585 usum
2270 5547 2326 5585 se
2345 5547 2448 5586 non
2476 5548 2594 5588 csse
2616 5540 2874 5599 testatur;
2900 5534 3001 5591 hoc
3017 5538 3177 5593 etiam
3208 5540 3258 5595 in
3289 5541 3391 5595 isto
3416 5543 3533 5598 loco

1937 5620 2005 5674 ad
2023 5620 2530 5679 Thessalonicenses
2545 5625 2638 5690 ait,
2659 5623 2783 5679 Cum
2801 5642 3058 5696 possemus
3074 5630 3217 5685 oneri
3240 5632 3378 5687 vobis
3403 5650 3532 5701 esse,

1938 5719 1991 5764 ut
2022 5710 2211 5767 Christi
2249 5712 2481 5783 Apostoli
2517 5731 2536 5771 :
2567 5716 2860 5773 secundum
2890 5719 3031 5791 quod
3064 5720 3322 5779 Dominus
3365 5725 3493 5779 dicit
3517 5768 3532 5793 ,

2006 5925 2023 5953 ι
2054 5921 2195 5996 ⁸ῐτλῌίί,
2222 5936 2309 5996 nec
2332 5923 2421 5975 illi.
2450 5933 2504 5977 At
2528 5934 2631 5976 Mss.
2652 5928 2854 5987 habent,
2877 5926 3017 5996 etilli
3044 5941 3065 5978 .·
3086 5930 3288 5993 scilicet,
3312 5936 3534 5996 Sj’il'lllﬂ-

1945 5983 2022 6034 les
2046 5987 2191 6034 Judu‘i
2220 5988 2301 6049 qui
2336 5998 2591 6039 servarunt
2614 6004 2797 6040 morem
2818 5983 3041 6052 [att-ium.
