4078 6512
502 485 607 541 559

510 600 703 668 Higntts
727 602 797 647 est
824 587 1084 661 operarius
1113 585 1337 640 mercede
1369 599 1481 637 sua.
1519 581 1653 637 Nam
1697 581 1821 636 hinc
1855 591 1976 635 eum
2007 573 2092 629 di-

505 704 651 753 cere,
685 684 815 739 illud
848 682 1045 737 indicat
1070 677 1213 749 quod
1242 691 1401 746 supra
1424 676 1599 746 posuit
1631 693 1643 729 :
1680 673 1857 743 Neque
1882 671 1934 725 in
1956 684 2102 725 occa-

504 780 644 832 sione
667 773 962 843 cupiditatis
985 813 999 836 ,
1024 769 1163 824 Deus
1200 768 1336 822 testis
1378 773 1471 821 est.
1496 765 1600 821 Per
1640 766 1741 819 hoc
1772 763 1918 822 enim
1959 758 2101 831 quod

504 868 625 937 jure
655 863 924 919 dominico
949 861 1245 917 debebatur
1270 857 1426 913 bonis
1451 855 1791 927 cvangelistis
1808 896 1824 922 ,
1848 866 1951 909 non
1974 864 2101 921 pro-

510 966 630 1026 pter
656 956 759 1010 hoc
788 950 1306 1022 evangelizantibus,
1337 947 1433 1003 sed
1474 946 1837 1017 quierantibus
1878 956 2103 1013 regnum

513 1049 633 1115 Dei,
664 1054 724 1100 ut
753 1045 866 1099 hmo
886 1043 1065 1099 omnia
1085 1047 1481 1110 apponerentur
1507 1039 1581 1093 eis
1601 1078 1615 1103 ,
1649 1035 1992 1092 inveniebant
2017 1031 2105 1085 alii

508 1139 874 1205 occasionem,
921 1134 988 1190 de
1022 1134 1214 1205 quibus
1262 1131 1401 1187 idem
1429 1131 1594 1197 dicit,
1625 1128 1804 1199 Neque
1842 1128 1975 1183 enim
2023 1124 2108 1178 isti

518 1234 629 1286 Deo
650 1231 890 1293 serviunt,
921 1228 1012 1283 sed
1044 1241 1136 1281 suo
1174 1224 1334 1279 ventri
1372 1223 1555 1295 (Rom.
1585 1237 1677 1276 xv:
1702 1263 1717 1288 ,
1756 1220 1870 1289 i8).
1907 1217 2109 1285 Quibus

518 1325 657 1377 hanc
681 1324 1017 1377 occasionem
1034 1323 1308 1386 amputare
1330 1311 1856 1383 volebatApostolus,
1875 1307 2109 1363 utetiam

519 1412 662 1485 quod
685 1411 784 1466 sibi
823 1411 966 1480 juste
1003 1408 1318 1471 debebatur,
1349 1406 1636 1459 omitteret.
1679 1404 1877 1472 Aperte
1915 1400 2112 1470 quippe

524 1506 627 1559 hoc
656 1504 767 1573 ipse
802 1499 1035 1556 ostendit
1074 1498 1127 1552 in
1156 1496 1387 1553 secunda
1426 1494 1493 1549 ad
1532 1494 1867 1558 Corinthios,
1899 1491 1968 1545 ab
1992 1489 2112 1543 aliis

524 1595 777 1650 Ecclesiis
804 1592 1074 1662 suppletas
1100 1589 1284 1643 dicens
1314 1588 1660 1641 necessitates
1700 1599 1845 1640 suas.
1880 1583 2113 1637 Venerat

524 1690 689 1752 enim,
733 1685 867 1739 sicut
913 1690 1165 1752 apparet,
1193 1678 1258 1733 ad
1291 1687 1490 1733 tantam
1530 1676 1905 1747 indigentiam,
1943 1682 2002 1728 ut
2045 1672 2113 1727 de

525 1777 825 1848 longinquis
869 1773 1122 1830 Ecclesiis
1157 1773 1205 1826 ei
1251 1770 1551 1825 necessaria
1588 1770 1959 1833 mitterentur,
1986 1764 2112 1820 dum

528 1884 701 1927 tamen
746 1871 814 1925 ab
857 1869 937 1923 eis
981 1866 1121 1937 apud
1161 1880 1293 1936 quos
1319 1864 1471 1919 crat1
1502 1862 1635 1917 nihil
1680 1861 1786 1916 tale
1824 1860 2111 1928 acciperet.

527 1961 795 2035 Numquid
824 1969 1104 2031 peccatum,
1135 1958 1322 2028 inquit,
1353 1956 1470 2026 feci,
1493 1972 1573 2010 me
1590 1955 1754 2025 ipsum
1778 1951 2113 2013 humiliando,

528 2070 579 2110 ut
611 2073 695 2111 vos
738 2052 1116 2118 exaltaremiui,
1160 2051 1399 2121 quoniam
1436 2049 1594 2120 gratis
1642 2045 1977 2116 Evangelium
2023 2042 2116 2096 Dei

512 2146 863 2217 -:cvangelizavi
894 2144 1066 2197 vobis?
1088 2141 1230 2194 Alias
1262 2138 1520 2193 Ecclesias
1549 2136 1825 2207 δεδροιὶαυὶ
1869 2133 2119 2202 accipiens

527 2240 831 2312 stipendium
874 2235 942 2289 ad
985 2244 1202 2288 vestram
1240 2231 1696 2295 ministrationem;
1741 2237 1786 2282 et
1823 2242 1937 2280 cum
1981 2223 2120 2294 apud

526 2350 614 2387 vos
644 2332 849 2403 fuissem
868 2339 915 2382 et
938 2343 1161 2399 egerem,
1192 2324 1379 2379 nemini
1406 2324 1573 2395 gravis
1600 2322 1697 2393 fui.
1728 2319 1868 2374 Nam
1902 2318 1957 2372 id
1984 2316 2121 2387 quod

532 2425 705 2478 deerat
735 2422 858 2475 mihi
890 2420 1291 2490 adimplcverunt
1339 2418 1524 2488 fratres
1552 2414 1635 2484 qui
1663 2420 1901 2466 venerunt
1930 2427 1961 2463 a
1999 2408 2119 2462 Ma-

529 2514 759 2581 cedonia,
793 2522 837 2565 et
866 2512 918 2565 in
949 2509 1179 2564 omnibus
1208 2508 1469 2578 ingravate
1495 2522 1572 2557 me
1598 2521 1650 2557 in
1676 2503 1812 2555 vobis
1842 2499 2087 2554 custodivi
2103 2540 2117 2564 ,

532 2616 575 2659 et
605 2604 905 2659 custodiant.
940 2600 1033 2655 Est
1056 2601 1236 2654 veritas
1262 2598 1445 2651 Christi
1476 2598 1527 2649 in
1559 2611 1662 2659 me,
1685 2594 1804 2663 quia
1828 2591 1991 2663 gloria
2016 2590 2123 2643 ha’c

536 2714 635 2751 non
662 2696 961 2764 infringeIur
981 2693 1032 2745 in
1059 2706 1135 2743 me
1160 2690 1212 2743 in
1237 2686 1523 2758 regionibus
1542 2684 1764 2737 Achaica.
1783 2681 1986 2748 Quare?
2007 2679 2125 2748 quia

534 2805 635 2842 non
660 2803 744 2841 vos
769 2784 971 2856 diligo?
996 2782 1132 2835 Deus
1160 2780 1271 2833 scit.
1306 2777 1455 2844 Quod
1480 2784 1649 2828 autem
1672 2772 1804 2844 facio
1829 2780 1874 2823 et
1901 2770 2124 2839 facturus

531 2896 667 2944 sum,
700 2888 753 2931 ut
769 2884 1026 2945 amputem
1051 2872 1368 2925 occasionem
1397 2883 1565 2922 eorum
1587 2866 1674 2935 qui
1694 2862 1866 2917 volunt
1896 2860 2124 2915 occasio-

532 2987 667 3035 nem,
715 2980 770 3021 ut
820 2968 871 3019 in
904 2980 1001 3034 quo
1040 2961 1346 3034 gloriantur,
1394 2958 1713 3011 inveniantur
1762 2960 1894 3008 sicut
1944 2961 1991 3004 et
2034 2966 2125 3005 nos

536 3063 603 3131 (ll
627 3061 743 3115 Cor.
776 3074 849 3123 xi,
882 3054 1058 3125 7-12).
1089 3054 1166 3108 De
1202 3051 1303 3105 hac
1350 3048 1512 3119 igitur
1537 3046 1819 3101 occasione
1843 3058 2000 3114 quam
2042 3043 2126 3099 hic

540 3170 599 3209 se
625 3153 752 3207 dicit
778 3157 1076 3219 amputare,
1105 3145 1272 3199 voluit
1295 3141 1516 3211 intelligi
1542 3139 1683 3209 quod
1718 3138 1792 3192 ibi
1818 3138 1911 3203 ait,
1944 3134 2125 3205 Neque

536 3248 588 3299 in
611 3244 872 3299 occasione
892 3238 1205 3311 cupiditatis,
1236 3236 1370 3290 Deus
1397 3233 1536 3289 testis
1556 3242 1648 3287 est.
1678 3233 1743 3286 Et
1767 3230 1907 3301 quod
1938 3230 2021 3283 hic
2040 3228 2125 3282 di-

537 3339 629 3399 cit,
666 3336 750 3389 Me
771 3335 934 3406 ipsum
961 3327 1297 3393 humiliando,
1329 3336 1384 3380 ut
1412 3342 1498 3380 vos
1523 3323 1873 3379 exaltaremini
1895 3337 1913 3376 :
1943 3320 2045 3375 hoc
2074 3320 2127 3374 in

539 3433 707 3501 prima
738 3429 803 3482 ad
825 3425 1041 3482 eosdem
1077 3421 1404 3484 Corinthios,
1434 3417 1625 3472 Factus
1647 3434 1757 3471 sum
1797 3416 2012 3485 infirmis
2049 3415 2130 3468 in-

538 3526 748 3593 ﬁrmus;
779 3521 882 3575 hoc
910 3518 978 3573 ad
1016 3513 1545 3578 Thessalo‘nicenses,
1578 3510 1773 3564 Factus
1797 3525 1910 3563 sum
1946 3524 2130 3578 parvu-

540 3619 620 3671 lus
666 3616 716 3668 in
758 3612 921 3666 medio
958 3618 1209 3673 vestrum,
1237 3617 1478 3676 tanquam
1508 3604 1551 3658 si
1592 3603 1765 3657 nutriat
1802 3602 1964 3671 foveat
1996 3601 2130 3669 ﬁlios

532 3724 676 3761 suos.
710 3702 936 3759 Proinde
969 3698 1187 3755 attende
1216 3697 1493 3768 sequentia
1520 3712 1533 3750 :
1564 3693 1668 3760 Ita,
1703 3694 1896 3764 inquit,
1928 3692 2130 3746 deside-

532 3810 707 3853 rantes
729 3814 834 3863 vos,
859 3794 1024 3866 placet
1048 3792 1306 3862 impertire
1330 3790 1467 3845 vobis
1489 3804 1591 3843 non
1613 3788 1777 3842 solum
1800 3786 2130 3856 Evangelium

541 3893 652 3957 Dei,
683 3906 853 3944 verum
877 3888 1028 3941 etiam
1066 3885 1267 3938 animos
1303 3891 1506 3936 nostras
1534 3895 1555 3945 ;
1582 3880 1823 3950 quoniam
1847 3878 2131 3932 charissimi

540 3985 680 4037 nobis
716 3981 839 4053 facti
873 3979 1011 4033 estis.
1046 3973 1409 4031 Recordamini
1446 3972 1581 4027 enim
1606 4013 1620 4036 ,
1655 3973 1839 4042 fratres
1862 4010 1877 4036 ,
1911 3968 2132 4022 laborem

540 4086 763 4129 nostrum
788 4082 838 4125 et
862 4085 1141 4125 aerumnam
1163 4110 1176 4129 ,
1208 4077 1352 4120 nocte
1371 4075 1416 4119 et
1454 4065 1537 4118 die
1569 4070 1854 4133 operantes,
1887 4077 1951 4115 ue
1986 4076 2133 4131 quem

540 4177 755 4219 vostrum
783 4176 1106 4233 gravaremus
1135 4157 1152 4227 (
1177 4156 1196 4210 l
1227 4155 1401 4210 Thess.
1426 4171 1483 4220 ll,
1514 4156 1569 4219 8,
1593 4153 1676 4223 9).
1709 4154 1822 4207 Hoc
1860 4151 2003 4206 cnim
2044 4166 2134 4205 su-

548 4258 725 4326 perius
754 4255 845 4315 ait,
884 4251 1007 4305 Cum
1052 4265 1308 4320 possemus
1347 4246 1487 4301 oneri
1520 4245 1655 4299 vobis
1693 4260 1832 4310 esse,
1865 4253 1922 4297 ut
1948 4243 2135 4297 Christi

548 4346 797 4417 Apostoli.
822 4344 1157 4397 lntirmorum
1186 4341 1345 4410 igitur
1369 4338 1618 4408 periculis
1642 4377 1658 4403 ,
1687 4352 1755 4391 ne
1784 4334 1935 4391 falsis
1958 4336 2133 4405 suspi-

546 4439 789 4494 eionibns
837 4434 1015 4505 agitati
1062 4431 1301 4486 odissent
1343 4431 1493 4501 quasi
1538 4429 1725 4483 venale
1761 4427 2132 4497 Evangelium,

550 4544 798 4601 tanquam
825 4526 1056 4597 paternis
1081 4523 1440 4592 maternisque
1463 4521 1757 4577 visceribus
1794 4519 2137 4576 tremefactus

549 4626 653 4678 hoc
674 4620 816 4676 fecit.
842 4617 933 4673 Sic
958 4616 1118 4671 etiam
1146 4616 1196 4668 in
1224 4613 1440 4668 Actibus
1470 4611 1846 4681 Apostolorum
1882 4611 2022 4666 idem
2054 4612 2138 4666 lo-

549 4719 748 4788 quitur,
778 4727 898 4767 eum
930 4726 959 4765 a
990 4710 1170 4764 Mileto
1198 4707 1417 4761 mittens
1442 4706 1711 4775 Ephesum
1739 4713 1986 4758 vocasset
2015 4704 2139 4759 inde

552 4808 895 4879 presbyteros
922 4799 1192 4865 Εεοιρείτρ,
1225 4796 1418 4867 quibus
1445 4796 1581 4849 inter
1598 4796 1760 4849 multa
1797 4813 1810 4849 :
1839 4794 2138 4865 Argentum,

558 4900 738 4970 inquit,
766 4904 813 4951 et
850 4909 1032 4948 aurum
1058 4891 1134 4944 vel
1161 4898 1343 4943 vestem
1373 4886 1565 4940 nullius
1599 4887 1887 4957 concupiui,
1915 4887 2015 4955 ipsi
2044 4888 2142 4940 sci-

551 4995 653 5057 tis;
693 4988 932 5061 quoniam
973 4981 1347 5038 necessitatibus
1374 4979 1497 5031 meis
1536 4987 1581 5031 et
1615 4993 1788 5031 eorum
1826 4976 1910 5046 qui
1945 4993 2140 5029 mecum

554 5087 777 5151 fuerunt,
803 5079 881 5132 lue
898 5091 1076 5128 manus
1106 5067 1599 5128 servierunt.0mnia
1626 5067 1821 5121 ostendi
1847 5066 2001 5132 vobis,
2025 5084 2143 5137 quo-

556 5176 693 5227 niam
734 5188 805 5225 stc
834 5170 1117 5223 laborantes
1160 5172 1356 5234 oportet
1390 5163 1576 5234 juvare
1604 5160 1836 5229 infirmos
1856 5201 1870 5225 ,
1899 5176 2142 5214 memores

532 5268 705 5337 .gtiam
745 5262 1003 5316 verborum
1036 5259 1239 5312 Domini
1266 5256 1297 5309 .1
1305 5272 1422 5316 esu,
1448 5255 1567 5325 quia
1591 5254 1699 5325 ipse
1739 5254 1868 5308 dixit
1895 5270 1914 5307 :
1939 5252 2143 5307 Beatius

558 5371 627 5414 est
652 5359 809 5426 magis
831 5358 951 5409 dare
977 5372 1127 5424 quam
1147 5354 1375 5423 accipere
1401 5350 1537 5421 (Act.
1569 5365 1658 5415 xx,
1681 5348 1894 5419 55-55).

629 5447 856 5505 CAPUT
894 5446 1119 5500 Xlll.--
1146 5446 1232 5499 M.
1269 5443 1415 5511 Quod
1445 5451 1552 5497 erat
1572 5458 1698 5513 opus
1725 5440 1988 5512 carporale
2016 5440 2147 5507 Apo-

563 5542 699 5596 stoli.
734 5538 901 5606 Opera
926 5538 1133 5590 honesta
1158 5535 1224 5588 ad
1258 5537 1441 5589 victum
1465 5524 1887 5605 comparandum.
1919 5533 2013 5586 llic
2038 5533 2147 5585 lur-

554 5648 707 5689 'tussc
752 5630 940 5699 aliquis
982 5628 1123 5681 dicat
1166 5644 1181 5680 :
1230 5625 1283 5681 Si
1328 5628 1603 5695 corporale
1645 5642 1781 5694 opus
1827 5624 2149 5695 Operabatur

567 5723 872 5796 Apostolus,
919 5718 1059 5772 unde
1098 5717 1259 5770 vitam
1291 5716 1443 5768 istam
1472 5725 1826 5781 sustentaret;
1856 5715 1996 5787 quod
2033 5723 2150 5768 erat

569 5822 741 5886 ipsum
771 5828 925 5882 Opus,
956 5818 1010 5865 et
1038 5807 1250 5879 quando
1274 5808 1322 5862 ei
1344 5810 1563 5865 vacabat
1586 5816 1641 5866 et
1664 5811 1870 5881 operari
1903 5820 1955 5866 et
1974 5809 2151 5866 Evan-

632 5932 647 5961 ι
684 5925 877 5987 quidam
902 5930 1024 5971 διες,
1048 5918 1359 5981 pra’dicabat.

1454 468 1537 522 DE
1576 462 1803 522 OPERE
1843 458 2344 525 MONACHORUM,
2383 458 2440 516 S.
2484 459 2850 516 AUGUSTlNl

3702 458 3810 517 560

2210 574 2405 643 gelium
2437 574 2760 645 prmdicare?
2786 574 2881 630 Cui
2921 575 3222 645 respondeo
3248 594 3257 628 :
3282 575 3411 631 Puta
3430 591 3516 631 me
3545 577 3757 632 nescire
3786 584 3805 639 ς

2210 665 2560 735 corporaliter
2588 674 2763 721 tamen
2802 674 3081 736 operatum
3110 682 3263 735 esse,
3294 676 3347 721 et
3388 666 3513 723 inde
3557 669 3613 722 in
3639 680 3806 725 carne

2211 759 2439 827 vixisse,
2472 775 2577 814 non
2624 767 2804 813 autem
2841 774 2994 813 usum
3049 767 3315 831 potestate
3339 775 3498 831 quam
3534 760 3799 815 Dominus

2212 850 2487 919 Apostolis
2537 848 2793 917 dederat,
2844 858 2903 904 ut
2949 850 3298 921 Evangelium
3367 852 3692 906 annuntians
3741 852 3811 906 de

2216 940 2504 1010 Evangelio
2530 941 2753 1007 viveret,
2798 956 2861 997 ea
2890 957 3008 1012 quae
3037 957 3195 1012 supra
3219 941 3357 997 dicta
3389 952 3516 997 sunt
3559 944 3677 999 sine
3702 944 3811 998 ulla

2216 1030 2546 1087 dubitatione
2582 1040 2865 1088 testantur.
2918 1032 3103 1103 Neque
3129 1034 3273 1089 enim
3314 1043 3406 1089 aut
3439 1050 3547 1088 uno
3571 1034 3692 1090 loco
3718 1043 3812 1088 aut

2217 1124 2450 1180 breviter
2471 1125 2668 1180 dictum
2696 1134 2797 1192 est,
2828 1135 2884 1181 ut
2915 1129 3082 1196 possit
3108 1126 3341 1195 cujusvis
3363 1128 3677 1182 astutissimi
3703 1136 3812 1182 ter-

2214 1218 2569 1287 givcrsatione
2595 1218 2648 1272 in
2676 1218 2836 1273 aliam
2855 1218 3061 1274 traduci
3088 1220 3431 1290 pervcrtique
3458 1220 3806 1275 sententiam.

2216 1310 2349 1365 Cum
2383 1310 2539 1381 igitur
2562 1319 2723 1365 tantae
2762 1311 3093 1366 auctoritatis
3124 1319 3230 1365 tam
3266 1311 3471 1381 magnis
3514 1318 3568 1366 et
3606 1310 3815 1366 crebris

2225 1403 2457 1456 molibus
2483 1402 2960 1458 contradicentium
3003 1412 3311 1457 conteratur
3333 1403 3659 1464 adversitas;
3687 1404 3814 1471 quid

2218 1508 2247 1547 a
2276 1509 2361 1548 me
2386 1501 2652 1563 qumrunt,
2677 1495 2756 1547 vel
2786 1494 2940 1564 quale
2966 1508 3099 1563 opus
3123 1493 3349 1548 faciebat
3385 1494 3469 1548 vel
3493 1494 3709 1565 quando
3737 1494 3817 1548 fa-

2219 1584 2429 1640 ciebat?
2457 1584 2631 1640 Unum
2660 1586 2793 1653 scio,
2822 1586 2944 1657 quia
2968 1601 3067 1641 nec
3097 1587 3232 1641 furta
3256 1586 3502 1652 faciebat,
3538 1602 3638 1641 nec
3659 1586 3818 1641 etl‘rao

2220 1682 2338 1730 ctor
2363 1684 2455 1729 aut
2486 1676 2626 1731 latro
2657 1686 2795 1744 erat,
2832 1692 2933 1732 nec
2971 1678 3174 1747 auriga,
3212 1687 3305 1732 aut
3334 1687 3578 1744 venator,
3608 1687 3703 1732 aut
3730 1677 3817 1732 hi-

2221 1768 2372 1834 strio,
2405 1784 2504 1823 nec
2531 1768 2890 1838 turpilucrus:
2919 1768 3011 1823 sed
3039 1769 3353 1825 innocenter
3376 1779 3430 1823 et
3452 1770 3677 1824 honeste
3697 1784 3820 1839 qua:

2221 1870 2342 1930 apta
2372 1871 2496 1916 sunt
2522 1856 2767 1916 humanis
2796 1862 2979 1917 usibus
3010 1862 3364 1931 operabatur;
3392 1862 3529 1916 sicut
3571 1876 3691 1916 sese
3723 1860 3819 1914 ha-

2224 1951 2351 2007 bent
2388 1967 2551 2022 opera
2578 1952 2849 2007 fabrorum
2870 1994 2885 2019 ,
2910 1963 3256 2022 structorum,
3285 1963 3549 2018 sutorum,
3583 1954 3818 2008 rustico-6

2222 2057 2359 2107 rum,
2389 2051 2441 2097 et
2468 2042 2550 2098 his
2574 2043 2787 2099 similia.
2818 2043 3001 2114 Neque
3030 2045 3171 2100 enim
3201 2044 3453 2099 honestas
3485 2046 3599 2114 ipsa
3632 2058 3819 2114 reprc-

2226 2133 2428 2199 hendit,
2457 2134 2599 2204 quod
2628 2133 2974 2205 reprehendit
3000 2135 3250 2205 superbia
3276 2151 3460 2189 eorum
3487 2134 3579 2203 qui
3602 2133 3818 2188 honesti

2225 2226 2404 2281 vocari
2433 2233 2643 2293 amant,
2674 2226 2766 2282 sed
2797 2242 2916 2282 esse
2951 2242 3058 2281 non
3091 2237 3291 2281 amant.
3324 2227 3440 2281 Non
3473 2228 3637 2298 igitur
3665 2226 3821 2282 dedi-

2225 2324 2484 2387 gnaretur
2520 2316 2810 2387 Apostolus
2830 2318 2943 2373 sive
2971 2319 3297 2374 rusticanum
3325 2334 3458 2388 Opus
3480 2318 3698 2389 aliquod
3726 2333 3791 2389 ag
3810 2347 3824 2360 ο

2227 2407 2397 2475 gredi,
2430 2406 2543 2462 sive
2573 2408 2626 2461 in
2656 2406 2907 2477 opificum
2948 2409 3130 2463 labore
3160 2410 3383 2463 versari.
3415 2409 3517 2476 Qui
3548 2410 3694 2465 enim
3723 2411 3820 2471 ait,

2229 2500 2355 2554 Sine
2384 2498 2661 2566 o/fensione
2695 2510 2852 2555 estote
2886 2500 3105 2568 Iudicis,
3138 2513 3185 2557 et
3216 2501 3408 2557 Gra’cis
3438 2544 3451 2569 ,
3488 2512 3534 2557 et
3576 2501 3827 2557 Ecclesiis

2230 2590 2325 2646 Dei
2357 2591 2397 2665 (l
2423 2590 2543 2647 Cor.
2569 2608 2626 2658 χ,
2656 2593 2769 2662 5Q),
2799 2608 2934 2663 quos
2955 2594 3009 2648 in
3044 2593 3145 2649 hac
3178 2610 3340 2649 causa
3372 2595 3606 2650 revereri
3640 2604 3829 2666 posset

2230 2685 2437 2754 ignoro.
2470 2685 2525 2741 Si
2552 2684 2769 2741 Judazos
2799 2686 3061 2754 dixerint;
3092 2687 3417 2743 Patriarchae
3441 2704 3635 2758 pecora
3664 2704 3829 2759 pave-

2230 2786 2354 2832 runt
2381 2795 2395 2830 :
2425 2779 2468 2833 si
2490 2778 2729 2847 Griecos,
2759 2795 2894 2850 quos
2923 2780 3084 2835 etiam
3107 2781 3349 2852 Paganos
3379 2781 3640 2847 dicimus;
3660 2782 3827 2837 etiam

2231 2870 2581 2942 phil050phos
2614 2873 2838 2927 Inultum
2870 2873 2973 2929 sibi
3002 2873 3346 2930 honorabiles
3378 2883 3594 2930 sutores
3620 2876 3827 2930 habue-

2230 2970 2356 3016 runt
2384 2981 2397 3017 :
2426 2963 2470 3017 si
2496 2963 2791 3019 Ecclesiam
2823 2965 2950 3043 Dei;
2982 2962 3143 3020 homo
3171 2968 3260 3021 ille
3282 2966 3460 3036 justus
3489 2976 3542 3023 et
3572 2968 3639 3022 ad
3669 2969 3824 3024 testi~

2233 3055 2468 3109 monium
2495 3055 2790 3127 coniugalis
2829 3070 3044 3127 semper
3074 3074 3342 3114 mansura:
3366 3060 3692 3131 virginitatis
3718 3062 3834 3117 cleo

2232 3153 2376 3211 ctus,
2420 3146 2505 3201 cui
2534 3146 2857 3216 desponsata
2897 3158 3015 3204 erat
3053 3150 3205 3221 virgo
3231 3150 3416 3215 Maria,
3460 3168 3580 3221 qua:
3620 3154 3834 3223 peperit

2231 3236 2520 3303 Christum,
2550 3238 2699 3294 faber
2728 3238 2827 3294 fuit
2854 3240 3071 3311 (Matth.
3101 3258 3219 3305 xm,
3249 3243 3366 3314 55).
3397 3244 3666 3315 Quidquid
3697 3262 3832 3316 ergo

2235 3329 2425 3385 horum
2455 3346 2577 3385 eum
2615 3332 2917 3387 innocentia
2956 3342 3010 3388 et
3056 3335 3171 3389 sine
3207 3336 3393 3390 fraude
3421 3337 3671 3393 homines
3698 3353 3834 3409 ope-

2233 3432 2450 3492 rantur,
2479 3424 2679 3479 bonum
2707 3434 2809 3480 est.
2842 3426 2975 3480 Nam
3010 3437 3277 3496 praecavet
3318 3428 3420 3483 hoc
3445 3437 3501 3484 et
3542 3430 3659 3499 ipse
3688 3432 3838 3500 Apoa

2159 3573 2177 3585 ,
2234 3516 2422 3583 stolus,
2450 3532 2517 3571 ne
2545 3517 2825 3588 quisquam
2852 3532 2918 3573 ex
2954 3519 3277 3574 necessitate
3307 3521 3677 3576 sustentanda:
3708 3521 3836 3577 vita:

2236 3609 2286 3663 in
2319 3609 2455 3662 mala
2496 3624 2659 3679 opera
2699 3609 2985 3664 dilabatur.
3019 3609 3118 3677 Qui
3155 3612 3444 3681 furabatur,
3490 3612 3698 3682 inquit,
3717 3615 3836 3683 jam

2234 3718 2335 3755 non
2357 3706 2555 3773 furetur
2582 3718 2601 3756 :
2624 3702 2787 3773 magis
2808 3712 2979 3757 autem
3012 3701 3204 3756 laboret
3230 3704 3461 3759 manibus
3487 3706 3593 3757 suis
3619 3706 3832 3772 bonum,

2235 3802 2290 3844 ut
2320 3792 2499 3846 habeat
2541 3792 2675 3847 unde
2716 3792 2934 3847 tribuere
2971 3793 3054 3847 cui
3090 3810 3219 3862 opus
3253 3805 3324 3848 est
3358 3794 3575 3865 (Ep/tes.
3610 3812 3684 3862 tv,
3711 3796 3830 3867 28).

2235 3880 2348 3937 lloc
2373 3898 2501 3951 ergo
2531 3884 2669 3939 scire
2698 3882 2897 3939 sufficit
2916 3924 2931 3949 ,
2958 3885 3078 3954 quia
3109 3892 3164 3940 et
3204 3886 3258 3939 in
3290 3886 3404 3955 ipso
3429 3902 3594 3955 opere
3636 3902 3832 3958 corpo-

2237 3976 2333 4028 rali
2358 3975 2406 4028 id
2437 3975 2579 4044 quod
2603 3976 2798 4030 bonum
2824 3984 2908 4031 est
2934 3977 3255 4046 cperabatur
3282 3979 3592 4049 Apostolus.

2306 4068 2534 4123 CAPUT
2564 4068 2705 4123 XIV.
2733 4099 2808 4110 —
2831 4070 2915 4125 l5.
2947 4069 3166 4135 Quando
3194 4070 3375 4124 soleret
3409 4071 3688 4142 Apostolus
3713 4087 3839 4143 ope-

2238 4162 2360 4215 rari.
2387 4161 2756 4215 Monachorum
2777 4162 2958 4215 otium.
2981 4162 3206 4229 Quando
3232 4172 3408 4217 autem
3427 4163 3625 4217 soleret
3646 4177 3840 4233 opera-

2240 4253 2304 4318 ri,
2330 4252 2380 4306 id
2401 4261 2502 4319 est,
2526 4252 2720 4321 quibus
2742 4260 3039 4322 temporum
3063 4254 3266 4322 spatiis,
3292 4268 3360 4307 ne
3380 4252 3447 4307 ab
3471 4254 3841 4322 evangelizan-

2238 4344 2307 4396 do
2326 4342 2692 4412 impediretur,
2715 4343 2835 4412 quis
2856 4343 3023 4413 possit
3042 4343 3537 4411 comprehendere?
3555 4343 3700 4398 Sane
3714 4345 3839 4414 quia

2239 4446 2293 4489 et
2321 4434 2526 4489 diurnis
2553 4442 2608 4489 et
2629 4435 2903 4489 nocturnis
2931 4434 3077 4489 horis
3103 4434 3445 4504 operabatur,
3476 4435 3591 4505 ipse
3619 4452 3728 4491 non
3758 4445 3839 4489 Ia-

2240 4529 2349 4583 cuit
2377 4526 2419 4601 (ι
2440 4527 2617 4582 Thess.
2644 4542 2703 4593 ιι,
2722 4528 2777 4593 9,
2797 4536 2843 4581 et
2867 4527 2911 4582 ll
2933 4527 3110 4582 Thess.
3132 4544 3209 4596 tu,
3228 4528 3303 4597 8).
3327 4528 3712 4585 Verumtamen
3729 4530 3840 4598 isti,

2242 4624 2330 4692 qui
2355 4631 2604 4693 tanquam
2620 4622 2847 4678 multum
2863 4623 3123 4693 negotiosi
3150 4632 3206 4677 et
3232 4624 3474 4693 occupati
3502 4622 3571 4676 de
3597 4633 3842 4695 tempore

2242 4714 2568 4785 Operationis
2590 4714 2881 4784 inquirunt,
2900 4714 3024 4784 quid
3044 4712 3241 4784 agunt?
3267 4713 3535 4784 Numquid
3553 4715 3654 4784 ipsi
3673 4715 3744 4769 ab
3761 4716 3845 4771 Jo-

2244 4807 2473 4862 rusaiem
2496 4821 2591 4876 per
2610 4806 2890 4862 circuitum
2912 4820 3081 4875 usque
3100 4804 3165 4859 ad
3185 4804 3454 4875 Illyricum
3476 4814 3651 4860 terras
3669 4806 3845 4860 Evauc

2240 4903 2383 4971 gelio
2416 4900 2799 4969 repleverunt?
2826 4907 2919 4953 aut
2943 4897 3199 4968 quidquid
3222 4898 3459 4967 gentium
3488 4897 3845 4954 barbararum

2248 4992 2503 5047 remansit
2521 4991 2696 5046 adhuc
2715 4990 3019 5045 obeundum
3050 4999 3106 5044 et
3129 4988 3459 5058 implendum
3485 4988 3553 5043 de
3580 5005 3717 5060 pace
3745 4991 3848 5044 Ec-

2247 5085 2423 5139 clesiae
2453 5082 2845 5153 susceperunt?
2874 5082 3129 5137 Novimus
3158 5096 3252 5137 eos
3305 5082 3358 5136 in
3398 5083 3686 5152 quamdam
3718 5099 3847 5137 san-

2249 5185 2387 5231 ctam
2418 5176 2728 5231 societatem
2755 5174 3078 5229 otiosissime
3128 5182 3501 5244 congregatos.
3548 5173 3849 5228 Mirandam

2252 5283 2364 5321 rem
2393 5265 2516 5321 fecit
2540 5266 2846 5336 Apostolus,
2872 5266 2959 5335 qui
2992 5280 3179 5320 revera
3204 5264 3255 5319 in
3290 5274 3433 5319 tanta
3482 5265 3850 5320 sollicitudine

2251 5360 2488 5413 omnium
2521 5359 2905 5425 Ecelesiarum,
2930 5366 2985 5412 et
3013 5364 3425 5427 propagatarum
3457 5365 3513 5412 et
3543 5373 3851 5427 propagan-

2251 5450 2459 5515 darum,
2498 5449 2565 5504 ad
2619 5449 2737 5519 ejus
2786 5464 2971 5503 curam
3020 5448 3369 5519 laboremque
3424 5451 3846 5518 pertinentium,

2253 5545 2411 5599 etiam
2456 5543 2702 5597 manibus
2744 5542 3409 5612 operabaturzpropterea
3442 5552 3621 5596 tamen
3656 5584 3670 5605 ,
3726 5558 3852 5597 cum

2254 5634 2391 5704 apud
2419 5633 2725 5689 Corinthios
2751 5641 2897 5688 esset
2924 5641 2977 5689 et
2997 5641 3214 5702 egeret,
3262 5632 3462 5688 nemini
3505 5633 3728 5703 quidem
3756 5648 3854 5688 eo-

2257 5741 2371 5780 rum
2386 5725 2523 5794 apud
2550 5739 2686 5795 quos
2711 5734 2845 5791 erat,
2873 5739 3049 5795 gravns
3078 5724 3206 5790 fuit;
3231 5723 3325 5778 sed
3377 5722 3535 5793 plane
3576 5724 3721 5794 quod
3778 5726 3854 5779 illi

2257 5818 2465 5881 deerat,
2507 5817 2888 5885 suppleverunt
2922 5812 3116 5873 fratres
3157 5815 3248 5885 qui
3282 5823 3544 5871 venerunt
3582 5830 3648 5869 es
3681 5814 3855 5871 Mm

2260 5909 2414 5964 donia
2444 5907 2517 5980 (ll
2546 5908 2661 5962 Cor.
2697 5924 2775 5979 ut,
2797 5908 2879 5976 9).
