4078 6510
253 443 350 500 εὸί

323 556 558 614 CAPUT
595 556 713 615 XV.
744 557 922 614 -16.
943 556 1142 612 Paulus
1186 558 1483 641 praecipiens
1514 558 1718 628 operari
1745 574 1854 612 ser-

254 667 338 704 vos
369 648 484 715 Dei,
516 667 617 704 non
644 650 748 704 vult
780 658 946 705 tamen
974 665 1150 703 eorum
1198 650 1517 703 necessitates
1568 648 1735 702 minus
1763 665 1855 702 cn-

254 746 364 798 rari
394 762 425 798 a
450 744 709 813 ﬁdelibus.
732 742 902 798 Labor
944 744 1097 798 servis
1139 741 1236 796 Dei
1266 742 1523 813 eligendus
1570 742 1655 809 qui
1684 741 1855 796 animo

254 837 413 893 libero
440 845 759 897 exerceatur,
788 836 896 888 sine
924 850 1048 888 cura
1069 841 1115 887 et
1138 833 1434 902 cupiditate.
1477 832 1609 887 Nam
1661 841 1717 887 et
1743 832 1855 902 ipse

257 936 479 999 propter
507 926 773 997 ejusmodi
820 926 1170 981 necessitates
1198 931 1527 987 sanctorum,
1553 924 1643 993 qui
1664 938 1855 994 quam-

255 1021 336 1075 vis
385 1019 668 1089 praeceptis
704 1018 822 1089 ejus
856 1018 1248 1087 obtemperent,
1275 1024 1331 1074 ut
1354 1031 1474 1071 cum
1493 1014 1706 1069 silentio
1729 1028 1858 1083 ope-

254 1121 434 1167 rantes
457 1126 615 1166 suum
638 1125 829 1181 panem
854 1108 1199 1175 manducent,
1222 1116 1448 1177 possunt
1475 1115 1650 1161 tamen
1674 1105 1857 1160 multis

254 1220 319 1259 ex
348 1202 530 1259 causis
560 1202 799 1274 indigere
825 1201 1197 1271 supplemento
1228 1199 1408 1270 aliquo
1434 1199 1621 1253 talium
1646 1207 1856 1252 susten-
1898 1194 1901 1195 ⁷

258 1296 545 1360 talionum,
573 1310 695 1349 cum
722 1294 945 1349 dixisset
992 1291 1114 1353 talia
1159 1291 1359 1346 docens
1392 1299 1446 1346 et
1471 1304 1804 1359 praemonens
1837 1332 1853 1357 ,

256 1387 356 1442 llis
383 1396 553 1441 autem
578 1386 665 1455 qui
692 1383 940 1456 ejusmodi
959 1393 1101 1450 sunt,
1121 1382 1445 1452 praecipimus
1471 1389 1517 1434 et
1542 1380 1857 1433 obsecramus

253 1482 307 1534 in
333 1478 561 1534 Domino
586 1477 619 1532 J
627 1494 713 1532 esu
733 1476 953 1541 Christo,
982 1484 1035 1527 ut
1061 1491 1175 1528 cum
1199 1473 1397 1528 silentio
1427 1480 1688 1544 operantcs
1709 1486 1856 1524 suum

260 1588 443 1644 panem
459 1570 797 1635 manducent;
828 1584 896 1623 ne
923 1567 999 1621 illi
1022 1566 1112 1637 qui
1142 1565 1410 1621 habebant
1436 1563 1579 1619 unde
1609 1577 1856 1619 necessa-

258 1664 335 1719 ria
367 1662 540 1718 servis
565 1662 657 1715 Dei
689 1659 1007 1730 praeberent,
1026 1658 1126 1713 hac
1153 1656 1435 1713 occasione
1465 1656 1853 1727 pigrescerent,

254 1757 553 1828 providens
579 1757 833 1813 continuo
862 1754 1107 1825 subjecit,
1145 1752 1241 1808 Vos
1268 1761 1454 1818 autem,
1478 1756 1660 1825 fratres
1691 1793 1708 1818 ,
1761 1768 1857 1806 no-

255 1852 342 1903 lite
360 1848 617 1920 inﬁrmari
639 1847 998 1919 benefacientes
1030 1842 1109 1918 (ll
1127 1843 1305 1899 Thess.
1332 1859 1410 1911 ιιι,
1434 1844 1521 1911 12,
1548 1841 1662 1915 15).
1695 1843 1760 1897 Ει
1790 1841 1859 1897 ad

253 1944 434 1999 Titum
461 1958 583 1998 cum
612 1942 892 2008 scriberet,
929 1939 1134 2006 dicens,
1184 1936 1376 1993 Zenam
1425 1936 1767 2008 legisperitum
1812 1943 1861 1990 et

256 2036 443 2106 Apollo
461 2034 676 2090 sollicite
699 2034 966 2105 praemitte,
992 2041 1049 2086 ut
1076 2030 1205 2087 nihil
1246 2029 1351 2085 illis
1402 2029 1566 2095 desit;
1593 2037 1651 2084 ut
1678 2037 1860 2085 osten-

257 2129 411 2183 deret
436 2126 577 2181 unde
605 2126 711 2180 illis
732 2125 865 2180 nihil
893 2124 1084 2180 deesse
1107 2121 1353 2187 deberet,
1371 2121 1626 2177 continuo
1645 2120 1861 2191 subjun-

256 2220 355 2286 xit,
389 2217 602 2271 Discant
622 2226 791 2271 autent
820 2226 867 2270 et
896 2216 1053 2269 nostri
1073 2213 1217 2269 bonis
1242 2212 1478 2283 operibus
1528 2227 1745 2281 praeesse
1790 2211 1860 2265 ad

256 2311 570 2365 necessarios
600 2326 741 2376 usus,
774 2324 836 2363 ne
863 2309 962 2362 sint
982 2306 1284 2377 infructuosi
1334 2304 1475 2375 (Tit.
1506 2320 1584 2370 ιιι,
1619 2304 1708 2370 15,
1743 2304 1857 2372 M).

255 2403 601 2458 Timotheum
629 2401 814 2470 etiam,
841 2416 1001 2472 quem
1019 2399 1146 2455 dicit
1174 2397 1643 2469 germanissimum
1671 2396 1857 2463 ﬁlium,

255 2494 516 2566 quoniam
549 2492 756 2549 sciebat
793 2506 1018 2562 corpore
1062 2490 1332 2551 inﬁrmum
1357 2531 1373 2557 ,
1402 2489 1539 2544 sicut
1591 2486 1859 2555 ostendit,

258 2600 491 2641 monens
512 2600 638 2640 eum
660 2598 730 2639 ne
766 2599 957 2654 aquam
982 2582 1210 2649 biberet,
1238 2580 1333 2637 sed
1358 2580 1568 2636 modico
1593 2579 1716 2635 vino
1743 2587 1861 2634 ute-

256 2686 423 2743 retur,
455 2683 676 2746 propter
699 2673 1040 2729 stomachum
1067 2682 1122 2729 et
1148 2673 1457 2743 frequentes
1486 2686 1609 2726 suas
1638 2669 1863 2725 inﬁrmi-

257 2780 393 2825 tates
419 2768 481 2839 (l
503 2767 643 2822 Tim.
673 2783 732 2836 v,
754 2766 847 2837 25)
867 2784 882 2833 ;
905 2767 1029 2837 quia
1049 2766 1104 2821 in
1130 2780 1295 2835 opere
1317 2763 1583 2834 corporali
1607 2762 1861 2819 laborare

258 2877 365 2916 non
382 2869 619 2932 poterat,
648 2875 719 2915 ne
742 2859 877 2915 forte
905 2874 1026 2913 cum
1054 2856 1292 2928 indigere
1314 2856 1482 2911 nollet
1502 2856 1642 2911 victu
1680 2853 1859 2927 quoti-

257 2954 416 3013 diano
440 2953 509 3007 ab
538 2951 617 3009 eis
643 2950 837 3022 quibus
868 2949 1212 3021 Evangelium
1242 2949 1576 3005 ministrabat
1601 2949 1643 3013 ί,
1681 2949 1859 3018 aliqua

259 3046 357 3101 sibi
388 3044 607 3116 negotia
633 3052 922 3115 qumreret,
942 3043 1135 3114 quibus
1157 3042 1321 3096 animi
1341 3041 1457 3112 ejus
1488 3041 1862 3112 implicaretur

258 3136 492 3192 intentio
522 3135 700 3208 (aliud
730 3143 813 3190 est
832 3134 975 3189 enim
1008 3148 1235 3203 corpore
1259 3132 1505 3188 laborare
1528 3133 1707 3187 animo
1726 3130 1860 3186 libe-

257 3244 341 3294 ro,
368 3229 507 3284 sicut
526 3227 725 3298 opifex,
754 3228 800 3282 si
829 3241 937 3282 non
964 3226 1035 3281 sit
1057 3225 1428 3280 fraudulentus
1447 3233 1501 3279 et
1527 3239 1722 3279 avarus
1755 3265 1769 3288 ,
1803 3232 1861 3278 et

260 3319 480 3389 privata:
508 3318 586 3373 rei
607 3317 828 3384 avidus;
857 3316 1003 3371 aliud
1021 3324 1200 3371 autem
1230 3315 1406 3385 ipsum
1434 3314 1674 3369 animum
1700 3329 1860 3369 occu-

258 3425 386 3482 pare
412 3411 561 3465 curis
584 3407 899 3479 colligendae
926 3407 1046 3463 sine
1084 3407 1330 3477 corporis
1360 3406 1541 3461 labore
1568 3405 1809 3477 pecuniae
1839 3447 1858 3474 ,

258 3502 394 3557 sicut
417 3509 544 3557 sunt
568 3500 653 3556 vel
678 3499 1066 3571 negotiarores,
1092 3497 1179 3553 vel
1211 3506 1607 3568 procuratores,
1625 3497 1709 3552 vel
1731 3511 1864 3552 con-

260 3592 517 3647 ductores
541 3609 556 3645 :
582 3604 709 3645 cura
732 3588 875 3645 enim
907 3595 1166 3659 praesunt,
1194 3602 1303 3643 non
1352 3587 1597 3644 manibus
1625 3602 1857 3657 operan-

259 3694 363 3748 tur,
388 3682 621 3755 ideoque
648 3681 823 3751 ipsum
849 3679 1087 3734 animum
1120 3692 1278 3733 suum
1320 3685 1583 3749 occupant
1626 3676 1858 3731 habendi

258 3769 662 3842 sollicitudine)
690 3788 704 3824 :
735 3769 1075 3825 Timotheum
1103 3782 1231 3839 ergo
1251 3808 1267 3835 ,
1293 3782 1364 3822 ne
1398 3767 1452 3821 in
1485 3767 1608 3821 talia
1660 3765 1861 3821 incide-

259 3878 360 3935 ret,
389 3869 515 3940 quia
545 3883 640 3938 per
661 3866 1031 3922 inﬁrmitatem
1060 3863 1306 3935 corporis
1356 3861 1602 3917 manibus
1648 3861 1858 3931 operari

257 3979 359 4017 non
398 3969 632 4033 poterat,
664 3959 742 4015 sic
783 3959 1117 4022 exhortatur,
1166 3962 1351 4010 monet
1402 3962 1457 4008 et
1504 3953 1855 4009 consolatur:

256 4055 482 4122 Labore,
516 4052 718 4123 inquit,
746 4051 873 4107 sicut
899 4050 1059 4105 bonus
1109 4046 1254 4102 miles
1283 4047 1471 4101 Christi
1512 4045 1660 4100 Jesu.
1691 4043 1860 4098 Nemo

256 4148 481 4205 militans
504 4145 611 4199 Deo
634 4144 865 4213 implicat
892 4158 947 4196 se
972 4140 1183 4211 negotiis
1209 4136 1557 4204 sazcularibus,
1582 4145 1636 4188 ut
1660 4133 1859 4207 placeat

255 4242 334 4297 cui
353 4257 408 4295 se
439 4238 690 4310 probavit.
712 4234 852 4290 Nam
878 4235 963 4304 qui
992 4236 1046 4288 in
1066 4247 1228 4302 agone
1255 4229 1531 4294 contendit,
1568 4245 1669 4282 non
1708 4244 1857 4282 coro-

256 4344 410 4387 natur
440 4332 543 4386 nisi
567 4330 787 4402 legitime
803 4326 1087 4382 certaverit.
1119 4324 1217 4380 llic
1244 4339 1313 4380 ne
1340 4323 1429 4378 ille
1462 4329 1732 4392 pateretur
1758 4337 1858 4376 an-

256 4426 482 4497 gustias,
513 4424 720 4490 dicens,
748 4420 949 4476 Fodere
989 4435 1092 4473 non
1136 4433 1339 4489 possum
1365 4458 1380 4483 ,
1408 4415 1694 4469 mendicare
1738 4430 1860 4467 con-

257 4517 449 4587 fundor
505 4514 667 4585 (Luc.
703 4529 815 4578 xw,
849 4511 904 4580 5)
929 4528 944 4577 ;
974 4509 1237 4580 adjunxit,
1275 4506 1611 4561 Laborantem
1662 4505 1860 4577 agrico-

258 4613 361 4677 lam
385 4610 611 4680 primunt
658 4614 852 4677 oportet
882 4604 945 4658 de
999 4602 1245 4675 fructibus
1293 4600 1548 4671 percipere
1596 4597 1676 4673 (ll
1721 4596 1853 4651 Tim.

259 4719 318 4769 ιι,
345 4703 413 4774 ϐ)
450 4720 464 4756 :
493 4698 793 4756 secundum
838 4695 969 4751 illud
1005 4693 1151 4765 quod
1178 4692 1244 4749 ad
1269 4691 1575 4748 Corinthios
1612 4690 1855 4759 dixerat,

262 4796 390 4861 Quis
434 4792 623 4847 militat
668 4790 774 4845 suis
806 4787 1073 4859 stipendiis
1102 4784 1368 4857 unquam?
1401 4783 1525 4850 Quis
1556 4782 1753 4853 plantat
1781 4782 1858 4836 vi-

256 4903 427 4951 neam,
460 4894 507 4940 et
527 4881 591 4937 de
611 4885 782 4955 fructu
802 4881 914 4950 eius
934 4894 1036 4933 non
1056 4877 1200 4932 edit?
1231 4876 1356 4943 Quis
1381 4875 1543 4947 pascit
1572 4890 1795 4946 gregem,
1812 4883 1860 4927 et

253 4980 314 5033 de
339 4980 474 5033 laete
493 4976 660 5049 gregis
686 4990 789 5028 non
817 4971 1029 5045 percipit
1051 4968 1109 5042 (ι
1135 4967 1257 5025 Cor.
1284 4984 1361 5034 ιιι,
1390 4968 1445 5036 7)
1467 4968 1491 5021 ?
1512 4965 1665 5023 Fecit
1691 4967 1759 5020 ita
1775 4980 1858 5020 se-

254 5087 446 5127 curum
463 5076 675 5124 castum
697 5064 1102 5136 evangelistam,
1132 5076 1238 5117 non
1257 5059 1324 5115 ad
1353 5059 1454 5114 hoc
1484 5057 1859 5128 evangelizan-

254 5176 358 5222 tem
389 5172 451 5220 ut
473 5161 733 5219 venderet
752 5156 1126 5228 Evangelium,
1150 5154 1245 5213 sed
1265 5162 1444 5208 tamen
1464 5150 1590 5213 huic
1616 5151 1743 5205 vitm
1763 5164 1857 5205 ne-

256 5257 490 5314 cessaria
522 5254 636 5310 suis
664 5251 769 5309 sibi
795 5250 1054 5307 exhibere
1096 5246 1345 5303 manibus
1400 5259 1507 5300 non
1537 5242 1802 5299 valentem
1840 5260 1854 5310 ;

253 5363 307 5406 ut
334 5338 704 5420 intelligeret,
729 5343 873 5416 quod
898 5339 1261 5398 necessarium
1285 5337 1386 5392 sibi
1413 5334 1657 5391 sumebat
1682 5334 1750 5389 ab
1778 5332 1857 5390 eis

251 5444 445 5512 quibus
496 5448 754 5508 tanquam
802 5430 1222 5505 provincialibus
1264 5426 1563 5492 militabat,
1620 5433 1676 5482 et
1720 5440 1859 5495 quos

262 5543 517 5604 tanquam
544 5530 759 5585 vineam
787 5526 997 5582 cultura
1024 5521 1309 5588 exercebat
1334 5518 1420 5574 vel
1447 5526 1699 5588 tanquam
1731 5531 1855 5588 gre-

313 5687 327 5718 '
365 5685 504 5745 ωίιίν
530 5695 640 5734 cum
660 5680 900 5755 ξηιέίθετει
920 5684 968 5755 ει
985 5676 1225 5755 collatas?
1262 5670 1728 5755 adsuetus?!“

254 5755 462 5806 statas"
492 5736 624 5797 ὀισπ
659 5736 883 5808 indigere
916 5740 1066 5808 nollet
1100 5738 1229 5808 victu
1266 5736 1562 5808 quotidiani),
1602 5742 1730 5808 etc,
1752 5736 1857 5808 qui-

252 5795 462 5860 busdam
474 5795 656 5869 tamen
672 5795 903 5869 exc‘éptis
930 5804 1022 5869 qui
1054 5802 1264 5869 habent,
1278 5795 1412 5869 'cum.
1420 5796 1673 5869 indigeret.
1684 5801 1731 5869 et
1751 5795 1854 5869 n91.

251 5857 774 5941 “Cilicia—quotidiana
805 5857 863 5917 ab
894 5857 971 5919 cis.
997 5864 1163 5929 quibus
1209 5857 1853 5929 Erangclium"ministrabat

250 5926 524 5997 sustentari.

1688 440 1894 496 LIBER
1934 441 2130 501 UNUS.

1963 575 2083 631 gem
2113 559 2382 630 pascebat,
2415 576 2520 616 non
2551 576 2671 618 esse
2692 563 3088 621 mendicitatem
3116 605 3131 632 ,
3173 566 3269 623 sed
3314 575 3553 638 potesta-
3588 612 3604 617 -

1964 665 2093 709 tem.

2033 745 2260 802 CAPUT
2302 745 2445 802 XVI.
2474 749 2657 803 -17.
2682 747 2876 804 Paulus
2920 751 3026 806 vult
3075 768 3106 805 a
3154 750 3389 822 ﬁdelibus
3430 772 3583 826 sup..-

1964 837 2093 907 pleri
2112 839 2425 893 necessitates
2452 854 2707 894 servorum
2749 840 2866 909 Dei,
2897 843 2984 912 qui
3003 844 3188 898 victum
3212 847 3309 900 sibi
3336 857 3550 917 propter
3575 878 3593 889 τι

1962 932 2312 1003 occupationes
2332 932 2408 987 vel
2430 933 2748 1002 inﬁrmitates
2776 950 3073 1005 comparare
3095 953 3197 991 non
3221 937 3410 993 valent.
3450 939 3503 993 Μ
3510 940 3556 992 i-

1963 1024 2225 1079 nisterium
2241 1026 2295 1079 in
2323 1036 2541 1092 sanctas,
2572 1042 2671 1097 quo
2694 1028 2999 1099 supplentur
3045 1030 3274 1084 carnalia
3298 1032 3361 1087 iis
3380 1049 3412 1085 a
3442 1032 3557 1103 qui-
3596 1078 3603 1081 _

1961 1113 2053 1169 bus
2072 1115 2287 1170 vicissim
2320 1116 2638 1188 accipiuntur
2664 1117 2974 1188 spiritualia.
3004 1117 3175 1173 Paulo
3224 1119 3458 1175 obediant
3505 1132 3552 1176 et
3598 1160 3599 1163 η

1961 1210 2091 1263 servi
2106 1208 2202 1263 Dei
2230 1209 2507 1264 laborando
2526 1227 2546 1277 ;
2568 1220 2613 1263 et
2637 1210 2755 1265 boni
2792 1210 2967 1279 ﬁdeles
3015 1226 3191 1266 eorum
3232 1216 3553 1271 necessitates
3596 1262 3605 1273 .

1960 1299 2262 1371 supplendo.
2296 1300 2521 1370 Propter
2549 1302 2644 1356 has
2669 1301 2829 1372 igitur
2875 1303 2961 1358 vel
2999 1304 3377 1374 occupationes
3433 1322 3551 1361 ser-

1960 1406 2151 1448 vorum
2180 1390 2297 1458 Dei,
2321 1391 2403 1447 vel
2436 1392 2770 1448 inﬁrmitates
2810 1393 3116 1463 corporales
3163 1411 3284 1465 quae
3333 1398 3553 1453 omnino
3597 1443 3599 1447 Α

1962 1482 2154 1539 deesse
2179 1498 2290 1539 non
2319 1494 2560 1553 possunt,
2596 1500 2701 1540 non
2729 1485 2901 1540 solum
2953 1486 3213 1557 permittit
3267 1489 3555 1558 Apostolus

1962 1583 2268 1630 sanctorum
2296 1575 2614 1647 indigentias
2642 1577 2879 1647 suppleri
2908 1592 2939 1631 a
2969 1577 3125 1633 bonis
3152 1578 3417 1646 ﬁdelibus,
3451 1581 3546 1636 sed

1963 1664 2122 1720 etiam
2144 1665 2497 1722 saluberrime
2526 1667 2788 1723 hortatur.
2814 1667 3051 1738 Excepta
3087 1670 3229 1724 enim
3255 1669 3342 1724 illa
3390 1682 3545 1739 pote-

1962 1764 2120 1823 state,
2149 1772 2249 1826 qua
2272 1772 2330 1812 se
2349 1756 2478 1812 dicit
2506 1758 2620 1828 ipse
2642 1773 2746 1813 non
2771 1775 2948 1825 usum,
2978 1760 3062 1816 cui
3094 1768 3274 1816 tamen
3304 1764 3551 1818 servien-

1963 1846 2089 1902 dum
2117 1862 2237 1903 esse
2264 1863 2295 1903 a
2321 1848 2568 1905 ﬁdelibus
2599 1850 2859 1920 praecipit,
2877 1849 3083 1919 dicens,
3106 1849 3450 1907 Communicet
3471 1856 3556 1924 qui

1964 1938 2304 1993 catechizatur
2331 1939 2499 2007 verba,
2522 1939 2568 1993 ei
2591 1940 2677 2008 qui
2708 1956 2762 1995 se
2792 1942 3088 2008 catechizat,
3116 1943 3170 1996 in
3199 1942 3432 1998 omnibus
3459 1943 3555 1998 bo-

1964 2030 2045 2085 nis
2073 2029 2281 2102 (Galat.
2308 2047 2381 2098 v1,
2405 2031 2463 2102 6)
2489 2047 2504 2085 :
2540 2041 2759 2103 excepta
2780 2048 2908 2103 ergo
2957 2033 3056 2087 hac
3084 2042 3369 2103 potestate,
3392 2051 3552 2106 quam

1965 2123 2118 2179 verbi
2144 2124 2519 2194 praedicatores
2545 2125 2743 2181 habere
2771 2126 2823 2179 in
2852 2139 2948 2181 eos
2977 2127 3168 2197 quibus
3218 2127 3546 2198 praedicant,

1965 2230 2111 2285 szepe
2142 2224 2388 2283 testatur,
2419 2216 2579 2272 etiam
2606 2216 2805 2272 sanctis
2848 2216 2938 2287 qui
2987 2218 3164 2272 omnia
3192 2234 3289 2273 sua
3339 2218 3555 2274 vendita

1967 2308 2388 2375 distribuerant,
2420 2318 2475 2364 et
2498 2308 2855 2381 Jerosolymis
2908 2309 3218 2364 habitabant
3270 2311 3323 2364 in
3368 2320 3554 2365 sancta

1967 2399 2345 2454 communione
2395 2399 2533 2465 vitae,
2566 2413 2672 2454 non
2704 2399 2945 2454 dicentes
2991 2399 3188 2469 aliquid
3231 2401 3502 2469 proprium
3535 2442 3551 2467 ,

1968 2490 2163 2560 quibus
2191 2498 2345 2545 erant
2368 2489 2548 2544 omnia
2575 2490 2898 2553 communia,
2916 2500 2968 2544 ct
2992 2491 3170 2544 anima
3199 2501 3255 2546 et
3276 2506 3370 2546 cor
3390 2508 3552 2546 unum

1966 2581 2019 2636 in
2038 2581 2203 2636 Deum
2230 2582 2379 2651 (Act.
2406 2596 2465 2650 ιι,
2494 2581 2584 2646 44,
2609 2590 2655 2634 ει
2681 2596 2754 2648 tv,
2784 2580 2912 2650 52);
2938 2581 3003 2634 ab
3024 2581 3276 2636 Ecclesiis
3301 2580 3553 2637 Gentium

1966 2671 2269 2727 necessaria
2294 2670 2530 2727 conferri
2558 2671 2799 2741 prmcipit.
2831 2680 2885 2725 et
2930 2669 3193 2725 hortatur.
3224 2670 3352 2727 Inde
3381 2679 3462 2727 est
3500 2681 3569 2729 ct.

1965 2763 2096 2819 illud
2120 2764 2187 2820 ad
2210 2763 2481 2820 Romanos
2514 2782 2529 2819 :
2562 2762 2716 2817 Nunc
2737 2763 2896 2835 igitur
2924 2780 3127 2833 pergam
3147 2762 3437 2819 Jerusalem
3463 2766 3555 2817 mi-

1967 2856 2185 2911 nistrare
2211 2857 2421 2911 sanctis.
2452 2856 2655 2910 Placuit
2708 2857 2842 2911 enim
2894 2855 3215 2911 Macedonia:
3256 2866 3303 2912 et
3348 2858 3555 2912 Achaia:

1964 2949 2367 3004 communionem
2388 2950 2613 3018 aliquam
2641 2949 2806 3019 facere
2827 2951 2880 3004 in
2920 2967 3167 3021 pauperes
3214 2960 3503 3005 sanctorum
3536 2992 3550 3016 ,

1963 3041 2052 3111 qui
2072 3050 2189 3096 sunt
2210 3039 2517 3095 Jerusalem.
2550 3040 2757 3095 Placuit
2786 3042 2919 3095 enim
2961 3042 3088 3107 illis,
3120 3049 3166 3095 et
3188 3041 3431 3096 debitores
3467 3058 3555 3097 eo-

1963 3152 2081 3190 rum
2107 3143 2247 3191 sunt.
2273 3134 2332 3191 St
2358 3136 2493 3190 enim
2541 3134 2893 3206 spiritualibus
2920 3151 3093 3189 eorum
3144 3136 3554 3190 communicave-

1961 3236 2085 3281 runt
2133 3227 2353 3294 Centes,
2386 3226 2562 3281 debent
2615 3236 2663 3281 et
2720 3227 2775 3281 in
2812 3228 3102 3281 carnalibus
3142 3229 3429 3282 ministrare
3480 3230 3553 3288 eis

1964 3322 1984 3391 (
2012 3321 2161 3376 Rom.
2186 3337 2280 3387 xv,
2306 3322 2361 3388 5,
2390 3320 2506 3389 27).
2540 3320 2651 3375 llnc
2678 3320 2857 3376 simile
2886 3330 2970 3375 est
2990 3320 3069 3375 illi
3090 3320 3232 3391 quod
3259 3322 3334 3376 ait
3363 3321 3428 3377 ad
3451 3318 3555 3375 Co-

1963 3412 2191 3468 rinthios
2219 3429 2234 3467 :
2261 3412 2322 3468 Si
2374 3429 2465 3467 nos
2502 3412 2640 3467 vobis
2683 3413 2973 3484 spiritualia
3023 3414 3408 3479 seminavimus,
3443 3431 3553 3467 ma-

1962 3520 2120 3574 gnum
2140 3513 2211 3557 est
2238 3504 2283 3557 si
2308 3504 2535 3558 carnalia
2559 3513 2722 3557 vestra
2751 3512 2998 3558 metamus
3035 3502 3092 3575 (l
3131 3502 3248 3558 Cor.
3280 3520 3331 3558 ιχ
3349 3545 3363 3570 ,
3400 3505 3459 3559 ll
3488 3502 3553 3575 )?

1964 3591 2093 3649 Item
2113 3593 2181 3648 ad
2205 3592 2512 3648 Corinthios
2541 3594 2591 3648 in
2610 3594 2844 3649 secunda
2879 3613 2893 3648 :
2927 3593 3118 3648 Notam
3147 3603 3335 3659 autem,
3357 3595 3547 3665 inquit,

1963 3686 2100 3740 vobis
2128 3686 2362 3757 facimus,
2393 3688 2596 3757 fratres,
2620 3688 2838 3757 gratiam
2867 3685 2963 3741 Dei
2988 3702 3102 3756 qua:
3127 3687 3248 3739 data
3270 3697 3344 3741 est
3371 3688 3425 3740 in
3447 3686 3554 3741 Ec-

1961 3776 2125 3832 clesiis
2155 3776 2487 3844 Macedoniae,
2518 3777 2640 3848 quia
2666 3778 2723 3832 in
2746 3778 2909 3831 multa
2932 3777 3225 3849 probatione
3255 3778 3545 3834 tribulatio-

1961 3871 2096 3935 nis‘,
2119 3870 2429 3924 abundantia
2480 3871 2655 3941 gaudii
2683 3887 2858 3924 eorum
2894 3881 2940 3924 et
2984 3870 3242 3942 profunda
3273 3881 3545 3940 paupertas

1962 3978 2135 4017 eorum
2157 3961 2429 4016 abundavit
2448 3963 2501 4015 in
2525 3961 2713 4016 divitiis
2738 3962 3076 4031 simplicitatis
3093 3977 3291 4025 eorum;
3320 3963 3437 4032 quia
3461 3979 3515 4015 se
3531 3994 3549 4005 -

1962 4054 2185 4108 cundum
2227 4054 2353 4107 vires
2380 4094 2394 4118 ,
2428 4053 2767 4107 testimonium
2819 4052 3054 4123 perhibeo
3078 4054 3122 4120 ³,
3152 4062 3199 4106 et
3224 4069 3382 4123 supra
3419 4054 3549 4106 vires

1963 4145 2234 4199 voluntarii
2264 4147 2491 4217 fuerunt,
2523 4160 2638 4198 cum
2664 4144 2837 4198 multis
2861 4144 3091 4214 precibus
3116 4144 3430 4199 obsecrantes
3454 4162 3547 4199 nos

1960 4239 2179 4310 gratiam
2204 4248 2251 4292 et
2276 4238 2676 4293 communionem
2702 4237 3086 4292 ministrationis
3114 4252 3229 4307 qua:
3250 4238 3306 4301 ﬁt
3343 4238 3396 4292 in
3429 4255 3551 4292 san-

1961 4340 2100 4385 ctos:
2128 4338 2176 4383 et
2197 4346 2297 4383 non
2321 4328 2571 4398 quomodo
2592 4329 2921 4398 speravimus,
2943 4327 3031 4382 sed
3056 4344 3109 4382 se
3148 4329 3286 4399 ipsos
3314 4329 3553 4384 tradide-

1960 4430 2080 4475 runt
2107 4421 2326 4491 primum
2348 4419 2566 4474 Domino
2585 4459 2601 4486 ,
2629 4428 2674 4472 et
2705 4419 2847 4472 nobis
2890 4435 2978 4489 per
2999 4418 3307 4474 voluntatem
3334 4420 3455 4489 Dei,
3483 4422 3552 4474 ad
3574 4446 3581 4489 ξ

1961 4514 2334 4585 deprecandum
2361 4511 2549 4578 Titum,
2579 4520 2636 4566 ut
2659 4511 2911 4581 quomodo
2939 4513 3108 4581 cmpit,
3134 4514 3206 4567 sic
3237 4522 3283 4567 et
3309 4529 3552 4569 consum-

1961 4616 2062 4661 met
2090 4608 2143 4661 in
2164 4623 2249 4661 vos
2264 4607 2418 4660 etiam
2460 4607 2679 4676 gratiam
2704 4606 2877 4661 istam.
2909 4605 3016 4661 Sed
3041 4607 3297 4676 quomodo
3352 4624 3554 4679 semper

1962 4698 2273 4754 abundatis'
2312 4698 2367 4751 in
2391 4696 2622 4753 omnibus
2651 4696 2775 4766 ﬁde,
2802 4706 2848 4750 et
2875 4696 3024 4751 verbo
3050 4737 3065 4763 ,
3116 4707 3162 4751 et
3205 4699 3415 4752 scientia
3444 4740 3459 4765 ,
3508 4710 3556 4754 et
3578 4744 3587 4761 ,

1963 4790 2101 4845 omni
2125 4788 2315 4854 studio,
2342 4797 2391 4842 et
2417 4804 2478 4843 ea
2504 4803 2620 4857 quae
2651 4804 2714 4842 ea:
2739 4789 2876 4842 vobis
2906 4797 2978 4841 est
3003 4788 3053 4842 in
3076 4788 3461 4854 noseharitate,
3500 4800 3556 4842 ut

1962 4889 2007 4935 et
2031 4880 2085 4933 in
2110 4879 2207 4933 hac
2222 4879 2387 4951 gratia
2406 4877 2693 4932 abundetis.
2726 4876 2846 4931 Non
2876 4877 3151 4937 secundum
3170 4878 3441 4946 imperium
3472 4880 3555 4933 (Ιί-

1963 4986 2043 5039 co,
2073 4970 2160 5025 sed
2185 4978 2389 5041 prapter
2403 4969 2624 5023 aliorum
2643 4967 2867 5023 studium
2897 4977 2941 5021 et
2960 4978 3136 5021 vestra:
3152 4968 3414 5027 charitatis
3434 4969 3552 5023 cha-

1962 5061 2258 5117 rissimum‘
2284 5060 2524 5133 probans.
2553 5059 2715 5119 Scitis
2732 5060 2865 5115 enim
2902 5059 3120 5130 gratiam
3150 5057 3357 5113 Domini
3387 5063 3548 5116 nostri

1960 5153 1999 5209 Ι
2002 5171 2088 5210 esu
2104 5153 2310 5219 Christi,
2338 5153 2576 5229 quoniam
2599 5160 2805 5223 pr0pter
2820 5166 2904 5205 vos
2922 5166 3116 5220 pauper
3128 5154 3294 5222 factus
3309 5162 3402 5216 est,
3435 5170 3552 5208 cum

1963 5249 2100 5304 dives
2120 5255 2264 5314 esset,
2290 5256 2345 5301 ut
2370 5247 2510 5304 illius
2529 5254 2826 5316 paupertate
2845 5261 2931 5298 vos
2960 5244 3271 5299 ditaremini.
3318 5244 3387 5299 Et
3427 5263 3555 5302 con-

1964 5341 2133 5395 silium
2156 5341 2210 5394 in
2234 5338 2327 5393 hoc
2356 5338 2422 5392 do
2445 5353 2465 5393 :
2494 5337 2589 5391 hoc
2608 5337 2739 5391 enim
2767 5335 2905 5390 vobis
2948 5334 3175 5405 prodest,
3214 5337 3300 5406 qui
3341 5354 3441 5392 non
3468 5354 3557 5392 so-

1964 5432 2069 5486 lum
2098 5431 2283 5503 facere,
2305 5429 2394 5491 sed
2421 5429 2570 5485 etiam
2616 5426 2743 5484 velle
2782 5427 3000 5497 cwpistis
3049 5427 3112 5481 ab
3157 5444 3294 5482 anno
3348 5432 3556 5499 priore;

1987 5668 1995 5678 _
2028 5608 2043 5639 ί
2065 5604 2293 5677 plerique
2314 5616 2373 5655 ac
2409 5603 2626 5667 potiores
2646 5611 2773 5663 Mss.,
2798 5600 2851 5652 in
2871 5598 3023 5651 multa
3043 5599 3351 5654 tribulatione
3383 5604 3558 5668 proba»

1959 5676 2217 5801 (zozmtid‘iti,
2234 5724 2460 5793 perhibeo
2480 5726 2596 5779 illis.
2618 5726 2782 5788 Abest,
2799 5724 2917 5786 illis,
2943 5738 2972 5774 a
2991 5734 3095 5775 MSS.
3124 5733 3177 5777 et
3192 5738 3219 5776 a
3243 5733 3559 5791 grieeotextu

1962 5789 2444 5922 Apflfiltldocinensis
2461 5858 2563 5922 δίεν
2592 5863 2738 5922 super
2772 5848 3056 5922 abundalisz

2027 5916 2047 5947 δ
2082 5922 2207 5965 Unus
2233 5921 2285 5964 ct
2306 5913 2430 5964 alter
2453 5914 2627 5976 codex,
2654 5912 2898 5978 ingenium
2919 5912 3271 5965 charissimam.

3451 455 3558 511 562
3644 439 3666 531 ἴ
