3986 6504
517 476 627 533 563
1482 465 1567 520 DE
1606 462 1833 522 OPEllE
1863 459 2357 527 MONACIIORUM,
2390 461 2446 518 S.
2490 461 2856 519 AUGUSTINI
3680 468 3784 525 5t};

515 602 655 641 nunc
675 593 840 640 autem
865 592 913 637 et
942 581 1076 652 facto
1104 581 1343 652 perﬁcite,
1368 588 1426 633 ut
1470 578 1893 649 quemadmodum
1920 592 2093 647 prom-

517 687 633 747 ptus
658 684 730 730 est
750 674 950 729 animus
973 672 1261 735 voluntatis,
1308 671 1380 724 ita
1418 670 1481 723 sit
1526 679 1572 724 et
1625 667 1916 739 perﬁciendi
1946 682 2011 719 ex
2041 681 2100 719 eo

516 767 652 834 quod
670 766 876 835 quisque
894 763 1060 819 habet.
1092 763 1153 819 Si
1180 763 1313 817 enim
1339 771 1599 832 promptus
1642 768 1714 814 est
1745 759 1947 812 animus
1972 798 1987 823 ,
2017 773 2100 811 se-

517 859 741 910 cundum
769 854 823 908 id
846 855 980 928 quod
1000 854 1146 908 habet
1162 851 1480 924 acceptabilis
1504 860 1597 917 est,
1615 865 1716 904 non
1736 848 2011 903 secundum
2047 846 2101 899 id

526 946 662 1015 quod
683 962 784 1000 non
809 945 975 1000 habet.
1006 944 1128 999 Non
1144 945 1276 999 enim
1296 952 1351 997 ut
1376 943 1491 997 aliis
1513 942 1577 996 sit
1604 941 1829 1013 refectio,
1856 939 1995 993 vobis
2015 954 2102 991 au-

519 1046 620 1089 tem
648 1038 903 1107 angustia,
932 1036 1022 1090 sed
1040 1053 1131 1105 pro
1154 1036 1440 1106 (equalitate
1459 1035 1511 1087 in
1540 1035 1634 1086 hoc
1655 1041 1898 1102 tempore,
1930 1040 1985 1083 ut
2014 1045 2100 1083 ve-

525 1137 634 1182 stra
661 1129 975 1182 abundantia
1001 1128 1068 1182 sit
1107 1128 1175 1180 ad
1222 1127 1427 1181 illorum
1466 1125 1693 1194 inopiam
1710 1164 1724 1188 ,
1751 1133 1805 1177 ut
1827 1132 1871 1175 et
1898 1121 2104 1175 illorum

521 1220 835 1273 abundantia
863 1220 954 1287 fiat
976 1218 1031 1273 in
1061 1228 1276 1272 vestram
1308 1216 1528 1287 inopiam
1549 1256 1565 1280 ,
1593 1225 1649 1268 ut
1690 1215 1779 1284 fiat
1798 1213 2061 1285 atqualitas
2084 1252 2097 1275 ,

522 1310 653 1362 sicut
677 1310 920 1379 scriptum
944 1317 1054 1363 est:
1081 1309 1180 1374 Qui
1200 1308 1434 1372 multum,
1465 1322 1567 1361 non
1599 1304 1908 1368 abundavit;
1945 1312 1991 1357 et
2019 1303 2106 1373 qui

523 1401 799 1467 modicum,
832 1418 930 1455 non
955 1401 1113 1471 defuit
1142 1400 1237 1455 illi.
1269 1398 1474 1454 Gratias
1519 1406 1684 1452 autem
1708 1396 1839 1462 Deo,
1887 1397 1971 1465 qui
2018 1395 2107 1448 de-

525 1491 599 1544 dit
627 1492 759 1544 idem
786 1492 1008 1545 studium
1057 1507 1149 1559 pro
1169 1490 1304 1544 vobis
1326 1491 1379 1543 in
1400 1489 1549 1543 corde
1590 1488 1690 1543 Titi
1713 1504 1732 1542 :
1758 1488 1877 1559 quia
1925 1503 2105 1541 conso-

530 1586 771 1638 lationem
806 1585 1007 1657 quidem
1035 1585 1289 1654 suscepit;
1309 1583 1580 1638 studiosior
1607 1590 1773 1635 autem
1808 1596 1924 1635 cum
1952 1588 2103 1644 esset,

528 1685 707 1745 sponte
726 1676 846 1729 exiit
866 1675 932 1729 ad
958 1691 1062 1729 vos.
1095 1675 1329 1729 Misimus
1348 1685 1514 1728 autem
1545 1690 1660 1727 cum
1680 1689 1737 1726 eo
1759 1675 1986 1743 fratrem,
2014 1686 2104 1723 cu-

518 1766 611 1836 jus
638 1767 749 1820 laus
776 1766 830 1819 in
859 1765 1136 1838 Evangelia
1162 1774 1231 1820 est
1254 1781 1341 1836 per
1363 1781 1533 1820 omnes
1555 1763 1829 1817 Ecclesias.
1863 1762 1983 1815 Non
2024 1776 2107 1814 so-

527 1856 632 1909 lum
657 1867 843 1925 autem,
868 1858 956 1912 sed
982 1866 1031 1911 et
1060 1857 1325 1911 ordinatus
1378 1866 1450 1911 est
1504 1855 1567 1909 ab
1610 1853 1853 1909 Ecclesiis
1875 1854 1892 1884 ί
1944 1866 2109 1905 comes

534 1948 953 2019 peregrinationis
974 1957 1178 2015 nostrae,
1210 1964 1327 2001 cum
1356 1947 1452 2001 hac
1470 1947 1634 2018 gratia
1660 1960 1771 2016 qui:
1796 1945 2110 1998 ministratur

531 2055 563 2091 α
595 2038 736 2093 nobis
764 2039 832 2092 ad
862 2038 1069 2093 Domini
1119 2039 1335 2110 gloriam
1360 2047 1405 2093 et
1432 2047 1721 2109 promptum
1763 2037 1989 2089 animum
2027 2050 2111 2087 no.

531 2137 692 2183 stram
715 2127 791 2202 (a)
807 2146 820 2182 :
836 2130 1111 2184 devitantes
1128 2129 1243 2195 hoc,
1269 2145 1332 2183 ne
1351 2128 1461 2198 quis
1480 2144 1569 2182 nos
1587 2125 1914 2197 reprehendat
1944 2126 1995 2177 in
2016 2123 2111 2176 hac

529 2218 843 2289 plenitudine
862 2260 879 2287 ,
907 2235 1021 2291 qua
1044 2220 1358 2274 ministratur
1376 2235 1409 2272 a
1432 2218 1593 2272 nobis.
1626 2216 1953 2270 Providemus
1978 2214 2111 2268 enim

526 2312 678 2380 bona,
711 2330 812 2368 non
840 2313 1007 2369 solum
1033 2331 1205 2369 coram
1231 2314 1355 2377 Deo,
1390 2312 1479 2366 sed
1504 2313 1654 2366 etiam
1682 2326 1854 2364 coram
1893 2308 2112 2363 homini-

527 2407 640 2459 bus.
667 2405 723 2459 ln
750 2404 834 2459 his
857 2406 1033 2461 verbis
1061 2414 1302 2475 apparet,
1342 2414 1595 2475 quantum
1641 2418 1747 2456 non
1791 2402 1963 2456 solum
2009 2414 2109 2453 cu-

530 2509 646 2549 ram
677 2505 979 2551 sanctarum
1011 2495 1243 2566 plebium
1266 2509 1387 2551 esse
1410 2494 1659 2561 voluerit,
1693 2493 1995 2547 ministrare
2013 2505 2109 2544 ne-

527 2587 759 2644 cessaria
786 2589 984 2643 sanctis
1009 2588 1103 2642 Dei
1131 2587 1324 2654 servis,
1383 2585 1665 2641 consilium
1709 2584 1761 2638 in
1808 2584 1909 2638 hoc
1936 2583 2067 2638 dans
2091 2622 2106 2647 ,

526 2680 649 2748 quia
670 2677 775 2736 hoc
802 2679 968 2750 magis
993 2678 1120 2749 ipsis
1144 2679 1233 2748 qui
1254 2680 1358 2733 hoc
1376 2677 1639 2733 faciebant
1659 2675 1927 2745 proderat,
1951 2689 2109 2745 quam

530 2768 639 2823 illis
662 2784 785 2839 erga
818 2784 954 2840 quos
986 2769 1249 2825 faciebant
1298 2769 1438 2841 (illis
1467 2768 1610 2824 enim
1639 2766 1784 2822 aliud
1815 2765 2106 2836 proderat,

526 2861 579 2915 id
603 2870 705 2927 est,
739 2861 842 2918 hoc
865 2876 991 2933 erga
1012 2875 1071 2916 se
1095 2861 1350 2930 obsequio
1387 2859 1609 2915 fratrum
1652 2874 1871 2914 suorum
1926 2866 2111 2912 sancte

528 2951 628 3013 uti,
659 2966 762 3005 nec
788 2961 1005 3021 prepter
1060 2950 1162 3006 hoc
1218 2950 1329 3005 Deo
1357 2950 1580 3015 servire,
1624 2965 1726 3006 nec
1770 2949 1868 3003 ista
1898 2962 2111 3003 sumere

529 3042 631 3095 nisi
658 3042 725 3097 ad
747 3042 1095 3112 supplendam
1124 3040 1518 3108 necessitatem,
1563 3055 1669 3094 non
1696 3039 1761 3094 ad
1789 3039 2108 3110 pascendam

526 3132 830 3204 pigritiam)
855 3150 867 3186 :
888 3132 983 3186 sed
1008 3132 1168 3187 etiam
1196 3147 1346 3187 suam
1375 3146 1557 3186 curam
1583 3131 1772 3187 beatus
1822 3130 2110 3201 Apostolus

531 3228 736 3276 tantam
765 3221 893 3277 dicit
922 3223 976 3277 in
1003 3222 1105 3278 hac
1128 3223 1548 3289 ministratione,
1575 3239 1694 3295 qua:
1732 3237 1873 3277 nunc
1900 3238 1994 3293 per
2019 3222 2112 3277 Ti-

534 3323 649 3369 tum
679 3315 1157 3381 transmittcbatur,
1186 3324 1241 3369 ut
1260 3316 1510 3371 comitem
1537 3315 1979 3386 peregrinationis
1997 3330 2109 3369 sua:

526 3415 749 3477 propter
793 3407 894 3462 hoc
943 3417 1325 3464 commemoret
1370 3408 1671 3463 ordinatum
1710 3408 1778 3463 ab
1820 3408 2107 3472 Ecclesiis,

528 3496 655 3551 boni
686 3498 975 3553 testimonii
995 3498 1267 3554 hominem
1298 3499 1424 3565 Dei,
1450 3500 1597 3570 cujus
1648 3499 1779 3564 laus,
1828 3500 2031 3569 inquit,
2054 3500 2109 3553 in

529 3586 809 3658 Evangelia
825 3598 896 3643 est
913 3606 1002 3661 per
1025 3605 1196 3644 omnes
1216 3587 1491 3645 Ecclesias.
1520 3590 1586 3643 Et
1604 3589 1671 3644 ad
1693 3590 1794 3645 hoc
1809 3589 1937 3645 dicit
1960 3591 2106 3645 illum

531 3678 834 3733 ordinatum
865 3680 1115 3735 comitem
1140 3680 1278 3746 sibi,
1311 3690 1370 3734 ut
1410 3680 1673 3736 devitaret
1718 3680 1990 3736 hominum
2020 3697 2108 3738 re-

531 3767 941 3837 prehensiones,
968 3785 1035 3824 ne
1059 3771 1177 3825 sine
1208 3771 1510 3825 testimonio
1550 3778 1856 3825 sanctorum
1907 3773 1960 3827 in
2010 3771 2113 3827 hoc

532 3861 831 3917 ministerio
850 3862 1117 3918 sociorum
1136 3904 1151 3929 ,
1177 3871 1423 3933 tanquam
1451 3863 1551 3918 sibi
1580 3864 1823 3933 accipere
1840 3902 1855 3931 ,
1880 3873 1933 3918 et
1956 3864 2009 3918 in
2034 3865 2110 3918 si-

526 3965 628 4006 nus
655 3967 782 4006 suos
799 3952 820 3984 ⁸
843 3961 1155 4008 convertere
1182 3952 1250 4007 ab
1273 3953 1498 4009 inlirmis
1523 3961 1578 4008 ct
1601 3954 1778 4025 impiis
1806 3964 2107 4024 putaretur,

528 4056 652 4110 quae
700 4043 996 4113 accipiebat
1030 4043 1098 4098 ad
1140 4044 1461 4115 supplendas
1511 4048 1857 4102 necessitates
1901 4057 2113 4102 sancto-

530 4148 651 4188 rum
680 4147 777 4202 per
803 4149 863 4190 se
890 4134 1156 4190 alierenda
1188 4136 1271 4192 vel
1296 4136 1657 4192 distribuenda
1683 4138 2060 4208 indigentibus.

599 4244 687 4299 18.
729 4244 795 4299 Et
823 4238 979 4313 paulo
1005 4256 1124 4315 post
1167 4246 1340 4302 dicit:
1374 4247 1512 4301 Nam
1556 4248 1617 4302 de
1660 4249 1935 4304 ministerio
1977 4252 2113 4323 quod

529 4339 587 4406 fit
614 4338 667 4390 in
690 4346 906 4404 sanctos,
939 4355 1001 4393 ex
1022 4339 1298 4394 abundanti
1326 4349 1399 4394 est
1420 4342 1543 4394 mihi
1562 4341 1774 4396 scribere
1796 4344 1952 4398 vobis.
1986 4344 2110 4400 Scio

528 4430 661 4482 enim
702 4438 986 4499 promptum
1029 4446 1134 4485 esse
1171 4432 1397 4484 animum
1438 4441 1673 4498 vestrum,
1713 4434 1775 4487 de
1799 4450 1896 4504 quo
1920 4434 2112 4506 glorior

528 4537 621 4591 pro
670 4521 804 4574 vobis
839 4522 980 4591 apud
1019 4521 1366 4586 Macedonas;
1402 4524 1639 4593 quoniam
1682 4525 1877 4579 Achaia
1930 4536 2111 4596 parata

526 4622 598 4666 est
621 4613 684 4666 ab
713 4630 846 4667 anno
873 4615 1059 4685 priore,
1090 4624 1135 4669 et
1175 4632 1288 4685 quae
1310 4632 1375 4670 ea:
1418 4616 1553 4670 vobis
1594 4626 1666 4670 est
1690 4618 1947 4672 aemulatio
1986 4621 2109 4674 irri-

525 4707 647 4759 tavit
674 4705 863 4776 plures.
922 4705 1155 4760 Misimus
1196 4716 1362 4761 autem
1391 4712 1591 4778 fratres,
1634 4725 1697 4762 ne
1733 4710 1896 4779 gloria
1936 4725 2109 4766 nostra

523 4814 676 4865 quam
714 4796 951 4853 habemus
992 4798 1047 4851 in
1084 4798 1220 4851 vobis
1243 4839 1258 4866 ,
1303 4806 1570 4852 evacuetur
1605 4800 1659 4852 in
1700 4799 1797 4853 hac
1839 4810 1997 4870 parte,
2033 4812 2104 4868 ut,

521 4890 651 4942 sicut
686 4889 794 4943 dixi
813 4930 828 4955 ,
875 4890 1042 4961 parati
1068 4890 1176 4943 sitis
1203 4906 1223 4944 :
1250 4906 1313 4944 ne
1342 4905 1456 4943 cum
1485 4892 1706 4944 venerint
1750 4907 1943 4945 mecum
1988 4893 2108 4947 Μα-

523 4982 754 5045 cedones,
783 4990 828 5035 et
851 4982 1128 5036 invenerint
1155 4997 1241 5035 vos
1278 4982 1575 5052 imparatos,
1603 4983 1972 5052 confundamur
1996 5003 2102 5051 nos,

524 5084 578 5126 ut
602 5090 702 5126 non
722 5074 889 5128 dicam
914 5091 1020 5141 vos,
1042 5075 1096 5128 in
1122 5073 1217 5127 hac
1244 5074 1542 5129 substantia.
1604 5073 1655 5127 Ν
1660 5077 1958 5130 ecessarinm
1989 5094 2109 5151 ergo

522 5165 805 5218 existimavi
830 5182 1010 5236 rogare
1034 5169 1216 5237 fratres
1235 5207 1249 5228 ,
1279 5175 1332 5219 ut
1359 5166 1644 5236 prwcedant
1672 5168 1741 5221 ad
1763 5185 1866 5235 vos,
1899 5180 1944 5224 et
1968 5188 2105 5242 prte-

524 5262 703 5323 parent
734 5256 847 5325 jam
897 5257 1090 5322 pridem
1131 5259 1488 5328 repromissum
1535 5260 1665 5314 hanc
1717 5260 2107 5317 benedictionem

525 5356 774 5412 vestram,
813 5358 869 5400 ut
911 5351 973 5402 sit
1000 5360 1213 5420 parata,
1258 5352 1330 5404 sic
1367 5353 1511 5423 quasi
1550 5352 1973 5421 benedictionem,
2004 5374 2105 5412 non

524 5438 673 5505 quasi
719 5439 1000 5493 avaritiam.
1056 5440 1171 5495 Hoc
1215 5451 1381 5495 autem
1410 5442 1432 5473 ³
1456 5482 1470 5507 ,
1523 5443 1625 5511 Qui
1666 5462 1815 5515 parce
1858 5449 2102 5517 seminat,

592 5589 610 5619 ι
645 5587 1061 5663 ttss.,‘ordinatus
1081 5588 1143 5640 ab
1180 5590 1434 5655 Ecclesiis;
1457 5597 1653 5650 omisso.
1690 5604 1779 5661 est,
1806 5600 1932 5663 quod
1960 5601 2105 5651 etiam

526 5659 556 5699 a
577 5662 739 5745 graeco
760 5652 918 5702 abest.

592 5774 610 5782 _
640 5712 905 5782 casalensis
926 5721 1027 5771 51s.,
1048 5711 1102 5765 in
1123 5725 1234 5782 suos
1257 5726 1386 5782 usus.

591 5774 612 5805 ³
644 5775 776 5835 Editi,
803 5773 892 5825 hoc
914 5783 1074 5827 autem
1104 5773 1232 5825 dico.
1259 5776 1424 5839 abest,
1449 5777 1573 5841 dico,
1604 5795 1630 5831 a
1664 5790 1769 5835 Mss.
1799 5792 1847 5837 et
1880 5796 1908 5834 a
1948 5798 2106 5849 graeco

525 5843 663 5888 textu
685 5837 909 5899 Apostoll.

586 5899 659 5962 (α)
692 5905 847 5962 Forte,
876 5905 1099 5954 vestrum.

2209 592 2356 645 parce
2376 585 2420 629 et
2448 584 2593 629 metet
2616 593 2637 641 ;
2662 585 2709 629 et
2729 576 2815 647 qui
2842 575 3053 630 seminat
3079 575 3130 630 in
3169 576 3532 649 benedictione,
3563 583 3615 636 in
3648 585 3792 637 benc-

2207 668 2422 722 dictione
2466 677 2515 722 et
2558 677 2720 721 metet.
2783 666 3133 740 Unusquisque
3174 671 3446 725 secundum
3491 676 3629 743 quod
3670 693 3793 741 pro-

2208 758 2374 827 posuit
2400 759 2567 823 corde,
2595 775 2695 813 non
2714 773 2777 812 ac
2794 759 2996 812 tristitia
3022 768 3108 813 aut
3134 776 3196 814 ea:
3222 762 3509 816 necessitate
3537 779 3557 817 :
3579 764 3798 818 hilarem

2207 850 2338 902 enim
2384 850 2609 903 datorem
2651 849 2817 920 diligit
2869 849 3028 906 Deus.
3084 848 3272 905 Potens
3320 861 3393 906 est
3435 862 3605 907 autem
3654 853 3800 910 Deus

2207 956 2401 993 omnem
2426 942 2641 1011 gratiam
2670 940 3006 995 abundantem
3047 941 3214 1011 facere
3240 944 3292 996 in
3321 944 3476 1011 vobis,
3520 954 3577 998 ut
3601 945 3656 999 in
3681 963 3797 1000 om-

2208 1032 2351 1085 nibus
2377 1048 2573 1102 semper
2608 1048 2803 1085 omnem
2846 1033 3189 1103 sufficientia»:
3230 1034 3486 1103 habentes,
3528 1036 3799 1091 abundetis

2208 1121 2259 1174 in
2288 1137 2433 1174 omne
2473 1138 2599 1192 opus
2642 1122 2865 1176 bonum:
2906 1123 3036 1176 sicut
3063 1124 3311 1195 scriptum
3358 1134 3464 1190 est,
3512 1126 3793 1197 Dispersit,

2209 1212 2347 1267 dedit
2381 1214 2704 1285 pauperibus,
2725 1215 2928 1284 justitia
2967 1216 3077 1286 ejus
3113 1227 3277 1270 manet
3302 1217 3356 1271 in
3378 1227 3640 1273 aeternum.
3696 1220 3801 1289 Qui

2210 1313 2374 1356 autem
2395 1304 2738 1358 subministrat
2759 1321 2933 1359 semen
2956 1306 3244 1373 seminanti,
3277 1316 3323 1361 et
3345 1326 3523 1379 panem
3545 1312 3597 1365 in
3627 1329 3800 1366 escam

2208 1394 2635 1460 subministrabit,
2674 1405 2721 1449 et
2757 1395 3113 1466 ntultiplicabit
3150 1398 3527 1455 seminationem
3554 1412 3797 1469 vestram,

2210 1495 2260 1538 et
2283 1486 2480 1557 augebit
2513 1498 2787 1543 crescentes
2813 1487 2983 1559 fruges
2997 1490 3213 1559 justitiie
3238 1502 3433 1561 vestrm,
3461 1504 3514 1547 ut
3541 1496 3595 1549 in
3625 1498 3797 1551 omni-

2212 1578 2301 1632 bus
2321 1580 2468 1633 ditati
2499 1581 2516 1612 ¹
2542 1581 2596 1634 in
2622 1596 2819 1635 omnem
2860 1581 3262 1651 simplicitatem,
3306 1601 3421 1655 qua:
3447 1598 3687 1655 aperatur
3710 1606 3804 1660 per

2212 1686 2304 1723 nos
2350 1671 2627 1739 gratiarum
2674 1672 2918 1727 actionem
2965 1671 3074 1726 Deo
3116 1688 3135 1727 :
3179 1676 3415 1745 quoniam
3465 1679 3806 1734 ministerium

2214 1767 2487 1839 functionis
2530 1769 2685 1839 hujus
2723 1785 2825 1822 non
2875 1768 3039 1823 solum
3095 1770 3296 1839 supplet
3342 1788 3400 1824 ea
3450 1789 3565 1844 qua:
3619 1775 3807 1829 desunt

2210 1859 2425 1927 sanctis,
2454 1861 2544 1914 sed
2571 1869 2619 1914 et
2645 1861 2905 1918 abundare
2942 1864 3064 1933 facit
3103 1882 3191 1934 per
3214 1864 3485 1920 multorum
3515 1870 3807 1939 gratiarum

2213 1950 2457 2004 actionem
2499 1950 2643 2016 Deo,
2690 1970 2781 2022 per
2824 1954 3168 2024 probationem
3217 1958 3601 2013 ministrationis
3646 1962 3805 2033 hujus

2214 2044 2553 2113 glorificantes
2599 2044 2764 2099 Deum
2800 2047 2855 2100 in
2901 2049 3132 2118 obsequio
3171 2052 3500 2122 confessionis
3543 2064 3722 2107 vestra:
3748 2056 3809 2108 in

2215 2135 2545 2207 Evangelium
2575 2139 2596 2169 θ
2643 2138 2849 2207 Christi,
2878 2147 2927 2194 et
2969 2141 3291 2213 simplicitate
3334 2147 3807 2201 communicationis

2214 2229 2267 2281 in
2289 2228 2405 2282 illos
2429 2237 2474 2282 et
2496 2229 2548 2282 in
2588 2245 2778 2295 omnes,
2808 2240 2856 2285 et
2884 2233 2937 2286 in
2960 2233 3185 2304 ipsorum
3216 2239 3500 2305 precatione
3522 2256 3615 2309 pro
3641 2241 3803 2304 vobis,

2214 2319 2604 2375 desiderantium
2629 2338 2715 2377 vos
2756 2333 2961 2394 propter
3004 2326 3325 2382 excellentem
3368 2331 3584 2400 gratiam
3626 2331 3722 2385 Dei
3750 2334 3810 2387 in

2214 2411 2369 2465 vobis.
2400 2410 2603 2466 Gratias
2632 2413 2739 2468 Deo
2764 2432 2917 2485 super
2936 2416 3266 2473 inenarrabili
3291 2420 3424 2475 dono
3444 2424 3553 2493 ejus
3585 2424 3648 2495 (ll
3676 2423 3805 2481 Cor.

2215 2522 2306 2561 vin
2338 2516 2385 2560 et
2419 2508 2516 2577 ix).
2548 2507 2755 2574 Quanta
2786 2510 3105 2580 pinguedine
3128 2523 3325 2567 sancta:
3353 2515 3549 2571 lmtitiae
3577 2518 3646 2571 sit
3672 2534 3805 2588 per-

2215 2597 2364 2652 fusus
2385 2600 2691 2668 Apostolus,
2714 2600 2840 2655 dum
2862 2601 3098 2672 loquitur
3116 2604 3181 2658 de
3203 2604 3411 2661 alterno
3432 2610 3812 2679 supplemento

2216 2692 2518 2764 indigentia:
2560 2694 2787 2751 militum
2813 2706 2866 2752 et
2897 2699 3300 2768 provincialium
3336 2700 3555 2770 Christi,
3587 2706 3714 2763 hinc
3740 2708 3809 2764 de

2216 2784 2375 2839 rebus
2410 2786 2710 2841 carnalibus
2739 2787 2790 2842 in
2820 2788 2959 2857 illos,
2984 2789 3108 2846 inde
3135 2802 3312 2847 autem
3343 2793 3412 2849 de
3438 2797 3810 2865 spiritualibus

2214 2876 2269 2931 in
2326 2877 2498 2943 istos;
2543 2886 2602 2933 ut
2659 2880 3029 2949 exclamaret,
3087 2889 3143 2937 et
3191 2891 3441 2955 tanquam
3495 2899 3802 2944 sanctorum

2214 2966 2527 3037 gaudiorum
2567 2970 2745 3039 sagina
2799 2980 3145 3041 eructuaret,
3176 2973 3397 3041 dicens,
3446 2975 3649 3032 Gratias
3699 2979 3809 3034 Deo

2214 3074 2368 3127 super
2389 3058 2713 3115 inenarrabili
2739 3061 2872 3117 dono
2900 3063 3008 3134 ejus
3025 3063 3052 3117 ?

2286 3167 2375 3225 i9.
2398 3169 2545 3225 Sicut
2567 3186 2693 3242 ergo
2719 3186 2824 3227 non
2846 3175 3072 3229 cessavit
3094 3176 3400 3247 Apostolus,
3429 3178 3539 3235 imo
3564 3181 3802 3250 Spiritus

2217 3259 2307 3313 Dei
2342 3261 2618 3329 possidens
2641 3270 2698 3317 et
2716 3263 2942 3334 implens
2969 3273 3024 3320 et
3048 3281 3213 3336 agens
3236 3283 3331 3323 cor
3359 3270 3495 3339 ejus,
3524 3276 3803 3329 exhortari

2216 3350 2399 3407 lideles
2449 3353 2540 3423 qui
2592 3352 2851 3410 haberent
2912 3354 3215 3426 huiusmodi
3246 3358 3268 3389 ³
3316 3362 3695 3431 substantiam,
3750 3375 3809 3419 ut

2214 3440 2347 3497 nihil
2382 3442 2595 3499 deesset
2638 3445 3049 3502 necessitatibus
3091 3462 3366 3504 servorum
3399 3451 3510 3517 Dei,
3557 3455 3645 3523 qui
3692 3456 3809 3510 cel-

2214 3532 2413 3589 siorem
2453 3536 2750 3591 sanctitatis
2785 3538 3007 3606 gradum
3039 3539 3089 3592 in
3132 3540 3367 3598 Ecclesia
3398 3552 3579 3600 tenere
3615 3547 3808 3603 volne-

2215 3634 2356 3689 runt,
2389 3635 2446 3680 ut
2484 3627 2600 3697 spei
2638 3627 2910 3684 saecularis
2947 3630 3154 3687 vincula
3201 3644 3388 3688 cuneta
3431 3637 3805 3705 prmciderent,

2215 3726 2269 3771 et
2301 3717 2537 3772 animum
2580 3719 2802 3774 liberum
2850 3720 3042 3777 divina:
3088 3724 3290 3779 militia:
3332 3725 3681 3784 dedicarem:
3723 3734 3808 3787 sic

2214 3808 2412 3865 debent
2429 3819 2484 3864 et
2508 3810 2606 3881 ipsi
2628 3813 2905 3882 praeceptis
2926 3812 3041 3883 ejus
3063 3812 3303 3884 obedire,
3328 3825 3388 3872 ut
3410 3821 3809 3890 compatiuntur

2215 3898 2456 3965 inﬁrmis,
2487 3908 2541 3956 et
2567 3916 2749 3957 amore
2795 3903 3014 3973 privatae
3055 3905 3133 3960 rei
3170 3921 3278 3961 non
3324 3907 3511 3979 illigati
3555 3912 3809 3971 manibus

2214 3992 2325 4046 suis
2370 3991 2424 4047 in
2467 4006 2751 4047 commune
2796 3994 3040 4050 laborare
3094 3994 3138 4065 ⁸,
3184 4000 3484 4069 praepositis
3531 4004 3643 4057 suis
3686 4005 3809 4061 sine

2215 4099 2485 4138 murmure
2525 4083 2937 4155 obtemperare;
2981 4095 3038 4141 ut
3078 4086 3180 4143 hoc
3204 4091 3512 4160 suppleatur
3538 4109 3605 4149 ex
3649 4095 3807 4153 obla-

2217 4173 2447 4228 tionibus
2500 4174 2760 4230 bonorum
2813 4175 3086 4246 ﬁdelium,
3141 4180 3284 4250 quod
3335 4182 3702 4241 laborantibus
3754 4198 3810 4244 et

2214 4264 2412 4334 aliquid
2441 4266 2581 4321 unde
2604 4266 2800 4321 victum
2842 4269 3133 4340 transigant
3174 4273 3538 4341 operantibus,
3582 4287 3811 4347 propter

2217 4356 2551 4412 inﬁrmitates
2581 4365 2757 4413 tamen
2783 4362 3092 4429 corporales
3130 4363 3424 4433 aliquorum
3450 4407 3468 4433 ,
3497 4376 3554 4424 et
3583 4380 3811 4441 prapter

2214 4449 2602 4505 ecclesiasticas
2625 4452 3001 4523 occupationes
3028 4454 3114 4510 vel
3143 4457 3497 4517 eruditionem
3538 4461 3809 4521 doctrina:

2214 4539 2480 4606 salutaris,
2511 4540 2699 4597 deesse
2728 4546 3029 4614 putaverint
3046 4546 3091 4599 ⁸.

2283 4653 2506 4711 CAPUT
2536 4655 2698 4711 XVII.
2722 4686 2792 4700 -—
2812 4657 2903 4714 20.
2934 4657 3219 4715 Obtendunt
3251 4664 3381 4733 pigri
3403 4680 3583 4719 vacare
3606 4684 3663 4720 se
3689 4685 3811 4722 ora—

2215 4746 2357 4813 tioni,
2386 4747 2614 4817 psalmis,
2656 4748 2856 4804 lectioni
2879 4759 2927 4805 et
2952 4752 3097 4806 verbo
3126 4752 3240 4807 Dei.
3283 4753 3429 4809 Inter
3466 4758 3811 4815 laborandmn

2214 4837 2363 4891 licere
2390 4839 2622 4909 psallere.
2680 4839 2969 4897 Lectionem
3005 4860 3107 4898 non
3149 4846 3404 4916 prodesse,
3437 4849 3536 4902 nisi
3560 4852 3653 4919 fiat
3673 4858 3815 4921 quod

2213 4928 2414 4999 legitur.
2462 4929 2598 4997 Quid
2644 4931 2788 4986 enim
2831 4942 2989 5004 agant
3041 4935 3131 5006 qui
3187 4938 3397 5006 operari
3453 4945 3817 5009 corporaliter

2213 5019 2419 5085 nolunt,
2463 5021 2550 5075 cui
2591 5021 2668 5077 rei
2708 5033 2897 5079 vacent
2940 5026 3079 5081 scire
3125 5027 3391 5083 desidero.
3437 5030 3816 5105 Orationibus,

2213 5110 2478 5182 inquiunt,
2504 5122 2556 5169 et
2580 5114 2821 5184 psalmis,
2848 5127 2903 5172 et
2931 5117 3165 5186 lectioni,
3196 5132 3250 5176 et
3274 5123 3439 5177 verbo
3460 5123 3575 5179 Dei.
3607 5125 3817 5186 Sancta

2214 5204 2368 5272 plane
2394 5205 2498 5259 vita
2523 5215 2576 5259 et
2603 5206 2799 5264 Christi
2827 5212 3086 5267 suavitate
3115 5213 3135 5244 ⁸
3169 5214 3452 5273 laudabilis
3481 5234 3499 5277 :
3542 5221 3639 5276 sed
3667 5225 3714 5279 si
3744 5227 3818 5281 ab

2213 5296 2296 5349 his
2324 5298 2577 5352 avocandi
2605 5314 2709 5354 non
2741 5316 2944 5369 sumus,
2982 5320 3081 5360 nec
3107 5307 3532 5367 manducandum
3563 5325 3670 5380 est,
3705 5334 3816 5373 nec

2213 5386 2342 5458 ipsa:
2379 5402 2515 5444 escae
2540 5391 2776 5460 quotidie
2817 5396 3202 5464 praeparanda),
3252 5410 3308 5455 ut
3352 5404 3557 5470 possint
3602 5411 3816 5478 apponi

2275 5543 2299 5623 ξ
2646 5545 2914 5623 abundetis.
2944 5552 3170 5615 Verbum,
3214 5555 3479 5620 abmtdetis,
3517 5574 3616 5612 non
3645 5573 3721 5613 est
3766 5580 3818 5623 ,η

2208 5610 2337 5666 Mss,
2360 5620 2455 5679 nec
2477 5610 2833 5679 exprimiturjn
2849 5624 3027 5673 grmoo.
3158 5610 3166 5615 ⁷

2273 5670 2296 5741 ξ
2326 5668 2460 5741 guilt,
2486 5671 2810 5741 m__I-:vartgelw
2833 5685 2850 5729 ;
2872 5672 3399 5741 dissentientilmsuss.

2276 5729 2297 5797 ξ
2329 5736 2458 5797 [tntis
2482 5744 2512 5779 e
2534 5729 2767 5797 Vaticanis
2790 5741 2913 5797 Mss,
2939 5735 3083 5797 hujus
3112 5739 3298 5789 numdi.

2274 5790 2296 5863 ’ς
2326 5793 2399 5863 sic
2420 5799 2524 5863 Mss.
2550 5799 2605 5841 At
2624 5793 2763 5863 editi.
2786 5793 2838 5845 in
2861 5790 3105 5863 communi
3122 5799 3297 5850 labore.

2275 5853 2297 5921 ξ
2330 5853 2672 5921 Er,,_potu_erit.
2696 5862 2822 5921 linus
2846 5870 2875 5906 e
2902 5861 3136 5911 Vaticanis
3157 5869 3281 5921 3135.,
3304 5864 3525 5920 patuerit.

2279 5914 2298 5943 ⁸
2329 5915 2462 5970 editi,
2485 5923 2528 5965 et
2545 5915 2595 5966 in
2617 5916 2791 5969 Christi
2809 5927 3056 5973 suavitate.
3086 5924 3247 5985 Abest,
3271 5914 3340 5987 in,
3368 5939 3396 5977 a
