3986 6500
233 421 339 481 865

232 546 286 593 et
311 534 544 591 assumi.
591 534 649 591 Si
678 541 860 590 autem
884 533 957 589 ad
978 533 1079 589 ista
1104 545 1290 587 vacare
1315 546 1503 586 servos
1542 530 1635 586 Dei
1660 532 1821 587 certis

231 626 527 684 intervallis
557 635 882 697 temporum,
942 625 1107 696 ipsius
1154 624 1480 680 inﬁrmitatis
1531 624 1820 680 necessitas

230 721 389 790 cogit,
434 735 536 777 cur
577 734 684 775 non
723 729 779 775 et
820 718 1120 789 apostolicis
1154 717 1432 788 praeceptis
1477 716 1822 772 observandis

230 814 435 882 aliquas
487 822 670 883 partes
714 823 1013 882 temporum
1066 811 1441 881 deputamus?
1469 810 1636 867 Citius
1679 811 1819 867 enim

230 903 515 959 exauditur
555 919 661 959 una
699 904 998 959 obedientis
1031 904 1221 968 oratio,
1253 918 1412 974 quam
1436 901 1625 959 decem
1657 902 1820 959 millia

228 996 640 1066 contemptoris.
691 995 908 1053 Cantica
956 1009 1084 1051 vero
1135 994 1314 1050 divina
1367 1003 1604 1061 cantare,
1654 994 1815 1050 etiam

229 1087 487 1143 manibus
505 1096 797 1158 operantes
831 1087 983 1142 facile
1014 1094 1258 1156 possunt,
1300 1094 1353 1142 et
1382 1086 1553 1157 ipsum
1583 1086 1819 1164 laborem

228 1188 486 1249 tanquam
537 1179 724 1235 divino
767 1179 1060 1235 celeumate
1100 1178 1362 1233 consolari
1403 1176 1499 1250 (a).
1544 1178 1626 1232 An
1674 1178 1822 1248 igno-

227 1287 430 1338 ramus,
445 1287 639 1328 omnes
659 1271 876 1341 opiﬁces
898 1271 1087 1341 quibus
1101 1269 1419 1326 vanitatibus
1436 1278 1492 1326 et
1512 1269 1822 1339 plerumque

227 1365 387 1419 etiam
417 1363 836 1434 turpitudinibus
875 1362 1248 1418 theatricarum
1284 1361 1579 1417 fabularum
1620 1359 1822 1415 donent

226 1454 387 1509 corda
434 1463 493 1510 et
540 1455 746 1525 linguas
790 1468 941 1521 suas,
991 1469 1113 1508 eum
1157 1468 1346 1507 manus
1392 1452 1461 1507 ab
1501 1467 1664 1523 opere
1712 1466 1817 1507 non

226 1545 529 1603 recedant?
574 1545 712 1612 Quid
756 1560 883 1616 ergo
924 1544 1146 1615 impedit
1196 1559 1408 1599 servum
1434 1543 1528 1598 Dei
1579 1542 1820 1597 manibus

226 1645 546 1706 operantem
593 1637 645 1690 in
690 1636 806 1707 lege
848 1635 1056 1690 Domini
1108 1633 1353 1689 meditari
1396 1632 1566 1704 (Psal.
1592 1649 1630 1697 ι,
1657 1632 1736 1703 2),
1767 1639 1822 1687 et

227 1729 460 1799 psallere
498 1728 703 1784 nomini
732 1726 941 1781 Domini
978 1725 1236 1780 Altissimi
1281 1723 1458 1795 ('Psal,
1488 1740 1582 1789 xu,
1613 1722 1710 1793 6):
1746 1722 1819 1777 ita

226 1835 353 1876 sane
395 1828 458 1874 ut
510 1818 580 1873 ad
629 1832 693 1873 ea
742 1815 1014 1882 discenda,
1057 1830 1175 1885 quae
1240 1814 1552 1870 memoriter
1596 1812 1816 1880 recolat,

228 1912 421 1966 habeat
459 1911 695 1980 seposita
737 1907 1018 1979 tempora?
1043 1908 1125 1963 Ad
1166 1907 1269 1962 hoc
1296 1907 1438 1962 enim
1482 1914 1537 1962 et
1562 1905 1652 1960 illa
1680 1906 1818 1961 bona

226 2018 388 2072 opera
413 1982 689 2069 fidelium,
702 2000 939 2056 subsidio
962 1999 1372 2069 supplendorum
1399 1996 1818 2053 necessariorum

224 2094 415 2149 deesse
458 2107 569 2148 non
596 2091 818 2159 debent,
866 2099 923 2146 ut
949 2090 1096 2145 hora:
1133 2090 1324 2160 quibus
1361 2089 1427 2143 ad
1470 2086 1817 2143 erudiendum

224 2184 462 2238 animum
495 2183 570 2238 ita
599 2191 839 2249 vocatur,
868 2188 926 2235 ut
954 2180 1041 2234 illa
1066 2194 1231 2251 opera
1251 2177 1544 2249 corporalia
1574 2178 1684 2249 geri
1715 2194 1819 2232 non

227 2274 479 2345 possint,
534 2288 645 2327 non
693 2272 1042 2342 opprimant‘
1090 2279 1344 2341 egestate.
1391 2268 1495 2336 Qui
1538 2276 1717 2324 autem
1761 2283 1820 2324 se

224 2366 411 2420 dicunt
457 2379 659 2420 vacare
701 2362 938 2430 lectioni,
988 2377 1169 2419 nonne
1213 2361 1319 2417 illic
1361 2360 1637 2415 inveniunt
1679 2357 1820 2429 quod

227 2459 472 2528 prmcipit
510 2456 845 2527 Apostolus?
890 2456 1019 2523 Quae
1047 2464 1130 2512 est
1166 2456 1267 2511 ista
1312 2470 1438 2526 ergo
1478 2454 1817 2525 perversitas,

226 2550 441 2605 lectioni
484 2549 629 2604 nolle
657 2548 1049 2618 obtemperare,
1081 2547 1209 2603 dum
1252 2547 1367 2602 vult
1408 2546 1457 2602 ei
1502 2561 1728 2611 vacare;
1767 2554 1821 2601 et

227 2651 282 2694 ut
305 2639 453 2710 quod
482 2639 685 2694 bonum
710 2648 793 2695 est
820 2639 1016 2694 diutius
1041 2638 1266 2708 legatur,
1307 2637 1429 2693 ideo
1458 2637 1630 2692 facere
1669 2636 1815 2692 nolle

224 2732 362 2802 quod
393 2732 637 2804 legitur?
661 2732 790 2800 Quis
814 2731 956 2787 enim
982 2731 1187 2787 nesciat
1214 2738 1362 2785 tanto
1382 2730 1538 2786 citius
1556 2745 1821 2801 quemque

224 2825 490 2894 proﬁcere
536 2840 662 2881 eum
704 2824 845 2881 bona
890 2822 1039 2895 legit,
1086 2831 1285 2894 quanto
1324 2821 1481 2878 citius
1517 2821 1644 2877 facit
1680 2820 1820 2892 quod

223 2915 343 2986 legit
360 2917 386 2970 ‘l

288 3007 523 3064 CAPUT
577 3005 765 3063 XVIII.
795 3036 868 3047 —
889 3007 980 3062 21.
1011 3006 1272 3077 Erogandi
1297 3006 1433 3061 uerbi
1472 3005 1571 3061 Dei
1614 3007 1817 3061 obtentu

224 3098 447 3152 nolentes
495 3097 730 3152 laborare
770 3098 1100 3168 castigantur.
1156 3096 1356 3151 Paulus
1402 3098 1471 3151 ad
1510 3097 1820 3169 erogandum

224 3189 424 3243 uerbum
449 3196 592 3243 certa
619 3198 848 3258 tempora
875 3189 1149 3255 constituit,
1176 3197 1221 3243 et
1245 3189 1348 3242 alia
1375 3187 1444 3242 ad
1463 3187 1815 3243 laborandum.

226 3279 431 3350 Optima
467 3279 788 3350 gubernatio,
837 3287 892 3333 ut
935 3278 1113 3333 omnia.
1150 3296 1213 3333 ea:
1238 3278 1414 3333 ordine
1456 3288 1713 3349 gerantur.
1760 3277 1818 3333 Si

220 3381 395 3427 autem
441 3370 606 3427 alicui
645 3385 825 3426 sermo
849 3370 1146 3441 erogandus
1175 3378 1278 3437 est,
1332 3379 1388 3427 et
1412 3371 1483 3425 ita
1512 3380 1739 3441 occupat
1760 3380 1820 3426 ut

221 3460 470 3516 manibus
507 3462 721 3531 Operari
746 3477 854 3517 non
879 3470 1070 3527 vacet;
1105 3461 1360 3532 numquid
1402 3461 1503 3517 hoe
1546 3477 1735 3518 omnes
1763 3463 1815 3518 in

220 3552 551 3607 monasterio
578 3562 833 3621 possunt,
864 3552 1201 3609 venientibus
1230 3553 1297 3608 ad
1326 3568 1385 3608 se
1404 3569 1472 3609 ex
1496 3553 1600 3609 alio
1624 3569 1818 3625 genere

220 3644 338 3697 vita:
365 3642 648 3710 fratribus,
684 3643 767 3699 vel
793 3642 1002 3699 divinas
1029 3644 1287 3700 lectiones
1313 3660 1604 3714 exponere,
1644 3646 1726 3700 vel
1751 3646 1818 3701 de

219 3735 487 3804 aliquibus
523 3736 910 3804 quaestionibus
949 3736 1233 3792 salubriter
1259 3736 1566 3807 disputare?
1597 3736 1818 3807 Quando

220 3839 348 3894 ergo
374 3839 487 3878 nou
519 3839 712 3881 omnes
741 3834 985 3895 possunt,
1016 3840 1114 3881 cur
1135 3826 1235 3881 sub
1262 3826 1364 3882 hoc
1387 3826 1607 3882 obtentu
1631 3842 1818 3884 omnes

222 3930 409 3971 vacare
457 3915 688 3971 volunt?
725 3916 1037 3987 Quanquam
1074 3918 1175 3973 etsi
1222 3932 1409 3973 omnes
1449 3926 1689 3988 possent,
1734 3920 1817 3974 vi-

221 4006 539 4062 cissitudine
564 4006 746 4063 facere
784 4007 1042 4065 deberent
1082 4009 1145 4076 ’ς
1176 4023 1281 4065 non
1320 4009 1491 4064 solum
1532 4025 1601 4065 ne
1637 4012 1815 4067 caueri

219 4113 249 4150 a
279 4098 608 4153 necessariis
633 4099 889 4169 operibus
924 4109 1333 4170 occuparentur,
1379 4099 1473 4156 sed
1510 4100 1669 4156 etiam
1695 4103 1816 4172 quia

219 4189 414 4244 sufﬁcit
434 4197 501 4244 ut
528 4189 868 4245 audientibus
888 4191 1130 4261 pluribus
1148 4207 1287 4246 unus
1306 4191 1592 4261 loquatur?
1614 4192 1816 4249 Deinde

218 4278 321 4349 ipsi
348 4280 621 4350 Apostolo
647 4280 916 4351 quomodo
939 4291 1151 4337 vacaret
1178 4282 1389 4351 operari
1412 4282 1657 4338 manibus
1682 4284 1812 4351 suis,

216 4371 319 4424 nisi
348 4370 416 4425 ad
463 4370 797 4441 erogandum
821 4372 1042 4427 verbum
1072 4371 1170 4427 Dei
1215 4380 1359 4427 certa
1402 4380 1641 4443 tempora
1680 4389 1815 4429 con-

215 4460 500 4517 stitueret?
524 4459 711 4531 Neque
737 4461 881 4517 enim
917 4470 971 4516 et
998 4460 1102 4517 hoc
1137 4462 1276 4517 Deus
1302 4462 1468 4517 latere
1493 4477 1593 4517 nos
1628 4463 1812 4518 voluit.

216 4552 349 4607 Nam
376 4562 433 4609 et
452 4553 613 4623 cujus
630 4552 763 4609 artis
788 4552 967 4623 opifex
990 4551 1167 4619 fuerit,
1203 4561 1258 4608 et
1278 4554 1468 4624 quibus
1490 4555 1815 4624 temporibus

214 4652 435 4699 mearet
457 4643 825 4713 dispensando
850 4643 1159 4714 Evangelia,
1189 4654 1370 4699 saneta
1401 4643 1674 4715 Scriptura
1706 4662 1812 4703 non

217 4736 401 4789 tacuit.
459 4733 603 4790 Nam
637 4750 763 4789 cum
801 4751 939 4791 eum.
970 4734 1087 4791 dies
1125 4735 1467 4806 profectionis
1511 4746 1725 4808 urgeret
1761 4738 1815 4793 in

215 4826 429 4882 Troade
456 4826 832 4893 constitutum,
862 4829 1021 4884 etiam
1050 4828 1103 4883 in
1130 4843 1230 4883 una
1257 4828 1461 4884 sabbati
1481 4831 1814 4900 congregatis

215 4918 477 4974 fratribus
500 4917 571 4975 ad
596 4917 947 4990 frangendum
977 4934 1190 4990 panem,
1214 4928 1359 4975 tanta
1387 4920 1485 4976 fuit
1506 4921 1732 4978 intentio
1760 4931 1816 4978 et

215 5020 321 5065 tam
373 5011 688 5066 necessaria
729 5010 1038 5081 disputatio,
1091 5019 1152 5067 ut
1196 5026 1376 5068 sermo
1428 5012 1814 5083 produceretur

213 5118 386 5175 usque
410 5102 481 5157 ad
503 5101 742 5157 medium
771 5103 948 5157 noctis
975 5102 1109 5173 (Act.
1137 5118 1230 5169 xx,
1261 5104 1340 5173 7),
1370 5111 1619 5174 tanquam
1659 5104 1808 5160 excie

210 5194 380 5252 disset
407 5195 490 5250 eis
523 5193 670 5265 quod
713 5209 778 5250 eo
812 5193 913 5250 die-
933 5210 1039 5248 non
1082 5203 1227 5250 esset
1264 5194 1522 5265 jejunium
1550 5213 1562 5249 :
1593 5198 1812 5266 quando

210 5296 389 5340 autem
422 5286 477 5339 in
500 5285 685 5355 aliquo
705 5284 825 5340 loco
852 5283 1162 5340 immoratus
1183 5284 1204 5317 ³
1225 5286 1461 5355 quotidie
1486 5287 1807 5358 disputabat,

210 5376 329 5442 quis
356 5374 693 5431 dubitaverit
722 5374 884 5431 horas
905 5390 1033 5431 eum
1059 5375 1310 5433 habuisse
1337 5377 1406 5435 ad
1440 5378 1542 5435 hoc
1578 5379 1809 5436 ofﬁcium

274 5554 292 5626 1
318 5551 490 5626 ιῖῐαιῑςε
510 5560 644 5626 me»
667 5549 1023 5626 ρρρνῖριφιειπ·

273 5616 293 5678 ξ
326 5616 399 5665 sic
416 5622 527 5678 iis,
543 5621 602 5665 Al.
625 5612 771 5678 editi,
1016 5614 1177 5678 facere
1200 5612 1439 5667 deberent.

274 5677 295 5709 ³
327 5675 550 5726 Nonnulli
569 5684 703 5737 Mss,
727 5673 893 5725 inalio
913 5673 1314 5728 loeo'immoratus
1340 5688 1359 5727 :
1383 5684 1436 5728 et
1455 5676 1694 5741 plerique,
1718 5678 1808 5730 im-

646 5804 830 5867 eantus
845 5805 1097 5867 nautarum
1117 5807 1167 5852 et
1181 5799 1437 5865 remigum,
1455 5814 1551 5867 quo
1571 5814 1629 5854 se
1644 5811 1809 5856 mutuo

224 5859 276 5912 ιὰ
296 5859 608 5914 laborandum
635 5860 877 5912 excitant.

1654 418 1856 474 LIBER
1894 417 2093 475 UNUS

3411 422 3514 479 566

1933 528 2250 601 deputatas?
2296 531 2534 602 Namque
2569 536 3138 605 apud"~Atltenaseum
3182 547 3343 607 esset,
3388 540 3513 611 quia

1897 621 2345 677 studiosissimos
2383 639 2559 678 rerum
2603 626 2942 696 inquisitores
2986 630 3282 694 invenerat,
3330 630 3402 685 ita
3442 629 3509 684 de

1928 711 2021 768 illo
2053 714 2307 783 scriptum
2350 722 2470 769 est:
2518 713 2823 786 Disputabat
2877 721 3028 790 igitur
3066 737 3178 775 cum
3222 721 3418 775 Judteis
3458 721 3511 773 in

1927 819 2202 876 synagoga,
2229 813 2275 858 et
2300 802 2538 859 Gentibus
2563 806 2737 861 incolis
2765 809 2816 861 in
2846 809 2959 877 {ora
2992 811 3008 842 ¹
3033 828 3135 880 per.
3157 827 3356 873 omnem
3381 810 3512 864 diem

1927 897 1996 948 ad
2022 911 2104 949 eos
2123 898 2145 928 '
2166 895 2511 967 quiaderant.
2564 895 2682 952 Non
2712 899 2852 952 enim
2884 900 2936 952 in
2975 916 3237 972 synagoga
3268 917 3363 970 per
3389 916 3509 955 om-

1927 999 2051 1039 nem
2094 984 2255 1049 diem,
2305 986 2395 1041 ubi
2442 1001 2558 1041 mos
2587 996 2703 1042 erat
2739 988 2959 1043 sabbato
2993 992 3336 1046 sermocinani
3368 1009 3380 1044 :
3415 990 3507 1044 sed

1926 1076 1981 1129 in
2003 1079 2134 1146 foro,
2160 1076 2347 1147 inquit,
2373 1094 2461 1145 per
2481 1094 2678 1132 onmem
2706 1078 2865 1145 diem;
2887 1088 3106 1150 propter
3125 1082 3296 1136 studia
3326 1082 3507 1150 utique

1926 1165 2348 1224 Atheniensium.
2380 1167 2468 1224 Sic
2491 1169 2632 1224 enim
2661 1171 2902 1241 sequitur
2934 1189 2949 1226 :
2982 1171 3200 1239 Quidam
3225 1187 3339 1226 vero
3368 1170 3504 1243 Epi-

1926 1272 2191 1309 cureorum
2216 1264 2263 1311 et
2292 1257 2579 1313 Stoicorum
2605 1258 3019 1330 philosophorum
3044 1260 3367 1332 conferebant
3392 1278 3507 1315 cum

1926 1344 2033 1397 illo.
2065 1344 2132 1398 Et
2161 1346 2313 1415 paulo
2343 1356 2462 1416 post
2489 1347 2616 1402 dicit
2640 1365 2654 1402 :
2682 1349 3003 1405 Athenienses
3028 1360 3193 1405 autem
3229 1362 3274 1406 et
3304 1352 3509 1407 advena:

1926 1436 2145 1507 hospites
2165 1438 2233 1491 ad
2266 1438 2394 1493 nihil
2418 1438 2561 1494 aliud
2601 1440 2860 1510 uacabant,
2909 1461 3063 1514 quam
3106 1444 3274 1500 dicere
3309 1446 3509 1515 aliquid

1926 1529 2059 1596 novi,
2081 1538 2168 1583 aut
2190 1530 2366 1585 audire
2391 1529 2526 1605 (Act.
2555 1549 2683 1601 xvu,
2712 1535 2798 1603 I7,
2834 1535 2919 1599 l8,
2945 1534 3059 1608 2!).
3087 1536 3342 1593 Putemus
3367 1541 3509 1607 Apo-

1925 1619 2120 1675 stolum
2150 1620 2254 1676 illis
2290 1622 2536 1678 omnibus
2560 1623 2746 1680 diebus
2773 1626 2963 1695 quibus
2993 1626 3089 1681 fuit
3122 1628 3365 1695 Athenis,
3399 1643 3507 1684 non

1926 1710 2088 1767 fuisse
2112 1720 2385 1781 operatum
2414 1731 2428 1779 ;
2457 1724 2674 1784 propter
2703 1716 2805 1771 hoc
2844 1717 2986 1772 enim
3031 1727 3085 1772 et
3110 1734 3175 1772 ex
3200 1717 3505 1775 Macedonia

1926 1803 2269 1873 supplebatur
2309 1805 2424 1873 ejus
2465 1806 2784 1876 indigentia,
2832 1807 2970 1862 sicut
3006 1808 3135 1863 dicit
3177 1809 3229 1863 in
3274 1808 3507 1864 secunda

1925 1893 1992 1948 ad
2035 1894 2340 1950 Corinthios
2387 1894 2453 1966 (ll
2485 1895 2602 1951 Cor.
2649 1913 2723 1963 si,
2774 1897 2877 1967 9):
2937 1914 3240 1970 quanquam
3287 1909 3342 1955 et
3388 1900 3509 1955 aliis

1926 1982 2073 2039 horis
2099 1993 2152 2039 et
2191 1985 2434 2041 noctibus
2464 1994 2687 2055 poterat,
2718 1988 2840 2057 quia
2879 1989 2952 2044 ita
2983 1989 3195 2045 valebat
3239 2000 3291 2045 et
3326 1991 3507 2049 animo

1925 2083 1979 2130 et
1997 2091 2238 2146 corpore.
2265 2076 2374 2132 Sed
2407 2092 2525 2132 cum
2558 2078 2779 2135 Athenis
2811 2080 3028 2145 exisset,
3062 2080 3335 2137 videamus
3379 2083 3505 2152 quid

1925 2166 2051 2221 dicit
2109 2168 2431 2238 Scriptura:
2487 2167 2826 2238 Disputabal,
2887 2171 3090 2241 inquit,
3140 2174 3192 2226 in
3245 2189 3507 2244 synagoga

1925 2273 2014 2327 per
2039 2273 2184 2313 omne
2220 2258 2479 2313 sabbatum
2504 2274 2524 2313 :
2550 2259 2652 2315 hoc
2673 2262 2811 2331 apud
2839 2262 3170 2317 Corinthum.
3212 2264 3269 2318 ln
3301 2264 3507 2321 Troade

1927 2364 2073 2418 vero,
2124 2350 2211 2404 ubi
2258 2352 2574 2408 necessitate
2626 2353 2954 2409 imminentis
3008 2353 3351 2424 profectionis
3407 2372 3502 2411 us-

1924 2459 2029 2514 que
2073 2443 2141 2498 ad
2188 2444 2420 2499 medium
2468 2447 2639 2501 noctis
2684 2462 2861 2501 sermo
2902 2456 3200 2516 protractus
3251 2457 3351 2514 est,
3401 2466 3504 2505 una

1925 2534 2129 2588 sabbati
2180 2543 2328 2601 erat,
2378 2535 2469 2605 qui
2531 2535 2646 2591 dies
2705 2536 3003 2593 dominicus
3061 2537 3309 2593 dicitur:
3363 2540 3504 2596 unde

1925 2623 2266 2694 intelligimus
2301 2640 2425 2679 eum
2468 2641 2572 2681 non
2615 2626 2779 2683 fuisse
2825 2643 2946 2682 cum
2977 2627 3196 2695 Judceis,
3249 2630 3341 2684 sed
3379 2647 3499 2686 eum

1924 2714 2285 2782 Christianis;
2333 2717 2544 2787 quando
2588 2719 2749 2774 etiam
2809 2719 2937 2775 dicit
2986 2721 3099 2790 ipse
3148 2731 3391 2777 narrator
3435 2724 3503 2777 ad

1926 2804 2269 2877 frangendum
2300 2823 2488 2879 panem
2536 2808 2700 2865 fuisse
2728 2811 3000 2866 collectos.
3028 2812 3093 2866 Et
3122 2813 3233 2882 ipsa
3262 2823 3343 2868 est
3368 2816 3504 2883 apti-

1925 2912 2010 2951 ma
2062 2899 2395 2968 gubernatio,
2425 2909 2482 2955 ut
2520 2900 2695 2955 omnia
2726 2902 2836 2956 suis
2864 2903 3191 2972 temporibus
3219 2903 3502 2960 distributa

1925 3003 1989 3043 ex
2010 2989 2197 3045 ordine
2217 3000 2490 3061 gerantur,
2521 3008 2588 3048 ne
2611 2993 2843 3047 animum
2876 2994 3163 3050 humanum
3186 2996 3501 3053 turbulentis

1924 3081 2370 3151 implicationibus
2396 3084 2632 3140 involuta
2665 3087 2994 3155 perturbent.

1996 3171 2220 3229 CAPUT
2263 3174 2405 3230 XIX.
2435 3206 2508 3217 -—-
2546 3176 2633 3229 2'2.
2670 3175 2946 3247 Operatum
2984 3195 3088 3233 esse
3122 3177 3343 3234 Paulum
3378 3198 3505 3249 opus

1929 3278 2041 3317 vere
2082 3266 2363 3337 corporale.
2428 3267 2502 3320 lbi
2548 3268 2707 3323 etiam
2759 3268 2951 3324 dicitur
3000 3270 3501 3348 quidoperabatttr

1923 3358 2230 3425 Apostolus.
2279 3357 2405 3413 Post
2430 3360 2555 3425 hcce,
2580 3361 2769 3431 inquit,
2799 3378 3025 3433 egressus
3050 3362 3112 3416 ab
3141 3364 3349 3419 Athenis
3378 3367 3525 3420 venit

1923 3448 2257 3515 Corinthum;
2286 3459 2333 3503 et
2373 3466 2487 3504 cum
2526 3451 2789 3506 invenisset
2828 3453 3095 3525 quemdam
3137 3452 3377 3510 Iudicum
3408 3473 3503 3510 no-

1922 3541 2054 3595 mine
2072 3541 2325 3610 Aquilam,
2357 3541 2624 3597 Ponticunt
2649 3560 2845 3615 genere,
2874 3563 3047 3601 recens
3075 3547 3417 3604 advenientem
3444 3551 3505 3603 ab

1922 3628 2099 3698 Italia,
2140 3640 2188 3685 et
2236 3630 2529 3687 Priscillam
2570 3652 2776 3690 uxorem
2819 3636 3013 3707 ipsius,
3068 3648 3332 3707 prapterea
3371 3642 3505 3711 quod

1913 3720 2149 3790 jussisset
2201 3720 2445 3780 Claudius
2499 3723 2757 3780 discedere
2803 3743 2975 3781 omnes
3028 3726 3239 3783 Judazos
3300 3729 3502 3799 Roma,

1922 3813 2129 3866 accessit
2154 3812 2222 3865 ad
2258 3813 2393 3879 illos,
2423 3824 2468 3867 et
2517 3824 2722 3886 propter
2766 3818 2891 3872 artis
2916 3818 3295 3873 similitudinem
3321 3824 3507 3876 mansit

1922 3902 2061 3973 apud
2100 3901 2217 3958 illos
2259 3921 2388 3972 opus
2432 3905 2622 3977 faciens
2646 3921 2665 3960 :
2707 3916 2848 3961 erant
2891 3908 3022 3961 enim
3067 3910 3503 3966 tabernaculorum

1921 3993 2140 4060 artiﬁces
2172 3994 2248 4064 (a)
2289 3994 2427 4065 (Act.
2474 4010 2625 4063 xvm,
2658 3996 2801 4068 l-l).
2853 3997 2965 4053 Hoc
3010 3999 3054 4053 si
3103 4002 3280 4055 conati
3310 4002 3508 4059 fuerint

1921 4083 2203 4154 allegorice
2222 4084 2579 4155 interpretari,
2613 4086 2899 4142 ostendunt
2926 4090 3195 4159 quomodo
3224 4093 3507 4161 proficiant

1922 4173 1974 4227 in
2004 4174 2376 4230 ecclesiasticis
2404 4177 2632 4244 litteris,
2662 4177 2851 4247 quibus
2875 4194 2933 4234 se
2964 4195 3155 4236 vacare
3186 4182 3501 4251 gloriantur.

1921 4263 1989 4317 Et
2012 4273 2158 4320 certe
2186 4265 2274 4319 illa
2319 4282 2437 4336 qua:
2478 4282 2636 4337 supra
2684 4268 2823 4322 dicta
2899 4280 3056 4338 sunt,
3110 4271 3374 4344 Numquid
3418 4293 3508 4347 ego

1919 4354 2057 4409 solus
2100 4364 2147 4410 et
2191 4355 2456 4411 Barnabas
2496 4375 2599 4413 non
2646 4358 2882 4415 habemus
2931 4374 3227 4433 potestatem
3256 4383 3355 4421 non
3383 4385 3506 4438 ape-

1920 4445 2115 4500 randi?
2140 4454 2223 4511 et,
2260 4445 2381 4501 Non
2406 4464 2581 4503 sumus
2618 4449 2699 4503 usi
2724 4449 2820 4503 hac
2844 4461 3087 4522 potestate
3114 4454 3158 4525 (I
3189 4453 3307 4509 Cor.
3340 4473 3415 4521 IX,
3449 4461 3502 4526 ϐ,

1924 4534 2056 4606 12);
2101 4545 2183 4603 et,
2223 4534 2350 4592 Cum
2388 4555 2645 4609 possemus
2698 4539 2836 4595 vobis
2891 4544 3034 4598 oneri
3071 4561 3178 4599 esse
3216 4556 3272 4600 ut
3320 4545 3508 4604 Christi

1902 4627 2152 4698 ‘Apostoli
2194 4628 2237 4703 (l
2266 4628 2445 4685 Thess.
2470 4635 2528 4697 η,
2566 4628 2659 4702 7);
2705 4640 2779 4697 et,
2814 4630 2978 4688 Nocte
3018 4645 3067 4689 et
3103 4635 3185 4691 die
3222 4650 3503 4708 operantes,

1921 4737 1985 4773 ne
2024 4737 2170 4790 quem
2213 4732 2441 4779 uestrum.
2467 4738 2791 4794 gravaremus
2834 4723 2897 4799 (II
2934 4725 3113 4782 Thess.
3163 4734 3237 4795 tu,
3288 4729 3383 4802 8);
3428 4742 3501 4797 et,

1922 4810 2172 4867 Dominus
2205 4814 2453 4867 ordinavit
2487 4816 2557 4869 eis
2578 4816 2665 4887 qui
2704 4816 3034 4889 Evangelium
3074 4824 3398 4889 annuntiant,
3444 4827 3508 4878 de

1926 4902 2202 4976 Evangelia
2227 4906 2387 4963 vivere
2407 4924 2427 4972 ;
2454 4922 2545 4977 ego
2598 4916 2765 4963 autent
2805 4910 2995 4963 nullius
3020 4910 3200 4966 horum
3240 4929 3362 4967 usus
3388 4932 3502 4968 sum

1922 4994 1963 5064 (Ι
1979 4992 2096 5050 Cor.
2114 5011 2187 5061 Ix,
2212 4996 2275 5049 14
2291 5006 2336 5049 et
2358 4996 2448 5067 l5)
2470 5005 2554 5052 :et
2572 5005 2763 5055 caetera
2781 4998 3103 5069 hujusmodi,
3126 5012 3216 5056 aut
3233 5017 3503 5073 exponant

1921 5084 2093 5148 aliter,
2138 5094 2230 5139 aut
2264 5086 2305 5139 si
2348 5086 2754 5161 praeclarissima
2792 5087 2910 5143 luce
2950 5090 3189 5145 veritatis
3225 5103 3501 5163 urgentur,

1921 5175 2217 5247 intelligant
2248 5185 2301 5232 et
2326 5177 2578 5232 obediant
2609 5196 2622 5231 :
2652 5190 2741 5231 aut
2766 5179 2810 5233 si
2836 5180 3055 5237 obedire
3084 5183 3168 5237 vel
3198 5185 3387 5241 nolunt
3418 5191 3500 5243 vel

1920 5282 2025 5321 non
2060 5277 2305 5337 possunt,
2347 5269 2535 5323 saltem
2575 5268 2695 5324 illos
2723 5271 2810 5339 qui
2841 5272 3046 5339 volunt,
3090 5276 3363 5345 meliores,
3411 5283 3502 5350 qui

1920 5368 2095 5414 autem
2125 5367 2180 5413 et
2206 5368 2443 5429 possunt,
2472 5359 2734 5415 feliciores
2758 5376 2877 5418 esse
2904 5362 3186 5420 fateantur.
3233 5369 3391 5424 Aliud
3419 5381 3503 5427 est

1910 5451 2061 5506 enim
2086 5451 2324 5521 corporis
2367 5451 2726 5507 inﬁrmitatem
2747 5495 2761 5520 ,
2793 5455 2877 5509 vel
2908 5471 3088 5512 veram
3128 5460 3385 5533 allegare,
3412 5464 3496 5517 vel

1926 5681 1963 5698 ρ.
1984 5621 2475 5698 ‘._L9'-z.99"'i€’.'!8_in
2496 5622 2704 5698 υίησιιιξξ.
2717 5629 2763 5677 ει
2785 5627 2903 5698 rem
2924 5635 3032 5698 Et».
3057 5630 3273 5698 gentibus
3296 5632 3501 5698 sareulis

1917 5681 1983 5759 ξε
2004 5668 2772 5759 (ab;saginasaginam;
2785 5668 3505 5759 ’ξάῖὶίῖρςγεεῗῑΐῐοτοῗῖῖὲἑῖιῖἒ

1919 5745 2230 5820 r‘lqriaeensis
2245 5754 2395 5820 .vetus
2416 5745 2587 5820 eodem",
2615 5749 2828 5820 gentibus
2849 5752 3015 5820 incolis
3037 5745 3087 5805 in
3110 5745 3233 5820 [σὼ.

1982 5808 2002 5875 ξ
2036 5805 2168 5875 editi,
2192 5805 2256 5856 ad
2480 5805 2666 5875 Aliquot
2689 5819 2815 5875 uss,
2838 5814 2903 5865 ad
2924 5828 3019 5869 eos.

1985 5866 2057 5929 (ω)
2088 5874 2267 5931 Grtcce,
2294 5866 2578 5937 skénopoioil
