3986 6528
457 395 560 451 567
1384 403 1466 456 DE
1506 404 1731 461 OPEliE
1770 401 2037 460 MONACH

2147 402 2264 468 Ubi,
2307 404 2363 459 S.
2408 404 2774 464 AUGUSTINI
3643 426 3746 487 50³)

462 530 649 585 falsam
696 524 1072 591 praetendere:
1118 522 1259 580 aliud
1303 531 1480 585 autem
1518 523 1594 577 sic
1637 523 1846 594 decipi,
1888 531 1943 579 et
1970 522 2048 577 sic

457 620 727 690 decipere,
760 627 817 672 ut
844 618 1060 686 insuper
1082 616 1201 670 ideo
1223 615 1463 670 videatur
1489 616 1540 670 in
1562 616 1731 670 servis
1752 616 1845 671 Dei
1880 614 2050 686 major

422 696 580 781 ,e‘sse
630 708 866 778 justitia,
914 707 1037 776 quia
1087 708 1258 777 potuit
1319 708 1457 762 inter
1502 708 1777 777 imperitos
1824 721 2050 777 regnare

414 798 421 815 ’
457 802 687 873 pigritia.
735 800 837 869 Qui
879 801 1021 855 enim
1053 816 1232 855 veram
1272 802 1512 871 corporis
1544 802 1776 857 ostendit
1818 801 2047 856 infirmi—

458 904 651 960 tatem,
699 893 931 949 humane
972 892 1285 948 tractandus
1335 902 1452 957 est;
1496 894 1586 964 qui
1630 902 1807 949 autem
1858 892 2046 949 falsam

457 986 739 1054 pneteudit
766 993 821 1040 et
864 985 1111 1043 convinci
1154 1000 1260 1039 non
1294 994 1499 1056 potest,
1546 986 1655 1041 Deo
1699 985 2047 1041 dimittendus

454 1086 536 1129 est
562 1094 574 1129 :
598 1084 789 1131 neuter
808 1087 985 1133 tamen
1011 1093 1195 1134 eorum
1223 1078 1575 1149 perniciOsam
1599 1078 1837 1149 regulam
1862 1077 2043 1148 ligiti;

454 1169 576 1237 quia
605 1170 776 1231 bonus
802 1185 987 1227 servus
1016 1172 1109 1227 Dei
1139 1183 1192 1228 et
1220 1172 1497 1228 manifeste
1528 1173 1740 1227 infirmo
1768 1172 1917 1227 fratri
1948 1188 2046 1227 suo

455 1260 643 1335 servit,
671 1271 722 1316 et
750 1261 950 1317 fallenti
994 1280 1115 1319 eum
1146 1265 1334 1330 credit,
1380 1265 1503 1335 quia
1546 1264 1743 1318 malum
1773 1279 1895 1321 eum
1935 1279 2043 1320 non

456 1333 625 1417 putat,
660 1366 764 1405 non
795 1352 1032 1409 imitatur
1056 1363 1114 1409 ut
1139 1355 1311 1419 malus
1333 1333 1441 1421 sit;
1472 1364 1526 1411 et
1554 1356 1598 1411 si
1630 1372 1737 1410 non
1777 1356 1825 1411 ei
1850 1354 2043 1425 credit,

455 1441 696 1499 fallacem
722 1454 891 1515 putat,
930 1461 993 1501 ac
1018 1447 1365 1505 nihilominus
1390 1463 1496 1504 non
1525 1449 1781 1504 imitatur.
1837 1450 1920 1507 Ab
1949 1449 2043 1505 illo

455 1548 584 1589 vero
624 1535 714 1605 qui
742 1535 887 1601 dicit,
932 1537 1058 1593 llaec
1096 1548 1179 1594 est
1215 1554 1338 1595 vera
1369 1540 1596 1610 justitia,
1638 1550 1695 1595 ut
1745 1540 1879 1597 nihil
1917 1556 2041 1597 cor-

454 1626 707 1695 poraliter
746 1629 1018 1696 Operando
1048 1630 1318 1687 imitemur
1346 1631 1577 1687 volatilia
1613 1632 1758 1700 eceli,
1789 1634 2040 1704 quoniam

452 1716 544 1786 qui
576 1716 682 1781 tale
722 1717 922 1789 aliquid
964 1719 1121 1775 fuerit
1166 1731 1418 1791 operatus
1463 1732 1647 1779 contra
1694 1723 2040 1795 Evangelium

453 1808 616 1862 facit:
650 1809 890 1879 quisquis
934 1812 1113 1867 animo
1146 1812 1387 1869 infirmus
1434 1814 1537 1872 hoc
1577 1815 1725 1875 audit
1752 1824 1806 1873 et
1846 1814 2040 1889 credit,

452 1914 559 1955 non
605 1901 728 1971 quia
758 1902 837 1957 sic
882 1914 1069 1968 vacat,
1116 1904 1211 1960 sed
1258 1906 1381 1976 quia
1431 1907 1509 1963 sic
1553 1915 1733 1973 errat,
1782 1907 2045 1979 lugendus

452 2001 554 2048 est.

523 2084 751 2144 CAPUT
786 2086 903 2149 XX.
929 2119 1001 2130 —-
1027 2087 1116 2145 25.
1143 2090 1391 2159 Objectio,
1414 2109 1481 2146 an
1503 2094 1668 2147 cteteri
1688 2093 1921 2164 Apostoli
1940 2110 2040 2149 non

454 2175 740 2231 laborantes
761 2196 817 2231 ac
837 2181 899 2233 de
918 2180 1189 2253 Evangelia
1208 2184 1423 2239 viventes
1439 2187 1710 2257 peccarint.
1734 2186 2037 2260 Responsio.

455 2268 776 2340 Prwceptum
796 2275 1043 2343 operandi
1064 2293 1145 2330 eos
1164 2287 1390 2346 spectare
1417 2281 1504 2349 qui
1541 2297 1643 2334 non
1670 2282 2036 2353 euangelizant.

452 2359 587 2414 lliuc
611 2362 851 2417 exoritur
895 2364 1064 2421 altera
1103 2369 1327 2436 qumstio
1360 2387 1373 2424 :
1407 2368 1635 2428 fortasse
1664 2374 1807 2428 enim
1855 2374 2037 2449 dicat,

449 2453 587 2521 Quid
614 2455 785 2524 ergo?
806 2458 983 2511 caeteri
1015 2460 1255 2528 Apostoli
1277 2470 1333 2517 et
1369 2460 1562 2518 fratres
1599 2464 1810 2520 Domini
1852 2474 1908 2522 et
1936 2467 2039 2523 Ce-

450 2544 615 2614 phas,
649 2548 771 2616 quia
814 2565 917 2603 non
943 2551 1327 2620 operabautur,
1355 2556 1687 2623 peccabant?
1712 2567 1801 2613 aut
1846 2558 2039 2615 all‘ere-

448 2636 576 2690 bant
608 2637 1045 2707 impedimentum
1078 2643 1385 2714 Evangelio,
1415 2647 1536 2717 quia
1552 2648 1680 2704 dicit
1699 2649 1886 2705 beatus
1905 2650 2041 2707 Pau-

451 2727 535 2787 lus
554 2770 568 2793 ,
602 2729 721 2783 ideo
744 2746 805 2786 se
835 2747 939 2785 non
973 2749 1124 2787 usum
1165 2734 1263 2791 hac
1286 2746 1575 2805 potestate,
1616 2755 1685 2795 ne
1709 2740 1851 2810 quod
1881 2741 2042 2812 impe-

448 2819 744 2877 dimeutum
775 2824 926 2879 daret
950 2826 1236 2897 Evangelia
1263 2828 1459 2885 Christi
1481 2831 1504 2884 ?
1524 2831 1579 2887 Si
1610 2834 1751 2887 enim
1779 2849 2038 2903 peccave-

448 2922 607 2978 runt,
638 2916 759 2983 quia
789 2931 893 2970 non
939 2920 1144 2987 operati
1195 2930 1353 2987 sunt,
1396 2937 1503 2977 non
1541 2938 1668 2993 ergo
1718 2938 2041 2995 acceperant

450 3012 772 3072 potestatem
801 3021 904 3060 non
932 3010 1187 3077 aperandi
1210 3051 1223 3075 ,
1266 3012 1359 3066 sed
1388 3012 1454 3067 de
1485 3013 1775 3085 Evangelio
1802 3017 2034 3075 vivendi.

448 3097 503 3150 Si
534 3108 709 3150 autem
738 3108 1057 3167 acceperant
1079 3100 1216 3157 hanc
1238 3112 1589 3172 potestatem,
1623 3108 1906 3164 ordinante
1933 3111 2037 3166 Do-

452 3186 595 3245 mino
625 3196 680 3240 ut
705 3189 791 3258 qui
822 3188 1169 3261 Evangelium
1200 3197 1580 3253 annuntiarent
1602 3242 1615 3264 ,
1645 3214 1708 3259 ex
1747 3202 2037 3273 Evangelio

450 3278 719 3345 viverent,
770 3290 824 3336 et
867 3282 1110 3349 dicente,
1151 3284 1348 3356 Dignus
1386 3298 1460 3343 est
1499 3293 1760 3359 cperarius
1802 3292 1911 3348 cibo
1945 3312 2038 3351 suo

451 3368 663 3437 (Matth.
697 3386 728 3424 x
753 3413 767 3435 ,
801 3370 889 3441 l0)
914 3391 927 3437 ;
960 3389 1062 3444 qua
1080 3385 1341 3444 potestate
1368 3379 1561 3435 Paulus
1582 3382 1811 3452 amplius
1837 3385 2035 3455 aliquid

449 3473 677 3529 erogans
706 3461 781 3515 uti
811 3462 980 3518 noluit
1012 3482 1027 3519 :
1054 3480 1158 3520 non
1190 3467 1371 3537 utique
1413 3483 1785 3539 peccaverunt.
1829 3475 1886 3530 Si
1930 3492 2035 3532 non

449 3560 807 3617 peccaverunt
831 3596 845 3619 ,
876 3554 1081 3610 nullum
1100 3556 1536 3628 impedimentum
1556 3563 1835 3622 dederunt.
1854 3566 2038 3639 Neque

448 3640 593 3695 enim
624 3644 826 3699 nullum
867 3656 1145 3719 peccatum
1194 3660 1312 3717 est,
1355 3652 1615 3723 impedire
1666 3657 2033 3727 Evangelium.

450 3734 603 3810 Quod
645 3738 689 3790 si
726 3738 793 3793 ita
816 3751 930 3809 εει,
964 3749 1019 3796 et
1053 3742 1241 3812 nobis,
1271 3745 1545 3816 inquiunt,
1577 3748 1803 3806 liberum
1834 3761 1948 3822 est,
1984 3764 2039 3811 et

449 3829 527 3883 uti
553 3839 605 3884 ct
632 3845 736 3886 non
772 3833 844 3888 uti
877 3833 976 3892 hac
1007 3845 1291 3905 potestate.

516 3920 606 3991 9.4.
640 3922 787 3978 llanc
816 3927 1164 3994 qurestionem
1214 3928 1450 3987 breviter
1478 3934 1741 3990 solverem
1765 3977 1780 4001 ,
1806 3936 1852 3990 si
1887 3938 2035 3994 diee-

446 4029 558 4071 rem
584 4056 599 4078 ,
627 4016 747 4085 quia
798 4027 853 4073 et
901 4020 1044 4088 juste
1072 4021 1305 4081 dicerem
1330 4065 1344 4089 ,
1377 4025 1701 4082 credendum
1748 4044 1868 4085 esse
1893 4032 2036 4101 Apo-

446 4106 608 4162 stolo.
642 4108 757 4177 Ipse
785 4111 927 4164 enim
948 4113 1149 4168 sciebat
1168 4129 1266 4169 cur
1294 4115 1346 4170 in
1371 4117 1624 4174 Ecclesiis
1645 4120 1895 4179 Gentium
1927 4140 2034 4180 non

447 4205 721 4264 Oporteret
760 4202 956 4268 portari
1003 4204 1191 4261 venale
1242 4206 1618 4278 Evangelium,
1659 4228 1765 4267 non
1815 4214 2035 4283 culpans

447 4292 786 4359 coapostolos
811 4308 937 4348 suos
963 4337 977 4360 ,
1003 4297 1094 4351 sed
1120 4297 1451 4369 distinguens
1466 4304 1819 4360 ministerium
1841 4323 1993 4363 suum
2018 4327 2037 4379 :7

446 4380 569 4451 quia
599 4381 668 4435 ita
708 4382 846 4437 inter
872 4399 931 4439 se
971 4385 1385 4456 distribuerant,
1413 4394 1600 4463 procul
1641 4394 1804 4451 dubio
1843 4398 2033 4455 admo-

448 4480 608 4526 nente
656 4472 853 4542 Spiritu
893 4486 1118 4545 sancto,
1168 4484 1563 4552 evangelizandi
1606 4487 1942 4557 provincias,
1975 4501 2034 4547 ut

444 4561 643 4617 Paulus
681 4575 731 4618 ct
781 4565 1048 4623 Barnabas
1083 4569 1150 4625 ad
1194 4570 1392 4629 Gentes
1431 4575 1609 4644 irent,
1639 4579 1716 4633 illi
1755 4589 1931 4636 autem
1976 4583 2031 4639 in

445 4655 906 4715 circumcisionem
955 4658 1089 4734 (Act.
1135 4680 1265 4732 xm,
1295 4666 1363 4732 2,
1396 4678 1442 4723 et
1488 4669 1661 4725 Galat.
1708 4689 1778 4741 ιι,
1812 4672 1887 4746 9).
1918 4675 2032 4732 [Ioc

446 4758 629 4805 tamen
649 4767 770 4805 eum
801 4757 1125 4825 praecepisse
1152 4758 1216 4813 iis
1241 4761 1327 4829 qui
1348 4777 1451 4815 non
1482 4762 1750 4821 habebant
1770 4767 2031 4837 ejusmodi

444 4851 763 4912 potestatem
780 4885 795 4909 ,
819 4860 880 4899 ea
903 4862 1021 4917 qua:
1047 4850 1155 4917 jam
1184 4851 1345 4906 multa
1368 4852 1506 4911 dicta
1527 4864 1653 4909 sunt
1672 4858 2030 4915 manifestant.

511 4934 739 4993 CAPUT
763 4937 906 4994 XXI.
932 4970 1006 4982 —
1037 4940 1135 5008 Qui
1163 4959 1340 4997 vacare
1362 4945 1569 5013 volunt,
1615 4948 1652 5001 ii
1695 4947 1922 5018 plerique
1972 4969 2035 5007 ex

443 5026 593 5098 inope
612 5046 672 5082 ac
692 5030 942 5087 laboriosa
963 5034 1064 5087 vita
1091 5036 1315 5091 conversi
1343 5047 1480 5092 sunt.
1514 5038 1600 5097 Isti
1630 5049 1809 5095 autem
1839 5041 2032 5100 fratres

444 5121 611 5174 nostri
643 5132 842 5177 temere
864 5124 959 5179 sibi
992 5136 1239 5196 arrogant
1262 5169 1276 5187 ,
1309 5138 1566 5198 quantum
1590 5132 1865 5197 existimo,
1888 5135 2029 5203 quod

446 5212 703 5281 ejusmodi
752 5216 979 5271 habeant
1014 5228 1355 5287 potestatem.
1394 5221 1447 5275 Si
1492 5224 1633 5277 enim
1684 5228 2031 5296 evangelista:

442 5312 605 5368 sunt,
632 5304 827 5368 fateor,
858 5306 1056 5367 habent
1086 5327 1099 5363 :
1131 5310 1174 5364 si
1194 5312 1416 5367 ministri
1444 5313 1629 5369 altaris
1654 5357 1669 5382 ,
1695 5314 2029 5385 dispensato-

442 5406 531 5446 res
559 5404 1011 5453 sacramentorum
1035 5439 1053 5473 ,η
1075 5399 1208 5455 bene
1235 5403 1333 5457 sibi
1363 5404 1519 5463 istam
1574 5422 1678 5461 non
1724 5420 1973 5479 arrogant
2008 5451 2025 5477 ,

443 5482 537 5537 sed
566 5483 723 5553 plane
739 5484 1006 5542 vindicant
1035 5498 1370 5557 potestatem.

511 5573 603 5629 25.
632 5574 687 5629 Si
718 5574 905 5628 saltem
933 5576 1196 5634 habebant
1216 5584 1410 5653 aliquid
1438 5586 1487 5639 in
1520 5588 1622 5646 hoc
1659 5588 1859 5647 smeulo,
1880 5630 1894 5656 ,
1923 5607 2029 5661 quo

443 5662 598 5721 facile
641 5664 759 5720 sine
799 5665 1010 5736 opiﬁcio
1048 5677 1409 5731 sustentarent
1464 5677 1620 5735 istam
1654 5681 1815 5735 vitam
1839 5723 1854 5747 ,
1884 5684 2025 5753 quod

440 5803 530 5915 ns;
559 5802 633 5929 Si;
653 5797 889 5928 rgsliores
922 5810 1026 5853 Mss.
1064 5808 1119 5852 At
1138 5810 1265 5868 Lov.,
1305 5803 1437 5877 ﬁgat.
1479 5817 1575 5880 Ειυ,
1603 5814 1765 5880 ﬁngat.
1810 5816 2026 5869 Nonnulli

538 5900 566 5927 .,
629 5877 661 5912 η
740 5901 751 5912 .

538 5900 566 5927 .,
592 5877 751 5935 fmgu.

2162 523 2403 576 conversi
2430 522 2497 577 ad
2529 523 2693 577 Deum
2722 523 3081 595 indigentibus
3096 527 3355 600 dispertiti
3382 544 3507 589 sunt
3528 579 3543 603 ,
3570 547 3624 591 et
3639 554 3745 599 cre-

2155 609 2326 666 denda
2348 620 2430 666 est
2460 627 2648 671 eorum
2675 612 2958 671 infirmitas
2998 626 3054 673 et
3082 617 3318 675 ferenda.
3350 622 3541 680 Solent
3593 631 3740 691 enim

2156 700 2314 766 tales,
2340 716 2447 761 non
2475 702 2697 770 melius,
2743 704 2881 761 sicut
2917 708 3068 763 multi
3111 718 3293 779 putant
3315 755 3330 781 ,
3372 715 3465 770 sed
3485 718 3636 787 quod
3660 731 3742 785 est

2154 807 2369 860 verum,
2401 795 2702 866 languidius
2725 798 2967 864 educati,
3001 801 3237 859 laborem
3279 820 3500 881 operum
3547 828 3742 883 corpo-

2152 886 2343 947 ralium
2369 889 2634 952 sustinere
2658 907 2763 946 non
2784 907 2961 962 posse.
2983 894 3142 951 Tales
3167 895 3393 956 fortasse
3416 903 3570 958 multi
3588 915 3743 965 erant

2151 978 2208 1031 iu
2236 977 2590 1052 Jerosolyma.
2624 980 2756 1037 Nam
2786 994 2841 1040 et
2865 986 3119 1057 scriptum
3149 997 3235 1047 est
3257 993 3399 1061 quod
3429 995 3628 1063 praedia
3646 1014 3744 1055 sua

2151 1070 2510 1140 vendiderint,
2547 1081 2604 1130 et
2625 1076 2790 1146 pretia
2818 1092 3002 1139 eorum
3029 1090 3154 1136 ante
3176 1083 3335 1153 pedes
3356 1086 3744 1159 Apostolorum

2151 1166 2463 1243 posuerint,
2484 1167 2969 1227 utdistribueretur
2994 1174 3279 1247 unicuique
3307 1179 3447 1234 sicut
3468 1195 3607 1251 opus
3624 1193 3743 1238 erat

2151 1253 2284 1327 (Act.
2316 1271 2390 1323 ιι,
2423 1258 2523 1325 45,
2552 1268 2600 1313 et
2628 1274 2711 1326 tv,
2735 1260 2851 1333 54).
2880 1262 3013 1331 Quia
3038 1280 3206 1336 prope
3253 1268 3455 1327 inventi
3477 1280 3636 1339 sunt,
3688 1284 3746 1342 es

2150 1346 2307 1403 utiles
2334 1347 2548 1404 fuerunt
2574 1349 2834 1409 Gentibus
2860 1355 2903 1422 ί,
2932 1370 3052 1425 qua:
3077 1356 3146 1412 ab
3176 1358 3439 1416 idolorum
3489 1364 3634 1418 cultu
3674 1381 3741 1431 ex

2150 1430 2438 1503 longinquo
2463 1436 2824 1504 vocabantur,
2876 1442 3170 1497 secundum
3207 1445 3335 1501 illud
3366 1448 3509 1517 quod
3535 1430 3747 1515 dictum,

2148 1533 2260 1592 est,
2286 1525 2369 1581 Ea:
2395 1526 2523 1582 Sion
2549 1530 2747 1599 prodiet
2773 1533 2884 1598 lex,
2914 1543 2962 1588 et
2983 1534 3187 1599 verbum
3212 1536 3415 1593 Domini
3441 1556 3505 1595 ea:
3525 1538 3741 1597 Jerusa-

2148 1616 2246 1671 lem
2274 1615 2425 1691 (Isai.
2454 1635 2523 1687 ιι,
2555 1620 2610 1692 ὅ)
2643 1640 2659 1677 :
2685 1622 2957 1681 debitores
2985 1640 3173 1683 eorum
3199 1629 3332 1685 dixit
3355 1632 3647 1702 Apostolus
3668 1649 3741 1703 ex

2147 1708 2403 1766 Gentibus
2426 1711 2761 1772 Christianos
2780 1756 2794 1781 ,
2832 1714 3089 1773 Debitores
3116 1735 3318 1787 eorum,
3352 1722 3554 1794 inquit,
3582 1736 3739 1802 sunt;

2147 1809 2200 1856 et
2219 1799 2422 1857 addidit
2444 1816 2639 1872 quare,
2672 1804 2733 1860 Si
2755 1806 2889 1861 enim
2915 1807 3263 1878 spiritualibus
3292 1828 3464 1871 eorum
3484 1856 3499 1880 ,
3535 1799 3747 1893 inquit,

2146 1893 2632 1952 communicaverunt
2661 1894 2845 1953 Gentes
2866 1939 2881 1963 ,
2926 1897 3107 1963 debent
3135 1912 3184 1957 et
3208 1904 3262 1958 in
3304 1907 3597 1963 carnalibus
3635 1910 3741 1963 nti.

2146 1981 2360 2038 nistrare
2386 1985 2458 2039 eis
2486 1983 2662 2059 (Rom.
2696 2002 2771 2055 xv
2788 2029 2804 2056 ,
2832 1988 2951 2062 27).

2214 2074 2443 2134 CAPUT
2493 2077 2663 2135 XXII.
2691 2110 2764 2122 —-
2808 2082 2997 2138 Contra
3023 2084 3213 2142 otiosos
3253 2096 3300 2143 et
3328 2090 3561 2146 verbosos
3584 2133 3599 2158 ,
3648 2094 3743 2163 qui,

2145 2168 2374 2238 exemplo
2399 2178 2448 2223 et
2473 2170 2622 2226 verba
2666 2173 2796 2228 alios
2842 2186 3058 2231 avocant
3098 2195 3131 2231 a
3165 2177 3355 2234 labore.
3384 2180 3534 2237 Nune
3557 2192 3741 2248 autem

2146 2260 2364 2315 veniunt
2388 2261 2703 2335 plerumque
2748 2265 2815 2321 ad
2860 2266 2998 2323 hanc
3038 2269 3429 2341 professionem
3455 2274 3742 2338 servitutis

2148 2350 2239 2407 Dei
2268 2360 2324 2408 et
2363 2369 2430 2414 ex
2474 2354 2780 2413 conditione
2825 2346 3059 2427 servili,
3102 2362 3185 2417 vel
3211 2363 3372 2418 etiam
3403 2363 3610 2433 liberti,
3651 2367 3745 2425 vel

2147 2453 2364 2515 propter
2408 2446 2511 2501 hoc
2536 2462 2566 2503 a
2592 2447 2825 2506 dominis
2870 2451 3079 2508 liberati
3102 2454 3215 2510 sive
3253 2456 3553 2522 liberandi,
3586 2468 3643 2515 et
3668 2475 3741 2531 ex

2146 2536 2251 2591 vita
2305 2540 2573 2596 rusticana
2594 2582 2610 2607 ,
2642 2550 2698 2598 et
2725 2558 2791 2605 ex
2822 2545 3076 2615 opificum
3099 2550 3484 2608 exercitatione
3525 2562 3582 2609 et
3619 2554 3744 2624 ple-

2145 2627 2266 2684 beio
2290 2628 2473 2689 labore
2495 2671 2509 2697 ,
2538 2640 2687 2690 tanto
2715 2634 2895 2705 utique
2923 2634 3132 2698 felicius
3156 2649 3357 2710 quanto
3386 2644 3574 2699 fortius
3601 2645 3742 2700 edu-

2144 2719 2249 2773 cati
2278 2721 2406 2790 :qui
2448 2722 2495 2776 si
2548 2738 2658 2778 non
2709 2725 3089 2796 admittuntur,
3136 2746 3301 2802 grave
3336 2732 3587 2791 delictum
3631 2746 3746 2809 est.

2146 2811 2291 2865 Multi
2314 2812 2456 2867 enim
2485 2828 2550 2869 ex
2573 2828 2641 2870 eo
2666 2832 2890 2874 numero
2912 2834 3038 2876 vere
3068 2822 3246 2893 magni
3273 2832 3327 2878 et
3367 2826 3607 2881 imitandi
3645 2842 3747 2889 ex.

2145 2901 2415 2957 stitcrunt.
2438 2902 2569 2958 Nam
2592 2915 2873 2977 propterea
2903 2918 2949 2963 et
2969 2911 3176 2981 inﬁrma
3199 2914 3377 2975 mundi
3399 2917 3545 2987 elegit
3578 2916 3740 2983 Deus,

2143 3001 2197 3045 ut
2212 2993 2543 3063 confunderet
2562 2997 2754 3066 fortia;
2781 3007 2828 3052 et
2846 3000 3002 3056 stulta
3026 3003 3203 3057 mundi
3221 3004 3371 3075 elegit
3391 3048 3405 3071 ,
3431 3016 3488 3060 ut
3515 3012 3741 3079 confun-

2142 3083 2281 3138 deret
2298 3086 2587 3157 sapientes;
2615 3098 2662 3143 et
2686 3090 2930 3161 ignobilia
2954 3094 3152 3161 mundi,
3176 3104 3223 3151 et
3244 3113 3303 3151 ea
3333 3114 3447 3169 qute
3473 3115 3573 3153 non
3588 3112 3734 3167 sunt,

2145 3185 2383 3247 tanquam
2409 3178 2545 3246 sint,
2582 3192 2636 3243 ut
2661 3198 2721 3236 ea
2742 3198 2854 3252 quce
2878 3200 2995 3238 sunt
3029 3195 3331 3241 evaeuentur
3359 3204 3379 3242 :
3406 3199 3458 3242 ut
3487 3207 3589 3244 non
3620 3176 3745 3261 glo-i

2141 3271 2298 3323 rietur
2320 3271 2484 3326 omnis
2524 3288 2644 3327 caro
2672 3290 2846 3329 coram
2888 3274 2994 3330 Deo
3027 3277 3070 3349 (I
3097 3276 3217 3335 Cor.
3249 3295 3302 3348 ι,
3357 3281 3575 3354 27-29).
3610 3285 3743 3340 Ilzec

2142 3362 2324 3433 itaque
2354 3365 2439 3436 pia
2458 3374 2515 3421 et
2548 3374 2733 3423 sancta
2758 3369 3015 3439 cogitatio
3059 3371 3183 3428 facit
3210 3376 3447 3431 utetiam
3478 3378 3614 3433 tales
3640 3380 3741 3433 ad-

2141 3454 2419 3511 mittantur
2435 3498 2450 3525 ,
2474 3457 2564 3527 qui
2591 3459 2791 3514 nullum
2813 3460 3044 3518 afferant
3067 3473 3284 3521 mutatae
3312 3467 3365 3521 in
3395 3469 3585 3524 melius
3608 3470 3738 3527 vita:

2140 3543 2539 3602 documentum.
2557 3547 2741 3620 Neque
2757 3552 2899 3608 enim
2925 3564 3149 3623 apparet
3167 3566 3345 3612 utrum
3376 3574 3440 3613 ex
3462 3563 3741 3629 proposito,

2141 3635 2411 3691 servitutis
2430 3637 2522 3691 Dei
2541 3640 2785 3694 venerint
2804 3683 2817 3703 ,
2836 3656 2904 3695 an
2924 3644 3084 3697 vitam
3109 3644 3321 3714 inepem
3336 3657 3389 3703 et
3410 3649 3740 3710 laboriosam

2140 3725 2402 3797 fugientes
2436 3730 2585 3785 vacui
2612 3771 2627 3796 ,
2652 3733 2798 3801 pasci
2822 3744 2984 3803 atque
3012 3737 3196 3792 vestiri
3228 3740 3521 3805 voluerint,
3550 3752 3606 3796 ct
3648 3744 3738 3798 in-

2140 3833 2303 3890 super
2325 3819 2579 3877 honorari
2609 3824 2677 3876 ab
2705 3830 2784 3881 eis
2810 3839 2839 3880 a
2884 3826 3078 3897 quibus
3108 3832 3381 3886 contemni
3416 3835 3736 3905 coutcrique

2139 3922 2549 3968 consueverant.
2571 3914 2730 3969 Tales
2759 3931 2886 3986 ergo
2910 3919 3163 3987 quoniam
3184 3934 3245 3977 se
3267 3936 3373 3992 quo
3398 3924 3574 3978 minus
3594 3942 3735 3996 ope-

2138 4011 2344 4067 rentur,
2371 4003 2762 4061 deiniirmitate
2790 4009 3030 4077 corporis
3050 4024 3310 4067 excusare
3337 4028 3442 4068 non
3466 4026 3693 4083 possunt
3716 4034 3735 4091 ;r

2140 4095 2426 4163 prteterita:
2469 4096 2664 4166 quippe
2708 4098 2832 4153 vitae
2877 4102 3267 4158 consuetudine
3291 4105 3732 4171 convincuntur;

2140 4185 2452 4240 umbraculo
2474 4187 2628 4242 malae
2655 4189 2949 4259 disciplinae
2964 4206 3025 4246 se
3049 4200 3368 4263 contegunt,
3407 4204 3465 4250 ut
3494 4212 3561 4251 ex
3590 4199 3741 4255 male

2139 4278 2412 4334 intellecto
2454 4279 2744 4348 Evangelia
2787 4294 3053 4353 praecepta
3082 4287 3376 4356 apostolica
3420 4299 3741 4358 pervertere

2138 4369 2463 4425 mediteatur
2491 4388 2503 4421 :
2529 4386 2655 4426 vere
2694 4372 2930 4428 volatilia
2977 4376 3133 4443 caeli,
3180 4378 3274 4433 sed
3304 4393 3398 4448 per
3417 4382 3736 4450 superbiam

2138 4459 2193 4517 in
2211 4460 2374 4513 altum
2403 4475 2463 4515 se
2488 4460 2834 4531 extollendo;
2862 4472 2917 4519 et
2937 4462 3118 4521 fenum
3144 4468 3285 4540 agri,
3318 4469 3414 4524 sed
3438 4472 3737 4539 carnaliter

2136 4552 2442 4610 sentiendo.

2208 4644 2299 4700 26.
2326 4643 2598 4716 Contingit
2621 4647 2765 4701 enim
2786 4647 2866 4704 eis
2886 4648 3027 4718 quod
3049 4650 3103 4705 in
3130 4650 3623 4721 viduisjunioribus
3648 4656 3739 4711 in-

2137 4735 2484 4807 disciplinatis
2512 4738 2808 4794 cavendum
2861 4741 3003 4795 idem
3048 4744 3323 4812 apostolus
3365 4744 3531 4800 dicit:
3559 4746 3743 4803 Simul

2138 4840 2305 4884 autem
2324 4840 2370 4885 et
2393 4832 2565 4885 otiosae
2589 4848 2695 4886 esse
2716 4832 2915 4887 discunt
2936 4850 2956 4898 ;
3000 4852 3099 4889 non
3127 4836 3292 4890 solum
3317 4846 3486 4891 autem
3512 4839 3695 4893 otiosa:
3714 4883 3731 4903 ,

2138 4924 2227 4977 sed
2256 4923 2408 4977 etiam
2436 4924 2652 4981 curiosa:
2674 4934 2721 4978 et
2745 4925 2964 4980 verbosa:
2985 4968 2999 4991 ,
3023 4927 3278 4994 loquentes
3307 4944 3423 4999 qua:
3450 4945 3553 4983 non
3578 4946 3740 4999 apor-

2136 5026 2203 5071 tct
2229 5017 2274 5087 (I
2306 5016 2438 5070 Tim.
2473 5033 2502 5069 v
2528 5059 2542 5083 ,
2568 5019 2677 5087 15).
2714 5018 2825 5072 IIoc
2852 5020 2939 5074 ille
2962 5018 3029 5075 de
3056 5022 3211 5074 malis
3232 5020 3447 5075 feminis
3474 5021 3695 5077 dicebat
3715 5065 3733 5089 ,

2137 5109 2280 5180 quod
2310 5124 2408 5163 nos
2434 5110 2592 5164 etiam
2638 5110 2689 5165 in
2713 5111 2865 5165 malis
2893 5111 3024 5167 viris
3049 5112 3295 5168 dolemus
3319 5121 3375 5168 ct
3401 5114 3737 5185 plangimus,

2134 5203 2224 5272 qui
2243 5201 2498 5257 adversus
2524 5216 2648 5257 eum
2680 5203 2884 5271 ipsum,
2918 5204 2970 5257 in
3001 5204 3152 5273 citius
3185 5204 3439 5274 Epistolis
3460 5206 3561 5260 ista
3591 5204 3749 5277 legi-'

2138 5310 2257 5348 mus
2280 5336 2295 5359 ,
2323 5294 2480 5348 otiosi
2499 5304 2552 5349 et
2584 5294 2827 5362 verbosi,
2868 5312 2989 5366 qua:
3023 5312 3128 5351 non
3159 5306 3372 5367 oportet
3404 5299 3734 5368 loquuntur.

2136 5387 2202 5441 Et
2226 5388 2269 5441 si
2298 5387 2388 5458 qui
2407 5387 2686 5441 suntinter
2712 5401 2835 5454 eos,
2877 5389 2966 5458 qui
2994 5404 3060 5447 eo
3086 5390 3358 5459 proposito
3398 5389 3468 5444 ad
3484 5401 3741 5448 sanctam

2136 5477 2382 5532 militiam
2409 5477 2681 5543 venerint,
2731 5486 2790 5533 ut
2830 5479 3074 5549 placeant
3128 5482 3215 5536 cui
3272 5496 3331 5537 se
3362 5482 3743 5551 probaverunt

2137 5569 2203 5643 (ll
2228 5572 2359 5625 Tim.
2392 5588 2466 5637 ιι,
2498 5572 2590 5642 4),
2624 5587 2747 5627 cum
2795 5572 2866 5628 ita
2898 5574 3113 5645 vigeant
3162 5575 3364 5637 viribus
3389 5578 3633 5647 corporis
3674 5590 3744 5635 el.

2135 5662 2437 5735 integritate
2462 5662 2813 5731 valetudinis,
2848 5673 2906 5721 ut
2950 5680 3056 5721 non
3105 5665 3278 5722 solum
3332 5666 3569 5734 erudiri,
3628 5671 3741 5733 sed

2200 5818 2317 5884 "lla
2338 5822 2445 5865 Mss.
2474 5822 2527 5866 At
2550 5817 2665 5884 editi
2688 5832 2698 5865 :
2723 5823 3016 5884 (ηιαρτοριεν
3040 5818 3219 5872 intenti
3234 5824 3341 5871 sunt
3362 5816 3551 5884 ﬁdeles,
3566 5825 3611 5871 et
3637 5822 3741 5871 uti”

2142 5877 2203 5937 ιω
2222 5879 2412 5947 {uerunt
2435 5878 2668 5930 Gentibus.
