4078 6526
295 448 401 506 569

1700 428 1902 489 LIBER
1935 428 2133 488 UNUS.

3489 441 3598 499 570

297 566 459 621 etiam
488 559 782 620 secundum
804 556 1121 630 Apostolum
1142 555 1355 627 operari
1382 551 1625 624 possint;
1654 549 1892 619 exceptis
1994 549 2217 621 iustitia:
2249 552 2604 619 transierunt,
2647 564 2699 610 et
2727 554 2950 610 omnino
2978 556 3031 611 in
3058 555 3126 611 iis
3153 571 3271 626 quae
3296 554 3365 611 ad
3390 556 3593 613 transi-

295 657 524 713 istorum
558 654 749 710 otiosis
775 651 1149 722 corruptisque
1177 646 1551 713 sermonibus,
1581 657 1718 715 quos
1750 642 1893 712 judi-

294 760 421 804 care
440 760 537 816 per
564 741 870 814 imperitum
896 741 1199 796 tirocinium
1225 753 1332 794 non
1363 737 1609 801 valeant,
1660 734 1715 790 in
1742 748 1894 789 eam-

294 839 419 893 dem
450 836 631 892 labem
670 834 920 905 pestifera
940 832 1257 903 contagione
1279 837 1555 884 mutantur
1579 828 1596 859 ¹
1623 844 1636 881 :
1671 840 1776 881 non
1807 839 1895 880 so—

296 930 409 985 lum
436 943 546 984 non
572 927 841 983 imitantes
862 925 1222 981 obedientiam
1243 931 1549 978 sanctorum
1564 918 1748 990 quiete
1771 933 1897 988 ope-

295 1022 530 1077 rantium
555 1061 571 1087 ,
608 1028 665 1075 et
691 1020 921 1087 aliorum
966 1014 1418 1071 monasteriorum
1457 1012 1512 1067 in
1542 1008 1894 1066 saluberrima

294 1112 575 1182 disciplina
593 1110 889 1167 secundum
911 1107 1265 1179 apostolicam
1290 1119 1533 1161 normam
1559 1103 1890 1168 viventium;

293 1205 391 1260 sed
416 1206 581 1261 etiam
614 1204 930 1265 insultantes
951 1198 1266 1263 melioribus
1285 1240 1300 1263 ,
1324 1206 1578 1267 tauquam
1603 1207 1896 1251 conserva-

297 1297 490 1354 tricem
535 1294 812 1367 Evangelii
865 1291 1219 1365 prmdicautes
1274 1289 1581 1361 pigritiam,
1640 1296 1894 1359 tanquam

297 1388 783 1461 prmvarieatricem
845 1393 1164 1448 accusantes
1232 1381 1673 1439 misericordiam.
1728 1378 1896 1433 Multo

293 1484 442 1549 enim
466 1480 871 1547 misericordius
899 1489 1155 1551 operatur
1178 1495 1301 1551 erga
1326 1479 1534 1543 animas
1561 1476 1896 1541 infirmorum

294 1574 389 1645 qui
416 1576 573 1630 bonae
602 1572 759 1629 famae
810 1588 1089 1630 servorum
1146 1572 1237 1627 Dei
1267 1570 1532 1634 consulit,
1561 1578 1720 1641 quam
1771 1582 1898 1639 erga

296 1683 529 1740 corpora
578 1668 848 1740 egentium
905 1666 997 1738 qui
1046 1681 1237 1737 panem
1281 1664 1641 1722 esurientibus
1679 1661 1894 1732 frangit.

295 1762 639 1832 Quapropter
672 1760 875 1815 utinam
906 1759 992 1815 isti
1026 1759 1116 1830 qui
1147 1773 1339 1816 vacare
1377 1756 1563 1812 volunt
1604 1753 1851 1809 manibus
1877 1793 1894 1821 ,

295 1854 519 1909 omnino
543 1861 799 1913 vacarent
824 1860 880 1918 et
904 1852 1120 1923 linguis.
1163 1850 1347 1921 Neque
1375 1849 1517 1904 enim
1544 1857 1650 1903 tam
1701 1846 1898 1902 multos

295 1947 362 2002 ad
391 1946 745 2002 imitationem
768 1945 1056 2000 invitarent
1079 1988 1094 2011 ,
1126 1946 1171 2000 si
1198 1944 1277 2007 eis
1293 1959 1399 1999 nou
1429 1951 1632 2006 tantum
1653 1939 1898 2010 exempla

296 2040 479 2110 pigra,
508 2037 604 2092 sed
633 2038 795 2091 etiam
816 2048 960 2091 muta
988 2043 1371 2107 proponerent.

365 2127 598 2185 CAPUT
624 2126 815 2183 XXIII.
838 2158 909 2169 —
936 2126 1027 2188 27.
1075 2126 1407 2199 Evangelium
1458 2141 1560 2180 non
1600 2133 1733 2178 recte
1750 2122 1900 2177 intqu

298 2220 482 2279 lectum
507 2237 540 2275 a
555 2221 735 2291 pigris.
761 2220 944 2278 Jocosc
975 2219 1269 2275 deridentur
1292 2220 1482 2291 ignaui.
1508 2217 1751 2273 Monachi
1792 2232 1901 2273 sese

296 2315 626 2381 includentes,
652 2323 753 2369 uta
778 2315 920 2369 nullo
947 2314 1214 2368 videantur
1229 2330 1319 2383 per
1342 2313 1526 2367 multos
1564 2310 1691 2367 dies.
1721 2309 1898 2364 Eran-

295 2408 511 2479 geticum
526 2415 834 2477 prec-cptum
863 2422 962 2467 non
983 2405 1241 2476 cogitandi
1261 2406 1324 2459 de
1347 2404 1568 2458 crastino
1591 2403 1901 2461 concordare

296 2514 412 2551 cum
459 2498 725 2569 Apostolo.
758 2498 910 2553 Nunc
958 2513 1090 2553 vero
1117 2507 1306 2554 contra
1351 2496 1667 2567 Apostolum
1696 2494 1898 2551 Christi

298 2590 526 2646 recitant
554 2590 903 2661 Evangelium
932 2590 1152 2655 Christi,
1197 2591 1270 2645 Ita
1300 2590 1442 2645 enim
1475 2589 1736 2644 mirabilia
1773 2597 1901 2646 sunt

297 2698 461 2753 Opera
491 2683 765 2754 pigrorum
785 2724 801 2750 ,
828 2692 889 2739 ut
915 2683 1161 2754 impediri
1198 2683 1361 2739 velint
1387 2682 1709 2754 Evangelia,
1756 2682 1900 2753 quod

295 2774 587 2844 Apostolus
604 2775 726 2830 ideo
743 2776 995 2845 prmcepit
1016 2785 1068 2830 et
1089 2774 1215 2829 fecit
1231 2817 1246 2839 ,
1272 2790 1339 2829 ne
1361 2774 1710 2843 impediretur
1726 2774 1900 2845 ipsum

295 2867 669 2938 Ilvangelium.
698 2868 766 2923 Et
792 2876 968 2922 tamen
989 2867 1033 2922 si
1062 2883 1156 2923 eos
1181 2884 1249 2923 ex
1277 2867 1405 2937 ipsis
1424 2866 1695 2937 Evangelii
1724 2867 1901 2923 verbis

295 2957 593 3014 secundum
616 2974 806 3014 eorum
838 2958 1167 3012 intellectum
1187 2958 1368 3013 vivere
1388 2972 1661 3028 cogamus,
1692 2957 1900 3027 priores

298 3050 455 3106 nubis
483 3047 711 3104 suadere
730 3048 1105 3114 conabuntur,
1134 3064 1293 3119 quam
1324 3063 1429 3103 non
1462 3049 1535 3103 ita
1554 3048 1663 3103 sint
1706 3047 1900 3104 intelli-

299 3142 477 3212 geuda
503 3149 563 3196 ut
590 3141 913 3211 intelligunt.
941 3140 1100 3197 Certe
1136 3141 1277 3196 enim
1311 3150 1594 3211 propterea
1624 3154 1685 3196 se
1716 3140 1902 3198 dicunt

297 3234 513 3304 operari
541 3248 647 3301 non
668 3232 897 3299 debere,
930 3233 1053 3303 quia
1074 3247 1173 3288 nec
1198 3233 1440 3289 volucres
1465 3232 1587 3288 οωιί
1610 3231 1898 3297 seminant,

300 3339 479 3394 neque
506 3332 748 3391 metunt,
771 3323 839 3379 de
868 3323 1060 3395 quibus
1089 3324 1245 3380 nobis
1277 3323 1536 3380 Dominus
1585 3323 1898 3378 similitudi-

298 3432 422 3470 nem
450 3413 633 3482 dedit,
664 3431 731 3470 ne
757 3414 824 3469 de
856 3414 1048 3469 talibus
1081 3414 1404 3470 necessariis
1444 3414 1762 3485 cogitemus.
1789 3412 1901 3469 Cur

296 3522 429 3578 ergo
457 3522 566 3562 non
593 3506 875 3562 attendunt
898 3506 1042 3578 quod
1090 3506 1368 3577 sequitur?
1395 3506 1579 3577 Neque
1606 3506 1749 3561 enim
1779 3514 1900 3560 tan-

299 3600 582 3657 tummodo
603 3600 707 3656 hoc
729 3600 930 3657 dictum
964 3608 1085 3667 est,
1113 3600 1239 3671 quia
1269 3617 1371 3655 non
1407 3600 1656 3657 sentinam
1679 3641 1697 3667 ,
1744 3616 1902 3669 neque

298 3705 531 3760 metunt;
554 3694 649 3750 sed
676 3694 943 3766 adjectum
964 3704 1047 3751 est
1066 3735 1082 3762 ,
1106 3711 1263 3763 neque
1288 3704 1595 3766 congregant
1614 3695 1668 3747 in
1690 3695 1903 3764 apothe-

297 3803 386 3845 cas
414 3785 632 3854 (Matth.
661 3801 748 3855 vt,
776 3784 891 3858 26).
923 3785 1215 3857 Apothecae
1263 3794 1441 3842 autem
1463 3826 1480 3853 ,
1525 3786 1612 3841 vel
1664 3785 1855 3840 horrea
1882 3827 1897 3853 ,

297 3879 383 3935 vel
412 3878 635 3934 verbum
664 3894 734 3934 ex
782 3878 952 3935 verbo
981 3880 1002 3911 '
1021 3920 1037 3945 ,
1092 3877 1411 3948 repositoria
1439 3877 1461 3909 ³
1498 3876 1603 3933 dici
1649 3885 1896 3946 possunt.

297 3972 409 4026 Cur
429 3984 562 4041 ergo
587 3969 676 4025 isti
695 3984 885 4025 manus
904 3970 1105 4025 otiosas
1118 3977 1174 4024 et
1197 3969 1354 4039 plena
1380 3966 1699 4039 repositoria
1715 3967 1901 4021 volunt

297 4061 545 4121 habere?
574 4059 682 4117 Cur
706 4076 767 4118 ea
794 4076 914 4133 quae
949 4070 1169 4117 sumunt
1193 4076 1259 4117 ex
1308 4060 1579 4116 laboribus
1621 4060 1846 4115 aliorum
1879 4101 1897 4126 ,

297 4152 607 4209 recondunt
633 4161 689 4209 et
711 4162 929 4209 servant
953 4152 1094 4208 unde
1140 4150 1379 4223 quotidie
1403 4150 1743 4222 proferatur?
1791 4152 1901 4207 Cur

296 4244 535 4314 denique
559 4244 765 4299 molunt
790 4252 847 4299 et
869 4244 1141 4315 coquunt?
1171 4243 1284 4300 lloc
1327 4243 1469 4299 enim
1493 4257 1621 4300 aves
1671 4258 1779 4298 non
1821 4242 1900 4298 fa-

296 4334 470 4395 ciunt.
502 4337 608 4389 Aut
634 4335 680 4389 si
710 4335 988 4405 reperiunt
1015 4334 1209 4405 quibus
1238 4334 1339 4390 hoc
1361 4350 1499 4405 opus
1528 4350 1741 4406 quoque
1770 4350 1899 4405 per-

295 4425 592 4492 suadeant,
627 4434 687 4481 ut
714 4426 792 4482 eis
813 4442 909 4497 per
928 4427 1166 4497 singulos
1194 4426 1311 4483 dies
1330 4442 1483 4483 escas
1511 4427 1736 4483 afferant
1761 4443 1901 4499 pra»

299 4526 552 4586 paratas;
583 4516 777 4572 saltem
802 4517 904 4572 sibi
920 4532 1113 4587 aquam
1141 4518 1225 4572 vel
1251 4516 1320 4573 de
1343 4516 1581 4573 fontibus
1619 4518 1851 4577 afferunt
1878 4560 1897 4587 ,

298 4608 386 4673 vel
417 4606 486 4663 de
512 4606 761 4667 cisternis
789 4616 880 4665 aut
906 4606 1082 4678 puteis
1107 4606 1359 4662 hauriunt
1381 4616 1434 4663 et
1459 4616 1726 4678 reponunt
1753 4626 1767 4663 :
1796 4610 1901 4667 hoc

297 4698 541 4753 volatilia
566 4713 677 4753 non
729 4696 952 4753 faciunt.
1000 4695 1108 4753 Sed
1160 4698 1205 4753 si
1236 4697 1340 4754 hoc
1385 4698 1596 4768 placet,
1648 4699 1900 4756 studeant

296 4790 463 4859 etiam
493 4789 619 4845 boni
642 4788 824 4844 ﬁdeles
849 4798 904 4845 et
924 4789 1085 4859 Regis
1105 4790 1289 4843 aeterni
1316 4788 1647 4845 devotissimi
1679 4792 1899 4861 provin-

296 4885 466 4951 ciales
484 4924 501 4949 ,
526 4881 836 4937 fortissimis
857 4881 977 4952 ejus
998 4881 1256 4937 militibus
1275 4896 1441 4952 usque
1460 4881 1527 4937 ad
1547 4882 1648 4938 ista
1670 4884 1895 4951 servire,

298 4985 360 5031 ut
402 4974 505 5030 sibi
536 4989 639 5031 nec
667 4989 858 5045 aquam
905 4974 1127 5043 implere
1178 4984 1465 5045 cogantur,
1515 4976 1560 5030 si
1584 4975 1693 5045 jam
1737 4977 1898 5031 etiam

296 5067 424 5122 illos
450 5067 543 5138 qui
576 5076 704 5121 tunc
727 5075 882 5121 erant
907 5064 1260 5137 Jerosolyma:
1305 5080 1446 5121 novo
1468 5066 1637 5145 gradu
1675 5066 1899 5137 justitiae

293 5158 637 5229 supergressi
664 5166 807 5214 sunt.
860 5157 991 5213 Nam
1021 5157 1128 5212 illis
1153 5157 1292 5213 fame
1340 5158 1686 5225 imminente,
1724 5170 1777 5214 et
1805 5175 1900 5229 per

294 5250 599 5321 Prophetas
618 5250 709 5321 qui
740 5259 865 5305 tunc
889 5259 1043 5304 erant
1070 5259 1195 5307 ante
1225 5249 1477 5320 praedicta
1497 5291 1513 5316 ,
1546 5249 1671 5307 boni
1714 5250 1899 5307 fideles

292 5356 365 5397 ex
410 5340 621 5397 Graecia
667 5339 933 5396 frumenta
976 5341 1237 5397 miserunt
1262 5341 1398 5412 (Act.
1436 5356 1528 5407 ιι,
1554 5340 1781 5414 28—50);
1829 5358 1897 5403 ex

294 5433 495 5501 quibus
521 5432 689 5487 credo
712 5432 854 5503 quod
876 5432 951 5487 illi
975 5448 1167 5504 panem
1198 5433 1299 5489 sibi
1330 5432 1606 5498 fecerunt,
1634 5443 1725 5488 aut
1751 5446 1897 5490 certe

296 5525 605 5583 faciendum
621 5536 945 5582 curaverunt
976 5544 990 5581 :
1023 5526 1165 5598 quod
1184 5540 1312 5581 aves
1337 5540 1443 5581 non
1474 5524 1695 5580 faciunt.
1722 5526 1827 5581 Sed
1850 5530 1895 5581 si

291 5621 405 5691 iam
424 5621 513 5678 isti
536 5663 553 5689 ,
582 5631 641 5677 ut
658 5620 840 5678 dicere
862 5635 1133 5692 «cperam
1151 5662 1166 5687 ,
1193 5620 1352 5677 etiam
1381 5619 1500 5675 illos
1526 5619 1705 5691 aliquo
1729 5618 1895 5690 gradu

362 5784 379 5813 ⁸
415 5781 492 5832 sic
511 5787 623 5831 llas.
659 5786 713 5830 At
747 5778 883 5839 editi,
905 5777 1155 5830 imitatum
1181 5792 1199 5829 :
1222 5780 1380 5830 minus
1401 5781 1550 5830 bene.

363 5848 385 5911 ξ
406 5843 546 5911 initi,
564 5840 763 5911 verbum
783 5854 846 5891 ea:
869 5840 1012 5891 verba
1031 5853 1200 5911 ιιι-(τρο.
1235 5843 1398 5903 Abest,
1423 5854 1601 5908 gra'co,
1624 5855 1647 5890 a
1670 5847 1775 5891 Mss.

365 5906 385 5937 ³
417 5912 464 5967 tn
489 5905 743 5985 plerisque
761 5912 893 5977 $155.,
915 5905 1186 5971 "pastoria.

1998 642 2229 713 gendam
2261 644 2419 701 vitam
2447 645 2602 701 istam
2630 648 2937 717 pertinent,
2964 649 3102 704 sicut
3127 648 3372 705 volucres
3398 659 3592 720 agunt;

2002 736 2287 793 ostendant
2302 737 2457 794 nobis
2472 737 2717 799 homines
2734 741 2940 795 servire
2958 740 3266 798 volucribus
3287 784 3303 808 ,
3336 741 3479 801 sicut
3494 739 3598 800 sibi

2001 828 2194 884 serviri
2238 830 2458 898 volunt,
2490 831 2591 886 nisi
2635 832 2804 901 captis
2831 841 2886 887 et
2929 832 3148 888 inclusis
3172 873 3187 900 ,
3227 832 3423 910 quibus
3463 831 3598 889 fides

2001 937 2107 978 non
2128 923 2389 992 habetur,
2419 941 2486 981 ne
2512 927 2754 982 volantes
2776 942 2882 981 non
2910 926 3133 982 redeant
3165 945 3177 981 :
3207 939 3258 981 et
3288 937 3463 981 tamen
3493 926 3597 981 illa:

2000 1016 2206 1071 malunt
2236 1017 2340 1072 frui
2370 1018 2619 1074 libertate
2641 1062 2656 1084 ,
2685 1027 2742 1074 et
2766 1036 2832 1076 ex
2868 1019 3011 1091 agris
3049 1028 3304 1090 quantum
3355 1019 3486 1074 satis
3517 1028 3596 1075 est

2002 1120 2228 1177 capere,
2261 1123 2419 1179 quam
2445 1110 2513 1166 ab
2550 1108 2856 1167 hominibus
2881 1110 3121 1183 apposita
3149 1120 3199 1167 et
3221 1122 3477 1183 apparata
3501 1125 3594 1167 su-

2000 1214 2170 1255 mere.

2072 1290 2163 1347 28.
2192 1290 2429 1349 Proinde
2456 1309 2645 1349 rursus
2670 1296 2802 1353 istos
2817 1296 2924 1351 alio
2952 1296 3265 1353 sublimiore
3291 1295 3457 1367 gradu
3501 1296 3593 1366 ju.

2001 1386 2163 1441 stitia:
2186 1388 2544 1457 superabunt,
2569 1389 2658 1459 qui
2681 1405 2742 1446 se
2772 1391 2843 1445 ita
2870 1390 3235 1458 instituerint,
3283 1402 3339 1445 ut
3362 1390 3603 1461 quotidie

2002 1482 2057 1534 in
2080 1495 2238 1551 agros
2263 1490 2520 1553 tanquam
2542 1482 2596 1539 in
2618 1492 2829 1554 pastum
2852 1492 3092 1555 pergant,
3115 1492 3170 1540 et
3191 1500 3296 1555 quo
3315 1493 3556 1553 tempore
3578 1485 3599 1517 ἰ

2002 1572 2305 1628 invenerint
2350 1584 2610 1644 carpant,
2654 1590 2718 1631 ac
2777 1576 2949 1646 sopita
3004 1576 3190 1631 fame’I
3235 1586 3596 1632 revertantur.

2001 1664 2107 1721 Sed
2157 1666 2313 1737 plane
2344 1676 2562 1737 propter
2606 1683 2858 1740 agrorum
2905 1668 3157 1725 custodes
3194 1684 3357 1739 quam
3394 1669 3599 1727 bonum

2002 1766 2149 1813 esset
2173 1799 2188 1824 ,
2216 1758 2261 1812 si
2288 1759 2448 1813 etiam
2495 1774 2697 1829 pennas
2725 1760 2905 1829 largiri
2957 1760 3213 1815 Dominus
3242 1760 3553 1830 dignaretur
3579 1802 3597 1826 ,

2004 1856 2062 1903 ut
2087 1849 2228 1904 servi
2257 1849 2351 1905 Dei
2375 1851 2428 1906 in
2459 1851 2601 1921 agris
2622 1851 2812 1909 alienis
2830 1852 3029 1908 inventi
3057 1868 3162 1908 non
3183 1860 3430 1922 tanquam
3454 1851 3602 1908 fures

2002 1940 2592 2012 comprehenderentur
2615 1984 2631 2008 ,
2659 1944 2754 1999 sed
2776 1952 3027 2015 tanquam
3057 1944 3229 2001 sturni
3269 1944 3597 2013 lugarentur.

2002 2033 2156 2092 Nunc
2201 2049 2333 2090 vero
2385 2036 2475 2091 ille
2500 2045 2755 2105 quantum
2782 2038 3018 2109 poterit,
3074 2036 3366 2091 imitabitur
3394 2051 3547 2091 avem
3580 2076 3601 2104 ,

2002 2142 2163 2197 quem
2189 2127 2211 2159 ³
2236 2142 2429 2197 capere
2454 2138 2678 2184 venator
2704 2145 2811 2183 non
2839 2129 3055 2199 poterit.
3088 2128 3196 2184 Sed
3244 2142 3369 2184 ecce
3404 2142 3602 2183 conce-

2002 2218 2133 2274 dant
2157 2234 2345 2276 omues
2372 2220 2544 2275 servis
2565 2220 2694 2289 Dei,
2720 2230 2776 2275 ut
2797 2236 2917 2279 eum
2950 2221 3132 2280 volunt
3153 2220 3204 2274 in
3235 2235 3422 2275 eorum
3442 2233 3600 2289 agros

2002 2319 2231 2378 exeant,
2260 2320 2421 2381 atque
2451 2311 2574 2368 inde
2594 2310 2769 2367 securi
2798 2311 3091 2381 refectique
3117 2310 3397 2365 discedant
3427 2327 3439 2363 :
3464 2310 3604 2364 sicut

2003 2402 2203 2473 popqu
2246 2402 2408 2458 Israel
2441 2418 2536 2473 per
2574 2403 2747 2474 legem
2780 2413 3109 2473 praeceptum
3137 2410 3223 2458 est
3271 2411 3328 2457 ut
3376 2402 3426 2455 iu
3457 2401 3601 2470 agris

2004 2492 2117 2549 suis
2145 2491 2319 2548 furem
2370 2493 2551 2547 nullus
2581 2502 2826 2559 teneret,
2881 2494 2984 2547 nisi
3025 2494 3115 2563 qui
3169 2507 3351 2547 secum
3400 2492 3603 2561 aliquid

2004 2586 2167 2641 vellet
2192 2584 2404 2641 auferre
2434 2603 2449 2653 ;
2479 2600 2600 2640 nam
2631 2586 2721 2656 qui
2747 2585 2880 2642 nihil
2911 2584 3053 2640 aliud
3080 2585 3344 2655 attigisset
3365 2598 3521 2654 quam
3546 2580 3603 2638 id

2004 2676 2148 2748 quod
2177 2678 2535 2745 comedisset,
2566 2678 2793 2733 liberum
2825 2677 3253 2747 impunitumque
3283 2676 3431 2731 abire
3460 2674 3605 2730 siue-

2004 2780 2126 2826 rent
2152 2770 2328 2845 (Deut.
2359 2788 2490 2827 xxut
2509 2814 2523 2836 ,
2557 2772 2624 2827 24
2649 2814 2663 2839 ,
2694 2772 2813 2843 25).
2837 2772 2986 2829 Unde
3013 2773 3173 2827 etiam
3196 2771 3370 2841 spicas
3392 2770 3598 2824 vellen-

2008 2862 2150 2919 tibus
2176 2862 2453 2933 discipulis
2490 2865 2740 2932 Domini,
2781 2864 2849 2921 de
2876 2864 3103 2921 sabbato
3144 2864 3320 2934 potius
3350 2878 3507 2933 quam
3534 2861 3609 2915 de

2007 2956 2148 3013 furto
2170 2957 2344 3013 Judaei
2368 2958 2678 3015 calumniati
2708 2967 2833 3013 sunt
2877 2957 3091 3030 (Matth.
3132 2973 3205 3013 xu
3226 2997 3242 3023 ,
3282 2956 3306 3010 l
3339 2998 3353 3022 ,
3384 2955 3465 3025 2).
3497 2953 3605 3009 Sed

2005 3049 2129 3121 quid
2157 3050 2261 3106 erit
2288 3050 2552 3121 agendum
2579 3050 2645 3106 de
2698 3050 2781 3105 bis
2822 3049 3151 3119 temporibus
3195 3047 3357 3114 anni,
3410 3046 3605 3116 quibus

2004 3157 2129 3199 esca
2147 3159 2268 3213 qua:
2292 3144 2473 3199 statim
2495 3144 2632 3198 sumi
2660 3144 2867 3216 possit,
2899 3144 2952 3199 in
2978 3142 3125 3213 agris
3150 3157 3256 3196 nou
3286 3136 3601 3195 invenitur?

2005 3237 2258 3309 Quisquis
2275 3237 2477 3308 aliquid
2503 3238 2722 3293 domum
2744 3236 2884 3307 quod
2907 3236 3007 3292 sibi
3033 3234 3313 3306 coquendo
3336 3240 3605 3304 praeparet

2005 3328 2217 3384 auferre
2263 3328 2581 3392 tentaverit,
2636 3327 2933 3383 secundum
2988 3326 3219 3381 istorum
3270 3323 3605 3379 intellectum

2005 3421 2189 3477 audiet
2235 3437 2301 3478 ex
2340 3420 2681 3493 Evangelio:
2729 3420 2912 3487 Pone;
2972 3418 3076 3475 hoc
3125 3418 3272 3475 enim
3316 3433 3443 3473 aves
3495 3433 3609 3476 non

2005 3511 2229 3568 faciunt.

2075 3605 2166 3662 29.
2200 3604 2393 3660 Verum
2421 3613 2474 3660 et
2503 3604 2603 3660 hoc
2630 3604 2988 3659 concedamus
3006 3645 3020 3669 ,
3058 3610 3170 3657 toto
3195 3610 3437 3656 vertente
3463 3616 3608 3654 anno

2005 3711 2165 3767 posse
2210 3696 2263 3751 in
2306 3696 2450 3766 agris
2492 3695 2717 3764 reperiri
2746 3695 2830 3749 vel
2869 3710 2934 3749 ex
2961 3693 3154 3748 arbore
3179 3693 3263 3748 vel
3293 3709 3358 3753 ex
3388 3692 3601 3761 herbis,

2007 3789 2088 3843 vel
2114 3804 2179 3843 ex
2206 3788 2505 3858 quibusque
2529 3787 2797 3843 radicibus
2826 3786 2969 3857 quod
3001 3786 3053 3840 in
3075 3801 3253 3840 escam
3274 3787 3411 3841 sumi
3437 3786 3605 3855 possit

2005 3881 2302 3946 incoctum,
2348 3888 2443 3935 aut
2477 3889 2625 3935 certe
2665 3887 2807 3934 tanta
2838 3878 3149 3934 exercitatio
3177 3877 3416 3946 corporis
3446 3877 3599 3932 adhi-

2005 3971 2232 4040 beatur,
2277 3980 2338 4027 ut
2374 3986 2439 4027 ea
2475 3986 2596 4041 qua:
2638 3969 2913 4039 coquenda
2949 3975 3110 4033 sunt,
3143 3968 3302 4022 etiam
3329 3968 3489 4023 cruda
3516 3984 3606 4023 as-

2004 4074 2214 4133 sumpta
2236 4080 2341 4120 non
2364 4071 2626 4130 noceant,
2655 4063 2928 4134 possitque
2950 4062 3110 4117 etiam
3140 4060 3458 4115 hiemalibus
3478 4062 3601 4131 qui-

2005 4156 2239 4213 buslibet
2274 4155 2652 4227 asperitatibus
2691 4155 2758 4210 ad
2804 4154 2993 4225 pabula
3037 4153 3289 4223 procedi;
3331 4161 3491 4223 atque
3531 4154 3603 4209 ita

2005 4248 2096 4303 fiat
2116 4257 2173 4303 ut
2195 4248 2327 4303 nihil
2350 4246 2755 4319 praeparandum
2776 4246 3070 4312 auferatur,
3098 4244 3294 4300 nibiliu
3312 4244 3609 4303 crastinum.

2004 4350 2295 4412 reponatur
2324 4359 2337 4395 :
2370 4357 2474 4395 non
2503 4348 2753 4410 poterunt
2779 4339 2878 4393 ista
2908 4352 3123 4393 servare
3147 4337 3238 4407 qui
3267 4352 3325 4391 se
3346 4352 3442 4407 per
3467 4336 3607 4391 mul-

2007 4445 2089 4491 tos
2138 4437 2254 4491 dies
2278 4451 2308 4491 a
2328 4443 2619 4507 conspectu
2650 4434 2922 4491 hominum
2955 4444 3264 4505 separatos,
3296 4443 3352 4491 et
3377 4434 3507 4489 nulli
3536 4436 3608 4490 ad

2004 4543 2064 4584 se
2102 4528 2402 4600 prmbentes
2430 4543 2743 4594 accessum,
2787 4527 3065 4582 includunt
3099 4543 3158 4583 se
3192 4527 3336 4597 ipsos
3363 4528 3603 4584 viventes

2005 4622 2059 4676 iu
2106 4636 2297 4692 magna
2342 4620 2640 4677 intentione
2687 4620 3009 4674 orationum.
3055 4619 3120 4675 lli
3166 4619 3308 4675 enim
3354 4620 3607 4678 facillima

2004 4713 2221 4783 quidem
2265 4720 2425 4783 atque
2468 4712 2764 4779 vilissima,
2809 4726 2991 4767 secum
3032 4718 3212 4765 tamen
3242 4710 3489 4766 alimenta
3520 4710 3603 4763 in.

2005 4805 2223 4861 cludere
2246 4801 2635 4871 consuerunt‘,
2664 4819 2783 4874 qua:
2813 4803 2865 4857 in
2894 4802 3013 4857 illos
3037 4801 3151 4857 dies
3177 4802 3368 4871 quibus
3393 4816 3421 4853 a
3454 4801 3601 4854 nullo

2006 4899 2174 4955 videri
2210 4907 2550 4964 statuerunt,
2578 4896 2847 4952 sufficiant
2875 4913 2888 4949 :
2914 4893 3056 4965 quod
3086 4909 3211 4948 aves
3243 4908 3345 4947 non
3376 4892 3595 4951 faciunt.

2005 4991 2075 5046 Et
2121 4990 2312 5046 horum
2352 4988 2565 5060 quidem
2617 4987 3051 5043 exercitationem
3109 4986 3159 5040 in
3214 4993 3320 5038 tam
3369 4984 3599 5040 mirabili

2004 5083 2367 5150 continentia,
2411 5078 2839 5152 quandoquidem
2889 5077 3085 5132 habent
3127 5076 3295 5131 otium
3334 5091 3439 5143 quo
3484 5074 3599 5130 ha‘c

2004 5185 2197 5249 agant,
2239 5190 2403 5246 seque
2443 5172 2725 5228 imitandos
2766 5186 2873 5225 non
2907 5168 3137 5240 superba
3161 5168 3182 5200 ⁸
3210 5168 3473 5235 elatione,
3503 5168 3603 5227 sed

2005 5266 2339 5324 misericordi
2382 5265 2663 5321 sanctitate
2711 5269 3012 5333 prepouaut
3044 5302 3061 5327 ,
3108 5276 3213 5314 non
3266 5259 3440 5315 solum
3490 5274 3601 5317 non

2005 5357 2377 5432 reprehendo,
2424 5355 2518 5412 sed
2560 5364 2817 5426 quantum
2858 5352 3076 5424 dignum
3119 5361 3203 5406 est
3245 5351 3463 5407 laudare
3493 5368 3605 5408 non

2069 5594 2086 5625 ι
2120 5588 2390 5639 casalensis
2422 5595 2567 5637 vetus
2599 5586 2773 5648 codex,
2796 5590 2854 5648 iet
2884 5580 3014 5648 quod
3046 5592 3135 5647 pro
3173 5588 3404 5645 tempore.

2068 5656 2089 5686 ²
2120 5651 2453 5701 cisterciensis
2475 5656 2577 5707 Ms.,
2602 5647 2756 5713 posita
2775 5647 2921 5709 [ωηο.
3122 5712 3163 5713 7,
3260 5707 3285 5713 ν,
3382 5704 3390 5713 ,

2070 5717 2090 5748 ³
2122 5714 2265 5775 Editi,
2282 5725 2443 5775 quam.
2464 5718 2520 5760 At
2534 5702 2760 5760 meliores
2775 5702 2908 5770 Mssa,
2936 5719 3093 5771 quem.
3120 5712 3175 5756 Et
3187 5704 3391 5756 Vaticani
3413 5702 3509 5751 duo
3540 5705 3600 5753 ha

2004 5778 2144 5835 bent,
2168 5773 2339 5825 viniwr
2360 5809 2374 5833 ,
2400 5773 2521 5832 loco,
2548 5778 2757 5823 venator.

2069 5840 2089 5870 δ
2124 5844 2265 5886 Juxta
2291 5844 2430 5897 ven.,
2456 5840 2784 5885 consuescunt.
2852 5841 2907 5881 tt.

2069 5902 2088 5933 '
2126 5898 2292 5950 Plures
2332 5886 2460 5961 tussi,
2500 5910 2592 5961 quo
2616 5897 2718 5948 hac
2743 5901 2903 5961 agant,
2942 5890 3223 5946 imitandum
3262 5903 3352 5941 nan
3377 5886 3614 5949 superba.
