4078 6512
553 460 613 513 τι
1447 440 1535 495 DE
1574 435 1804 495 OPERE
1844 428 2339 496 MONACHORUM,
2380 428 2439 485 S.
2481 428 2851 486 AUGUSTINI

516 586 753 644 possum.
795 564 933 637 Quid
961 574 1134 620 tamen
1162 559 1233 617 de
1255 557 1339 614 bis
1366 555 1594 612 dicimus
1611 594 1628 619 ,
1659 550 1951 644 secundum
1978 547 2106 600 isto-

513 640 635 719 rum
677 659 1005 717 intellectum
1044 670 1113 710 ex
1142 648 1464 721 evangelicis
1489 641 1709 701 verbis?
1732 642 1813 696 An
1843 640 1977 693 forte
1997 649 2106 706 quo

514 760 640 811 sunt
689 751 982 809 sanctiores
1006 792 1022 817 ,
1070 765 1137 805 eo
1184 751 1310 803 sunt
1345 742 1652 798 volucribus
1692 731 2062 791 dissimiliores
2085 770 2102 797 ,

512 850 636 918 quia
666 845 768 901 nisi
795 851 1056 915 reponant
1082 840 1183 897 sibi
1208 852 1359 895 escas
1386 836 1438 891 in
1466 833 1725 907 plurimos
1753 828 1898 894 dies,
1931 822 2104 881 inclu-

511 940 641 995 dere
680 955 741 995 se
766 938 839 993 ita
862 978 879 1003 ,
910 945 966 991 nt
996 934 1218 999 faciunt,
1248 946 1355 987 non
1384 925 1676 986 valebunt?
1707 924 1772 978 Et
1797 921 1981 989 utique
2008 932 2107 971 no-

511 1030 718 1085 biscum
771 1028 1026 1093 audiunt,
1080 1023 1257 1079 Nolite
1304 1037 1423 1093 ergo
1474 1018 1694 1090 cogitare
1737 1015 1791 1069 in
1826 1011 2103 1067 crastinum

513 1120 731 1194 (Matth.
757 1134 845 1187 VI,
873 1116 988 1189 δι).

585 1214 677 1272 50.
718 1215 1060 1283 Quapmpter
1084 1250 1098 1275 ,
1144 1216 1203 1263 ut
1238 1205 1475 1262 breviter
1509 1200 1867 1273 complectar,
1895 1194 1982 1251 isti
2012 1193 2101 1265 qui

509 1324 579 1365 ex
618 1305 894 1377 Evangelii
936 1316 1186 1374 perverso
1223 1298 1498 1354 intellectu
1535 1304 1642 1349 tam
1672 1289 1951 1347 manifesta
1973 1302 2104 1356 apo-

509 1399 698 1454 stolica
728 1404 995 1468 praecepta
1024 1401 1329 1465 pervertere
1357 1388 1683 1452 moliuntur,
1709 1391 1800 1437 aut
1825 1397 1932 1436 non
1958 1379 2103 1450 cogi-

510 1501 627 1549 tent
650 1494 702 1547 in
728 1491 1019 1546 crastinum
1044 1532 1061 1557 ,
1093 1490 1231 1544 sicut
1259 1484 1492 1541 volatilia
1514 1482 1636 1539 coeli
1661 1499 1676 1548 ;
1708 1488 1799 1534 aut
1825 1479 2102 1547 obtempe-

507 1592 630 1639 rent
670 1582 926 1655 Apostoio
948 1624 963 1649 ,
1014 1582 1152 1636 sicut
1195 1579 1286 1633 filii
1325 1577 1505 1633 dilecti
1538 1592 1551 1628 :
1582 1576 1689 1628 imo
1719 1582 2001 1641 utrumque
2027 1568 2101 1623 fa-

506 1680 683 1744 ciant,
709 1677 831 1746 quia
860 1685 1146 1745 utrumque
1168 1670 1476 1728 concordat.
1509 1668 1694 1738 Neque
1720 1665 1864 1721 enim
1889 1671 2101 1719 contra-

505 1771 584 1824 ria
627 1769 851 1824 Domino
890 1782 989 1822 suo
1027 1773 1270 1821 moneret
1307 1762 1503 1817 Paulus
1542 1772 1727 1814 servus
1751 1755 1947 1811 Christi
1973 1754 2101 1810 Jesu

507 1860 683 1932 (Rom.
717 1877 771 1925 ι,
804 1861 883 1930 1).
913 1859 1026 1913 Hoc
1050 1858 1193 1913 enim
1222 1855 1340 1910 istis
1366 1860 1547 1925 aperte
1574 1849 1801 1905 dicimus
1831 1866 1843 1901 :
1874 1847 1932 1902 Si
1956 1846 2099 1901 vola-

506 1955 617 2008 tilia
657 1954 777 2008 caali
805 1953 881 2007 sic
914 1951 1207 2020 intelligitis
1244 1948 1298 2003 in
1332 1946 1617 2017 Evangelia
1641 1986 1657 2012 ,
1683 1952 1743 1999 ut
1765 1942 1946 1998 nolitis
1971 1956 2101 2011 epe-

505 2046 677 2101 rando
708 2045 952 2099 manibus
982 2044 1172 2097 vestris
1191 2042 1389 2097 victum
1414 2046 1887 2110 tegumentumque
1908 2049 2101 2105 procu-

506 2151 667 2201 rare;
710 2136 844 2192 nihil
881 2137 1042 2190 etiam
1081 2134 1355 2204 reponatis
1381 2133 1432 2186 in
1456 2131 1745 2186 crastinum
1767 2171 1782 2197 ,
1810 2128 1947 2183 sicut
1969 2127 2099 2182 nihil

506 2238 775 2300 reponunt
801 2229 1033 2284 volatilia
1062 2228 1207 2284 coeli.
1241 2226 1297 2281 Si
1325 2234 1503 2281 autem
1533 2222 1731 2295 aliquid
1756 2236 2018 2292 reponere
2046 2221 2097 2275 in

506 2324 835 2387 crastinum,
885 2332 1060 2392 potest
1098 2336 1206 2376 non
1245 2335 1363 2376 esse
1402 2328 1587 2373 contra
1631 2315 1980 2385 Evangelium
2007 2313 2099 2368 ubi

504 2418 706 2472 dictum
745 2426 861 2482 est,
904 2415 1158 2487 Respicite
1192 2412 1419 2467 volatilia
1452 2409 1565 2465 caeli
1584 2452 1598 2477 ,
1627 2408 1745 2479 quia
1770 2422 1927 2476 neque
1950 2404 2099 2459 semi-

504 2518 660 2575 nant,
709 2525 866 2580 neque
908 2516 1132 2573 metunt,
1181 2522 1339 2578 neque
1377 2510 1678 2574 congregant
1704 2499 1759 2554 in
1786 2499 2098 2570 apothecas;

506 2608 683 2673 potest
718 2602 879 2656 etiam
912 2617 1016 2654 non
1045 2613 1165 2654 esse
1193 2607 1381 2653 contra
1412 2592 1761 2663 Evangelinm
1790 2605 1891 2646 nec
1913 2597 2098 2644 contra

506 2698 906 2753 similitudinem
946 2695 1241 2751 volatilium
1288 2692 1459 2756 coeli,
1507 2690 1670 2743 vitam
1719 2685 1875 2741 istam
1921 2682 2099 2739 carnis

506 2790 799 2861 corporalis
819 2788 1145 2858 operationis
1165 2786 1348 2842 labore
1370 2783 1687 2852 transigere.

576 2883 804 2940 CAPUT
830 2881 1018 2937 XXIV.
1039 2912 1111 2921 —
1136 2881 1225 2935 5i.
1255 2877 1461 2948 Aliquid
1486 2878 1539 2929 in
1564 2875 1838 2929 crastinum
1860 2884 2101 2941 reponere

507 2992 608 3028 non
652 2973 904 3044 prohiberi
951 2988 1039 3041 per
1082 2970 1434 3043 Evangelium.
1465 2967 1523 3021 Si
1552 2966 1693 3019 enim
1720 2971 2010 3033 urgeantur
2032 2974 2099 3013 ex

508 3066 825 3135 Evangelio,
852 3074 908 3118 ut
929 3063 1060 3118 nihil
1091 3070 1349 3131 reponant
1372 3060 1424 3114 in
1446 3056 1736 3114 crastinum
1762 3072 1777 3121 ;
1800 3053 2101 3110 rectissime

510 3158 836 3227 respondent
873 3175 887 3210 :
923 3157 1029 3211 Cur
1064 3170 1193 3226 ergo
1222 3155 1337 3224 ipse
1365 3152 1619 3208 Dominus
1647 3148 1852 3205 loculos
1880 3146 2099 3211 habuit,

509 3254 599 3306 ubi
644 3252 920 3321 pecuniam
965 3250 1242 3305 collectam
1286 3254 1572 3316 reponeret
1618 3244 1797 3315 (Joan.
1838 3258 1952 3309 xu,
1998 3238 2103 3310 6)?

508 3342 619 3398 Cur
648 3352 794 3396 tanto
820 3351 943 3397 ante
961 3384 977 3409 ,
1018 3341 1159 3397 fame
1184 3342 1494 3395 imminente
1522 3340 1539 3371 ί
1566 3380 1582 3403 ,
1616 3337 1879 3391 frumenta
1904 3332 2105 3388 sanctis

512 3435 753 3506 patribus
794 3434 955 3490 missa
997 3442 1122 3489 sunt
1168 3431 1301 3503 (Act.
1348 3447 1433 3493 x1,
1474 3426 1707 3499 28-50)?
1734 3427 1838 3481 Cur
1864 3422 2103 3495 Apostoli

512 3528 595 3582 sic
631 3526 934 3597 indigentiae
960 3536 1262 3581 sanctorum
1292 3523 1589 3580 necessaria
1621 3528 2011 3591 procurarunt,
2038 3534 2107 3575 ne

514 3621 730 3676 deesset
756 3620 806 3673 in
834 3628 1103 3689 posterum
1127 3661 1142 3685 ,
1172 3626 1229 3672 ut
1252 3616 1589 3671 beatissimus
1615 3614 1811 3668 Paulus
1832 3611 1897 3666 ad
1919 3610 2107 3667 Corin-

513 3711 656 3766 thios
685 3712 736 3766 in
766 3711 1000 3781 Epistola
1029 3710 1286 3765 scriberet
1317 3726 1331 3763 :
1362 3706 1438 3761 De
1462 3707 1683 3761 collectis
1708 3713 1877 3759 autem
1904 3704 1958 3757 in
1986 3720 2108 3758 san-

513 3816 652 3873 ctos,
696 3806 824 3860 sicut
863 3804 1095 3858 ordiuavi
1141 3802 1381 3856 Ecclesiis
1425 3799 1671 3863 Galatae,
1711 3798 1783 3851 ita
1825 3807 1871 3851 et
1910 3813 1995 3852 vos
2024 3799 2109 3867 fa-

512 3900 611 3952 cite
636 3913 655 3951 :
679 3896 953 3951 secundum
982 3913 1135 3950 unam
1161 3894 1355 3949 sabbati
1380 3893 1718 3963 unusquisque
1736 3898 1947 3944 vestrum
1969 3887 2112 3959 apud

513 4006 567 4043 se
598 3998 750 4060 ponat
779 3990 799 4020 ’
822 4030 836 4052 ,
862 3988 1207 4044 thesaurizans
1234 3986 1368 4055 quod
1393 3987 1436 4039 ei
1461 3984 1740 4055 placuerit;
1767 3989 1821 4035 ut
1846 3998 1971 4046 non,
1996 3997 2111 4034 cum

514 4096 698 4133 venero
716 4121 730 4143 ,
762 4088 880 4132 tunc
906 4079 1125 4131 collecta:
1151 4078 1294 4146 fiant.
1324 4074 1451 4130 Cum
1479 4084 1645 4127 autem
1670 4073 1935 4137 advenero,
1955 4087 2110 4141 quos-

516 4189 727 4243 cumque
778 4174 1103 4242 probaveritis
1132 4188 1219 4241 per
1246 4170 1515 4239 epistolas,
1549 4169 1639 4221 hos
1667 4169 1861 4221 mittam
1890 4169 2114 4237 perferre

517 4267 735 4337 gratiam
775 4274 988 4319 vestram
1031 4266 1083 4317 in
1124 4263 1426 4316 Jerusalem.
1475 4262 1627 4329 Quod
1653 4262 1698 4314 si
1726 4260 1936 4331 dignum
1962 4260 2114 4328 fuerit

519 4369 574 4413 ut
616 4370 660 4411 et
707 4374 798 4428 ego
841 4374 981 4422 eam,
1022 4373 1214 4410 mecum
1250 4354 1390 4408 ibunt
1422 4353 1464 4427 (l
1492 4353 1611 4409 Cor.
1637 4370 1726 4408 xv:
1749 4396 1762 4419 ,
1798 4354 1961 4421 1-4)?
1992 4352 2116 4408 Hmc

520 4460 575 4504 et
618 4430 727 4504 alia
776 4449 940 4503 multa
988 4447 1356 4517 cepiosissime
1396 4455 1451 4500 et
1495 4444 1771 4499 verissime
1818 4442 2113 4514 proferunt.

519 4542 723 4609 Quibus
765 4539 1149 4609 respondemus
1181 4556 1194 4591 :
1229 4536 1433 4592 Videtis
1469 4552 1598 4607 ergo
1619 4578 1632 4602 ,
1665 4536 1906 4607 quamvis
1933 4535 2116 4589 Domi-

522 4650 624 4689 nus
650 4632 876 4699 dixerit,
907 4630 1081 4685 Nolite
1105 4631 1326 4702 cogitare
1350 4631 1403 4684 in
1432 4630 1748 4696 crastinum;
1779 4645 1883 4685 non
1910 4645 2004 4684 vos
2034 4640 2116 4684 ta-

523 4745 645 4785 men
669 4728 785 4782 istis
811 4725 986 4780 verbis
1006 4725 1121 4795 cogi
1154 4732 1209 4779 ut
1237 4722 1366 4778 nihil
1395 4723 1446 4776 in
1475 4722 1766 4777 crastinum
1788 4723 2076 4777 reservetis
2102 4740 2116 4778 :

522 4839 619 4877 cur
669 4836 798 4892 ergo
841 4818 1030 4874 iisdem
1073 4818 1250 4873 verbis
1279 4830 1374 4871 vos
1403 4816 1521 4885 cogi
1549 4814 1723 4869 dicitis
1745 4857 1758 4880 ,
1792 4824 1850 4868 ut
1879 4815 2121 4870 vacetis?

521 4917 628 4970 Cur
656 4912 889 4969 volatilia
916 4911 1037 4967 (εωιί
1067 4926 1170 4964 non
1202 4909 1353 4964 vobis
1376 4918 1497 4962 sunt
1519 4908 1765 4977 exemplo
1788 4908 1854 4963 ad
1882 4907 2011 4962 nihil
2038 4924 2121 4963 re:

523 5007 879 5075 servandum,
921 5012 975 5060 et
1011 5003 1171 5059 vultis
1206 5010 1264 5057 ut
1306 5000 1413 5056 sint
1451 5000 1699 5069 exemplo
1740 4999 1806 5054 ad
1836 4998 1965 5053 nihil
1990 5014 2122 5070 ope-

524 5101 746 5155 randum
769 5100 793 5154 ?

597 5190 824 5245 CAPUT
851 5188 1020 5245 XXV.
1048 5218 1121 5229 ——
1148 5188 1237 5243 59..
1273 5184 1493 5258 Negotia
1523 5184 1695 5255 priora
1722 5181 1983 5253 reliquisse
2003 5183 2125 5253 quid

529 5282 718 5352 prosit,
764 5282 809 5334 si
852 5280 1020 5334 adhuc
1044 5278 1397 5334 laborandum.
1423 5276 1719 5333 Communis
1740 5277 1853 5330 vita:
1876 5276 2120 5330 Charitas.

533 5374 748 5439 (iperari
778 5373 914 5425 decet
943 5374 1089 5426 etiam
1119 5375 1203 5442 qui
1229 5390 1290 5428 ea:
1311 5373 1413 5427 vita
1436 5372 1708 5427 excelsiore
1732 5380 2087 5425 convertuntur
2104 5412 2121 5439 ,

530 5468 617 5519 sed
658 5466 813 5519 multo
850 5466 1011 5534 magis
1052 5468 1139 5534 qui
1176 5483 1237 5519 ex
1262 5467 1363 5519 vita
1392 5465 1678 5519 humiliore.
1710 5463 1857 5519 Dicet
1884 5464 2075 5534 aliquis
2108 5481 2121 5518 :

532 5557 666 5622 Quid
708 5572 836 5627 ergo
873 5555 1089 5625 prodest
1116 5570 1271 5609 servo
1302 5556 1428 5622 Dei,
1460 5555 1601 5625 quod
1634 5555 1897 5624 prioribus
1921 5554 2126 5611 actibus

532 5664 669 5720 quos
707 5650 759 5703 in
798 5645 996 5703 saeculo
1027 5644 1255 5699 habebat
1278 5646 1477 5725 relictis
1496 5686 1511 5712 ,
1540 5645 1606 5699 ad
1636 5645 1770 5700 hanc
1796 5645 2124 5716 spiritualem

601 5788 615 5818 ι
657 5784 840 5852 Aliquot
855 5788 985 5852 atss"
1020 5780 1196 5850 ftmiem
1214 5778 1552 5852 hinninentem.
1577 5788 1632 5833 Et
1649 5781 1766 5832 infra
1788 5783 1883 5834 duo
1899 5784 2122 5843 Vaticani,

529 5860 708 5914 sumtis
737 5844 968 5914 fratribus
991 5844 1136 5914 tjtissu
1154 5848 1280 5893 sum.

597 5904 709 5973 i3};
742 5924 846 5965 Mss.
874 5912 929 5956 At
955 5904 1088 5981 editi,
1118 5907 1331 5968 reponat.

3696 428 3804 486 572

2212 544 2372 599 vitam
2401 544 2752 616 militiamque
2772 545 3100 601 convertitur
3116 586 3133 615 ,
3158 545 3209 600 si
3222 561 3344 602 eum
3369 545 3544 602 adhuc
3568 554 3802 617 oportet,

2212 643 2463 707 tanquam
2496 635 2705 707 opificis
2730 636 2750 669 ¹
2770 676 2786 704 ,
2826 651 3077 693 exercere
3106 637 3313 709 negotia
3332 637 3359 692 ‘l
3377 636 3540 704 Quasi
3564 653 3695 694 vero
3721 636 3803 694 fa-

2209 727 2313 783 cile
2341 728 2511 799 possit
2535 729 2711 784 verbis
2737 728 2991 800 explicari
3010 770 3026 795 ,
3057 739 3310 801 quantum
3335 730 3505 802 prosit
3533 734 3677 802 quod
3699 729 3802 786 Do-

2210 823 2388 879 minus
2426 822 2581 880 diviti
2617 824 2895 880 consilium
2937 824 3208 894 capiendae
3234 825 3357 879 vitae
3382 832 3599 879 aeterna:
3627 824 3805 895 requi-

2210 916 2352 971 renti
2381 916 2457 971 ait
2482 924 2539 971 ut
2564 916 2762 973 faceret
2780 918 2804 949 ²
2821 958 2835 982 ,
2863 916 2907 972 si
2934 916 3095 972 vellet
3118 931 3239 972 esse
3260 916 3526 987 perfectus
3550 932 3565 981 ;
3594 923 3655 971 ut
3676 932 3805 972 ven—

2207 1007 2332 1063 ditis
2374 1024 2493 1080 quae
2533 1007 2800 1076 habebat,
2844 1016 2900 1064 et
2937 1008 3243 1079 indigentize
3283 1022 3575 1079 pauperum
3615 1006 3803 1063 distri-

2207 1098 2382 1166 butis,
2409 1114 2531 1155 eum
2561 1108 2874 1170 sequeretur
2899 1098 3108 1171 (Matth.
3138 1115 3254 1166 xix,
3279 1096 3394 1174 21).
3418 1099 3523 1154 Aut
3545 1098 3667 1170 quis
3694 1108 3801 1153 tam

2207 1192 2459 1262 expedito
2495 1207 2655 1248 cursu
2695 1202 2911 1248 secutus
2950 1200 3034 1247 est
3064 1192 3343 1247 Dominum
3365 1234 3379 1259 ,
3405 1207 3563 1263 quam
3594 1192 3686 1247 ille
3712 1192 3801 1261 qui

2206 1282 2315 1350 ait,
2362 1280 2486 1338 Non
2520 1284 2574 1338 in
2613 1300 2827 1339 vacuum
2862 1284 3097 1349 cucurri,
3138 1300 3230 1338 nec
3257 1284 3311 1337 in
3336 1300 3549 1338 vacuum
3574 1282 3801 1337 laboravi

2208 1375 2465 1451 (Philipp.
2510 1393 2579 1442 ιι,
2624 1375 2761 1447 16)?
2794 1377 2885 1448 qui
2913 1386 3090 1432 tamen
3116 1392 3276 1447 opera
3302 1377 3401 1434 ista
3429 1386 3480 1433 et
3511 1379 3796 1448 prmcepit,

2205 1478 2258 1522 et
2290 1466 2431 1523 fecit.
2457 1468 2570 1523 Hoc
2594 1469 2743 1523 nobis
2771 1477 2911 1523 tanta
2933 1468 3246 1524 auctoritate
3265 1468 3438 1524 doctis
3466 1476 3521 1524 et
3544 1468 3801 1523 informa-

2206 1562 2273 1617 tis
2290 1558 2533 1616 sufficere
2555 1559 2738 1617 debuit
2759 1562 2824 1617 ad
2840 1562 3142 1632 exemplum
3163 1559 3567 1632 dcrelinquendi
3581 1562 3601 1593 ³
3618 1563 3798 1633 pristi-

2204 1672 2302 1712 nas
2340 1655 2616 1711 facultates
2640 1697 2656 1722 ,
2684 1665 2739 1711 et
2783 1656 3027 1711 manibus
3064 1654 3340 1726 operandi.
3379 1655 3485 1711 Sed
3524 1664 3578 1711 et
3605 1670 3704 1710 nos
3730 1655 3799 1710 ab

2204 1748 2320 1819 ipso
2356 1748 2581 1804 Domino
2610 1748 2797 1819 adjuti,
2825 1732 3109 1818 possumus
3139 1746 3363 1803 fortasse
3390 1756 3677 1816 utcumque
3700 1760 3794 1800 co-

2202 1855 2499 1911 gnoscere,
2542 1840 2702 1896 etiam
2743 1840 2822 1894 sic
2863 1838 3207 1909 operantibus
3248 1838 3416 1895 servis
3453 1837 3579 1903 Dei,
3617 1838 3805 1908 priora.

2206 1942 2383 1988 tamen
2439 1933 2650 2003 negotia
2708 1932 2991 2004 reliquisse
3030 1930 3157 2002 quid
3207 1930 3396 2001 prosit.
3443 1930 3502 1985 Si
3540 1930 3683 1985 enim
3726 1930 3795 1987 ad

2205 2024 2342 2079 hanc
2378 2025 2540 2079 vitam
2579 2040 2648 2080 ex
2671 2024 2835 2079 divite
2862 2024 3143 2094 quisquam
3169 2022 3533 2089 convertitur,
3566 2031 3621 2077 et
3648 2021 3795 2077 nulla

2204 2116 2509 2172 infirmitate
2545 2120 2787 2185 corporis
2815 2114 3101 2185 impeditur
3118 2155 3134 2181 ,
3167 2114 3309 2170 itane
3333 2112 3626 2182 desipimus
3649 2128 3679 2167 a
3706 2129 3794 2168 sa—

2202 2222 2334 2277 pore
2378 2206 2604 2272 Christi,
2649 2214 2709 2261 ut
2747 2220 2851 2260 non
2894 2205 3252 2275 intelligamus
3282 2211 3509 2274 quantus
3531 2203 3793 2274 superbia:

2203 2296 2397 2367 prioris
2437 2306 2613 2351 tumor
2648 2304 2901 2363 sanetur,
2941 2310 3062 2350 cum
3100 2294 3431 2350 circumcisis
3470 2294 3753 2364 superﬂuis
3776 2336 3791 2361 ,

2202 2391 2392 2462 quibus
2431 2398 2555 2445 ante
2594 2390 2801 2444 animus
2826 2388 3167 2444 exitiabiliter
3194 2383 3693 2454 inﬂammabatur‘,
3727 2386 3801 2440 ad.

2202 2480 2411 2536 modica
2453 2496 2573 2551 quae
2610 2487 2816 2535 restant
2853 2479 2975 2534 huic
3004 2478 3126 2533 vitae
3154 2478 3465 2533 naturaliter
3492 2477 3792 2533 necemria

2202 2572 2364 2627 etiam
2398 2570 2604 2641 opificis
2640 2572 2911 2626 humilitas
2942 2571 3161 2626 minime
3190 2569 3503 2627 recusetur?
3528 2569 3584 2625 Si
3613 2578 3792 2624 autem

2202 2665 2269 2719 ad
2310 2665 2447 2721 hanc
2485 2667 2649 2719 vitam
2688 2680 2751 2720 ex
2780 2673 3092 2736 paupertate
3115 2665 3473 2731 convertitur,
3508 2679 3615 2718 non
3646 2670 3800 2733 putet

2202 2772 2262 2814 se
2300 2758 2353 2813 id
2380 2773 2540 2829 agere
2579 2757 2717 2829 quod
2747 2758 2969 2828 agebat,
3009 2758 3054 2812 si
3091 2757 3160 2811 ab
3196 2772 3381 2811 amore
3416 2755 3498 2811 vel
3535 2754 3796 2825 augendae

2202 2849 2697 2920 quantularcumque
2716 2848 2738 2880 ⁵
2762 2848 2838 2903 rei
2865 2848 3083 2917 privata:
3106 2888 3121 2913 ,
3141 2847 3249 2917 jam
3273 2862 3379 2901 non
3399 2860 3647 2917 quaerens
3675 2860 3797 2915 qua:

2203 2955 2299 2995 sua
2338 2948 2501 3004 sunt,
2539 2938 2634 2993 sed
2663 2954 2782 3008 qua:
2809 2938 2935 2993 Jesu
2969 2937 3165 2993 Christi
3206 2936 3367 3007 (Ibid.
3394 2936 3485 3009 2i)
3507 2979 3521 3003 ,
3553 2936 3621 2990 ad
3650 2950 3797 2990 com-

2204 3032 2381 3087 munis
2409 3031 2532 3085 vitae
2559 3046 2619 3086 se
2647 3030 2913 3085 transtulit
2944 3031 3259 3085 charitatem
3279 3072 3295 3097 ,
3325 3031 3376 3085 in
3407 3045 3596 3084 eorum
3626 3028 3795 3083 socie-

2207 3132 2313 3179 tate
2347 3122 2618 3189 victurus,
2654 3122 2846 3193 quibus
2883 3130 2966 3177 est
3000 3122 3176 3176 anima
3216 3136 3317 3176 una
3351 3128 3405 3175 et
3431 3137 3526 3176 cor
3554 3136 3717 3174 unum
3746 3120 3807 3173 in.

2206 3214 2409 3279 Deum,
2451 3212 2524 3268 ita
2564 3222 2621 3267 ut
2659 3229 2818 3268 nemo
2844 3213 2985 3267 dicat
3006 3213 3205 3283 aliquid
3235 3213 3504 3283 proprium
3526 3253 3539 3277 ,
3572 3211 3666 3267 sed
3694 3211 3801 3264 sint

2208 3306 2310 3361 illis
2349 3306 2525 3361 omnia
2569 3306 2871 3361 communia
2920 3305 3060 3377 (Act.
3109 3322 3195 3370 ιν,
3238 3305 3353 3378 52).
3386 3304 3441 3361 Si
3471 3306 3613 3361 enim
3646 3306 3801 3375 hujus

2209 3407 2435 3452 terrena:
2480 3397 2783 3467 reipublica:
2824 3396 3027 3468 antiqui
3074 3397 3345 3467 principes
3389 3396 3817 3466 prteclarissimo‘

2207 3490 2563 3545 litteratorum
2602 3504 2823 3544 suorum
2861 3490 3076 3561 eloquio
3111 3489 3389 3559 praedicari
3419 3489 3627 3555 solent,
3660 3489 3803 3560 quod

2208 3597 2323 3637 rem
2353 3595 2696 3635 communem
2725 3580 2960 3636 universi
2982 3581 3162 3652 populi
3192 3596 3303 3636 suae
3331 3581 3559 3635 civitatis
3585 3581 3806 3652 privatis

2209 3676 2321 3731 suis
2348 3675 2514 3731 rebus
2540 3676 2619 3730 sic
2646 3675 3072 3745 anteponebant,
3103 3682 3162 3729 ut
3183 3674 3397 3746 quidam
3418 3690 3604 3731 eorum
3626 3673 3805 3729 Africa

2210 3767 2442 3823 edomita
2491 3766 2879 3837 triumphator,
2921 3766 3048 3838 quid
3087 3767 3306 3822 nubenti
3346 3767 3468 3821 lilia:
3506 3766 3660 3821 daret
3698 3783 3804 3822 non

2212 3858 2455 3916 habuerit
2475 3901 2492 3928 ,
2530 3860 2635 3914 nisi
2664 3875 2731 3915 ex
2765 3859 3227 3914 senatusconsulto
3255 3858 3324 3913 dc
3350 3858 3561 3929 publico
3590 3858 3805 3914 dotare-

2214 3962 2299 4008 tur
2337 3954 2413 4027 (a)
2446 3972 2459 4008 :
2489 3971 2595 4026 quo
2630 3956 2809 4010 animo
2837 3955 2998 4011 debet
3020 3971 3139 4011 esse
3168 3956 3219 4010 in
3246 3956 3627 4025 rempublicam
3656 3970 3805 4010 suam

2213 4046 2347 4100 civis
2385 4057 2600 4101 aeterna:
2639 4047 2785 4103 illius
2821 4047 3048 4103 civitatis
3084 4048 3379 4104 Jerusalem
3406 4048 3678 4115 caelestis,
3708 4049 3808 4103 nisi

2216 4146 2274 4191 ut
2319 4136 2449 4192 illud
2499 4137 2671 4207 ipsum
2716 4138 2857 4209 quod
2897 4139 3126 4209 prepriis
3164 4139 3409 4195 manibus
3445 4139 3722 4203 elaborat,
3759 4140 3811 4192 in

2216 4245 2501 4286 commune
2522 4230 2713 4285 habeat
2731 4246 2852 4286 cum
2881 4230 3045 4286 fratre
3069 4273 3083 4297 ,
3107 4241 3161 4287 et
3181 4232 3225 4286 si
3251 4231 3377 4302 quid
3401 4233 3447 4286 ei
3471 4230 3719 4296 defuerit,
3749 4230 3813 4285 de

2217 4322 2488 4377 communi
2514 4322 2797 4393 suppleat;
2825 4324 3008 4379 dicens
3034 4340 3156 4379 cum
3186 4324 3278 4379 illo
3302 4324 3457 4394 cujus
3487 4332 3814 4393 praeceptum

2219 4416 2627 4486 exemplumque
2690 4425 2906 4471 secutus
2960 4426 3074 4482 est,
3120 4416 3278 4482 Quasi
3318 4417 3448 4471 nihil
3488 4416 3728 4471 habentes
3770 4429 3815 4472 et

2220 4508 2391 4561 omnia
2417 4508 2729 4577 possidentes
2759 4507 2823 4578 (ll
2851 4506 2969 4563 Cor.
2999 4524 3052 4562 vl
3070 4550 3083 4576 ,
3118 4508 3256 4579 10)?

2292 4600 2382 4656 35.
2404 4598 2765 4667 Quamobrem
2794 4600 2953 4653 etiam
2986 4600 3057 4653 illi
3086 4600 3172 4668 qui
3202 4599 3384 4654 relicta
3407 4598 3493 4653 vel
3511 4598 3823 4665 distributa,

2222 4692 2335 4746 sive
2365 4692 2541 4761 ampla
2567 4733 2581 4759 ,
2605 4692 2720 4746 sive
2744 4691 3119 4762 qualicumque
3144 4691 3393 4760 opulenta
3424 4691 3702 4757 facultate,
3736 4692 3819 4744 in-

2226 4793 2307 4838 ter
2341 4798 2602 4854 pauperes
2634 4782 2833 4838 Christi
2868 4784 2951 4853 pia
2980 4794 3033 4838 et
3064 4784 3263 4839 salubri
3298 4782 3596 4839 humilitate
3636 4799 3823 4839 nume»

2224 4878 2333 4933 rari
2370 4877 2692 4943 voluerunt;
2721 4876 2766 4931 si
2795 4891 3023 4947 corpore
3050 4876 3122 4930 ita
3152 4876 3361 4942 valent,
3390 4884 3443 4931 et
3473 4876 3542 4930 ab
3570 4876 3825 4931 ecclesia-

2226 4973 2375 5028 sticis
2414 4970 2851 5041 occupationibus
2886 4977 3076 5025 vacant
3109 4970 3433 5040 (quanquam
3462 4969 3541 5024 eis
3569 4978 3680 5023 tam
3715 4983 3826 5024 ma-

2226 5081 2389 5136 gnum
2414 5065 2576 5119 animi
2599 5064 2678 5119 sui
2700 5062 3075 5119 documentum
3102 5062 3444 5118 ail‘erentibus
3464 5105 3478 5129 ,
3508 5071 3561 5118 et
3583 5063 3824 5133 ejusdem

2229 5156 2498 5212 societatis
2525 5156 2829 5225 indigentia:
2858 5156 2926 5209 de
2951 5154 3036 5209 his
3066 5155 3224 5210 rebus
3252 5170 3385 5223 quas
3411 5154 3717 5219 habebant,
3743 5153 3825 5207 vel

2228 5250 2515 5321 plurimum
2541 5249 2623 5304 vel
2666 5264 2772 5303 non
2815 5265 2998 5319 parum
3021 5247 3455 5318 conferentibus,
3502 5248 3674 5303 vicem
3712 5262 3828 5301 sus-

2296 5476 2313 5503 ί
2347 5471 2421 5521 sic
2442 5478 2547 5521 Mss.
2573 5470 2787 5534 Atediti,
2806 5466 3019 5534 opiﬁces.

2294 5534 2315 5565 ³
2349 5534 2420 5583 sic
2441 5542 2545 5583 MSS.
2586 5532 2703 5582 Editi
2728 5529 2863 5593 vero,
2886 5529 2955 5581 ait
2978 5529 3095 5595 quid
3103 5530 3311 5595 faceret.

2297 5597 2317 5659 ἓ
2353 5603 2452 5659 Duo
2473 5595 2682 5659 Vaticani
2713 5586 3137 5659 μεως-Ἀῌωσξηοὺίς
3159 5596 3292 5641 tanta
3324 5588 3585 5659 auctoritas
3611 5586 3830 5655 sufﬁcere

2233 5654 2396 5707 debuit
2438 5656 2777 5719 relinquendi._
2808 5655 2895 5719 alii
2918 5655 3143 5718 quidam,
3189 5665 3279 5703 nec
3302 5652 3455 5712 nobis,
3482 5660 3579 5702 etc.

2297 5722 2318 5751 ι
2355 5720 2521 5769 Plures
2541 5717 2667 5777 Mss,
2692 5717 2970 5780 inﬂabatur.

2297 5784 2316 5813 ι
2354 5781 2425 5831 sic
2446 5789 2551 5830 Mss.
2582 5787 2633 5828 At
2657 5776 3323 5844 editi,_quautulumcmnqt_te.

2299 5846 2370 5905 (a)
2396 5844 2564 5905 scipio,
2588 5842 2713 5903 apud
2739 5837 2897 5905 \jale'r.
2924 5841 3009 5891 lib.
3038 5841 3084 5905 4,
3111 5837 3289 5904 δείλ’-ι,
3315 5845 3363 5889 et
3388 5844 3501 5890 7.011.
3522 5837 3569 5901 2,
3590 5843 3643 5889 et
3660 5842 3829 5887 senae.

2240 5903 2296 5955 ad
2311 5903 2313 5905 ’
2326 5903 2559 5966 Albinam,
2579 5917 2685 5967 cap.
2718 5903 2789 5953 i2.
