4078 6506
330 445 436 501 573

329 557 601 618 tentandae
636 557 763 613 vita:
819 570 1005 614 eorum
1034 569 1123 613 res
1153 555 1266 627 ipsa
1290 555 1591 611 communis
1616 563 1671 610 et
1697 553 1932 611 fraterna

326 652 567 708 cbaritas
585 648 803 721 debeat)
827 690 843 716 ,
869 656 1049 703 tamen
1070 647 1115 702 si
1140 655 1195 703 et
1222 646 1323 717 ipsi
1344 646 1593 702 manibus
1613 657 1930 718 operentur,

330 752 390 798 ut
417 741 584 813 pigris
612 756 677 797 ex
706 740 818 795 vita
838 738 1124 795 humiliore
1142 745 1199 793 et
1215 737 1286 792 ob
1310 736 1415 793 hoc
1436 737 1813 793 exercitatiore
1840 751 1934 791 ve-

328 834 603 890 aientibus
620 832 865 888 auferant
882 830 1279 887 excusationem
1305 845 1320 896 ;
1343 829 1512 884 multo
1532 828 1935 885 misericordias

329 934 532 997 agunt,
560 940 720 996 quam
746 938 868 980 eum
898 922 1077 978 omnia
1104 936 1199 976 sua
1226 919 1589 991 indigentibus
1615 919 1930 975 diviserunt.

327 1018 485 1089 Quod
522 1017 738 1089 quidem
776 1017 821 1072 si
858 1015 1067 1081 nolint,
1105 1014 1226 1085 quis
1248 1013 1444 1070 audeat
1471 1013 1705 1084 cogere?
1731 1012 1934 1081 Quibus

332 1122 513 1168 tamen
558 1108 876 1167 invenienda
912 1116 1039 1164 sunt
1062 1122 1224 1178 opera
1252 1108 1306 1162 in
1334 1106 1660 1162 monasterio
1679 1146 1694 1170 ,
1723 1105 1933 1161 etiamsi

329 1219 361 1260 a
397 1203 667 1274 corporali
696 1201 971 1257 iunctione
994 1199 1244 1256 liberiora
1265 1241 1280 1265 ,
1310 1198 1405 1255 sed
1432 1198 1672 1269 vigilanti
1706 1197 1936 1252 admini-

330 1295 595 1351 stratione
621 1292 854 1349 curanda
875 1332 893 1359 ,
920 1301 981 1347 ut
1003 1306 1104 1347 nec
1124 1291 1221 1361 ipsi
1249 1305 1440 1362 panem
1461 1305 1617 1346 suum
1640 1331 1655 1355 ,
1682 1289 1933 1359 quoniam

330 1388 637 1444 communis
669 1386 780 1457 jam
807 1384 977 1441 factus
1004 1391 1120 1451 est,
1150 1383 1316 1454 gratis
1343 1381 1666 1437 manducent
1693 1380 1795 1452 (a).
1824 1378 1936 1435 Nec

330 1478 716 1535 attendendum
746 1486 827 1532 est
846 1477 901 1531 in
918 1475 1106 1546 quibus
1124 1474 1480 1538 monasteriis,
1499 1474 1583 1528 vel
1600 1473 1652 1527 in
1671 1488 1777 1542 quo
1793 1472 1931 1538 loco,

331 1574 697 1646 indigentibus
743 1572 992 1627 fratribus
1029 1571 1255 1640 quisque
1299 1568 1352 1623 id
1392 1567 1533 1639 quod
1574 1566 1803 1621 habebat
1830 1565 1933 1618 im-

331 1668 597 1739 penderit.
625 1666 873 1721 Omnium
899 1665 1042 1720 enim
1065 1660 1487 1718 Christianorum
1513 1674 1616 1716 una
1635 1658 1936 1730 respublica

331 1772 436 1819 est.
481 1762 548 1816 Et
589 1761 710 1816 ideo
756 1759 996 1831 quisquis
1041 1757 1358 1814 Christianis
1386 1756 1684 1812 necessaria
1714 1754 1937 1811 ubilibet

332 1856 639 1927 erogaverit
657 1897 670 1919 ,
704 1854 1025 1924 ubicumque
1052 1853 1211 1907 etiam
1244 1852 1356 1921 ipse
1381 1849 1523 1921 quod
1552 1849 1653 1905 sibi
1683 1861 1936 1903 necessa-

331 1948 475 2002 rium
506 1955 589 2001 est
612 1945 833 2014 accipit,
863 1944 932 1998 de
957 1942 1152 1999 Christi
1181 1942 1335 1997 bonis
1363 1940 1557 2011 accipit
1582 1941 1620 1993 ί.
1652 1939 1785 2005 Quia
1814 1938 1938 1993 ubi-

331 2053 567 2107 cumque
597 2044 654 2092 et
676 2037 792 2106 ipse
819 2036 1014 2090 talibus
1033 2034 1213 2099 dedit,
1243 2034 1365 2104 quis
1391 2033 1491 2088 nisi
1516 2031 1759 2087 Christus
1781 2045 1936 2086 acce-

330 2129 454 2199 pit?
485 2128 564 2183 Illi
592 2137 771 2185 autem
798 2127 887 2199 qui
909 2126 1067 2183 etiam
1097 2133 1293 2196 praeter
1320 2125 1476 2180 istam
1502 2132 1739 2179 sanctam
1767 2123 1939 2178 socie-

333 2230 499 2276 tatem
526 2220 689 2275 vitam
720 2219 903 2275 labore
931 2218 1169 2288 corporis
1196 2215 1590 2286 transigebant,
1620 2230 1687 2270 ex
1712 2230 1938 2285 quorum

334 2327 565 2367 numero
587 2311 769 2381 plures
794 2309 861 2365 ad
888 2308 1211 2364 monasteria
1238 2309 1495 2374 veniunt,
1524 2306 1647 2377 quia
1668 2314 1724 2360 et
1748 2306 1799 2360 in
1822 2306 1940 2375 ipso

334 2404 575 2458 humano
616 2416 815 2472 genere
856 2400 1038 2470 plures
1075 2407 1240 2465 sunt;
1270 2400 1314 2454 si
1348 2398 1537 2454 nolunt
1566 2396 1809 2467 operari,
1840 2411 1941 2451 nec

334 2496 680 2553 manducent.
732 2494 915 2564 Neque
955 2494 1097 2548 enim
1138 2500 1416 2563 propterea
1466 2491 1521 2545 in
1565 2490 1749 2545 militia
1795 2487 1940 2543 chri-

332 2590 508 2645 stiana
552 2588 618 2645 ad
661 2588 910 2658 pietatem
952 2587 1144 2642 divites
1180 2586 1562 2651 humiliantur,
1590 2594 1651 2640 ut
1681 2597 1943 2653 pauperes

333 2682 405 2738 ad
445 2681 750 2752 superbiam
782 2680 1129 2735 extollantur.
1163 2678 1320 2733 Nullo
1346 2678 1506 2734 modo
1529 2678 1671 2733 enim
1697 2676 1853 2732 decet
1883 2683 1941 2729 ut

332 2778 391 2831 in
426 2792 491 2831 ea
530 2776 637 2830 vita
665 2774 754 2829 ubi
784 2775 914 2829 liunt
943 2782 1219 2829 senatores
1246 2772 1534 2837 laboriosi,
1566 2771 1639 2827 ibi
1672 2772 1798 2825 liant
1825 2769 1943 2840 opi-

338 2873 472 2924 fices
512 2868 710 2933 otiosi;
757 2876 812 2923 et
851 2881 957 2938 quo
995 2866 1215 2921 veniunt
1253 2866 1452 2922 relictis
1479 2864 1685 2922 deliciis
1710 2863 1821 2919 suis
1850 2863 1941 2935 qui

345 2962 564 3017 fuerant
590 2960 909 3030 prmdiorum
932 2959 1131 3015 domini
1154 3000 1168 3025 ,
1198 2957 1267 3013 ibi
1297 2958 1405 3013 sint
1422 2957 1607 3013 rustici
1634 2956 1865 3012 delicati.

406 3052 637 3109 CAPUT
673 3050 864 3107 XXVI.
892 3082 963 3092 —
993 3052 1080 3105 54.
1108 3050 1374 3117 Quomodo
1399 3048 1782 3121 intelligendum
1804 3063 1939 3119 prte-

335 3155 543 3216 ceptum
589 3142 756 3208 illud,
798 3151 853 3197 ut
895 3159 957 3196 ne
998 3142 1206 3197 solliciti
1253 3142 1409 3196 simus
1434 3141 1497 3195 de
1524 3141 1634 3195 cibo
1660 3150 1707 3195 et
1739 3140 1939 3196 uestitu.

340 3235 612 3304 Quomodo
640 3233 988 3304 accipiendum
1016 3232 1148 3286 illud
1167 3275 1181 3299 ,
1212 3232 1276 3287 de
1292 3232 1581 3286 volatilibus
1604 3232 1718 3287 caeli
1746 3242 1792 3287 et
1820 3233 1942 3287 liliis

335 3327 471 3398 agri.
501 3327 571 3380 At
609 3325 751 3381 enim
796 3325 1050 3380 Dominus
1078 3324 1152 3377 ait
1183 3342 1197 3379 :
1226 3322 1406 3378 Nolite
1442 3324 1647 3378 solliciti
1675 3340 1782 3379 esse
1826 3325 1940 3378 ani-

336 3435 438 3472 ma:
480 3417 605 3488 quid
648 3416 989 3482 manducetis,
1035 3432 1195 3486 neque
1237 3416 1438 3487 corpori
1482 3415 1603 3486 quid
1640 3416 1937 3470 vestiamini.

337 3512 537 3579 Recte,
591 3509 843 3580 quoniam
896 3522 1055 3579 supra
1101 3507 1311 3563 dixerat
1364 3526 1379 3563 :
1435 3505 1559 3561 Non
1598 3507 1804 3578 potestis
1830 3505 1941 3561 Deo

332 3602 526 3658 servire
552 3609 601 3655 et
628 3615 946 3654 mammonae.
988 3598 1089 3666 Qui
1136 3598 1278 3653 enim
1306 3605 1523 3668 propter
1554 3597 1655 3653 hoc
1695 3597 1938 3666 Evange-

337 3693 468 3747 lium
514 3691 804 3762 przedieat,
852 3699 911 3745 ut
956 3689 1151 3745 habeat
1192 3688 1333 3744 unde
1369 3687 1680 3752 manducet,
1721 3696 1775 3742 et
1800 3686 1942 3743 unde

332 3783 630 3848 vestiatur,
656 3782 811 3836 simul
858 3796 916 3837 se
957 3789 1106 3851 putat
1134 3788 1188 3835 et
1214 3779 1325 3835 Deo
1349 3778 1555 3834 servire
1573 3820 1589 3846 ,
1620 3779 1739 3848 quia
1768 3778 1943 3833 Evan-

334 3875 537 3945 gelinm
581 3872 870 3943 praedicat;
919 3880 976 3927 et
1019 3884 1376 3934 mammonae,
1407 3868 1529 3939 quia
1582 3875 1798 3938 propter
1838 3867 1940 3923 ista

336 3965 642 4022 necessaria
683 3963 939 4034 praedicat
983 3980 998 4017 :
1043 3961 1185 4033 quod
1215 3962 1472 4017 Dominus
1508 3960 1639 4015 dicit
1687 3959 1799 4015 ﬁeri
1830 3975 1939 4015 non

337 4071 523 4126 posse.
566 4056 647 4109 Ac
691 4069 787 4125 per
813 4052 917 4108 hoc
944 4052 1035 4108 ille
1078 4051 1169 4121 qui
1198 4059 1417 4121 propter
1460 4051 1560 4106 ista
1592 4050 1937 4119 Evangelium

338 4144 600 4215 praedicat
617 4186 632 4206 .
660 4159 766 4199 non
790 4143 901 4198 Deo
919 4185 934 4211 ,
967 4142 1060 4197 sed
1089 4156 1408 4196 mammonae
1433 4140 1637 4196 servire
1663 4140 1939 4195 convinci-

336 4246 458 4303 tur;
489 4236 591 4292 etsi
618 4236 763 4291 Deus
805 4235 897 4290 illo
939 4233 1006 4289 ad
1040 4234 1267 4289 aliorum
1297 4242 1639 4303 provectum,
1671 4231 1940 4303 quomodo

339 4328 458 4397 ipse
506 4326 711 4393 nescit,
748 4332 947 4380 utatur.
980 4324 1110 4379 Nam
1142 4323 1267 4379 huic
1311 4323 1591 4379 sententia:
1627 4323 1934 4393 subiungit,

336 4421 525 4476 dicens
544 4462 559 4487 ,
593 4416 719 4474 Ideo
741 4418 854 4472 dico
879 4416 1016 4471 vobis
1034 4457 1048 4482 ,
1078 4416 1234 4471 nolite
1251 4416 1455 4471 solliciti
1484 4432 1592 4470 esse
1618 4415 1799 4469 anima:
1818 4414 1941 4483 quid

336 4511 652 4567 manducetis
671 4553 685 4576 ,
712 4526 873 4581 neque
894 4510 1094 4579 corpori
1121 4508 1243 4578 quid
1262 4507 1544 4562 vestiamiui
1572 4522 1591 4561 :
1620 4519 1725 4561 non
1755 4514 1811 4561 ut
1839 4506 1938 4560 ista

337 4620 444 4659 non
476 4609 797 4673 procurent,
825 4610 1082 4672 quantum
1126 4598 1429 4654 necessitati
1467 4596 1597 4652 satis
1623 4598 1766 4663 est',
1797 4596 1940 4653 unde

337 4698 566 4752 honeste
611 4694 910 4765 potuerint;
959 4690 1053 4747 sed
1098 4699 1155 4745 ut
1199 4706 1306 4745 non
1353 4690 1453 4745 ista
1494 4690 1834 4752 intueantur,
1884 4698 1941 4745 et

336 4798 559 4861 propter
602 4788 701 4843 ista
742 4787 936 4842 faciant
979 4784 1232 4856 quidquid
1277 4784 1328 4839 in
1378 4783 1650 4854 Evangelii
1682 4782 1940 4853 prmdica-

338 4883 487 4936 tione
535 4878 557 4911 ³
605 4877 781 4933 facere
823 4876 1099 4947 jubentur.
1148 4875 1278 4930 Eam
1328 4875 1526 4945 quippe
1589 4873 1937 4929 intentionem

336 4988 507 5045 quare
532 4970 659 5042 quid
700 4970 824 5037 fiat,
860 4969 1073 5023 oculum
1099 4977 1252 5022 vocat
1287 4983 1299 5020 :
1329 4966 1470 5021 unde
1509 4966 1667 5036 paulo
1695 4966 1939 5036 superius

336 5062 657 5134 loquebatur
678 5102 694 5127 ,
740 5068 802 5115 ut
827 5058 895 5115 ad
932 5059 1034 5114 hoc
1059 5058 1442 5127 descenderet,
1472 5067 1525 5113 et
1547 5057 1790 5121 dicebat,
1835 5056 1940 5111 Lu-

336 5170 490 5210 cerna
527 5152 757 5222 corporis
794 5150 867 5204 tui
893 5158 966 5204 est
991 5149 1168 5204 oculus
1209 5158 1363 5203 tuus:
1386 5150 1429 5202 si
1468 5150 1641 5203 oculus
1667 5159 1782 5203 tuus
1817 5150 1941 5203 sim-

335 5248 457 5319 plex
497 5245 684 5315 fuerit,
735 5251 893 5298 totum
928 5258 1113 5312 corpus
1156 5249 1298 5295 tuum
1340 5240 1561 5296 lucidum
1595 5242 1726 5308 erit;
1764 5241 1808 5295 si
1826 5257 1939 5296 vero

401 5359 419 5389 ²
456 5364 579 5415 Vox,
604 5352 756 5414 bonis,
777 5367 840 5403 ex
861 5354 1150 5403 auctoritate
1172 5358 1249 5401 Er.
1272 5351 1421 5414 Lugd.
1447 5360 1566 5415 ven.
1585 5358 1695 5402 ιον.
1716 5354 1940 5404 restituta

335 5426 434 5469 est.
452 5425 536 5479 PP.
561 5413 875 5479 Benedictiui,
895 5428 955 5465 ea
972 5416 1021 5463 in
1038 5421 1179 5464 textu
1200 5413 1397 5474 omissa,
1411 5413 1592 5464 addunt
1616 5415 1664 5465 in
1687 5416 1937 5479 margine:

341 5499 365 5528 ι
384 5478 587 5542 Supple,
611 5477 770 5528 rebus.
788 5494 810 5521 ι
880 5484 937 5525 tu.
1036 5536 1047 5548 .
1122 5536 1135 5548 ο

403 5546 424 5576 ’
460 5549 591 5599 Mss,
615 5544 845 5601 quantum
865 5543 1157 5601 necessitatis
1172 5543 1244 5589 est

404 5607 426 5638 ι
456 5573 1259 5664 ἕῗῶῗῖἴῖὰῖίὲζῖἔῶῒὸἱῖἕυῗ⁹⁹

405 5666 609 5735 (autne
631 5670 823 5735 spectat
843 5660 996 5713 illati.
1023 5663 1267 5735 Benedicti
1293 5661 1557 5735 praeceptio
1574 5662 1623 5735 in
1648 5661 1940 5735 Regulaeea-

338 5722 444 5794 pite
462 5722 632 5794 '18,_de
647 5722 807 5788 Opere
830 5737 1061 5794 manuum
1083 5738 1095 5773 :
1127 5742 1150 5770 ι
1165 5722 1409 5794 Fratribus
1431 5722 1632 5794 inﬁrmis
1658 5722 1742 5794 vel
1761 5722 1943 5794 delica-

348 5786 371 5837 ἃ
396 5793 460 5842 tis
485 5788 597 5838 talis
618 5786 769 5850 opera
792 5793 875 5850 aut
896 5798 976 5836 ars
997 5788 1299 5848 iuiungatur,
1327 5792 1381 5834 ut
1403 5798 1515 5850 _nec
1534 5786 1673 5837 otiosi
1704 5786 1821 5845 sint,
1847 5799 1941 5835 nec

348 5869 371 5897 ι
399 5846 1238 5911 νιοιεξηιὶτίΊειιιοιδίιςοιηιιθὶῐίιειηωι·⁹
1276 5854 1332 5911 ut
1363 5846 1643 5908 effngentur
1680 5862 1690 5896 :
1732 5861 1939 5911 quorum

351 5932 372 5963 s
397 5911 705 5968 imbecillitas
724 5910 785 5960 ab
803 5910 979 5961 abbate
1004 5910 1353 5961 eonsrderanda
1380 5918 1472 5962 est.
1502 5926 1523 5954 υ

1766 438 1968 496 LIBER
1999 440 2198 500 UNUS.

3535 456 3639 513 57‘

2044 558 2225 611 oculus
2250 566 2365 612 tuus
2385 574 2596 628 nequam
2622 561 2804 631 fuerit,
2834 570 2992 617 totum
3028 579 3216 632 corpus
3241 575 3385 620 tutan
3412 569 3641 622 tenesm-

2040 665 2152 703 sum
2178 651 2308 716 erit;
2349 650 2403 706 id
2433 661 2511 708 est
2532 694 2547 720 ,
2578 653 2700 708 talia
2729 664 2886 710 erunt
2924 656 3061 713 facta
3107 667 3196 713 tua
3216 700 3231 725 ,
3278 660 3451 731 qualis
3475 660 3636 718 fuerit

2041 742 2269 799 intentio
2294 751 2382 799 tua
2410 759 2508 799 cur
2529 760 2591 801 ea
2622 745 2801 801 facias.
2830 749 2897 803 Et
2921 748 2995 804 ad
3017 749 3119 806 hoc
3145 752 3288 806 enim
3316 761 3374 806 ut
3401 762 3630 819 veniret,

2040 850 2201 907 supra
2256 836 2325 892 de
2367 838 2726 912 eleemosynis
2778 852 3136 911 praeceperat,
3189 843 3402 913 dicens,
3460 844 3636 901 Nolite

2040 927 2257 982 condere
2281 927 2419 983 vobis
2438 930 2700 986 thesauros
2722 932 2774 985 in
2794 932 2940 987 terris
2957 973 2974 999 ,
3012 933 3096 987 ubi
3123 950 3293 1006 terugo
3317 945 3364 990 et
3388 936 3521 990 tinea
3544 952 3636 991 ea;-

2040 1019 2306 1083 terminat,
2333 1030 2382 1074 et
2414 1020 2499 1075 ubi
2539 1027 2677 1093 fures
2705 1023 2952 1091 eﬂ'odiunt
2981 1034 3031 1080 et
3067 1028 3322 1097 furantur.
3356 1029 3631 1084 Recondite

2039 1124 2156 1164 vero
2184 1111 2322 1165 uobis
2356 1113 2617 1168 thesauros
2640 1114 2694 1168 in
2721 1115 2846 1169 creto
2865 1157 2880 1182 ,
2912 1115 2997 1169 ubi
3025 1132 3182 1187 neque
3206 1118 3337 1172 tinea
3362 1136 3522 1189 neque
3549 1136 3631 1173 ru-

2041 1201 2155 1273 bigo
2180 1203 2510 1269 exterminat,
2536 1214 2584 1258 et
2612 1205 2699 1259 ubi
2729 1209 2870 1277 [ures
2899 1223 3001 1261 non
3039 1207 3332 1277 perfodiunt
3369 1220 3415 1264 et
3443 1214 3627 1283 [uran-

2040 1298 2141 1344 tur.
2174 1290 2273 1347 Ubi
2299 1292 2434 1346 enim
2461 1294 2555 1349 erit
2584 1295 2847 1350 thesaurus
2886 1305 3031 1362 tuus,
3060 1296 3130 1350 ibi
3154 1297 3247 1351 erit
3269 1308 3318 1352 et
3354 1316 3441 1354 cor
3466 1310 3629 1354 tuum.

2045 1384 2249 1441 Deinde
2299 1386 2607 1457 subjunxit,
2654 1388 2888 1444 Lucerna
2942 1392 3170 1461 corporis
3215 1393 3288 1446 tui
3335 1402 3409 1447 est
3454 1394 3633 1451 oculus

2042 1485 2156 1531 tuus
2187 1475 2399 1544 (Matth.
2440 1479 2517 1548 vt)
2562 1497 2577 1535 :
2623 1488 2681 1534 ut
2706 1480 2778 1536 illi
2807 1481 3011 1537 scilicet
3033 1483 3123 1552 qui
3161 1482 3532 1556 eleemosynas
3554 1484 3635 1541 fa-

2040 1570 2221 1639 ciunt,
2246 1587 2353 1627 non
2378 1588 2444 1629 ea
2488 1572 2688 1629 faciant
2730 1574 3054 1644 intentione,
3101 1585 3162 1631 ut
3200 1578 3282 1633 vel
3329 1578 3633 1634 hominibus

2041 1661 2207 1717 velint
2228 1663 2461 1733 placere,
2489 1665 2571 1721 vel
2602 1666 2655 1721 in
2683 1674 2821 1721 terra
2852 1667 2951 1722 sibi
2976 1678 3215 1739 quaerant
3243 1670 3460 1739 rependi
3490 1670 3632 1741 quod

2040 1751 2259 1808 faciunt.
2304 1753 2460 1811 Unde
2510 1764 2566 1812 et
2610 1757 2898 1827 Apostolus
2941 1774 3063 1815 cum
3107 1760 3391 1816 Timotheo
3440 1762 3633 1819 divites

2042 1846 2340 1902 monendos
2364 1849 2712 1919 praeciperet,
2746 1850 2957 1919 Facile,
2982 1852 3182 1921 inquit,
3210 1852 3463 1920 tribuant,
3495 1870 3634 1908 com~

2042 1939 2333 2007 municent,
2378 1940 2714 1997 thesaurizent
2740 1943 2836 1997 sibi
2855 1943 3239 2015 fundamentum
3260 1945 3442 2000 bonum
3472 1947 3524 2000 in
3552 1951 3632 2018 fu-

2042 2038 2209 2085 turum
2228 2072 2244 2099 ,
2272 2040 2328 2086 ut
2351 2033 2737 2103 apprehendant
2778 2050 2948 2089 ueram
2970 2037 3123 2090 vitam
3158 2036 3203 2107 (l
3236 2035 3367 2090 Tim.
3393 2053 3471 2101 vr,
3498 2038 3565 2093 18
3586 2046 3635 2092 et

2044 2124 2159 2197 l9).
2207 2124 2344 2180 Cum
2383 2142 2513 2198 ergo
2556 2128 2611 2182 in
2658 2126 2889 2184 futuram
2933 2130 3096 2185 vitam
3138 2130 3391 2186 direxerit
3420 2131 3633 2186 oculum

2044 2216 2301 2272 Dominus
2350 2219 2719 2292 eleemosynas
2766 2219 3111 2290 facientium,
3158 2231 3213 2277 et
3258 2224 3310 2277 in
3360 2223 3631 2278 etnlestem

2045 2308 2379 2376 mercedem,
2410 2318 2470 2363 ut
2498 2311 2704 2380 possint
2728 2320 2783 2367 et
2808 2313 2918 2381 ipsa
2950 2312 3085 2367 facta
3125 2328 3245 2368 esse
3272 2314 3441 2369 lucida
3464 2356 3478 2381 ,
3508 2330 3632 2368 cum

2043 2399 2269 2470 simplex
2310 2401 2496 2457 oculus
2539 2402 2697 2457 fuerit
2744 2404 2823 2473 (in
2871 2404 3014 2458 illam
3059 2405 3256 2475 quippe
3289 2406 3632 2459 novissimam

2043 2492 2451 2548 retributionem
2482 2493 2625 2548 valet
2651 2494 2792 2564 quod
2837 2495 2961 2549 alibi
3010 2495 3113 2563 ait,
3150 2494 3251 2562 Qui
3297 2511 3382 2549 vos
3407 2496 3629 2564 excipit,

2044 2600 2124 2639 me
2146 2585 2361 2655 excipit;
2391 2593 2438 2639 et
2461 2586 2545 2655 qui
2572 2603 2650 2639 me
2670 2586 2854 2656 excipit
2873 2629 2887 2651 ,
2917 2586 3101 2656 excipit
3124 2603 3235 2639 eum
3255 2590 3343 2656 qui
3361 2603 3437 2639 me
3476 2587 3629 2639 misit.

2049 2674 2149 2743 Qui
2174 2676 2358 2747 excipit
2387 2676 2684 2747 praphetam
2720 2676 2773 2730 in
2802 2677 3002 2729 nomine
3035 2678 3324 2746 prapltette,
3358 2676 3633 2729 mercedem

2045 2766 2305 2838 propheta:
2328 2768 2574 2838 accipiet;
2599 2775 2647 2822 et
2670 2767 2755 2834 qui
2780 2768 2962 2837 excipit
2977 2769 3178 2837 justum
3207 2769 3259 2821 in
3300 2767 3501 2820 nomine
3546 2768 3635 2836 ju-

2044 2857 2443 2924 sti,mercedem
2472 2858 2601 2929 justi
2629 2859 2839 2930 accipiet
2866 2875 2886 2914 :
2910 2868 2957 2912 et
2994 2860 3082 2930 qui
3110 2869 3282 2931 potum
3315 2859 3505 2913 dederit
3548 2860 3638 2913 uni

2045 2964 2109 3002 ea:
2136 2948 2244 3003 istis
2285 2949 2506 3002 minimis
2531 2949 2736 3002 calicem
2761 2965 2905 3019 aqua:
2942 2950 3142 3019 frigidm
3170 2959 3361 3003 tantum
3390 2951 3441 3003 in
3474 2951 3641 3003 nomi-

2046 3058 2110 3097 ne
2133 3041 2409 3112 discipuli;
2436 3058 2585 3096 amen
2611 3042 2724 3096 dico
2763 3042 2929 3107 vobis,
2972 3058 3072 3095 non
3100 3042 3275 3112 peribit
3317 3058 3500 3096 merces
3530 3043 3639 3111 ejus

2049 3134 2260 3209 [Matt/t.
2301 3151 2369 3200 x,
2398 3134 2659 3209 6042]);
2706 3151 2772 3190 ne
2812 3135 2948 3190 forte
2994 3144 3241 3203 correpto
3266 3136 3422 3190 oculo
3451 3151 3637 3189 eorum

2045 3228 2134 3298 qui
2166 3230 2471 3283 necessaria
2517 3225 2833 3296 impendunt
2882 3225 3243 3295 indigentibus
3270 3234 3325 3280 et
3367 3226 3637 3294 prepbctis

2045 3331 2099 3377 et
2120 3322 2279 3391 justis
2302 3329 2358 3376 et
2393 3319 2664 3390 discipulis
2694 3319 2931 3387 Domini,
2965 3320 3200 3390 ipsorum
3230 3319 3417 3374 oculus
3443 3318 3631 3387 depra-

2046 3423 2260 3469 varetur
2286 3413 2336 3468 in
2359 3427 2493 3483 quos
2531 3413 2629 3467 ista
2660 3411 2847 3467 fierent
2871 3418 2929 3465 ut
2956 3419 3172 3483 propter
3198 3411 3296 3465 ista
3334 3409 3639 3478 accipienla

2044 3506 2247 3562 vellent
2298 3504 2510 3560 Christo
2532 3503 2759 3559 militare
2780 3521 2793 3555 :
2811 3501 2999 3569 Nemo,
3023 3502 3225 3573 inquit,
3258 3512 3420 3573 potest
3447 3502 3640 3554 duobus

2046 3599 2263 3653 dominis
2283 3598 2485 3652 servire.
2516 3597 2580 3651 Et
2607 3596 2763 3666 paulo
2808 3603 2928 3666 post
2958 3613 2971 3649 :
3005 3593 3124 3648 Non
3152 3594 3355 3664 potestis
3376 3634 3390 3657 ,
3433 3593 3637 3662 inquit,

2045 3689 2155 3743 Deo
2192 3688 2379 3743 servire
2418 3696 2464 3741 et
2487 3701 2807 3740 mammonaz.
2849 3684 3143 3756 Statimque
3170 3682 3482 3737 contexuit:
3512 3681 3640 3735 Ideo

2045 3780 2159 3834 dico
2186 3779 2323 3834 nobis
2340 3819 2356 3845 ,
2387 3778 2541 3832 nolite
2579 3777 2782 3831 solliciti
2818 3792 2926 3831 esse
2948 3776 3130 3829 anima:
3156 3775 3278 3845 quid
3304 3772 3635 3839 manducetis,

2044 3885 2204 3941 neque
2225 3869 2426 3940 corpori
2447 3868 2571 3940 quid
2595 3867 2895 3922 vestiamini.

2116 3961 2205 4018 55.
2236 3962 2302 4016 Et
2327 3958 2469 4031 quod
2497 3959 2737 4029 sequitur
2763 3958 2832 4013 de
2855 3956 3158 4012 volatilibus
3188 3955 3309 4011 caeli
3336 3963 3387 4009 et
3416 3954 3481 4009 de
3509 3955 3633 4010 liliis

2044 4055 2194 4127 agri,
2222 4054 2289 4110 ad
2332 4053 2435 4108 hoc
2475 4052 2638 4120 dicit,
2669 4068 2738 4107 ne
2764 4051 3043 4122 quisquam
3079 4050 3242 4104 Deum
3274 4057 3424 4121 putet
3453 4065 3636 4103 servo-

2044 4161 2163 4201 rum
2192 4159 2408 4200 suorum
2431 4143 2731 4199 necessaria
2755 4158 2861 4197 non
2892 4156 3112 4205 curare;
3136 4156 3255 4196 cum
3281 4140 3395 4210 ejus
3425 4141 3637 4209 sapien-

2045 4238 2248 4294 tissima
2282 4236 2613 4307 providentia
2641 4251 2812 4306 usque
2837 4234 2903 4290 ad
2930 4234 3026 4289 ista
3056 4233 3283 4288 ereanda
3314 4234 3331 4265 ¹
3358 4242 3412 4288 et
3436 4234 3635 4304 guber-

2045 4329 2219 4385 nanda
2242 4328 2535 4399 perveniat.
2564 4327 2748 4397 Neque
2767 4326 2909 4383 enim
2940 4341 3045 4381 non
3074 4326 3187 4395 ipse
3212 4325 3381 4395 pascit
3398 4333 3452 4380 et
3477 4326 3638 4380 vestit

2044 4421 2203 4477 etiam
2227 4435 2321 4475 eos
2341 4421 2428 4489 qui
2454 4420 2700 4475 manibus
2726 4426 3036 4489 operantur.
3064 4416 3169 4473 Sed
3201 4432 3267 4472 ne
3291 4416 3634 4472 christianum

2045 4512 2290 4567 militiam
2335 4510 2402 4567 ad
2468 4510 2574 4566 hoc
2618 4510 2972 4581 detorqueant
3010 4517 3067 4564 ut
3129 4509 3228 4563 ista
3280 4509 3634 4578 conquirant,

2045 4603 2147 4659 hoc
2196 4618 2384 4659 servos
2423 4617 2552 4658 suos
2596 4601 2855 4657 Dominus
2881 4610 3211 4672 prtemonct,
3260 4609 3319 4655 ut
3360 4600 3410 4655 in
3439 4616 3503 4654 eo
3533 4600 3634 4653 nii-

2044 4697 2266 4752 nistcrio
2303 4698 2444 4769 quod
2487 4697 2837 4754 Sacramento
2881 4698 2996 4767 ejus
3038 4694 3296 4762 debetur,
3346 4709 3452 4748 non
3498 4694 3633 4754 ista.

2044 4788 2138 4843 sed
2170 4803 2396 4858 regnum
2422 4788 2538 4857 ejus
2564 4794 2621 4843 et
2644 4786 2905 4858 justitiam
2931 4786 3224 4855 cogitemus
3252 4800 3265 4837 :
3298 4793 3349 4838 et
3378 4783 3493 4837 hare
3514 4797 3635 4835 om-

2043 4881 2129 4935 nia
2177 4888 2516 4950 apponentur
2556 4880 2710 4935 nobis
2737 4879 2848 4932 sive
2891 4893 2984 4947 per
3027 4891 3213 4929 manus
3250 4872 3631 4945 operantibus,

2043 4972 2158 5027 sive
2188 4972 2496 5026 infirmitate
2519 4969 2762 5040 corporis
2808 4966 3074 5037 impeditis
3097 5006 3113 5031 ,
3144 4965 3256 5019 sive
3295 4964 3459 5032 ipsius
3497 4963 3638 5018 mili-

2046 5065 2134 5119 tia:
2160 5064 2253 5118 tali
2282 5063 2632 5133 occupatione
2657 5060 2912 5116 districtis
2938 5068 2995 5112 ut
3023 5057 3152 5111 nihil
3180 5056 3322 5110 aliud
3354 5071 3513 5126 agere
3540 5072 3634 5111 va-

2044 5159 2269 5213 leamus.

2114 5248 2343 5305 CAPUT
2380 5248 2596 5305 XXVII.
2629 5278 2700 5289 —
2732 5245 2987 5303 Utendum
3029 5244 3283 5299 industria
3323 5254 3530 5313 nostra,
3572 5262 3638 5301 ne

2048 5342 2209 5396 Deum
2240 5351 2430 5396 tentare
2448 5341 2724 5395 videamur.
2754 5339 2935 5410 Neque
2972 5340 3114 5396 enim
3143 5340 3263 5410 quia
3290 5340 3425 5394 dixit
3455 5340 3596 5395 Deus
3618 5383 3634 5409 ,

2044 5432 2236 5487 lnvoca
2264 5448 2342 5485 me
2369 5433 2421 5485 in
2452 5432 2535 5485 die
2560 5429 2925 5499 tribulationis,
2968 5440 3014 5485 et
3041 5432 3259 5485 eximam
3289 5440 3365 5495 te,
3398 5440 3444 5485 et
3473 5432 3633 5502 glori-

2047 5524 2221 5593 ﬁcabis
2258 5540 2338 5577 me
2362 5522 2533 5593 (Psal.
2557 5539 2683 5578 xux
2704 5565 2718 5591 ,
2743 5523 2864 5596 15),
2897 5531 3176 5594 propterea
3204 5538 3309 5579 non
3339 5523 3522 5578 debuit
3554 5522 3638 5577 fu-

2044 5630 2172 5686 gere
2219 5615 2539 5687 Apostolus,
2579 5623 2635 5671 et
2663 5631 2758 5686 per
2786 5630 2997 5670 murum
3029 5614 3081 5670 in
3129 5625 3309 5685 sporta
3364 5615 3635 5679 submitti,

2046 5716 2106 5764 ut
2149 5724 2340 5766 manus
2379 5711 2750 5781 persequentis
2789 5709 3041 5768 evaderet
3085 5706 3217 5782 (Act.
3267 5726 3352 5775 rx,
3383 5709 3475 5781 25)
3498 5751 3511 5775 ,
3541 5707 3637 5763 sed

2046 5808 2356 5870 οιερεεωτε
2384 5803 2559 5874 potius
2586 5812 2645 5859 ut
2669 5804 3235 5875 comprehenderetur,
3264 5809 3317 5858 et
3346 5815 3467 5857 cum
3498 5798 3634 5854 sicut

2113 5911 2129 5947 ¹
2167 5913 2327 5969 Proba:
2352 5922 2476 5965 notae
2494 5922 2622 5967 Mss..
2648 5914 2931 5967 recrcanda.
