3986 6506
441 436 546 493 575

445 559 555 604 tres
583 560 774 617 pueros
801 543 867 598 de
890 541 1078 598 mediis
1101 539 1309 611 ignibus
1333 538 1579 594 liberaret
1606 535 1761 608 (Dan.
1793 549 1880 600 ιιι,
1907 531 2023 603 50).

442 643 551 693 Aut
581 646 796 707 propter
822 635 924 689 hoc
966 648 1068 689 nec
1103 632 1361 688 Dominus
1400 630 1578 686 dicere
1604 628 1815 691 debuit,
1846 625 1907 681 Si
1944 641 2031 679 vos

444 730 692 800 persecuti
753 728 943 800 fuerint
1002 727 1057 781 in
1110 742 1214 780 una
1274 726 1510 791 civitate,
1577 723 1735 794 fugite
1777 722 1831 775 in
1875 719 2030 773 aliam

447 818 658 889 (Matth.
700 834 762 880 Χ.
820 817 945 884 25);
994 817 1116 887 quia
1149 816 1263 887 ipse
1310 816 1480 881 dixit,
1519 813 1581 869 Si
1626 813 1749 882 quid
1796 810 2031 881 petieritis

443 908 651 965 Putrem
692 910 743 964 in
784 911 985 963 nomine
1030 925 1165 974 meo,
1204 908 1343 962 dabit
1382 908 1517 961 vobis
1544 904 1722 976 (Joau.
1752 920 1880 969 xvr,
1912 902 2027 971 25).

440 1002 591 1056 Sicut
628 1016 755 1071 ergo
782 1001 1023 1070 quisquis
1046 1000 1470 1072 persecutionem
1503 997 1823 1067 fugientibus
1863 994 2028 1051 disci.

445 1092 581 1161 pulis
622 1087 817 1146 Christi
859 1090 1116 1160 ohjiceret
1162 1088 1465 1159 hujnsmodi
1510 1086 1893 1156 quaestionem,
1936 1099 2031 1139 cur

446 1197 551 1235 non
579 1181 815 1238 stetisset
858 1182 1033 1251 potius
1053 1222 1068 1248 ,
1099 1190 1153 1236 et
1205 1181 1450 1235 invocato
1477 1178 1587 1233 Deo
1613 1193 1708 1249 per
1731 1176 1848 1246 ejus
1872 1177 2028 1230 mira~

450 1273 577 1327 bilia
602 1274 681 1329 sic
710 1281 1120 1337 eruerentur,ut
1140 1271 1621 1329 Danielaleonibus
1650 1269 1811 1339 (Dan.
1841 1285 1914 1333 vi,
1938 1268 2029 1332 25,

450 1374 498 1419 et
519 1379 612 1419 xw
633 1404 648 1427 ,
679 1364 774 1435 40)
794 1405 809 1429 ,
836 1372 894 1419 ιιι
919 1363 1107 1420 Petrus
1161 1379 1228 1418 ex
1262 1363 1485 1418 vinculis
1512 1362 1645 1434 (Act.
1672 1377 1745 1415 xu
1767 1403 1782 1426 ,
1814 1362 1907 1430 1);
1950 1376 2032 1415 re-

454 1454 787 1524 sponderent
822 1468 927 1510 non
987 1470 1047 1510 se
1093 1455 1396 1524 oportuisse
1441 1462 1647 1510 tentare
1692 1454 1893 1518 Deum,
1940 1451 2033 1507 sed

455 1556 583 1602 tunc
606 1561 730 1602 eum
761 1546 885 1601 talia
911 1546 958 1602 si
984 1546 1146 1602 vellet
1166 1561 1286 1601 esse
1305 1546 1565 1605 facturum
1586 1587 1601 1611 ,
1625 1560 1747 1599 cum
1776 1544 1875 1614 ipsi
1905 1543 2033 1615 quid

450 1638 687 1693 facerent
716 1653 822 1693 non
852 1638 1141 1703 haberent;
1170 1654 1292 1694 cum
1324 1652 1450 1693 vero
1480 1640 1557 1693 eis
1582 1637 1757 1708 fugam
1800 1638 1852 1692 in
1881 1646 2033 1708 pote-

449 1738 639 1785 statem
665 1728 932 1795 dedisset,
974 1728 1181 1784 etiamsi
1210 1745 1305 1800 per
1330 1729 1473 1782 illam
1510 1728 1867 1784 liberarentur
1886 1770 1901 1795 ,
1928 1743 2034 1783 non

452 1820 555 1876 nisi
583 1820 651 1874 ab
679 1820 797 1890 ipso
826 1818 1038 1874 liberari
1070 1835 1083 1872 :
1114 1820 1193 1875 sic
1214 1822 1371 1875 etiam
1402 1820 1496 1875 Dei
1525 1820 1695 1873 servis
1720 1819 2037 1874 vacantibus

450 1921 505 1964 et
546 1910 842 1965 valentibus
868 1909 1117 1979 exemplo
1161 1918 1215 1965 et
1252 1918 1519 1979 prtecepto
1544 1910 1837 1979 apostolico
1864 1908 2038 1963 mani-

454 2003 552 2055 bus
574 2001 683 2056 suis
711 2002 905 2055 victum
931 2000 1224 2071 transigere
1243 2042 1258 2066 ,
1291 2001 1336 2055 si
1361 2000 1481 2070 quis
1507 2016 1574 2056 ex
1602 2000 1887 2072 Evangelio
1915 2014 2034 2055 mo-

354 2102 365 2111 ‘
453 2092 590 2145 verit
616 2091 964 2161 quaestionem
1008 2091 1075 2146 de
1117 2091 1419 2147 volatilibus
1461 2092 1619 2158 cmli,
1646 2108 1766 2161 qua:
1811 2106 1915 2145 non
1946 2106 2035 2146 se-

457 2182 695 2249 minant,
745 2196 918 2251 neque
961 2190 1201 2249 metunt,
1251 2198 1424 2253 neque
1462 2191 1787 2255 congregant
1815 2184 1867 2237 in
1912 2198 2041 2252 apo-

456 2275 671 2341 thecas,
712 2281 767 2329 et
799 2273 866 2329 de
889 2274 1013 2329 liliis
1050 2275 1198 2344 agri,
1244 2275 1367 2345 quia
1399 2291 1503 2328 non
1545 2274 1825 2342 laborant,
1868 2289 2043 2345 neque

454 2374 619 2428 nent;
651 2365 807 2421 facile
834 2367 1267 2437 respondebunt,
1294 2368 1350 2423 Si
1381 2377 1435 2423 et
1455 2382 1553 2423 nos
1582 2384 1675 2438 per
1692 2368 1923 2439 aliquam
1954 2368 2041 2423 vel

454 2458 820 2513 infirmitatem
858 2458 943 2512 vel
973 2460 1375 2529 occupationem
1420 2476 1524 2514 non
1555 2460 1823 2531 possimus
1852 2475 2042 2531 opera-

454 2548 617 2613 ri,sic
647 2548 739 2604 ille
770 2564 868 2604 nos
892 2559 1075 2619 pascet
1102 2558 1158 2605 et
1186 2551 1399 2618 vestiet,
1431 2551 1878 2621 quemadmodum
1909 2567 2042 2608 aves

454 2651 506 2695 et
537 2640 640 2695 lilia
662 2682 684 2709 ,‘
721 2658 842 2713 qua:
872 2642 1004 2697 nihil
1031 2655 1323 2713 operantur
1350 2644 1718 2714 hujuscemodi
1753 2663 1765 2699 :
1795 2660 1916 2699 cum
1946 2661 2042 2700 an-

457 2744 562 2787 tem
592 2722 874 2802 possumus
892 2773 908 2800 ,
932 2750 1036 2789 non
1057 2734 1313 2791 debemus
1343 2744 1547 2791 tentare
1572 2737 1738 2791 Deum
1765 2747 2038 2803 nostrum;

456 2825 579 2893 «μιίει
606 2834 659 2879 et
686 2825 789 2882 hoc
813 2826 954 2897 quod
978 2843 1290 2898 possumus,
1323 2830 1438 2899 ejus
1476 2846 1696 2885 munere
1724 2845 2039 2903 possumus,

455 2926 650 2969 etcum
678 2915 802 2971 hinc
836 2918 1091 2985 vivimus,
1124 2920 1215 2974 illo
1240 2921 1499 2990 largiente
1525 2922 1753 2977 vivimus
1772 2964 1785 2987 ,
1812 2922 1902 2993 qui
1936 2922 2041 2976 lara

455 3005 597 3074 gitns
635 3014 718 3061 est
763 3016 823 3060 ut
869 3009 1153 3077 possimus.
1204 3010 1271 3063 Et
1309 3011 1429 3065 ideo
1470 3010 1538 3066 de
1565 3011 1680 3066 istis
1728 3012 2044 3068 necessariis

459 3098 672 3151 solliciti
698 3113 803 3153 non
831 3116 1046 3167 sumus;
1078 3102 1201 3171 quia
1238 3116 1360 3155 cum
1399 3104 1512 3157 hare
1540 3117 1821 3173 possumus
1845 3120 2002 3175 agere
2023 3145 2042 3173 ,

461 3191 549 3246 ille
578 3206 678 3245 nos
703 3192 870 3260 pascit
894 3200 947 3246 et
990 3194 1182 3260 vestit,
1214 3209 1242 3247 a
1267 3210 1373 3265 quo
1402 3204 1692 3265 pascuntur
1719 3197 1962 3252 homines
1991 3206 2045 3255 et

463 3282 759 3336 vestiuntur
806 3299 820 3337 :
868 3299 989 3339 cum
1038 3301 1167 3340 vero
1211 3285 1328 3340 lure
1372 3302 1477 3340 non
1522 3302 1803 3357 possumus
1846 3304 2043 3359 agere,

459 3375 602 3433 idem
634 3376 748 3446 ipse
784 3391 882 3432 nos
908 3378 1076 3446 pascit
1101 3387 1155 3432 et
1194 3379 1429 3445 vestit,a
1455 3395 1560 3448 quo
1599 3394 1727 3433 aves
1756 3392 2048 3449 pascuntur

458 3478 511 3523 et
542 3468 650 3522 lilia
690 3469 1029 3534 vestiuntur;
1072 3470 1324 3540 quoniam
1369 3485 1466 3526 nos
1502 3470 1673 3541 pluris
1706 3485 1889 3526 sumus
1920 3472 2043 3527 illis.

459 3560 796 3630 Quapropter
837 3561 889 3615 in
938 3560 1036 3615 ista
1072 3560 1260 3616 militia
1302 3570 1518 3629 nostra,
1542 3548 1641 3616 nec
1666 3561 1718 3616 in
1754 3564 2044 3617 crastinum

458 3653 784 3723 cogitamus;
827 3652 946 3721 quia
993 3667 1099 3708 non
1149 3663 1365 3725 propter
1408 3654 1507 3708 ista
1549 3653 1892 3723 temporalia,
1942 3670 2048 3724 quo

460 3743 692 3812 pertinet
730 3744 998 3800 crastinus
1018 3787 1033 3812 ,
1064 3743 1162 3801 sed
1199 3754 1414 3816 propter
1442 3746 1530 3800 illa
1552 3746 1876 3815 sempiterna
1898 3788 1914 3813 ,
1950 3747 2043 3801 ubi

459 3850 673 3904 semper
724 3834 1013 3892 hodiernus
1055 3846 1165 3902 est,
1216 3852 1315 3892 nos
1364 3838 1435 3892 illi
1485 3836 1864 3908 probavimus,
1908 3847 1967 3893 ut
1997 3838 2046 3892 ei

460 3925 620 3984 nullis
658 3928 885 3997 negotiis
923 3929 1270 3985 saecularibus
1311 3930 1567 4001 implicati
1623 3930 1932 4002 placeamus
1982 3929 2048 4000 (ll

462 4018 593 4074 Tim.
621 4036 653 4073 tt
674 4062 690 4086 ,
719 4022 797 4091 ὁ).

529 4108 754 4166 CAPUT
793 4111 1031 4179 XXVIII.
1078 4143 1148 4153 —
1187 4112 1274 4169 56.
1313 4113 1564 4183 Graphice
1595 4114 1827 4168 describit
1872 4131 2049 4168 mona-

462 4200 583 4259 chos
603 4202 787 4254 otiosos
812 4214 858 4256 et
899 4218 1071 4273 vagos.
1108 4203 1237 4270 Quae
1262 4218 1381 4258 cum
1405 4205 1476 4259 ita
1504 4205 1639 4272 sint,
1668 4206 1784 4260 sine
1808 4222 1894 4260 me
1921 4221 2047 4276 pau-

464 4289 661 4358 lulum,
692 4301 873 4347 sancte
899 4292 1063 4350 frater
1115 4293 1228 4366 (dat
1256 4296 1397 4350 enim
1426 4296 1555 4351 mihi
1582 4296 1837 4352 Dominus
1873 4313 1966 4368 per
1996 4308 2048 4354 te

465 4399 709 4452 magnam
746 4384 1018 4457 fiduciam)
1042 4429 1056 4453 ,
1090 4403 1185 4443 eos
1213 4388 1357 4459 ipsos
1380 4390 1575 4460 alloqui
1607 4390 1745 4446 ﬁlios
1773 4400 1828 4446 et
1854 4390 2048 4446 fratres

464 4490 681 4532 nostros
705 4520 720 4545 ,
748 4494 882 4549 quos
914 4482 1033 4534 novi
1060 4491 1255 4553 quanta
1283 4482 1559 4537 nobiscum
1600 4483 1885 4539 dilectione
1921 4500 2046 4555 par-

463 4572 663 4636 turias,
707 4571 880 4627 donec
918 4573 970 4627 in
1003 4574 1079 4629 eis
1116 4574 1404 4643 apostolica
1454 4575 1733 4647 disciplina
1766 4578 2044 4631 formetur.

464 4663 507 4717 0
533 4663 673 4718 servi
714 4664 843 4729 Dei,
873 4666 1065 4720 milites
1092 4667 1316 4731 Christi,
1360 4668 1501 4723 itane
1529 4668 1877 4725 dissimulatis
1902 4670 2049 4724 calli-

460 4754 667 4810 dissimi
713 4754 880 4809 hostis
925 4755 1176 4825 insidias,
1208 4758 1299 4829 qui
1339 4759 1531 4814 bonam
1558 4760 1749 4819 famam
1776 4770 2045 4829 vestram,

463 4856 569 4899 tam
598 4846 794 4902 bonum
820 4847 1016 4903 Christi
1058 4847 1276 4904 odorem
1297 4892 1311 4915 ,
1342 4867 1409 4905 ne
1444 4851 1624 4906 dicant
1651 4851 1844 4906 anima:
1870 4852 2047 4918 bonze,

463 4938 588 5000 I’ost
627 4940 829 4995 odorem
875 4953 1246 5013 unguentorum
1275 4953 1475 4997 tuorum
1500 4960 1760 4999 curremus
1791 4942 1962 5015 (Cant.
1990 4961 2006 4998 ι
2030 4986 2044 5009 ,

464 5033 543 5103 5),
558 5042 610 5087 et
632 5034 708 5088 sic
735 5036 953 5105 laqueos
974 5035 1089 5105 ejus
1113 5035 1362 5103 evadant,
1380 5036 1523 5090 omni
1543 5036 1702 5092 modo
1714 5037 1935 5105 cupiens
1954 5038 2049 5094 ob—

463 5140 679 5180 scurare
697 5128 971 5197 putoribus
988 5128 1119 5194 suis,
1141 5138 1246 5183 tam
1266 5128 1460 5183 multos
1479 5129 1784 5200 hypocritas
1800 5128 1897 5183 sub
1912 5128 2051 5185 habi-

470 5226 523 5269 tu
563 5218 944 5275 manachorum
967 5235 1347 5291 usquequaque
1368 5221 1636 5291 disliersit,
1655 5221 2049 5278 circumeuntes

466 5307 786 5375 provincias,
812 5324 1071 5380 nusquam
1096 5313 1308 5378 missos,
1330 5328 1587 5383 nusquam
1611 5312 1767 5381 ﬁxos,
1787 5329 2047 5384 nusquam

469 5407 672 5452 stantes
692 5442 706 5464 ,
730 5416 990 5471 nusquam
1034 5404 1301 5460 sedentes.
1336 5405 1440 5459 Alii
1470 5406 1706 5461 membra
1730 5416 2044 5477 martyrum,

468 5490 521 5542 si
546 5498 721 5543 tamen
749 5501 1064 5561 martyrum,
1083 5496 1355 5551 venditant
1374 5514 1388 5563 ;
1406 5497 1743 5567 aliiﬁmbrias
1755 5508 1809 5555 et
1832 5499 2052 5570 phylac-

468 5578 597 5637 tt-ria
645 5595 739 5635 sua
769 5582 1146 5651 magnificant;
1191 5586 1277 5640 alii
1328 5600 1574 5657 parentes
1600 5590 1682 5646 vel
1725 5592 2048 5661 consangui-

466 5683 596 5721 neos
621 5687 747 5726 suos
777 5672 827 5727 in
874 5673 962 5727 illa
989 5675 1072 5729 vel
1117 5675 1172 5730 in
1202 5676 1290 5733 illa
1317 5680 1532 5749 regione
1579 5696 1637 5736 se
1660 5682 1875 5739 audisse
1898 5684 2049 5740 vive-

466 5778 556 5823 re,
583 5774 635 5818 et
660 5767 722 5821 ad
751 5781 846 5821 eos
886 5780 1108 5838 pergere
1134 5773 1495 5838 mentiuntur;
1525 5784 1579 5829 et
1611 5790 1798 5831 omnes
1827 5787 2011 5846 petunt
2032 5819 2045 5841 ,

462 5867 650 5911 ontncs
675 5858 928 5929 exigunt,
972 5870 1059 5915 aut
1112 5874 1351 5937 sumplus
1381 5866 1603 5921 lucrostc
1644 5870 1921 5937 egestatis.
1957 5882 2047 5925 aut

1358 427 1444 482 DE
1479 424 1706 481 OPERE
1744 416 2236 484 MONACHORUM,
2276 419 2333 474 S.
2376 419 2740 476 AUGUSTINI

3617 421 3722 477 576

2138 530 2401 585 simulata:
2446 532 2675 601 pretium
2715 528 3008 587 sanctitatis
3036 544 3052 584 :
3077 543 3200 585 cum
3234 528 3439 585 interea
3479 527 3724 586 ubicum-

2106 684 2109 687 _
2137 635 2240 689 que
2266 620 2318 675 in
2349 620 2501 677 factis
2526 622 2638 676 suis
2662 622 2829 677 malis'
2850 619 3170 690 deprehensi
3198 619 3431 686 fuerint,
3458 620 3548 677 vel
3591 636 3724 691 quo-

2138 729 2244 782 quo
2286 714 2444 770 modo
2474 715 2834 781 innotuerint,
2864 715 2965 769 sub
3003 714 3235 785 generali
3279 715 3495 771 nomine
3529 730 3721 769 mona-

2136 806 2362 862 chorum
2419 816 2655 863 vestrum
2721 808 3047 879 propositum
3108 808 3541 878 blasphematur,
3609 819 3723 864 tam

2136 898 2335 954 bonum
2355 940 2371 965 ,
2400 908 2505 954 tam
2529 910 2772 956 sanctum
2791 940 2807 967 ,
2836 900 2979 971 quod
3008 901 3061 955 iu
3085 899 3287 956 Christi
3315 901 3535 957 nomine
3578 902 3729 970 cupi-

2137 1004 2288 1057 mus,
2332 990 2473 1047 sicut
2515 1007 2612 1062 per
2654 993 2788 1048 alias
2819 1001 2990 1048 terras
3011 1035 3026 1061 ,
3074 993 3152 1048 sic
3178 1008 3273 1063 per
3291 1000 3459 1049 totam
3486 991 3726 1048 Africam

2138 1084 2418 1155 pullulare.
2441 1085 2629 1141 Nonne
2664 1101 2794 1156 ergo
2814 1085 3215 1141 inflammamini
3240 1085 3357 1140 zelo
3378 1084 3509 1140 Dei?
3538 1084 3729 1141 Nonne

2138 1175 2461 1231 concaleseit
2483 1191 2579 1232 cor
2619 1186 2856 1233 vestrum
2884 1177 3021 1232 intra
3048 1192 3172 1243 vos,
3214 1186 3269 1232 et
3297 1176 3352 1232 in
3377 1175 3731 1232 meditatione

2140 1276 2315 1322 vestra
2343 1268 2643 1327 exardescit
2671 1270 2809 1340 ignis
2830 1269 2999 1341 (Psal.
3032 1286 3266 1335 xxxvtn,
3299 1268 3355 1342 4)
3375 1310 3389 1335 ,
3416 1278 3475 1324 ιιι
3499 1269 3728 1324 istorum

2139 1359 2278 1411 mala
2301 1374 2463 1429 opera
2489 1360 2644 1416 bonis
2669 1362 2923 1431 operibus
2952 1361 3383 1432 persequamini,
3415 1368 3473 1415 ut
3508 1361 3591 1416 eis
3615 1375 3731 1413 am~

2142 1453 2338 1521 putetis
2400 1454 2736 1508 occasionem
2801 1453 3031 1523 turpium
3078 1453 3472 1520 nundinarum,
3536 1452 3731 1522 quibus

2140 1543 2465 1599 existimatio
2495 1554 2670 1599 vestra
2716 1544 2954 1611 laeditur,
2996 1553 3052 1600 et
3078 1544 3305 1599 infirmis
3346 1542 3728 1601 offendiculum

2142 1634 2394 1702 ponitur?
2442 1633 2761 1690 Miseremini
2790 1650 2918 1705 ergo
2944 1644 2998 1690 et
3022 1634 3385 1703 compatimini
3406 1675 3421 1701 ,
3463 1642 3517 1687 et
3543 1640 3730 1687 esten-.-

2140 1725 2249 1780 dite
2277 1725 2616 1793 hominibus,
2641 1741 2747 1781 non
2774 1741 2869 1780 vos
2908 1727 2963 1781 in
2992 1727 3104 1781 otio
3131 1725 3345 1781 facilem
3376 1725 3607 1790 victum,
3637 1722 3732 1778 sed

2143 1834 2239 1889 per
2267 1830 2545 1889 angustam
2590 1828 2647 1874 et
2686 1829 2890 1874 arctam
2930 1820 3070 1873 viam
3118 1818 3276 1888 hujus
3320 1819 3614 1889 propositi,
3644 1833 3735 1873 re-

2141 1926 2303 1982 gnum
2336 1912 2429 1967 Dei
2458 1927 2720 1982 qumrere.
2751 1912 2948 1966 Eadem
2970 1912 3121 1966 vobis
3145 1927 3303 1967 causa
3328 1921 3411 1967 est
3438 1928 3558 1983 qua:
3588 1916 3734 1984 Apo-

2142 2005 2280 2060 stolo
2322 2005 2452 2071 fuit,
2484 2012 2542 2059 ut
2567 2005 2852 2074 amputetis
2884 2004 3220 2059 occasionem
3258 2005 3322 2059 iis
3348 2005 3439 2074 qui
3484 2016 3734 2074 qumrunt

2142 2096 2477 2152 occasionem
2545 2094 2610 2167 (II
2648 2095 2768 2150 Cor.
2813 2112 2905 2161 XI,
2975 2095 3103 2165 l2),
3150 2106 3207 2150 ut
3254 2096 3344 2165 qui
3387 2095 3603 2151 illorum
3633 2115 3730 2167 pu-

2145 2186 2350 2242 toribus
2388 2184 2768 2257 prmfocantur,
2818 2186 2871 2240 in
2913 2185 3079 2243 odore
3116 2194 3292 2242 vestro
3312 2186 3453 2241 bono
3483 2188 3732 2243 reficiaris

2145 2286 2253 2341 tur.

2214 2368 2441 2424 CAPUT
2478 2368 2863 2424 XXIX—57.
2898 2368 3266 2438 Occupationes
3286 2368 3572 2440 Augustini.
3606 2368 3739 2424 Mat.

2145 2460 2211 2515 let
2248 2476 2387 2515 more
2411 2458 2780 2515 Monac/torum
2808 2460 3008 2529 aperari
3036 2460 3185 2514 certis
3210 2459 3366 2512 horis.
3396 2458 3511 2513 Non
3543 2460 3732 2529 alliga-

2144 2566 2265 2607 mus
2301 2565 2463 2605 onera
2504 2549 2719 2620 gravia;
2777 2558 2833 2605 et
2877 2549 3068 2605 vestris
3110 2548 3349 2604 humeris
3410 2549 3737 2618 imponimus

2146 2658 2264 2712 qua:
2307 2656 2406 2696 nos
2444 2640 2610 2711 digito
2634 2641 2898 2712 attingere
2940 2642 3187 2696 nolumus
3214 2640 3427 2711 (Matth.
3457 2658 3589 2696 nm
3610 2684 3627 2709 ,
3654 2643 3736 2713 ι).

2146 2736 2468 2804 Quzcrite,et
2493 2736 2765 2805 agnoscite
2810 2734 3022 2789 labores
3077 2737 3485 2804 occupationum
3532 2744 3739 2789 nostra.

2146 2845 2298 2897 rum,
2332 2830 2462 2884 etin
2499 2828 2762 2899 aliquibus
2805 2837 3109 2884 nostrorum
3139 2828 3300 2883 etiam
3327 2843 3613 2899 corporum
3659 2828 3741 2883 in-

2148 2920 2463 2988 firmitates,
2510 2929 2565 2976 et
2603 2920 2960 2977 Ecclesiarnm
3011 2920 3208 2990 quibus
3252 2922 3520 2975 servimus
3578 2919 3738 2974 talem

2142 3012 2255 3085 jam
2291 3012 2732 3069 consuetudinem
2753 3054 2768 3079 ,
2800 3022 2856 3066 ut
2902 3026 3001 3073 nos
3044 3010 3111 3066 ad
3142 3012 3233 3067 illa
3279 3026 3442 3081 opera
3465 3053 3481 3077 ,
3522 3011 3589 3066 ad
3620 3026 3742 3081 qum

2148 3118 2246 3159 vos
2288 3103 2600 3170 hortamur,
2644 3118 2833 3158 vacare
2876 3118 2981 3157 non
3007 3102 3205 3158 sinant.
3237 3101 3553 3171 Quanquam
3595 3101 3739 3156 enim

2149 3198 2330 3255 dicere
2355 3199 2620 3269 possimus
2639 3239 2654 3263 ,
2690 3196 2816 3264 Quis
2837 3196 3020 3250 militat
3054 3195 3160 3250 suis
3192 3194 3456 3265 stipendiis
3474 3211 3700 3266 unquam
3718 3196 3744 3247 ?

2154 3291 2280 3360 Quis
2306 3291 2503 3361 plantat
2546 3291 2774 3351 vineam,
2799 3297 2845 3342 et
2873 3288 2936 3342 de
2962 3288 3133 3359 fructu
3171 3288 3283 3357 ejus
3325 3303 3426 3340 non
3446 3286 3587 3340 edit?
3615 3285 3747 3353 Quis

2152 3386 2316 3457 pascit
2353 3400 2584 3456 gregem,
2612 3392 2660 3438 et
2693 3382 2757 3436 de
2785 3382 2916 3435 lacte
2956 3381 3122 3452 gregis
3150 3396 3253 3434 non
3290 3379 3503 3451 percipit
3527 3377 3547 3450 (
3575 3377 3592 3431 l
3623 3377 3753 3443 Cor.

2151 3492 2240 3541 Ix,
2275 3477 2370 3549 7)?
2413 3476 2613 3531 Tamen
2658 3474 2941 3529 Dominum
2982 3471 3197 3538 Jesum,
3232 3471 3285 3525 in
3326 3470 3478 3540 cujus
3526 3470 3746 3525 nomine

2151 3586 2371 3627 securus
2419 3568 2536 3625 haec
2575 3567 2733 3633 dico,
2789 3574 2984 3624 testem
3044 3565 3234 3619 invoco
3296 3577 3455 3633 super
3511 3562 3746 3616 animam

2151 3678 2327 3718 meam
2349 3704 2364 3728 ,
2409 3661 2665 3732 quoniam
2704 3667 2964 3729 quantum
2993 3656 3184 3712 attinet
3204 3654 3270 3710 ad
3301 3670 3477 3709 meum
3505 3668 3746 3708 commo-

2150 3756 2310 3821 dum,
2344 3755 2509 3809 multo
2545 3752 2757 3808 mallem
2789 3766 2885 3820 per
2928 3749 3166 3820 singulos
3205 3748 3323 3803 dies
3348 3748 3510 3802 certis
3556 3747 3700 3800 horis
3723 3788 3757 3817 ,Α

2151 3855 2406 3919 quantum
2435 3846 2488 3900 in
2533 3844 2670 3899 bene
2708 3841 3001 3899 moderatis
3028 3840 3368 3896 monasteriis
3395 3838 3741 3894 constitutum

2151 3948 2263 4002 est,
2310 3934 2508 4006 aliquid
2548 3932 2793 3988 manibus
2837 3930 3047 4001 operari
3074 3931 3169 4000 (a),
3202 3938 3258 3985 et
3290 3936 3511 3984 Cteteras
3540 3927 3701 3981 horas
3724 3930 3761 3971 ι.

2151 4028 2351 4083 habere
2394 4026 2460 4079 ad
2491 4023 2776 4095 legendum
2803 4031 2857 4078 et
2886 4020 3175 4086 orandum,
3208 4028 3303 4074 aut
3323 4017 3520 4089 aliquid
3559 4017 3628 4072 de
3658 4017 3745 4072 di-

2151 4120 2289 4175 vinis
2315 4118 2531 4173 Litteris
2574 4115 2833 4187 agendum
2863 4114 3090 4179 liberas,
3123 4126 3283 4182 quam
3325 4109 3747 4165 tumultuosissi-

2152 4228 2267 4269 mas
2305 4209 2682 4282 perplexitates
2706 4220 2987 4261 causarum
3013 4203 3308 4261 alienarum
3341 4202 3447 4271 pati
3486 4200 3555 4256 de
3581 4214 3749 4270 nego-

2154 4305 2241 4361 tiis
2280 4301 2624 4358 saecularibus
2663 4300 2747 4353 vel
2786 4295 3073 4368 judicando
3097 4294 3442 4357 dirimendis,
3477 4292 3557 4347 vel
3590 4292 3752 4345 inter-

2151 4394 2415 4451 veniendo
2444 4391 2796 4464 prmcidendis
2830 4408 2843 4445 :
2874 4388 3065 4457 quibus
3090 4401 3188 4441 nos
3210 4384 3470 4440 molestiis
3492 4382 3633 4437 idem
3663 4384 3751 4436 af-

2152 4491 2312 4545 tixit'
2364 4489 2667 4559 apostolus.
2697 4500 2805 4540 non
2834 4484 3013 4552 utique
3057 4495 3189 4547 suo,
3237 4478 3329 4533 sed
3374 4478 3489 4548 ejus
3534 4476 3622 4545 qui
3652 4492 3753 4545 per

2152 4600 2273 4641 eum
2301 4584 2617 4653 loquebatur
2644 4577 2896 4643 arbitrio,
2929 4590 3062 4647 quas
3092 4585 3268 4629 tamen
3304 4573 3476 4641 ipsum
3526 4584 3754 4640 perpes-

2153 4692 2270 4731 sum
2323 4674 2486 4729 fuisse
2533 4688 2637 4726 non
2685 4670 2931 4739 legimus.
2978 4667 3130 4721 Alter
3171 4665 3316 4720 enim
3363 4678 3423 4718 se
3470 4661 3753 4716 habebat’

2153 4767 2479 4839 apostolatus
2516 4766 2631 4833 ejus
2678 4762 2967 4817 discursus.
2995 4758 3107 4814 Nec
3143 4758 3306 4822 dixit,
3338 4755 3622 4811 Stecularia
3651 4754 3763 4825 ἰρί-Δ

2218 4947 2235 4980 ¹
2271 4944 2460 5008 Aliquot
2482 4950 2611 5002 Mss,
2635 4946 2856 5008 atratus
2880 4937 3040 4989 horas.

2217 5012 2236 5040 ³
2272 5002 2437 5056 Plures
2456 5013 2583 5067 Mss.,
2618 5002 2805 5067 aﬂlia'it.

2220 5071 2240 5102 ³
2273 5076 2321 5117 In
2347 5078 2449 5119 Mss.
2476 5061 2729 5125 multis,"sc
2751 5061 3002 5114 habebant.

2219 5116 2431 5192 (niuatis
2452 5143 2481 5179 a
2504 5136 2550 5177 Β.
2578 5116 2838 5177 Benedicto
2875 5125 3190 5192 consulum":
3212 5122 3263 5192 in
3285 5118 3614 5192 ηεεωθκοθν·
3641 5116 3746 5169 ’⁸⁸³

2163 5214 2185 5241 α
2205 5178 2367 5243 aliis;
2382 5178 2681 5254 temporibus
2701 5187 2922 5254 occupari
2951 5186 3145 5254 debent
3167 5178 3416 5254 fratres'in
3445 5178 3617 5254 labore
3640 5194 3755 5254 ma-

2163 5275 2185 5303 α
2210 5269 2375 5314 unum,
2412 5243 2561 5303 certis
2594 5243 2926 5315 iterumhbris
2948 5249 2997 5297 in
3032 5247 3243 5315 lectione
3267 5244 3444 5315 divina:
3466 5260 3488 5287 ι
3519 5243 3759 5315 Eamdetn

2155 5303 2347 5369 vivendi
2363 5303 2588 5366 'normam
2609 5304 2837 5378 servabat
2859 5310 3109 5378 Augustini
3130 5314 3343 5378 sectator
3361 5303 3666 5378 Fulgentius,
3685 5305 3760 5377 dce

2155 5396 2253 5445 quo
2276 5378 2543 5445 terrendus
2564 5378 2613 5427 in
2632 5376 2740 5445 ejus
2761 5375 2879 5445 vita,
2899 5370 3004 5445 cap.
3025 5371 3120 5445 li:
3150 5389 3171 5417 α
3199 5370 3761 5445 ιιειιιὶὶιιιςλτιιιχιιὶ-μιξρξς

2164 5429 2186 5489 «ἲ
2208 5429 2565 5492 delectabiliter
2579 5429 2889 5501 operabatur.
2916 5429 3027 5483 Nam
3055 5442 3105 5501 et
3122 5432 3379 5501 scriptoris
3398 5436 3505 5477 arte
3522 5429 3759 5501 laudabi-

2164 5525 2186 5551 tt
2208 5488 2589 5561 liter'utebatur,
2612 5488 2665 5551 et
2689 5512 2751 5549 ex
2777 5497 3043 5563 palmarum
3072 5488 3757 5563 foliis_fl_abellos_smpi.ssime

2163 5586 2185 5613 α
2209 5553 2504 5617 contexebat
2529 5578 2540 5613 :
2567 5553 2645 5612 cui
2680 5553 2836 5623 operi,
2865 5562 3012 5609 etiam
3033 5572 3143 5608 cum
3180 5556 3357 5623 fuisse}
3384 5553 3557 5623 abluas,
3586 5554 3638 5602 in
3662 5565 3758 5623 suo

2163 5649 2186 5676 ι
2209 5613 2502 5679 monasterio
2525 5613 2741 5675 vacabat'.
2763 5613 2971 5671 Lectioni
2994 5629 3159 5669 autem
3178 5619 3227 5667 in
3250 5614 3428 5666 cellula
3453 5613 3756 5679 frequenter

2164 5712 2185 5737 α
2208 5676 2372 5741 ξι)ὲῶ
2385 5676 2633 5739 fratribus
2668 5686 2942 5751 insistebat.
2976 5700 2998 5751 ῃ
3034 5688 3089 5751 ξι
3122 5679 3313 5751 paper
3352 5691 3364 5725 :
3411 5695 3433 5722 ι
3457 5676 3756 5751 tabernam:

2164 5772 2185 5799 α
2210 5753 2385 5803 fratres
2408 5759 2635 5813 clepere
2670 5746 2880 5813 carnalia
2914 5741 3391 5813 indefessisiviribus
3424 5746 3753 5813 exercentes,

2164 5798 2185 5860 ᾇ
2209 5798 2433 5865 lectionis
2447 5798 2630 5862 autem
2653 5810 2865 5860 studium
2885 5822 2979 5857 non
3020 5805 3279 5863 habentes,
3300 5804 3459 5852 minus
3492 5798 3769 5865 diligebat,

2165 5895 2185 5925 ‹
2207 5890 2299 5928 nec
2320 5877 2503 5926 honore
2528 5875 2734 5929 maxime
2757 5872 2930 5934 dignos
2956 5868 3215 5932 judicabat.
3245 5882 3265 5910 υ
