4078 6550
272 481 378 536 577

273 584 354 627 tur
367 573 576 645 judicia
615 574 658 627 si
697 571 1004 637 habueritis,
1048 572 1113 626 ad
1164 587 1261 627 nos
1306 572 1545 638 deferte;
1595 580 1715 641 aut,
1770 588 1869 628 nos

268 665 582 720 constituite
620 665 686 719 ad
725 664 1072 735 judicandum
1109 664 1280 733 :sed,
1323 681 1408 719 eos
1440 667 1526 736 qui
1567 668 1869 737 contempti-

269 754 392 810 biles
421 765 538 810 sunt
562 756 615 809 in
646 754 878 809 Ecclesia
896 797 909 820 ,
937 754 1030 809 Itos
1050 796 1063 820 ,
1097 754 1297 826 inquit,
1326 756 1586 811 collocato.
1616 755 1698 809 Ad
1730 773 1870 811 reve-

266 849 482 904 rentiam
510 848 647 904 vobis
681 849 796 903 dico
821 865 840 903 :
867 850 939 903 sic
964 866 1065 903 non
1105 859 1177 903 est
1205 850 1335 903 inter
1363 866 1451 903 vos
1478 850 1741 920 quisquam
1786 867 1869 903 sa-

267 942 439 1013 piens,
482 942 573 1010 qui
614 942 771 1013 possit
816 942 947 995 inter
996 946 1208 1012 fratrem
1259 958 1409 996 suum
1448 942 1730 1013 judicare?
1759 942 1867 997 Sed

264 1037 426 1101 frater
466 1049 583 1086 cum
616 1036 775 1105 fratre
811 1033 1103 1100 iudicatur,
1155 1042 1203 1086 et
1247 1036 1342 1087 hoc
1370 1033 1511 1102 apud
1538 1033 1770 1101 in/idelcs
1821 1032 1863 1106 (Ι

262 1126 379 1179 Cor.
415 1142 497 1191 vt,
541 1126 696 1197 4-6)!
729 1124 1006 1196 Sapientes
1044 1140 1172 1196 ergo
1197 1125 1287 1195 qui
1320 1124 1370 1178 in
1423 1124 1553 1179 locis
1596 1125 1863 1179 consiste-

264 1217 389 1272 bant
422 1218 607 1273 fideles
636 1226 692 1273 et
732 1226 974 1282 sanctos,
1006 1233 1113 1271 non
1140 1217 1230 1287 qui
1277 1216 1376 1272 hac
1416 1226 1575 1288 atque
1600 1216 1701 1271 hac
1736 1232 1861 1286 pro-

265 1318 385 1378 pter
428 1310 777 1380 Evangelium
822 1310 1228 1377 discurrebant,
1274 1309 1458 1364 talium
1528 1310 1860 1381 negotiorum

260 1403 657 1458 examinatores
681 1418 801 1459 esse
825 1404 1010 1458 voluit.
1035 1401 1187 1459 Unde
1216 1419 1487 1473 nunquam
1514 1402 1581 1459 de
1607 1404 1699 1458 illo
1727 1404 1860 1459 scri-

256 1507 410 1566 ptum
437 1505 521 1551 est
546 1496 691 1567 quod
719 1497 1003 1568 aliquando
1031 1497 1227 1552 talibus
1256 1497 1561 1562 vacaverit,
1595 1512 1624 1551 a
1664 1497 1857 1567 quibus

254 1604 354 1645 nos
396 1604 658 1645 excusare
688 1606 795 1644 non
826 1605 1109 1660 possumus
1130 1631 1144 1655 ,
1182 1590 1389 1643 etiamsi
1419 1588 1855 1659 contemptibiles

251 1683 459 1747 simus;
493 1683 616 1751 quia
660 1681 840 1737 ethos
864 1682 1116 1737 collocari
1144 1682 1340 1744 voluit,
1387 1681 1432 1735 si
1463 1682 1731 1750 sapientes
1760 1680 1857 1736 de-

248 1774 515 1843 fuissent,
556 1775 734 1845 potius
776 1790 935 1845 quam
966 1783 1021 1829 ut
1050 1775 1261 1845 negotia
1288 1772 1712 1829 Christianorum
1755 1774 1854 1829 de-

248 1869 525 1922 ferrentur
568 1867 620 1920 in
670 1866 863 1921 forum.
904 1866 1071 1934 Quem
1115 1876 1292 1921 tamen
1335 1865 1573 1921 laborem
1605 1881 1711 1921 non
1738 1865 1855 1921 sine

244 1959 619 2013 consolatione
652 1959 859 2013 Domini
905 1958 1227 2027 suscipimus
1270 1973 1366 2028 pro
1395 1970 1490 2027 Spe
1519 1958 1643 2013 vitae
1689 1965 1853 2013 mter-

244 2066 365 2113 nze,
401 2060 460 2103 ut
491 2048 725 2104 fructum
752 2049 988 2104 feramus
1032 2064 1153 2104 cum
1184 2050 1486 2104 tolerantia.
1528 2049 1681 2104 Servi
1707 2049 1851 2104 enim

242 2156 435 2195 sumus
455 2141 574 2211 ejus
602 2141 855 2197 Ecclesia:
873 2181 890 2208 ,
939 2149 994 2195 et
1024 2140 1253 2195 maxime
1275 2139 1663 2195 inﬁrmioribus
1687 2153 1851 2195 mem-

244 2232 392 2300 bris,
422 2234 737 2304 qualislibet
762 2236 777 2265 ¹
806 2234 860 2288 in
906 2233 1095 2289 eodem
1124 2248 1352 2303 corpore
1396 2233 1635 2288 membra
1659 2233 1845 2287 simus.

242 2324 449 2380 Omitto
478 2325 615 2380 alias
643 2324 1061 2380 innumerabiles
1083 2323 1477 2379 ecclesiasticas
1505 2338 1684 2389 curas,
1716 2337 1849 2393 quas

239 2417 477 2471 fortasse
510 2431 667 2472 nemo
696 2416 901 2481 credit,
934 2415 1034 2470 nisi
1062 2416 1153 2485 qui
1199 2425 1452 2485 expertus
1478 2422 1578 2469 est.
1612 2413 1728 2469 Non
1757 2428 1847 2468 er-

238 2527 308 2581 go
331 2510 618 2582 alligamus
648 2522 813 2565 Onera
843 2509 1027 2580 gravia
1046 2549 1061 2574 ,
1095 2517 1149 2563 et
1175 2507 1414 2562 humeris
1434 2507 1625 2561 vestris
1671 2506 1846 2575 impo-

241 2606 425 2658 nimus
450 2620 573 2675 qua:
602 2618 702 2658 nos
746 2602 911 2673 digito
937 2617 1042 2657 non
1075 2599 1373 2672 tangimus;
1416 2596 1841 2669 quandoquidem

242 2699 287 2751 si
316 2697 485 2752 officii
528 2696 699 2751 nostri
731 2697 876 2750 salva
905 2696 1113 2750 ratione
1133 2707 1414 2764 possemus
1446 2690 1613 2760 (videt
1638 2690 1727 2744 ille
1754 2689 1845 2759 qui

243 2789 437 2858 probat
466 2788 630 2844 corda
668 2790 907 2857 nostra),
938 2786 1217 2842 mallemus
1245 2782 1362 2839 haec
1398 2797 1591 2853 agere,
1622 2796 1741 2851 quze
1789 2787 1847 2834 ut

241 2881 417 2950 agatis
453 2879 738 2934 hortamur
759 2920 774 2947 ,
803 2892 965 2949 quam
993 2892 1056 2932 ea
1085 2891 1204 2945 qua:
1246 2890 1345 2929 nos
1373 2888 1535 2944 agere
1578 2872 1840 2941 cogimur.

241 2972 389 3026 Sane
417 2970 670 3025 omnibus
714 2978 770 3024 et
800 2968 953 3024 nobis
977 2976 1030 3023 et
1055 2967 1207 3021 vobis
1232 2981 1328 3036 pro
1357 2972 1540 3020 nostro
1576 2962 1742 3033 gradu
1791 2971 1845 3016 et

240 3063 422 3119 officio
452 3064 828 3119 laborantibus
852 3071 907 3117 et
931 3070 1075 3115 arcta
1105 3060 1188 3114 via
1219 3068 1301 3115 est
1326 3058 1381 3113 in
1408 3057 1592 3112 labore
1626 3066 1680 3111 et
1715 3070 1845 3109 mru-

243 3172 403 3221 mna;
434 3166 491 3211 et
522 3166 699 3210 tamen
747 3155 801 3209 in
830 3168 926 3223 spe
954 3150 1308 3224 gaudentibus
1342 3150 1528 3220 jugum
1576 3147 1695 3218 ejus
1719 3148 1843 3201 lene

240 3259 323 3304 est
351 3258 403 3303 ct
427 3249 635 3303 sarcina
661 3248 795 3302 levis
814 3288 828 3311 ,
860 3247 950 3318 qui
991 3260 1088 3301 nos
1117 3243 1329 3299 vocavit
1349 3242 1415 3296 ad
1445 3240 1684 3312 requiem
1706 3281 1721 3305 ,
1750 3240 1842 3310 qui

242 3343 391 3411 prior
418 3342 699 3396 transitum
745 3339 873 3394 fecit
914 3354 944 3392 a
982 3337 1223 3393 convalle
1248 3332 1595 3406 plorationis,
1623 3331 1715 3386 ubi
1744 3346 1842 3386 nec

242 3435 357 3504 ipse
400 3433 520 3487 sine
560 3432 829 3503 pressuris
877 3430 997 3485 fuit.
1043 3428 1101 3484 Si
1149 3427 1379 3493 fratres,
1439 3426 1484 3481 si
1528 3424 1622 3479 filii
1670 3424 1840 3479 nostri

239 3528 400 3592 estis,
429 3527 476 3583 si
504 3524 791 3590 conservi,
829 3524 913 3579 vel
952 3523 1129 3593 potius
1171 3521 1226 3576 in
1254 3520 1467 3576 Christo
1512 3517 1653 3573 servi
1678 3518 1842 3572 vestri

239 3636 463 3686 sumus;
496 3618 676 3675 audite
714 3633 836 3689 qua:
878 3630 1194 3681 monemus,
1227 3612 1501 3684 agnoscite
1546 3626 1666 3682 qua:
1713 3625 1844 3681 prae-

238 3713 471 3782 cipimus
491 3752 506 3776 ,
535 3710 731 3765 sumite
757 3726 878 3781 qua:
906 3709 1300 3779 dispensamus.
1345 3703 1402 3760 Si
1444 3712 1621 3759 autem
1652 3701 1842 3758 Phari-

240 3803 331 3857 saei
400 3817 590 3857 sumus
625 3800 906 3871 alligantes
948 3814 1111 3853 onera
1170 3795 1353 3868 gravia
1408 3802 1463 3850 et
1505 3796 1842 3863 imponentes

243 3896 485 3951 humeris
526 3896 751 3960 vestris;
801 3909 921 3963 qua:
962 3892 1191 3947 dicimus
1234 3889 1426 3953 facile,
1467 3886 1678 3943 etiamsi
1719 3900 1841 3955 quae

243 3988 470 4044 facimus
513 3985 829 4057 improbatis
873 3981 1082 4058 (Matth.
1112 3997 1273 4047 χχιιι,
1319 3981 1400 4050 5).
1448 3976 1613 4034 Nobis
1660 3985 1841 4032 autem

242 4081 524 4135 minimum
557 4089 638 4133 est
667 4088 723 4133 ut
750 4093 782 4132 a
806 4077 959 4132 vobis
984 4075 1370 4146 dijudicemur,
1397 4080 1489 4126 aut
1513 4070 1581 4126 ab
1607 4070 1841 4124 humano

243 4174 328 4228 die
375 4174 418 4244 (l
465 4171 585 4226 Cor.
619 4186 674 4225 IV
695 4212 709 4236 ,
756 4171 839 4241 5).
872 4169 1041 4237 Quam
1083 4181 1338 4239 germana
1367 4164 1627 4219 charitale
1651 4162 1721 4217 sit
1745 4177 1843 4216 no-

245 4266 324 4320 bis
350 4280 482 4320 cura
518 4264 588 4319 de
612 4263 765 4317 vobis
785 4304 801 4328 ,
832 4261 924 4316 ille
959 4260 1207 4330 inspiciat
1230 4258 1320 4329 qui
1342 4256 1490 4313 dedit
1513 4254 1655 4326 quod
1684 4252 1841 4323 inspi-

246 4357 493 4413 ciendum
516 4356 635 4426 ejus
661 4354 833 4411 oculis
855 4351 1163 4408 offeramus.
1192 4350 1470 4405 Postremo
1508 4345 1651 4418 quod
1680 4344 1840 4399 vultis

246 4452 437 4508 sentite
481 4451 550 4505 de
592 4450 748 4505 nobis
789 4466 802 4501 :
850 4446 1048 4502 Paulus
1095 4443 1369 4515 apostolus
1415 4441 1566 4495 vobis
1602 4438 1843 4509 praecipit

248 4554 299 4600 et
338 4545 595 4601 obsecrat
634 4544 687 4598 in
732 4542 992 4606 Domino,
1039 4546 1097 4594 ut
1142 4553 1264 4594 cum
1309 4535 1556 4600 silentio,
1612 4532 1665 4588 id
1713 4540 1835 4598 est,

248 4638 409 4707 quieti
434 4646 491 4692 et
517 4635 831 4691 obedienter
858 4631 1089 4688 ordinati
1118 4635 1407 4701 operantes
1426 4668 1442 4693 ,
1468 4634 1707 4682 vestrum
1746 4639 1839 4695 pa-

254 4750 367 4789 nem
408 4731 749 4789 manducetis
794 4728 862 4800 (ll
890 4726 1071 4783 Thess.
1101 4741 1188 4790 ιιι,
1240 4724 1352 4795 12).
1382 4721 1497 4777 Nec
1522 4719 1591 4775 de
1631 4719 1758 4784 illo,
1784 4724 1842 4772 ut

252 4826 497 4888 arbitror,
521 4822 723 4893 aliquid
752 4820 877 4876 mali
896 4818 1135 4883 creditis,
1158 4816 1286 4872 etin
1312 4815 1458 4870 illum
1483 4811 1574 4884 qui
1600 4827 1697 4883 per
1717 4824 1839 4865 eum

252 4917 483 4988 loquitur
508 4914 835 4971 credidistis.

309 5009 543 5066 CAPUT
600 5005 770 5062 XXX.
808 5035 880 5047 —
918 5005 1008 5061 '58.
1048 5002 1210 5057 Timet
1248 5017 1312 5056 ne
1357 4998 1552 5054 desidia
1589 4998 1841 5051 malorum

247 5107 581 5172 pigrescentes
610 5099 727 5153 boni
759 5106 1169 5167 corrumpantur.
1216 5093 1363 5160 Haec,
1400 5091 1474 5146 mi
1505 5088 1839 5154 charissime,

245 5204 294 5249 et
310 5196 358 5249 in
378 5192 586 5250 Christi
608 5189 905 5246 visceribus
931 5185 1233 5244 venerande
1256 5186 1419 5240 frater
1446 5182 1651 5248 Aureli,
1674 5196 1843 5252 quan-

247 5297 348 5341 tum
376 5283 606 5341 donavit
635 5292 690 5337 ut
729 5294 964 5351 possem,
991 5278 1081 5349 qui
1126 5292 1219 5347 per
1246 5284 1296 5331 te
1322 5274 1453 5329 mihi
1493 5274 1653 5344 jussit
1679 5281 1736 5327 ut
1762 5270 1841 5325 fa-

246 5395 439 5447 cerem,
457 5378 529 5434 de
558 5388 726 5445 opere
752 5370 1135 5428 monachorum
1164 5383 1270 5423 non
1293 5366 1471 5422 distuli
1492 5366 1757 5430 scribere;
1790 5363 1840 5418 id

247 5473 472 5527 maxime
498 5481 722 5531 curans,
752 5479 824 5520 ne
848 5462 975 5518 boni
1003 5460 1194 5517 fratres
1217 5457 1527 5530 apostolicis
1562 5455 1843 5527 praeceptis

247 5565 578 5630 obedientes,
606 5576 637 5615 a
671 5558 840 5630 pigris
861 5565 918 5612 et
942 5554 1374 5612 inobedientibus
1400 5553 1560 5609 etiam
1591 5550 1843 5621 praevaris

248 5669 450 5716 calores
476 5653 763 5738 [Evangelii
803 5652 1114 5707 dicerentur
1141 5668 1155 5705 :
1179 5657 1240 5704 ut
1268 5650 1359 5719 qui
1391 5661 1496 5701 non
1526 5653 1839 5716 operantur,

249 5753 426 5807 saltem
476 5753 606 5807 illos
646 5749 739 5820 qui
793 5756 1087 5817 operantur
1129 5744 1235 5802 sibi
1283 5739 1686 5814 anteponendos
1725 5752 1844 5793 esse

253 5861 346 5902 non
396 5847 669 5903 dubitent.
707 5843 973 5898 Creterum
1020 5842 1140 5912 quis
1183 5840 1321 5896 ferat
1366 5838 1612 5895 homines
1659 5842 1846 5891 contu-

311 5969 328 6002 ⁸
350 5968 420 6017 sic
443 5975 556 6018 uss.
592 5961 718 6015 runt
740 5967 881 6018 vero,
903 5951 1207 6019 quantalibet.

1708 481 1909 537 LIBER
1948 481 2153 541 UNUS.

3467 499 3578 555 578

1984 590 2163 630 maces
2192 577 2559 635 saluberrimis
2589 583 2827 653 Apostoli
2860 588 3077 645 monitis
3104 590 3441 660 resistentes,
3464 608 3575 647 non

1977 669 2115 723 sicut
2160 670 2484 729 inﬁrmiores
2528 676 2763 743 tolerari,
2793 679 2887 734 sed
2915 682 3053 737 sicut
3078 684 3239 738 etiam
3276 685 3574 741 sanctiores

1976 762 2287 832 praedicari;
2337 774 2396 820 ut
2420 769 2744 824 monasteria
2776 771 3019 829 doctrina
3070 777 3282 831 saniore
3329 775 3569 844 fundata,

1974 856 2186 924 gemina
2227 857 2481 914 illecebra
2511 872 2944 932 corrumpantur,
2981 875 3037 920 et
3064 867 3324 922 dissoluta
3354 868 3570 923 licentia

1972 950 2288 1018 vacationis,
2327 961 2383 1007 et
2420 953 2554 1007 falso
2588 956 2807 1012 nomine
2835 958 3170 1013 sanctitatis?
3215 961 3397 1016 Sciant
3441 976 3571 1031 ergo

1971 1038 2130 1094 etiam
2161 1043 2342 1097 caeteri
2372 1042 2568 1099 fratres
2588 1055 2643 1100 et
2666 1045 2762 1100 filii
2790 1048 2980 1113 nostri,
3013 1050 3102 1118 qui
3129 1048 3310 1106 favere
3351 1050 3566 1116 talibus,

1935 1212 1937 1214 η
1970 1142 2024 1188 et
2064 1134 2368 1204 hujusmodi
2423 1140 2896 1210 prmsumptionem
2943 1158 3038 1211 per
3082 1143 3437 1215 ignorantiam
3467 1145 3565 1198 de-

1969 1227 2189 1285 fundere
2228 1242 2575 1298 consuerunt,
2620 1247 2680 1287 se
2733 1234 3071 1303 potissimum
3112 1236 3475 1307 corrigendos,
3510 1245 3568 1291 ut

1967 1321 2046 1376 illi
2084 1323 2280 1394 corrigi
2320 1325 2550 1395 possint,
2588 1340 2695 1380 non
2736 1335 2796 1380 ut
2834 1326 3195 1394 inﬁrmentur,
3225 1328 3562 1385 benefacere.

1965 1415 2108 1470 Sane
2147 1416 2201 1470 in
2231 1430 2297 1471 eo
2337 1417 2480 1487 quod
2511 1418 2683 1472 servis
2725 1418 2820 1473 Dei
2851 1428 3096 1489 prompte
3132 1430 3293 1490 atque
3317 1422 3566 1479 alacriter

1965 1509 2267 1564 necessaria
2296 1509 2724 1575 subministrant,
2758 1526 2865 1565 non
2894 1513 3068 1567 solum
3120 1528 3226 1569 non
3260 1517 3560 1586 reprehen-

1961 1598 2161 1663 dimus,
2203 1600 2296 1655 sed
2344 1600 2505 1655 etiam
2550 1602 2868 1658 suavissime
2896 1605 3318 1674 amplectimur:
3349 1606 3442 1662 sed
3491 1622 3561 1664 ne

1962 1706 2214 1762 perversa
2246 1693 2616 1749 misericordia
2654 1694 2827 1765 magis
2863 1710 3051 1751 eorum
3091 1695 3284 1752 futurae
3311 1699 3434 1754 vita:
3460 1716 3561 1754 no-

1960 1793 2136 1851 ceant,
2165 1800 2324 1854 quam
2356 1786 2610 1855 przesenti
2649 1786 2990 1842 subveniant.

2032 1879 2124 1934 59.
2164 1879 2338 1934 Minus
2357 1880 2502 1935 enim
2536 1890 2808 1950 peccatur,
2832 1881 2877 1935 si
2905 1893 3011 1936 non
3042 1878 3290 1938 laudetur
3309 1894 3560 1954 peccator

1958 1972 2010 2026 in
2037 1972 2318 2028 desideriis
2357 1974 2551 2028 anima:
2574 1989 2709 2040 suae,
2737 1982 2792 2029 et
2817 1974 2907 2046 qui
2937 1974 3119 2046 iniqua
3162 1977 3301 2047 gerit
3329 1976 3551 2033 benedié

1957 2073 2109 2120 catur
2138 2064 2313 2136 (Psal.
2344 2082 2419 2131 ιχ,
2449 2064 2567 2137 24).

2026 2153 2252 2212 CAPUT
2290 2155 2484 2211 XXXI.
2507 2186 2579 2197 —
2617 2146 2683 2210 In
2713 2154 2994 2212 Monac/tos
3022 2157 3249 2212 crinitos.
3282 2154 3419 2225 Quid
3450 2168 3553 2213 au-

1956 2256 2061 2304 tem
2092 2250 2345 2321 iniquius,
2368 2265 2526 2320 quam
2557 2250 2695 2305 velle
2720 2249 2823 2304 sibi
2866 2250 3225 2320 obtemperari
3266 2267 3296 2305 a
3335 2252 3559 2307 minoris

1953 2340 2075 2407 bus,
2104 2349 2159 2396 et
2182 2341 2326 2396 nolle
2353 2341 2730 2410 obtemperare
2755 2340 3086 2411 majoribus?
3115 2340 3377 2411 Apostolo
3410 2341 3552 2408 dico,

1953 2444 2059 2487 non
2112 2433 2298 2499 nobis,
2352 2433 2404 2487 in
2458 2442 2662 2487 tantum
2717 2443 2776 2487 ut
2822 2434 2985 2488 etiam
3025 2449 3236 2488 comam
3276 2436 3552 2489 nutriant:

1953 2526 2096 2581 unde
2120 2526 2211 2581 ille
2238 2541 2338 2581 nec
2358 2525 2619 2596 disputari
2647 2526 2870 2580 omnino
2895 2524 3086 2589 voluit,
3110 2524 3320 2591 dicens,
3353 2524 3415 2581 Si
3439 2526 3554 2597 quis

1951 2620 2056 2673 uult
2094 2619 2431 2673 contentiosus
2469 2634 2608 2683 esse,
2660 2633 2753 2671 nos
2795 2616 2946 2671 talem
2995 2616 3405 2670 consuetudinem
3449 2629 3551 2670 non

1952 2714 2212 2779 habemus,
2240 2728 2398 2783 neque
2428 2709 2660 2765 Ecclesia
2690 2709 2805 2765 Dei.
2840 2708 2953 2764 Hoc
2977 2718 3145 2762 autem
3175 2708 3415 2779 prtecipio
3436 2723 3457 2762 :
3492 2717 3553 2763 ut

1951 2806 2159 2859 scilicet
2188 2819 2293 2858 non
2324 2803 2642 2859 disserentis
2668 2801 2885 2856 solertia
2930 2799 3253 2869 requiratur,
3280 2799 3377 2854 sed
3408 2814 3551 2869 prmo

1950 2896 2201 2967 cipicntis
2230 2896 2521 2951 auctoritas
2548 2893 2878 2951 attendatur.
2907 2892 3041 2949 Nam
3078 2901 3133 2947 et
3163 2893 3263 2947 hoc
3288 2908 3394 2963 quo
3423 2906 3549 2963 per-

1951 2994 2104 3057 tinet,
2144 3004 2348 3061 quaaso,
2389 2996 2496 3042 tam
2533 2996 2721 3057 aperte
2763 2996 2951 3042 contra
2991 2986 3236 3054 Apostoli
3282 2993 3550 3055 prmcepta

1948 3080 2231 3138 comari‘?
2263 3080 2344 3135 An
2380 3080 2453 3134 ita
2474 3078 2772 3133 vacandum
2805 3084 2906 3141 est,
2930 3084 2989 3131 ut
3014 3090 3115 3130 nec
3142 3084 3386 3130 tonsores
3415 3087 3549 3147 ope-

1950 3173 2176 3249 reptur?
2224 3172 2305 3226 An
2332 3171 2454 3241 quia
2484 3170 2821 3240 evangelicas
2849 3168 3097 3223 volucres
3128 3166 3325 3221 imitari
3369 3180 3429 3221 se
3468 3165 3551 3221 di-

1948 3276 2097 3333 cunt,
2127 3265 2279 3337 quasi
2309 3263 2535 3335 depilari
2580 3264 2789 3329 timent,
2822 3276 2891 3316 ne
2937 3260 3119 3315 volare
3157 3275 3263 3313 non
3304 3259 3552 3329 possint?

1948 3359 2153 3415 Vereor
2190 3359 2242 3413 in
2272 3357 2375 3412 hoc
2399 3356 2585 3412 vitium
2617 3355 2766 3426 plura
2797 3354 2997 3418 dicere,
3038 3360 3262 3424 propter
3286 3351 3546 3423 quosdam

1948 3453 2172 3507 crinitos
2198 3452 2408 3515 fratres,
2436 3462 2665 3519 quorum
2706 3454 2902 3516 praeter
2949 3444 3052 3499 hoc
3094 3444 3257 3498 multa
3306 3452 3361 3497 et
3406 3458 3546 3514 pene

1947 3547 2128 3603 omnia
2158 3558 2498 3599 veneramur.
2536 3540 2643 3596 Sed
2673 3554 2780 3609 quo
2816 3539 2985 3608 magis
3013 3551 3109 3592 eos
3143 3536 3195 3590 in
3218 3537 3435 3591 Christo
3461 3536 3547 3589 di-

1948 3640 2183 3710 ligimus,
2217 3650 2284 3692 eo
2312 3633 2597 3689 sollicitius
2622 3630 2992 3685 admonemus.
3042 3627 3227 3697 Neque
3255 3627 3397 3681 enim
3431 3642 3548 3682 mc-

1946 3736 2146 3788 tuimus
2189 3746 2259 3785 ne
2306 3726 2578 3782 humilitas
2628 3738 2815 3779 eorum
2861 3728 3078 3791 respuat
3121 3719 3545 3773 admonitionem

1946 3833 2220 3886 nostram;
2268 3814 2700 3890 quandoquidem
2743 3820 2798 3869 et
2826 3826 2924 3866 nos
2965 3826 2996 3865 a
3042 3809 3258 3875 talibus,
3289 3808 3377 3863 ubi
3406 3808 3547 3863 forte

1946 3914 2239 3971 titubamus
2282 3919 2373 3964 aut
2416 3908 2749 3972 aberramus,
2794 3903 3044 3972 cupimus
3086 3901 3387 3956 admoneri.
3431 3899 3547 3955 Hoc

1946 4019 2075 4074 ergo
2106 4001 2456 4056 admonemus
2484 4004 2590 4051 tam
2633 4001 2849 4050 sanctos
2877 3993 3044 4059 viros,
3073 4007 3141 4046 ne
3170 3990 3351 4045 stultis
3379 4004 3545 4043 vano-

1945 4111 2064 4152 rum
2120 4087 2674 4162 argumentationibus
2719 4091 3056 4149 moveantur,
3101 4089 3161 4136 et
3200 4096 3295 4135 eos
3338 4081 3391 4134 in
3444 4080 3545 4135 hac

1946 4185 2299 4258 perversitate
2342 4181 2639 4245 imitentur,
2667 4176 2859 4247 quibus
2890 4183 3015 4229 sunt
3045 4174 3098 4227 in
3140 4173 3350 4228 caeteris
3388 4173 3545 4243 longe

1947 4278 2258 4335 dissimiles.
2299 4274 2379 4330 liii
2417 4273 2561 4329 enim
2602 4270 2848 4327 venalem
2889 4266 3336 4324 circumferentes
3372 4268 3543 4339 hypo-

1946 4374 2157 4437 crisim,
2202 4371 2393 4425 timent
2447 4381 2517 4422 ne
2568 4364 2722 4419 vilior
2776 4362 3039 4418 habeatur
3086 4371 3240 4416 tonsa
3288 4360 3547 4414 sanctitas

1946 4480 2104 4536 quam
2152 4471 2382 4527 comata,
2416 4469 2475 4514 ut
2501 4458 2752 4514 videlicet
2795 4454 2887 4527 qui
2936 4469 3031 4510 eos
3082 4453 3249 4520 videt,
3297 4453 3547 4524 antiquos

1947 4559 2068 4613 illos
2097 4571 2232 4627 quos
2264 4554 2487 4625 legimus
2532 4556 2750 4622 cogitet,
2780 4546 3083 4604 Samuelem
3111 4554 3167 4603 et
3202 4554 3427 4600 cmteros
3454 4546 3546 4615 qui

1947 4665 2054 4705 non
2097 4646 2454 4704 tondebantur
2482 4642 2669 4716 (Num.
2702 4656 2780 4704 vr,
2809 4638 2887 4712 5).
2910 4638 3020 4694 Nec
3042 4638 3277 4709 cogitant
3301 4637 3426 4707 quid
3459 4637 3545 4691 in-

1948 4742 2102 4798 tersit
2127 4742 2268 4795 inter
2295 4737 2428 4793 illud
2474 4734 2845 4807 propheticum
2888 4732 3269 4795 velamentum,
3307 4737 3363 4783 et
3407 4727 3545 4781 hanc

1948 4832 2224 4904 Evangelii
2252 4828 2656 4893 revelationem,
2686 4826 2755 4881 de
2778 4839 2880 4895 qua
2910 4823 3040 4877 dicit
3065 4821 3387 4892 Apostolus:
3418 4819 3545 4873 Cum

1948 4926 2209 4981 transieris
2235 4923 2302 4977 ad
2350 4921 2628 4986 Christum,
2658 4922 2916 4989 auferetur
2941 4915 3169 4969 velamen
3197 4911 3269 4982 (ll
3299 4908 3419 4966 Cor.
3462 4926 3542 4975 ιιι,

1949 5020 2063 5091 16).
2110 5016 2263 5088 Quod
2302 5016 2445 5071 enim
2491 5009 2825 5083 signiﬁcabat
2872 5006 3120 5061 velamen
3170 5000 3544 5070 interpositum

1948 5114 2086 5169 inter
2105 5111 2292 5167 faciem
2334 5105 2501 5179 Moysi
2531 5113 2587 5159 et
2610 5110 2883 5171 aspectum
2923 5096 3105 5167 populi
3147 5093 3311 5148 lsracl
3341 5092 3541 5164 (Exod.

1948 5220 2139 5270 xxxrv,
2182 5202 2297 5272 35),
2326 5199 2429 5253 hoc
2477 5193 2809 5267 signiﬁcabat
2852 5190 2956 5243 illis
3008 5184 3339 5256 temporibus
3380 5184 3544 5239 etiam

1947 5312 2099 5353 coma
2138 5302 2463 5349 sanctorum.
2492 5288 2622 5342 Nam
2654 5284 2793 5339 idem
2824 5279 3099 5350 apostolus
3129 5278 3287 5333 etiam
3333 5292 3546 5332 comam

1949 5405 2046 5461 pro
2072 5386 2377 5442 velamento
2397 5395 2516 5435 esse
2536 5377 2687 5441 dicit,
2710 5374 2864 5445 cujus
2888 5371 3207 5427 auctoritate
3242 5370 3329 5424 isti
3353 5384 3549 5438 urgen-

1950 5494 2055 5539 tur.
2104 5484 2302 5550 Apertc
2343 5475 2537 5546 quippe
2568 5472 2677 5526 ait:
2716 5467 2809 5523 Vir
2844 5465 3049 5539 quidem
3096 5465 3137 5518 si
3187 5473 3417 5517 comatus
3457 5463 3548 5527 sit,

1948 5572 2230 5648 ignominia
2257 5580 2330 5625 est
2356 5568 2453 5623 illi.
2488 5568 2656 5636 lpsam
2685 5559 3053 5634 ignominiam,
3083 5558 3348 5627 inquiunt,
3377 5557 3549 5648 susci-

1951 5647 2127 5739 pimus
2151 5662 2343 5719 merilo
2373 5668 2714 5730 peccatorum
2745 5662 3048 5708 nostrorum
3073 5670 3087 5705 :
3110 5652 3180 5710 ad
3222 5648 3323 5702 hoc
3345 5647 3542 5701 obten-

1949 5762 2137 5817 dentes
2166 5755 2429 5813 simulata:
2480 5749 2791 5806 humilitatis
2823 5744 3211 5809 umbrticulum,
3245 5752 3304 5797 ut
3348 5742 3453 5796 sub
3476 5756 3548 5794 eo

2021 5945 2034 5976 ¹
2074 5940 2258 6006 Aliquot
2286 5946 2413 6002 Mss,
2457 5934 2638 5989 conari.
2671 5934 2841 5985 Plures
2878 5928 2978 5991 alii,
3011 5939 3215 5987 vacare,
3257 5930 3338 5975 aut
3359 5934 3541 5978 suam.
