4018 6500
460 483 477 514 Ι

459 599 757 667 proponant
781 588 1019 644 venalem
1049 585 1268 657 typhum
1288 586 1303 615 ί
1326 601 1340 647 ;
1360 581 1508 653 quasi
1529 578 1818 649 Apostolus
1852 589 2038 667 super-

460 666 599 741 biam
618 683 827 747 doceat,
856 696 975 734 cuni
1006 678 1154 742 dicit,
1189 675 1366 729 Omnis
1404 674 1479 725 vir
1505 686 1656 725 orans
1690 676 1777 722 aut
1824 666 2045 737 prophe-

461 786 573 829 taus
594 774 754 827 velato
774 772 957 841 capite,
977 766 1240 839 confundit
1262 772 1411 836 caput
1435 778 1617 825 suum;
1643 769 1715 827 et,
1743 758 1832 812 Vir
1847 756 2048 828 quidem

461 884 562 919 non
590 863 731 918 debet
777 862 945 915 velare
984 868 1157 928 caput,
1202 874 1315 911 cum
1355 855 1418 909 sit
1466 855 1631 923 imago
1673 860 1719 905 et
1761 850 1925 921 gloria
1955 848 2048 902 Dei

464 958 512 1029 (I
541 955 659 1012 Cor.
706 970 782 1017 XI,
826 953 1003 1020 4-16).
1044 951 1143 1018 Qui
1186 964 1312 1019 ergo
1353 947 1501 1011 dicit,
1544 962 1644 998 non
1690 943 1849 1009 debet,
1880 942 2050 997 nescit

465 1048 603 1103 forte
638 1046 831 1100 docere
862 1043 1233 1097 humilitatem.
1283 1037 1476 1093 Sed'si
1521 1036 1657 1089 hanc
1706 1032 2049 1103 ignominiam

468 1129 709 1209 tempere
735 1133 1029 1203 Evangelii,
1063 1130 1202 1200 quod
1242 1136 1355 1183 erat
1380 1135 1768 1181 sacramentum
1812 1130 2051 1192 tempore

467 1229 779 1300 proiihctim,
807 1243 901 1296 pro
930 1224 1229 1277 humilitate
1265 1221 1350 1274 isti
1378 1226 1666 1289 appetunt;
1700 1214 1973 1276 tondeant,
1997 1221 2053 1268 et

464 1321 642 1376 cilicio
669 1326 829 1389 caput
860 1315 1059 1370 velent.
1104 1312 1210 1367 Sed
1253 1326 1357 1364 non
1402 1309 1502 1363 erit
1546 1316 1671 1361 tunc
1717 1306 1923 1375 species
1964 1305 2051 1358 illa

471 1411 696 1475 venalis,
723 1408 842 1477 quia
867 1407 1091 1461 Samson
1121 1418 1228 1457 non
1257 1401 1450 1467 cilicio,
1483 1399 1579 1454 sed
1607 1413 1757 1453 conia
1780 1395 2054 1451 velabatur

474 1503 671 1576 (Judic.
706 1517 821 1565 xvi,
856 1500 967 1568 I7).

538 1593 769 1649 CAPUT
808 1589 1109 1645 XXXII.—
1129 1588 1218 1644 40.
1263 1586 1507 1641 Perversa
1536 1581 1877 1654 interpretatio
1908 1579 2053 1635 Scri-

476 1697 640 1759 ptura:
673 1701 760 1755 per
796 1683 1000 1737 crinitos
1052 1680 1342 1734 monachos.
1390 1675 1589 1731 Paulus
1618 1675 1873 1745 apostolus
1912 1688 2053 1726 sum-

475 1794 611 1831 mam
657 1778 934 1829 castitatem
980 1774 1255 1843 professus.
1300 1767 1618 1839 Prtrceptum
1667 1767 1787 1819 viris
1848 1764 1912 1818 de
1956 1778 2055 1816 non

476 1868 688 1923 velanda
728 1866 910 1936 capite.
962 1863 1107 1917 Mens
1155 1878 1243 1934 per
1276 1860 1460 1926 uirum,
1513 1855 1916 1929 concupiscentia
1968 1869 2057 1924 per

476 1960 734 2013 mulierem
761 1957 1000 2026 ﬁgurata.
1032 1953 1148 2008 Iam
1176 1950 1324 2018 illud,
1352 1952 1395 2004 si
1426 1949 1531 2004 dici
1562 1957 1757 2019 potest,
1786 1960 1941 2017 quam
1972 1944 2058 1997 lu-

475 2062 661 2108 ctuose
696 2047 978 2103 ridiculum
1015 2053 1116 2112 est,
1140 2042 1281 2115 quod
1307 2056 1491 2097 rursus
1519 2041 1833 2095 invenerunt
1867 2036 1933 2091 ad
1960 2035 2058 2089 de-

478 2142 771 2199 fensionem
799 2139 1025 2194 crinium
1065 2151 1304 2191 suorum.
1329 2133 1536 2198 Virum,
1565 2131 1831 2201 inquiunt,
1873 2127 2057 2198 prohi-

480 2236 597 2288 buit
635 2231 919 2301 Apestolus
947 2229 1145 2283 habere
1177 2240 1387 2281 comam
1417 2241 1433 2279 :
1464 2224 1553 2294 qui
1598 2230 1775 2277 autem
1812 2235 1871 2275 se
1915 2218 2060 2288 ipsos

478 2330 844 2382 castraverunt
893 2328 1108 2391 propter
1147 2332 1369 2389 regnum
1415 2316 1671 2371 caelorum
1700 2311 1911 2386 (Matth.
1945 2325 2055 2374 xix,

458 2414 596 2487 12),
624 2417 731 2485 jam
782 2429 885 2469 non
924 2420 1050 2467 sunt
1095 2410 1214 2465 viri.
1260 2408 1306 2464 0
1335 2407 1656 2463 dementiam
1705 2401 2055 2473 singularem!

479 2510 668 2566 Merito
697 2507 784 2578 qui
813 2506 913 2560 hoc
946 2504 1091 2569 dicit,
1121 2501 1375 2556 adversus
1401 2508 1599 2554 sancta:
1628 2497 1918 2565 Scriptura:
1947 2507 2061 2547 ma—

479 2604 672 2659 nifesta
714 2598 975 2670 prmconia
1004 2595 1226 2651 consilio
1265 2591 1508 2648 nefanda:
1551 2587 1839 2660 impietatis
1881 2599 2058 2639 arma-

480 2706 586 2758 tur,
627 2702 680 2747 et
714 2696 1019 2762 perseverat
1056 2688 1109 2741 in
1150 2686 1342 2741 itinere
1386 2692 1649 2747 tortuose,
1678 2688 1732 2735 et
1757 2676 2059 2749 pestiferam

479 2788 775 2843 doctrinam
817 2791 1037 2837 conatur
1076 2779 1347 2841 inducere,
1385 2777 1505 2845 quia
1548 2790 1650 2827 non
1680 2779 1765 2827 est
1793 2771 1962 2824 beatus
1986 2768 2063 2822 vir

479 2880 565 2948 qui
594 2894 692 2931 non
720 2874 839 2928 abiit
867 2875 919 2927 in
944 2868 1151 2926 consilio
1175 2868 1466 2938 impiorum,
1485 2875 1533 2920 et
1561 2866 1616 2918 in
1642 2864 1723 2917 via
1744 2870 2061 2933 peccatorum

481 2984 583 3023 non
620 2967 773 3032 stetit,
807 2974 852 3017 et
888 2964 941 3017 in
976 2960 1216 3015 cathedra
1257 2956 1553 3027 pestilentia:
1585 2972 1685 3009 non
1713 2954 1851 3008 sedit
1891 2950 2060 3022 (Psal.

484 3060 604 3128 ι,1).
630 3057 756 3110 Nam
783 3055 826 3107 si
854 3054 906 3106 in
927 3053 1043 3121 lege
1063 3050 1158 3105 Dei
1178 3048 1523 3102 meditaretur
1551 3045 1637 3100 die
1655 3060 1716 3098 ac
1746 3050 1920 3109 nocte,
1952 3042 2062 3096 illic

486 3149 755 3205 inveniret
799 3146 971 3213 ipsum
1014 3142 1311 3212 apostolum
1360 3140 1599 3203 Paulum,
1631 3138 1718 3207 qui
1748 3145 1892 3191 certe
1919 3150 2067 3208 sum;

486 3254 629 3295 mam
660 3238 953 3292 castitatem
981 3232 1252 3303 professus
1277 3230 1424 3295 dicit,
1462 3228 1653 3283 Vellent
1693 3236 1860 3281 autem
1894 3242 2064 3280 onmes

488 3329 715 3383 homines
745 3342 850 3379 esse
881 3328 1009 3379 sicut
1043 3339 1123 3376 me
1148 3323 1312 3393 ipsum
1335 3320 1384 3392 (I
1415 3320 1532 3374 Cor.
1559 3336 1650 3383 vit,
1675 3320 1728 3390 7)
1755 3337 1769 3373 :
1798 3327 1854 3373 et
1888 3328 2063 3372 tamen

486 3439 547 3478 se
570 3422 739 3477 virum
770 3417 1003 3473 ostendit
1032 3431 1136 3471 non
1182 3415 1356 3469 solum
1397 3414 1468 3467 ita
1505 3412 1756 3476 vivendo,
1784 3410 1874 3465 sed
1906 3411 2064 3465 etiam

488 3516 562 3569 ita
607 3509 893 3582 loquendo.
931 3509 1018 3562 Ait
1057 3506 1238 3561 enim:
1269 3503 1393 3558 Cum
1430 3520 1586 3558 essem
1628 3503 1884 3572 parvulus,
1921 3502 2067 3571 quasi

489 3605 731 3677 parvulus
754 3602 1009 3671 loquebar,
1042 3599 1185 3669 quasi
1213 3597 1454 3665 parvulus
1474 3594 1750 3666 sapiebam,
1778 3594 1921 3664 quasi
1943 3610 2066 3663 par-

488 3696 637 3749 valus
662 3692 975 3763 cogitabam;
1008 3705 1126 3743 cum
1155 3697 1319 3740 autem
1347 3686 1422 3740 vir
1446 3684 1652 3751 e/fectus
1673 3701 1806 3746 sum,
1832 3684 2068 3737 evacuavi

489 3803 550 3841 ea
584 3800 695 3856 quae
737 3782 931 3855 parvuli
953 3790 1093 3835 erant
1128 3777 1239 3848 (ld.
1272 3794 1390 3843 xm,
1416 3775 1524 3848 11).
1553 3776 1658 3832 Sed
1682 3776 1807 3847 quid
1836 3777 2068 3843 Aposto-

491 3877 599 3931 lum
629 3886 1066 3937 commemorem,
1086 3884 1205 3925 cum
1230 3867 1297 3923 de
1321 3868 1437 3938 ipso
1468 3867 1695 3922 Domino
1719 3875 1774 3921 ct
1794 3865 2069 3921 Salvatore

493 3976 676 4023 nostro
702 3966 942 4021 nesciant
969 3963 1095 4034 quid
1121 3961 1373 4029 sentiant,
1406 3960 1497 4030 qui
1541 3959 1655 4014 haec
1683 3958 1886 4015 dicunt.
1935 3959 2066 4014 Nam

491 4058 560 4113 de
585 4072 690 4127 quo
716 4056 822 4109 alio
849 4054 1060 4117 dicitur,
1100 4051 1276 4106 Donec
1303 4066 1624 4105 occurramus
1660 4066 1831 4105 omnes
1859 4050 1912 4104 in
1950 4050 2067 4103 uni-

493 4158 643 4203 tatem
670 4146 787 4216 ﬁdei
816 4156 861 4199 et
890 4144 1194 4215 agnitionem
1222 4141 1347 4196 Filii
1373 4141 1487 4207 Dei,
1508 4143 1563 4196 in
1594 4143 1755 4196 virum
1774 4143 2068 4214 perfectum,

492 4241 546 4294 in
580 4254 866 4292 mensuram
894 4236 1056 4289 celatis
1096 4233 1420 4304 plenitudinis
1458 4234 1680 4301 Christi;
1717 4244 1772 4289 ut
1804 4233 1939 4289 ultra
1969 4252 2071 4290 non

495 4330 651 4385 simus
684 4329 879 4398 parvuli
893 4328 1076 4398 jactati
1101 4335 1147 4381 et
1178 4326 1462 4381 circumlati
1480 4328 1615 4381 omni
1644 4336 1786 4381 vento
1807 4328 2068 4395 doctrinm,

496 4421 550 4474 in
599 4420 834 4473 illusione
885 4418 1163 4483 hominum,
1202 4418 1259 4471 in
1308 4418 1495 4471 astutia
1541 4418 1609 4471 ad
1652 4418 2072 4485 machinationem

497 4510 685 4565 erroris
717 4506 928 4579 (Ep/tes.
960 4524 1032 4573 iv,
1067 4508 1132 4561 15
1155 4516 1201 4561 et
1226 4508 1356 4579 II)?
1384 4508 1497 4576 Qua
1523 4507 1769 4564 illusione
1798 4508 1884 4563 isti
1925 4508 2073 4563 decio

499 4603 651 4674 piunt
677 4599 970 4669 imperitos,
991 4615 1091 4669 qua
1118 4600 1308 4654 astutia
1334 4610 1389 4654 et
1415 4599 1857 4656 machinamentis
1878 4600 2071 4655 inimici

499 4704 554 4751 et
576 4693 672 4762 ipsi
701 4692 1163 4757 circumferuntur,
1190 4700 1243 4744 et
1278 4691 1329 4745 in
1360 4706 1452 4747 sua
1476 4691 1875 4747 circumlatione
1895 4690 2075 4746 colun-

499 4793 681 4842 reutes
708 4784 808 4838 sibi
836 4785 1041 4838 animos
1070 4784 1399 4838 infirmorum
1444 4783 1672 4853 quodam
1703 4783 1864 4839 modo
1902 4793 2079 4839 rotare

499 4884 782 4941 comatur,
838 4883 891 4929 ut
938 4875 1137 4945 pariter
1183 4874 1426 4929 nesciant
1478 4873 1567 4929 ubi
1606 4873 1732 4928 sint.
1786 4873 2081 4929 Audierant

499 4969 642 5021 enim
664 4965 750 5021 vel
779 4966 1022 5036 legerunt
1046 4964 1185 5035 quod
1211 4966 1464 5034 scriptum
1489 4973 1592 5031 est,
1619 4965 1929 5037 Quicumque
1946 4967 2080 5020 enim

503 5057 741 5128 baptizati
768 5057 885 5110 estis
920 5057 974 5110 in
1014 5055 1235 5122 Christo,
1278 5054 1531 5111 Christum
1570 5055 1803 5111 induistis
1822 5071 1841 5110 :
1870 5057 1955 5111 ubi
1982 5074 2083 5112 non

504 5157 577 5202 est
620 5146 853 5209 Judteus,
890 5163 1048 5217 neque
1084 5145 1325 5209 (ii-(ecus;
1364 5162 1467 5199 non
1498 5162 1689 5213 servus,
1730 5163 1889 5217 neque
1925 5147 2082 5213 liber;

506 5254 606 5291 non
650 5238 925 5302 masculus,
970 5254 1127 5308 neque
1170 5237 1358 5308 femina
1387 5236 1581 5311 (Calat.
1608 5253 1685 5303 tu,
1713 5237 1782 5292 27
1807 5249 1853 5293 et
1870 5238 1995 5309 28);
2028 5250 2083 5295 et

506 5340 612 5379 non
661 5324 958 5395 intelligunt
985 5327 1278 5381 secundum
1314 5329 1334 5359 ’
1358 5326 1588 5383 carnalis
1630 5343 1788 5384 sexus
1825 5332 2081 5400 concupi-

505 5414 762 5468 sccntiam
806 5414 905 5468 hoc
933 5430 1052 5472 esse
1079 5416 1303 5485 dictum,
1334 5418 1453 5486 quia
1480 5419 1532 5473 in
1562 5419 1813 5475 interiore
1842 5420 2079 5487 homine,

508 5504 595 5557 ubi
626 5518 945 5559 renovamur
968 5506 1021 5559 in
1047 5508 1282 5561 novitate
1310 5508 1504 5563 mentis
1531 5519 1728 5564 nostr:e
1759 5509 1834 5582 (ll
1857 5510 1974 5564 Cor.
2009 5527 2083 5577 tv,

509 5594 622 5666 16).
650 5593 826 5648 nullus
853 5609 1011 5650 sexus
1044 5596 1345 5666 hujusmodi
1378 5608 1477 5652 est.
1508 5600 1621 5654 Non
1649 5617 1777 5671 ergo
1806 5611 2085 5672 propterea

507 5700 566 5739 se
594 5694 789 5755 negent
818 5686 982 5753 viros,
1012 5688 1134 5757 quia
1177 5687 1472 5744 masculino
1514 5705 1649 5749 sexu
1678 5694 1809 5748 nihil
1856 5711 2086 5765 operan-

574 5817 590 5847 ⁸
626 5815 792 5866 Plures
809 5825 934 5877 Mssa,
955 5822 1155 5880 typum.

572 5880 592 5910 '
626 5884 715 5928 ιον
739 5914 755 5938 ,
778 5891 870 5927 non
892 5878 1170 5943 secundum.
1202 5878 1370 5940 Abest,
1393 5891 1506 5943 non,
1542 5886 1600 5935 ab
1627 5887 1840 5939 editione
1863 5895 1936 5938 Er.
1978 5898 2028 5941 et
2062 5905 2085 5940 a

508 5937 753 6005 plerisque
774 5942 1120 6003 manuscripts.

459 482 563 538 £379
1116 472 1203 526 DE
1243 468 1470 525 OPERE
1510 458 2008 525 MONACIIORUM,
2049 455 2106 513 S.
2150 455 2519 512 AUGUSTINI
2558 454 2761 510 LIBER
2801 452 3001 511 UNUS.

3636 456 3739 515 550

2154 579 2258 625 tur.
2299 570 2431 624 Nam
2461 579 2514 625 et
2540 570 2802 642 conjugati
2845 570 3119 627 christiani
3156 573 3246 644 qui
3289 573 3392 629 hoc
3422 584 3736 645 operantur,

2154 680 2259 717 non
2300 662 2589 718 secundum
2622 663 2721 718 hoc
2764 663 2947 735 utique
2992 664 3265 720 christiani
3297 675 3439 731 sunt,
3469 668 3613 738 quod
3642 668 3741 721 ha-

2154 756 2279 811 bent
2308 772 2592 812 commune
2632 772 2751 811 cum
2793 756 3002 811 caeteris
3041 773 3146 812 non
3172 757 3508 821 Christianis,
3534 766 3588 815 et
3618 776 3740 818 cum

2157 848 2286 919 ipsis
2327 848 2625 919 pecoribus.
2656 847 2812 904 Aliud
2853 857 2935 903 est
2975 850 3118 904 enim
3146 849 3286 920 quod
3318 850 3403 905 vel
3446 851 3742 907 infirmitati

2154 942 2485 1010 conceditur,
2542 942 2630 997 vel
2688 941 2899 996 mortali
2966 942 3331 1012 propagationi
3390 944 3742 1012 persolvitur;

2155 1035 2296 1090 aliud
2338 1044 2515 1089 autem
2558 1034 2699 1105 quod
2744 1034 2810 1089 ad
2855 1034 3237 1104 capessendam
3290 1036 3650 1106 incorruptam
3689 1044 3744 1093 et

2155 1138 2411 1182 :eternain
2440 1128 2599 1181 vitam
2640 1126 2780 1181 lideli
2813 1125 3144 1195 professione
3190 1126 3571 1196 significatnr‘.
3607 1128 3746 1183 Illud

2156 1234 2286 1289 ergo
2310 1218 2452 1289 quod
2491 1219 2557 1273 de
2579 1232 2688 1273 non
2724 1217 2952 1272 velando
2980 1218 3155 1286 capite
3179 1217 3306 1271 viris
3332 1218 3659 1288 prmcipitur,
3691 1218 3745 1272 in

2156 1325 2382 1381 corpore
2418 1310 2631 1380 quidem
2665 1308 2937 1379 figuratur,
2968 1307 3061 1362 sed
3090 1309 3143 1361 in
3188 1316 3367 1362 mente
3407 1308 3511 1377 agi,
3546 1309 3634 1363 ubi
3662 1318 3748 1363 est

2158 1402 2332 1471 imago
2358 1409 2410 1456 et
2430 1402 2594 1471 gloria
2620 1400 2730 1465 Dei,
2762 1399 2924 1453 verba
2953 1399 3065 1468 ipsa
3096 1398 3362 1453 indicant:
3396 1396 3435 1449 ν
3441 1398 3486 1450 ir
3513 1398 3739 1465 quidem,

2158 1492 2345 1561 inquit,
2380 1508 2481 1544 non
2504 1490 2642 1543 debet
2669 1489 2833 1543 velare
2862 1498 3035 1559 caput,
3060 1502 3173 1542 cum
3204 1488 3267 1541 sit
3293 1488 3461 1556 imago
3493 1498 3540 1541 et
3581 1488 3747 1559 gloria

2159 1580 2275 1635 Dei.
2328 1580 2429 1635 Ubi
2464 1572 2655 1635 'autem
2688 1576 2914 1633 sitth
2954 1579 3129 1648 imago
3176 1579 3289 1647 ipse
3337 1578 3592 1642 declarat,
3621 1592 3745 1632 cum

2159 1672 2322 1727 dicit:
2358 1670 2533 1725 Nolite
2572 1672 2770 1725 mentiri
2814 1671 3060 1732 invicem;
3104 1669 3440 1740 exspoliantes
3468 1680 3634 1723 autem
3660 1687 3747 1724 ros

2160 1771 2367 1817 veterem
2405 1762 2655 1817 hominem
2684 1778 2795 1815 cum
2834 1760 3026 1813 actibus
3073 1762 3201 1830 ejus,
3235 1759 3428 1813 induite
3453 1777 3635 1814 novum
3662 1763 3749 1831 qui

2160 1864 2430 1908 renovatur
2473 1855 2528 1908 in
2555 1854 2859 1925 agnitionem
2889 1851 2979 1905 Dei
3018 1853 3294 1906 secundum
3335 1854 3610 1924 imaginem
3638 1855 3752 1927 ejus

2161 1947 2247 2014 qui
2271 1945 2454 1999 creavit
2475 1960 2587 1999 eum
2613 1942 2832 2015 (Coloss.
2851 1959 2925 2007 ut,
2957 1942 2990 1997 9
3015 1952 3059 1997 et
3082 1940 3191 2014 10).
3225 1943 3353 2009 Quis
3380 1944 3582 1998 dubitet
3609 1944 3751 2000 hanc

2162 2035 2559 2090 renovationem
2588 2035 2639 2087 in
2666 2042 2844 2088 mente
2870 2033 3024 2087 fieri?
3054 2033 3160 2089 Sed
3191 2042 3244 2088 ct
3273 2035 3361 2104 qui
3390 2034 3619 2101 dubitat,
3653 2052 3751 2091 au-

2164 2126 2275 2181 diat
2298 2126 2620 2195 apertiorem
2642 2123 2982 2178 sententiam.
3010 2124 3206 2179 Eadem
3232 2125 3426 2196 quippe
3450 2126 3749 2183 admonens

2165 2218 2234 2272 ita
2263 2216 2391 2271 dicit
2417 2216 2523 2271 alio
2549 2215 2666 2269 Ioco
2691 2232 2705 2269 :
2739 2214 2887 2270 Sicut
2912 2225 2982 2269 est
3008 2216 3191 2271 veritas
3228 2217 3284 2270 in
3321 2217 3463 2283 Iesu,
3493 2218 3750 2290 deponere

2165 2324 2250 2364 vos
2275 2307 2552 2363 secundum
2597 2308 2815 2378 priorem
2858 2308 3285 2362 conversationem
3327 2319 3540 2363 veterem
3578 2312 3753 2365 homi-

2166 2416 2312 2466 nem,
2355 2415 2469 2455 eum
2528 2400 2616 2470 qui
2667 2399 3008 2468 corrumpitur
3060 2399 3336 2453 secundum
3386 2400 3757 2469 concupiscen-

2167 2494 2263 2547 tias
2300 2492 2648 2560 deceptionis;
2686 2491 2997 2545 renovamini
3026 2501 3192 2545 autem
3230 2493 3412 2562 spiritu
3450 2495 3634 2549 mentis
3672 2512 3759 2548 re-

2165 2595 2302 2651 strte,
2348 2593 2393 2639 et
2422 2584 2616 2638 induite
2659 2599 2842 2637 novum
2886 2583 3158 2647 hominem,
3204 2600 3318 2637 eum
3354 2585 3441 2657 qui
3478 2588 3756 2640 secundum

2167 2675 2331 2729 Deum
2372 2683 2569 2728 creatus
2621 2683 2694 2727 est
2736 2671 2948 2744 (Ephes.
2994 2689 3066 2740 tv,
3123 2673 3188 2728 21
3226 2673 3343 2747 24).
3398 2674 3536 2743 Quid
3590 2682 3758 2747 ergo?

2168 2767 2417 2821 mulieres
2442 2781 2546 2820 non
2584 2764 2781 2821 habent
2814 2766 2951 2820 hanc
2979 2764 3373 2821 innovationem
3417 2772 3637 2833 mentis,
3662 2770 3754 2823 uhi

2168 2869 2251 2916 est
2293 2861 2466 2930 imago
2504 2859 2640 2915 Dei?
2684 2858 2816 2927 Quis
2846 2857 2949 2914 hoc
2978 2858 3211 2914 dixerit?
3256 2859 3364 2915 Sed
3399 2860 3647 2931 corporis
3674 2864 3757 2916 sui

2168 2967 2297 3007 sexu
2328 2968 2432 3007 non
2455 2967 2573 3007 eam
2602 2951 2938 3022 significant:
2966 2960 3247 3021 prOpterea
3285 2951 3451 3007 velari
3471 2952 3754 3022 jubentur.

2169 3046 2316 3100 Illam
2339 3046 2532 3116 quippe
2560 3044 2862 3115 significant
2886 3053 3115 3114 partem,
3138 3059 3204 3099 eo
3230 3044 3345 3114 ipso
3373 3060 3477 3115 quo
3503 3047 3758 3101 mulieres

2169 3148 2311 3202 sunt,
2357 3155 2475 3208 quae
2518 3137 3019 3207 concupiscentialis
3064 3136 3169 3192 dici
3220 3146 3417 3209 potest,
3466 3139 3552 3193 cui
3603 3154 3760 3194 mens

2170 3229 2491 3295 dominatur,
2523 3229 2684 3283 etiam
2717 3228 2828 3298 ipsa
2854 3227 3061 3282 subdita
3094 3227 3209 3282 Deo
3253 3242 3376 3294 suo,
3406 3229 3620 3298 quando
3667 3245 3760 3284 re-

2169 3324 2406 3379 ctissime
2442 3332 2496 3378 et
2533 3321 2929 3377 ordinatissime
2968 3320 3182 3375 vivitur.
3215 3319 3367 3389 Quod
3404 3336 3534 3391 ergo
3575 3331 3659 3376 est
3706 3323 3758 3376 in

2171 3430 2277 3469 uno
2304 3413 2518 3469 homine
2544 3428 2697 3467 mens
2722 3420 2776 3466 et
2802 3412 3230 3481 concupiscentia
3259 3411 3383 3483 (illa
3421 3414 3563 3467 enim
3595 3417 3759 3484 regit,

2174 3508 2287 3562 hmc
2326 3508 2561 3578 regitur;
2614 3506 2702 3560 illa
2731 3504 3054 3571 dominatur,
3085 3505 3201 3560 haec
3241 3504 3537 3578 subditur),
3571 3506 3675 3562 hoc
3706 3509 3760 3562 in

2172 3601 2379 3656 duobus
2406 3599 2728 3661 hominibus,
2752 3600 2868 3653 viro
2897 3608 2951 3653 et
2976 3599 3220 3665 muliere,
3250 3599 3541 3654 secundum
3572 3616 3761 3656 sexum

2172 3692 2414 3761 corporis
2443 3690 2717 3760 figuratur.
2747 3690 2823 3745 De
2847 3704 2952 3759 quo
2981 3698 3317 3744 sacramento
3353 3690 3575 3761 loquens
3612 3693 3761 3760 Apoo

2173 3782 2342 3837 stolus
2389 3780 2536 3849 dicit,
2578 3781 2749 3835 virum
2799 3794 2905 3835 non
2955 3779 3152 3835 debere
3198 3781 3380 3846 velari,
3424 3779 3519 3836 sed
3560 3781 3761 3839 debere

2176 3874 2474 3928 mulierem.
2532 3871 2705 3927 Tanto
2752 3871 2894 3925 enim
2948 3871 3232 3941 gloriosius
3280 3887 3431 3927 mens
3479 3868 3544 3927 ad
3595 3886 3760 3943 supe-

2176 3967 2315 4022 riora
2360 3974 2727 4036 promovetur,
2757 3972 2954 4032 quanto
2984 3962 3285 4033 diligentius
3318 3963 3385 4017 ab
3423 3962 3767 4019 inferioribus

2175 4056 2602 4126 concupiscentia
2655 4054 2967 4119 cohibetur;
3022 4053 3193 4108 donec
3240 4061 3383 4108 totus
3424 4052 3587 4109 homo
3637 4069 3764 4109 cum

2178 4148 2293 4218 ipso
2324 4146 2485 4202 etiam
2527 4145 2740 4201 mortali
2770 4158 2912 4200 nunc
2944 4152 2999 4200 et
3037 4144 3205 4215 fragili
3234 4158 3460 4214 corpore
3484 4145 3537 4199 in
3575 4159 3769 4201 resur-

2179 4242 2417 4296 rectione
2444 4238 2730 4294 novissima
2757 4236 3155 4308 incorruptione
3177 4246 3336 4310 atque
3363 4238 3772 4297 immortalitate

2178 4331 2445 4395 induatur,
2474 4340 2528 4385 et
2565 4330 2914 4384 absorbeatur
2959 4343 3105 4384 mors
3144 4329 3197 4384 in
3226 4331 3504 4386 victoriam
3554 4330 3607 4402 (I
3637 4330 3765 4387 Cor.

2180 4438 2270 4489 xv,
2310 4420 2423 4489 54).

2249 4508 2473 4566 CAPUT
2512 4509 2751 4564 XXXIII.
2766 4511 2907 4566 —H
2923 4552 2935 4563 .
2958 4509 3128 4565 Bonos
3138 4512 3382 4581 quosdam
3396 4512 3603 4566 crinitos
3614 4522 3771 4583 rogat

2181 4614 2237 4657 ut
2282 4601 2493 4673 capillos
2546 4602 2751 4657 rodant.
2779 4602 3114 4672 Quapropter
3133 4604 3221 4673 qui
3264 4610 3409 4659 recta
3459 4603 3634 4658 facere
3675 4619 3773 4658 no-

2184 4695 2317 4761 lunt,
2348 4693 2593 4748 desinant
2625 4693 2811 4748 saltem
2841 4694 3035 4749 doccre
3063 4708 3336 4764 perversa.
3366 4694 3472 4750 Sed
3511 4696 3598 4750 alii
3619 4707 3774 4757 sunt.

2183 4801 2318 4856 quos
2356 4789 2458 4839 isto
2502 4800 2748 4839 sermone
2772 4786 3089 4855 corripimus
3106 4788 3128 4819 ⁸
3152 4803 3166 4840 :
3200 4786 3319 4841 illos
3346 4796 3523 4843 autem
3551 4789 3640 4858 qui
3668 4788 3781 4845 hoc

2185 4893 2292 4933 uno
2317 4878 2445 4932 vitio
2468 4876 2784 4946 capillorum
2823 4885 3010 4932 contra
3052 4886 3375 4949 praeceptum
3418 4878 3779 4949 apostolicum

2186 4974 2537 5030 demissorum
2565 4974 2839 5031 offendunt
2864 4983 2920 5030 et
2945 4975 3260 5045 perturbant
3286 4975 3580 5030 Ecclesiam
3608 4990 3623 5027 :
3648 4977 3784 5046 quia

2187 5080 2307 5119 cum
2332 5065 2420 5119 alii
2442 5065 2683 5119 nolentes
2708 5064 2775 5119 de
2804 5064 2909 5119 illis
2936 5064 3062 5119 mali
3091 5064 3291 5135 aliquid
3321 5065 3538 5129 sentire,
3560 5080 3778 5136 cogun-

2189 5164 2274 5210 tur
2299 5156 2575 5211 manifesta
2592 5156 2752 5210 verba
2782 5156 3018 5226 Apostoli
3041 5156 3093 5210 in
3123 5170 3426 5226 perversam
3452 5156 3791 5227 detorquere

2190 5247 2532 5313 sententiam,
2563 5247 2653 5301 alii
2681 5261 2869 5301 sanum
2896 5247 3220 5302 intellectum
3254 5247 3650 5317 Scripturarum
3677 5249 3789 5304 de-

2190 5337 2407 5394 fendere
2452 5338 2674 5403 malunt,
2698 5352 2854 5407 quam
2901 5337 3171 5407 quoslibet
3208 5335 3452 5392 homines
3496 5337 3719 5394 adularc
3737 5338 3788 5403 ³,

2188 5429 2423 5483 existunt
2462 5428 2599 5483 inter
2642 5427 2832 5481 fratres
2875 5426 3195 5483 infirmiores
3223 5437 3281 5483 et
3324 5428 3589 5482 firmiores
3626 5444 3791 5482 ama-

2191 5521 2416 5574 rissima:
2454 5528 2507 5574 et
2551 5519 3014 5589 periculosissime
3059 5520 3477 5575 contentiones:
3516 5521 3661 5590 quod
3710 5522 3793 5577 illi

2193 5612 2326 5665 forte
2349 5612 2392 5665 si
2423 5610 2637 5675 scirent,
2670 5610 2772 5664 hoc
2799 5626 3011 5680 quoque
3037 5612 3154 5666 sine
3182 5611 3516 5666 dubitatione
3541 5613 3791 5682 corrige-

2193 5711 2327 5767 rent,
2357 5718 2584 5772 quorum
2612 5712 2804 5757 cmtera
2828 5703 3086 5757 miramur
3113 5711 3168 5758 et
3194 5718 3470 5759 amamus:
3498 5703 3623 5759 illos
3649 5720 3793 5775 ergo

2256 5837 2274 5905 ξ
2306 5841 2359 5905 in
2375 5842 2501 5894 Mss,
2524 5834 2755 5905 signatur.

2254 5898 2275 5928 ¹
2305 5903 2431 5955 Mss,
2457 5898 2758 5959 corrigimus.

2259 5959 2277 5990 ³
2310 5960 2381 6008 sic
2404 5951 2506 6007 diss.
2535 5951 2717 6009 After.
2744 5958 3021 6019 quibuslibet
3042 5961 3303 6014 hominibus
3328 5960 3541 6014 adulari.
