4078 6518
269 424 364 479 581

949 421 1035 477 DE
1077 420 1512 478 DlVlNATIONB
1551 421 1927 494 DEMONUM,
1973 425 2030 481 S.
2071 425 2441 484 AUGUSTINI
2477 427 2682 487 lemt
2724 436 2922 489 UtVUS.

3473 440 3581 498 882

267 555 375 596 non
421 538 750 609 corripimus
771 579 786 604 ,
816 536 910 592 sed
942 551 1193 608 rogamus
1222 544 1276 591 et
1300 537 1644 592 obsecramus
1675 552 1771 607 per
1795 537 1878 593 di-
1979 552 2048 594 eo
2073 539 2175 594 sibi
2196 541 2645 610 perseverandum
2668 558 2788 599 esse
2813 545 3136 615 putaverint,
3168 549 3299 606 nihil
3323 550 3470 609 aliud
3489 554 3576 610 fa-

267 631 546 686 vinitatem
589 640 644 694 et
682 629 1064 685 humanitatem
1093 629 1316 696 Christi,
1345 638 1400 686 et
1429 645 1527 702 per
1555 630 1872 686 charitatem

267 723 498 794 Spiritus
540 723 734 790 sancti,
765 737 833 777 ne
880 721 1018 776 ultra
1057 721 1168 792 jam
1218 730 1417 793 ponant
1451 723 1555 778 hoc
1579 723 1874 780 offendicu-

267 815 374 872 lum
399 815 650 882 inﬁrmis,
677 830 774 886 pro
798 815 990 886 quibus
1010 813 1256 870 Christus
1287 825 1529 870 mortuus
1559 824 1661 884 est,
1689 826 1742 872 et
1769 816 1870 872 do-

268 907 437 964 iorem
488 907 894 976 cruciatumque
937 906 1107 960 nostri
1157 905 1334 961 cordis
1373 914 1714 976 exaggerent,
1746 921 1868 962 cum

266 1001 562 1072 cogitamus
589 1008 792 1069 quanto
823 998 1111 1068 proclivius
1140 997 1241 1053 hoc
1268 997 1466 1052 malum
1493 998 1561 1052 ad
1591 998 1866 1069 decipien-

263 1093 360 1148 dos
386 1092 640 1147 homtnes
667 1091 862 1146 imitari
894 1090 1102 1160 possint
1126 1089 1273 1157 mali,
1306 1106 1428 1146 cum
1472 1091 1525 1146 in
1550 1090 1629 1146 eis
1661 1092 1763 1146 hoc
1792 1091 1868 1145 vi-

263 1184 392 1240 dent
419 1199 556 1255 quos
583 1196 803 1255 propter
825 1183 928 1237 alia
955 1191 1098 1237 tanta
1125 1184 1260 1238 bona
1284 1183 1478 1238 debitis
1499 1183 1694 1240 officiis
1720 1184 1865 1239 chri-

264 1278 452 1332 stiana:
498 1276 807 1332 dilectionis
853 1274 1202 1330 honoramus.
1252 1275 1408 1343 Quod
1463 1276 1509 1332 si
1560 1285 1679 1347 post
1726 1275 1865 1331 hanc

263 1367 688 1422 admonitionem
719 1367 802 1421 vel
834 1367 1011 1436 potius
1047 1367 1474 1422 obsecrationem
1520 1376 1759 1422 nostram
1807 1369 1862 1423 in

867 1487 1026 1494 “—

961 1525 1278 1534 ψ*-

1979 630 2186 686 ciemus
2214 647 2373 702 quam
2399 632 2702 690 dolebimus
2742 647 2798 692 et
2832 653 3128 708 gememus.
3161 641 3275 698 Hoc
3304 646 3574 715 noverint,

1977 723 2211 779 sufﬁcit:
2241 724 2287 779 si
2318 727 2459 780 servi
2496 727 2593 781 Dei
2638 738 2792 796 sunt,
2826 731 3177 800 miserentur;
3204 736 3248 789 si
3276 753 3382 791 non
3408 738 3575 794 mise-

1975 825 2182 881 rentur,
2225 819 2351 871 nolo
2392 816 2681 888 quidquam
2730 821 2946 889 gravius
2983 822 3182 879 dicere.
3222 825 3347 881 Hmc
3395 829 3575 899 itaque

1975 906 2157 960 omnia
2189 907 2243 962 in
2273 907 2468 978 quibus
2495 908 2722 964 fortasse
2759 910 3034 982 loquacior
3063 914 3156 976 fui,
3187 933 3344 986 quam
3377 919 3579 974 vellent

1974 999 2354 1068 occupationes
2380 1011 2435 1055 et
2465 1009 2569 1056 tua:
2595 1009 2649 1056 et
2679 1017 2833 1067 mete,
2859 1004 2903 1058 si
2931 1005 3216 1074 approbas,
3249 1006 3331 1062 fac
3361 1009 3575 1065 innote-

1971 1103 2123 1166 scere
2149 1089 2403 1146 fratribus
2436 1100 2490 1147 et
2527 1092 2650 1147 ﬁliis
2683 1095 2902 1161 nostris,
2935 1106 3152 1164 propter
3175 1115 3309 1166 quos
3341 1101 3471 1154 mihi
3509 1117 3568 1156 es

1973 1182 2077 1239 hoc
2102 1198 2241 1239 onus
2273 1184 2523 1256 dignatus
2550 1187 2860 1258 imponere:
2885 1189 2930 1242 si
2959 1200 3137 1245 autem
3165 1190 3365 1261 aliquid
3396 1202 3568 1247 retra-

1971 1277 2208 1332 hendum
2228 1279 2311 1333 vel
2337 1280 2729 1336 emendandum
2751 1280 2981 1348 videtur,
3008 1282 3284 1354 rescriptis
3307 1291 3412 1339 tua:
3428 1284 3568 1341 Bea-

1971 1369 2212 1426 titudinis
2236 1373 2502 1426 noverim.

1993 1529 2334 1537 ἡ*

2347 1531 2732 1539 -—————_—..—

2736 1533 2886 1540 *-

2918 1533 3064 1540 ———..

3069 1534 3154 1542 _—

339 1584 419 1644 In
447 1582 681 1664 librum
709 1583 787 1645 de
815 1576 1659 1664 Divinationehdtemonum,
1686 1582 1826 1644 vide
1851 1584 1962 1646 lib.
1987 1583 2049 1655 2,
2084 1603 2220 1664 cap.
2263 1585 2364 1657 30,
2419 1588 2973 1650 Retractationum
2997 1634 3014 1663 ,
3069 1591 3190 1652 col.
3236 1589 3378 1661 6&3,
3417 1611 3566 1654 ver-

264 1661 527 1752 bis,_Per
559 1663 1012 1752 idem_te£npus
1066 1662 1493 1752 acciditlmihi
1544 1681 1624 1724 ex
1683 1664 1965 1741 quadam
2008 1661 2444 1742 disputatione
2479 1669 2822 1730 necessitas
2880 1661 3006 1750 (a),
3032 1689 3222 1752 usque
3250 1672 3332 1733 ad
3356 1672 3566 1746 verba,

261 1742 502 1805 Diebus
534 1743 778 1804 sanctis
809 1742 1224 1804 Octavarum.
1310 1741 1400 1804 M.

321 1844 396 1909 (a)
430 1845 507 1894 sic
546 1845 725 1896 indicat
748 1846 1042 1909 Augustinus
1079 1845 1333 1909 pertinere
1355 1844 1485 1894 hunc
1506 1843 1683 1909 librum
1719 1845 1780 1894 ad
1805 1842 1923 1894 illud
1942 1845 2095 1909 idem
2117 1851 2442 1909 tempusque
2463 1847 2678 1909 vulgavit
2706 1847 2938 1909 opuscula
2976 1858 3143 1902 contra
3171 1852 3444 1902 Donatistas
3462 1865 3491 1903 a
3510 1868 3569 1906 se

262 1903 487 1974 proxime
511 1915 629 1974 ante
662 1903 910 1974 recensita
925 1943 940 1969 ,
976 1903 1094 1970 quas"
1112 1907 1346 1968 temporis
1366 1913 1482 1956 sunt
1501 1903 1814 1957 collationem
1834 1903 2266 1970 Carthagiuenseiu
2287 1903 2535 1972 alit'juanto
2547 1903 2902 1974 przecedentis,
2919 1913 3052 1962 inter
3071 1926 3252 1963 annum
3271 1903 3568 1966 scilicet

878 2140 1022 2255 ε.
1097 2142 1860 2255 AUBELII
1930 2143 2936 2260 AUGUSTINI

1459 2331 1975 2396 HIPPONENSIS
2014 2333 2369 2398 EPISCOPI

431 2501 706 2644 DE
829 2493 1524 2646 DIVINA
1547 2492 2160 2642 TIONE
2277 2495 3386 2648 DXEMONUM

1349 2715 1830 2827 LIBER
1919 2715 2464 2830 UNDE“).

1683 2894 2110 2938 -ο-ῢῦὓ-οο-ειε-ε-ο-

265 1967 316 2016 et
337 1968 424 2018 411
453 1967 755 2020 collocanda.

256 3013 589 3063 Divinationes
614 3010 890 3086 dtemonunt
916 3019 1099 3121 etquze
1120 3010 1178 3061 ad
1216 3024 1384 3061 eorum
1407 3008 1590 3086 cultum
1613 3009 1885 3074 pertinent,
1918 3019 2016 3080 non
2039 3007 2152 3057 ideo
2174 3015 2315 3060 recte
2346 3009 2471 3084 ﬁeri,
2495 3012 2609 3075 quia
2640 3012 2734 3061 nisi
2772 3017 2876 3063 Deo
2900 3014 3096 3066 sinente
3122 3027 3221 3066 non
3263 3014 3400 3067 liunt.
3434 3015 3568 3066 Unde

849 3082 949 3121 smt
971 3073 1000 3121 ll
1025 3087 1067 3121 az
1083 3074 1360 3121 dtemonum
1380 3072 1724 3121 divtnatlones.
1745 3082 1898 3121 curve
1922 3070 2168 3120 Interdum
2191 3083 2341 3121 verte.
2367 3071 2485 3121 licet
2507 3071 2799 3121 ulerumaue
2827 3072 2978 3121 falsae.

849 3075 949 3124 sint
971 3075 984 3123 i

1025 3087 1067 3124 ω
1083 3074 1360 3123 ατυιηοιιυιη
1380 3069 1724 3132 divinationes,
1745 3082 1898 3121 curve
1922 3069 2168 3120 interdum
2191 3083 2341 3134 verte,
2367 3069 2485 3123 licet
2505 3069 2799 3138 plerumque
2827 3072 2978 3126 falsas.

328 3199 558 3258 CAPUT
589 3199 964 3257 PRlllUM.-——
985 3201 1032 3255 l.
1062 3197 1274 3254 Occasio
1287 3198 1539 3254 scribendi
1551 3196 1855 3269 lntjuslibri.
1930 3207 2168 3262 unum
2197 3198 2525 3269 justissimus
2555 3198 2695 3254 Deus
2730 3217 2746 3255 :
2772 3215 2894 3254 nam
2925 3209 2978 3256 et
3003 3200 3108 3256 alia
3137 3201 3304 3257 multa
3336 3203 3566 3262 manife-

261 3290 384 3346 Non
415 3295 587 3348 statim
615 3305 805 3348 rectum
829 3292 967 3363 quod
994 3291 1130 3346 Dens
1159 3291 1419 3363 permittit.
1444 3288 1511 3344 In
1536 3290 1683 3344 rebus
1708 3289 1860 3344 etiam

258 3385 328 3438 ad
349 3387 610 3458 religionis
640 3385 832 3439 cullunt
879 3385 1240 3456 pertinentibus
1279 3384 1500 3454 permitti
1539 3400 1571 3437 a
1610 3381 1717 3436 Deo
1746 3397 1861 3454 quae

259 3477 358 3545 ipsi
413 3477 702 3547 displicent.
744 3475 984 3544 Quodam
1034 3475 1121 3530 die
1168 3475 1222 3529 in
1251 3474 1443 3529 diebus
1469 3473 1667 3528 sanctis
1695 3470 1859 3528 Octa-

258 3584 446 3622 varum
479 3569 576 3640 (b),
609 3584 730 3623 cum
761 3583 918 3624 mane
946 3567 1087 3638 apud
1118 3583 1204 3623 me
1248 3567 1504 3623 adessent
1550 3565 1704 3621 multi
1748 3564 1859 3619 fra-

197 3717 202 3724 ,
259 3667 370 3712 tres
400 3659 520 3715 laici
548 3658 859 3725 Christiani,
892 3668 949 3715 et
985 3659 1037 3713 in
1066 3659 1186 3714 loco
1215 3659 1374 3713 solito
1402 3656 1857 3723 consedissemus,

256 3761 410 3805 ortus
433 3751 1090 3834 cW.O_Qgr9ligiottc
1110 3750 1413 3807 Christiana
1440 3749 1698 3834 adversus
1719 3764 1860 3820 prae-

257 3845 1002 3922 sumptionemueuauquamm
1012 3844 1207 3898 miram
1219 3852 1292 3899 'et‘
1305 3849 1559 3914 magnam
1581 3842 1860 3912 scientiam

261 3934 635 4005 Pagagmrum;
669 3950 829 4006 quem
860 3935 1201 3990 recordatum
1231 3942 1393 4006 atque
1415 3933 1741 4004 completum
1771 3933 1860 3988 lit-

262 4032 394 4084 teris
425 4027 786 4084 mandandum
814 4029 1016 4100 putavi,
1047 4044 1152 4084 non
1183 4027 1455 4098 expressis
1484 4027 1860 4083 contradicen-

261 4119 395 4174 timn
444 4120 709 4191 personis,
750 4121 993 4192 quamvis
1037 4120 1324 4176 Christiani
1367 4128 1579 4188 essent,
1609 4128 1665 4176 et
1694 4121 1863 4192 magis

257 4210 685 4267 contradicendo
720 4226 965 4283 qumrere
1001 4212 1312 4268 viderentur
1349 4211 1476 4283 quid
1524 4212 1751 4284 Paganis
1779 4228 1864 4269 re-

256 4304 517 4375 sponderi
555 4312 847 4374 oporterct.
877 4302 1012 4360 Cum
1042 4320 1170 4376 ergo
1203 4303 1273 4360 de
1298 4303 1626 4360 divinatione
1655 4305 1861 4360 daemo-

257 4413 393 4453 num
432 4405 786 4469 quaereretur,
831 4407 885 4453 ct
925 4395 1289 4452 afﬁrmaretur
1328 4395 1642 4468 prmdixisse
1682 4398 1863 4452 nescio

261 4503 452 4559 quem,
481 4488 818 4568 eversionem
849 4487 1032 4559 templi
1059 4487 1297 4559 Serapis,
1315 4503 1434 4558 qua:
1463 4487 1515 4543 in
1543 4488 1863 4545 Alexandria

260 4582 402 4637 facta
427 4589 539 4648 est;
571 4580 846 4652 respondi,
874 4596 980 4636 non
1006 4595 1126 4637 esse
1156 4580 1458 4636 mirandum
1475 4582 1519 4635 si
1537 4580 1692 4636 istam
1713 4597 1866 4637 ever-

258 4674 471 4730 sionem
513 4673 701 4744 templi
731 4682 785 4728 et
810 4671 1080 4728 simulacri
1112 4672 1192 4726 sui
1221 4671 1501 4727 imminere
1520 4672 1860 4744 Ldmmones,

256 4778 318 4843 et
357 4764 930 4844 scire‘ctfprtcdicere
976 4772 1294 4837 potuerunt,
1346 4765 1483 4835 sicut
1527 4765 1629 4820 alia
1675 4765 1863 4832 multa,

258 4870 524 4932 quantum
541 4844 634 4936 eis
666 4873 826 4913 nosse
852 4866 907 4913 et
937 4855 1294 4930 przenuutiarc
1325 4856 1668 4927 permittitur.

332 4954 388 5008 2.
420 4952 489 5008 Et
532 4937 824 5007 eum-mibi
870 4949 1180 5016 referretur,
1213 4949 1866 5021 Nomergo-suntmalte

257 5040 960 5125 divinationesjujusmodi
978 5057 1121 5108 anet;
1151 5041 1263 5107 Deo
1290 5040 1601 5112 displicent;
1629 5041 1864 5111 alioquin

255 5136 612 5208 omnipotens
659 5144 712 5190 ct
755 5134 933 5204 justus
972 5133 1074 5188 ista
1121 5132 1236 5187 ﬁeri
1281 5147 1388 5187 non
1428 5133 1781 5202 permitteret,
1820 5131 1865 5186 si

253 5233 403 5288 mala
430 5238 486 5285 et
512 5228 705 5300 injusta
727 5236 908 5282 essent
933 5244 944 5280 :
969 5224 1534 5308 respondiL’QQ'njtleo
1699 5224 1864 5308 videri

1214 5291 1534 5315 Ιθ--α-ᾙ---η
1551 5300 1578 5304 .-

851 5384 896 5389 __
913 5381 981 5386 —-.—.
997 5382 1110 5389 ,ἣ-

257 5327 400 5395 insta
419 5304 1381 5409 debereﬁwgawﬁerivperinittit
1407 5304 1880 5400 omnipote‘nlissi-h

1955 3271 2197 3345 ‘stissime
2226 3290 2420 3359 injusta
2451 3290 2586 3358 ﬁeri,
2605 3293 2740 3347 sicut
2761 3292 3069 3360 homicidia,
3090 3295 3376 3364 adulteria,
3401 3299 3560 3364 furta,

1967 3379 2202 3448 rapinas,
2256 3387 2311 3434 et
2357 3389 2553 3436 caetera
2593 3381 2936 3454 hujusmodi,
2976 3400 3096 3456 quae
3149 3389 3392 3457 quamvis
3423 3390 3570 3458 justo

1965 3468 2098 3535 Deo,
2131 3483 2195 3524 eo
2239 3471 2380 3539 quod
2429 3471 2624 3542 injusta
2673 3483 2817 3540 sunt,
2851 3475 2969 3530 sine
3012 3474 3343 3533 dubitatione
3378 3479 3570 3551 displi-

1964 3567 2156 3626 ceant;
2186 3559 2326 3614 idem
2359 3570 2536 3618 tamen
2563 3564 2906 3633 omnipotens
2943 3581 3004 3620 ea
3041 3566 3154 3621 ﬁeri
3205 3579 3348 3623 certa
3383 3568 3569 3640 judicii

1965 3653 2048 3707 sui
2077 3653 2282 3707 ratione
2305 3653 2598 3723 permittit;
2629 3671 2738 3710 non
2769 3656 2954 3727 utique
2991 3657 3227 3728 impune,
3265 3659 3359 3714 sed
3386 3660 3452 3715 ad
3472 3677 3568 3716 eo-

1965 3758 2084 3797 rum
2127 3743 2546 3812 damnationem,
2593 3759 2624 3798 a
2673 3744 2866 3815 quibus
2917 3747 3052 3802 ﬁunt
3101 3763 3222 3818 quae
3282 3748 3571 3820 displicent

1962 3835 2130 3906 justo.
2398 3856 2400 3858 ν
2771 3828 2776 3830 ’

2038 3930 2092 3985 3.
2125 3929 2334 3984 Etcum
2364 3943 2396 3985 e
2424 3929 2694 3985 contrario
2722 3929 3012 3997 diceretur,
3046 3944 3152 3985 non
3190 3930 3404 4001 quidem
3442 3947 3565 3988 esse

1967 4019 2318 4075 dubitandum
2347 4018 2489 4091 quod
2521 4019 2861 4090 omnipotens
2889 4029 2944 4076 et
2965 4020 3144 4090 justus
3172 4021 3241 4076 sit
3268 4020 3410 4078 Deus
3434 4039 3446 4075 :
3471 4023 3568 4078 scd

1967 4112 2084 4167 haec
2113 4112 2344 4166 humana
2374 4121 2623 4183 peccata,
2651 4127 2770 4181 qure
2813 4119 3000 4167 contra
3034 4112 3349 4168 societatem
3398 4113 3570 4167 homi-

1969 4221 2095 4261 num
2123 4204 2331 4271 ﬁerent,
2361 4219 2470 4258 non
2500 4219 2622 4260 eum
2652 4219 2843 4260 curare
2887 4203 3010 4259 dum
3042 4203 3251 4273 ﬁerent,
3279 4215 3570 4278 propterea

1969 4316 2032 4356 ea
2061 4314 2217 4370 posse
2240 4297 2389 4376 ﬁeri;
2419 4313 2539 4370 qua:
2565 4298 2746 4369 utique
2774 4297 2887 4354 ﬁeri
2917 4313 3021 4353 non
3047 4308 3288 4369 possent,
3316 4301 3360 4355 si
3388 4301 3566 4356 omni-

1970 4402 2158 4463 potens
2180 4406 2286 4448 non
2309 4391 2524 4448 sivisset
2547 4409 2560 4447 :
2581 4391 2669 4446 illa
2696 4407 2824 4448 vero
2850 4408 2969 4463 qua:
2995 4392 3062 4448 ad
3092 4392 3266 4463 ipsum
3297 4394 3571 4464 religionis

1968 4486 2169 4541 cultum
2200 4485 2488 4557 pertinent,
2521 4485 2670 4541 nullo
2705 4485 2867 4540 modo
2896 4485 2964 4542 ab
2993 4501 3059 4542 eo
3086 4485 3416 4542 credendum
3448 4502 3571 4543 esse

1967 4579 2270 4645 contemni;
2295 4594 2359 4634 ac
2388 4594 2484 4649 per
2521 4579 2623 4634 hoc
2669 4578 2782 4634 ﬁeri
2821 4593 2926 4635 non
2954 4578 3212 4650 potuisse.
3250 4579 3351 4634 nisi
3377 4580 3425 4634 ei
3455 4581 3571 4650 pla-

1969 4673 2226 4740 euissent,
2251 4681 2304 4728 et
2331 4670 2453 4726 ideo
2483 4685 2546 4726 ea
2576 4671 2713 4727 mala
2736 4671 2908 4742 putari
2939 4687 3045 4727 non
3069 4680 3352 4742 oportere:
3373 4673 3440 4726 ad
3469 4672 3570 4728 hoc

1968 4779 2181 4835 quoque
2211 4761 2461 4834 respondi
2487 4780 2500 4816 :
2525 4761 2676 4817 Nunc
2703 4776 2832 4834 ergo
2862 4762 2911 4818 ei
2943 4762 3250 4832 displicent,
3283 4778 3404 4818 cum
3437 4771 3574 4817 tem-

1970 4856 2056 4925 pla
2085 4865 2140 4910 et
2177 4854 2463 4910 simulacra
2492 4862 2825 4920 evertuntur,
2867 4863 2921 4909 et
2963 4855 3052 4910 illa
3079 4854 3330 4911 Gentium
3361 4855 3572 4910 sacriﬁ-

1969 4947 2074 5013 cia,
2114 4945 2161 5002 si
2202 4945 2339 5001 facta
2388 4943 2609 5010 fuerint,
2650 4945 2963 5018 puniuntur.
2998 4945 3149 5001 Sicut
3188 4946 3332 5000 enim
3375 4944 3574 5000 dicitur

1972 5057 2079 5096 non
2125 5056 2190 5098 ea
2241 5041 2355 5096 ﬁeri
2397 5040 2655 5112 potuisse,
2691 5039 2794 5094 nisi
2838 5039 2946 5094 Deo
2989 5038 3344 5108 placuissent,
3369 5047 3423 5095 et
3451 5038 3576 5094 ideo

1972 5135 2111 5191 bona
2151 5135 2408 5204 putanda,
2438 5136 2692 5203 quoniam
2720 5133 2868 5202 justo
2895 5132 3140 5201 placent;
3170 5132 3240 5187 ita
3271 5133 3374 5188 dici
3396 5142 3570 5205 potest

1973 5242 2081 5282 non
2105 5242 2168 5281 ea
2194 5225 2487 5295 prohiberi,
2508 5225 2699 5290 everti,
2720 5223 2893 5292 puniri
2925 5223 3182 5291 potuisse,
3209 5225 3309 5279 nisi
3331 5225 3442 5281 Deo
3467 5227 3570 5282 dis-

1977 5317 2238 5388 plicerent
2266 5334 2278 5369 :
2311 5330 2375 5369 ac
2404 5330 2500 5385 per
2525 5314 2629 5369 hoc
2654 5315 2701 5369 si
2723 5321 2848 5368 tunc
2875 5311 2997 5368 ideo
3025 5323 3170 5371 recte
3198 5313 3418 5386 ﬁebant,
3450 5321 3572 5390 quia

1455 5426 1744 5467 ADNONITIO
1779 5427 1862 5466 PP.
1903 5423 2386 5466 BENEDICTINORL’N.

323 5513 470 5563 Liber
492 5509 557 5561 de
577 5510 878 5561 Divinatione
896 5507 1174 5569 dzemonum
1193 5504 1479 5569 reeognitus
1502 5509 1579 5569 est
1601 5504 1661 5553 ad
1687 5501 1997 5569 exemplaria,
2008 5502 2242 5569 Vaticana
2252 5501 2363 5560 tria,
2402 5505 2454 5550 et
2475 5496 2547 5569 ad
2557 5496 2793 5569 Gallicana
2819 5505 3033 5569 septem,
3056 5498 3154 5550 duo
3191 5499 3379 5569 scilicet
3417 5504 3574 5569 Domi:

256 5560 549 5624 nandi-uin
574 5560 914 5621 Parisiensium
938 5568 1014 5620 via
1032 5570 1256 5631 Jacobea,
1280 5560 1513 5632 Navarrici
1536 5567 1769 5632 gymnasii
1790 5560 1962 5632 unum,
1987 5567 2106 5615 item
2130 5564 2347 5632 Regium,
2369 5561 2714 5626 Remigianum,
2731 5560 3066 5614 Michaelinum
3104 5569 3155 5613 et
3169 5562 3499 5625 Floriacense;
3518 5563 3575 5614 ad

263 5636 512 5687 lectiones
535 5635 782 5685 variantes
803 5633 950 5683 trium
973 5627 1278 5696 Belgieorum
1298 5629 1423 5694 apud
1449 5627 1630 5680 bovi'et
1657 5629 1717 5678 ad
1742 5627 1987 5678 editiones
2008 5635 2112 5677 Am.
2138 5633 2210 5674 Er.
2239 5631 2292 5675 et
2308 5633 2418 5676 Lov.

344 5720 868 5804 Comparaoimus
898 5727 1202 5800 prwtcrea
1231 5737 1329 5780 eas
1362 5735 1566 5779 omnes
1592 5715 1893 5778 editiones
1919 5711 2108 5774 initio
2138 5713 2312 5774 Retr.
2344 5719 2396 5770 ct
2423 5707 2709 5773 Confess.
2750 5716 2796 5772 t.
2831 5711 2890 5786 1,
2927 5720 3317 5778 memoratas.
3406 5712 3490 5774 Μ.

329 5828 404 5888 (a)
429 5824 800 5888 scriptusinter
822 5834 1001 5871 annum
1025 5820 1118 5888 406
1143 5827 1195 5870 et
1219 5819 1327 5888 lli.

329 5873 404 5951 {bi
427 5873 634 5938 ocuivas
655 5887 998 5951 baptizauirum
1013 5883 1284 5951 solemnes
1307 5884 1356 5951 in
1391 5881 1625 5951 lfasclrate.
1638 5879 1745 5951 aliis
1760 5873 2151 5951 m_entorat_locis.
2177 5877 2294 5929 Vide
2318 5883 2480 5928 notam
2503 5875 2561 5926 ad
2585 5889 2864 5929 sermonem
2887 5875 2994 5938 260,
3017 5881 3130 5927 tom.
3159 5875 3206 5924 3.

336 5943 352 5985 ί
391 5943 467 6002 Sic
489 5956 600 6000 uss.
627 5955 683 6000 At
708 5943 848 6007 editi,
870 5945 1162 5997 eversionem
1186 5943 1352 6003 templi
1374 5943 1650 5996 simulacris
1669 5943 1768 5994 suis
1799 5943 2062 5991 imminen-
