4078 6520
487 456 594 512 583

481 575 628 644 justo
657 568 764 623 Deo
795 563 1005 636 placere
1033 558 1158 615 hinc
1198 552 1640 617 ostendebantur,
1682 545 1824 619 quod
1873 544 1940 644 ab
1972 540 2082 644 illo

488 633 599 716 ﬁeri
640 633 982 717 sinebantur;
1016 650 1137 705 ideo
1177 661 1319 702 nunc
1369 645 1549 714 inique
1602 641 1752 703 ﬁunt,
1806 635 1928 707 quia
1972 633 2082 687 Deo

484 752 771 821 displicere
820 747 947 802 hinc
982 742 1357 804 ostenduntur,
1407 735 1549 807 quod
1588 749 1651 789 ea
1696 732 1779 786 vel
1818 729 1970 801 jubet
1994 726 2081 781 vel

488 843 746 914 permittit
774 838 963 894 everti.

564 931 788 987 CAPUT
828 929 891 984 ll.
920 927 1055 981 -4.
1092 922 1361 991 Sacriﬁcia
1392 912 1970 991 Paganormnnonideo
1986 926 2083 980 pu-

489 1026 647 1079 tanda
678 1025 829 1086 bona,
863 1022 982 1090 quia
1008 1036 1067 1073 ea
1096 1018 1206 1088 ﬁeri
1240 1015 1374 1068 Deus
1403 1030 1500 1065 non
1518 1009 1790 1081 impedivit.
1826 1004 2085 1059 Permissa

489 1135 597 1172 esse
618 1116 678 1170 ab
702 1115 1058 1185 omnipotente,
1088 1126 1201 1183 qua:
1221 1110 1281 1163 ab
1307 1107 1477 1161 eodem
1496 1106 1640 1176 justo
1661 1100 2083 1171 improbarentur.

497 1206 837 1276 Ponti/icales
860 1204 974 1259 libri
994 1217 1256 1256 sacrorum
1287 1203 1643 1269 profanorum.
1681 1190 1817 1259 Quid
1847 1191 2088 1243 hactenus

493 1308 829 1368 compertum,
863 1294 986 1365 quid
1015 1291 1337 1346 tractandum
1371 1289 1624 1356 deinceps.
1655 1284 1852 1339 Contra
1881 1281 1981 1335 hoc
2007 1279 2089 1333 di-

492 1398 641 1443 ctum
672 1395 772 1450 est,
807 1385 995 1455 injusta
1025 1383 1239 1453 quidem
1280 1395 1399 1435 esse
1443 1394 1587 1433 nunc
1622 1378 1741 1437 ista,
1772 1388 1878 1428 non
1909 1380 2086 1426 tamen

500 1481 668 1544 mala;
693 1489 743 1533 et
769 1477 889 1531 ideo
914 1475 1132 1545 injusta,
1158 1474 1276 1543 quia
1308 1478 1492 1526 contra
1522 1472 1667 1540 leges
1692 1468 1884 1538 quibus
1909 1462 2090 1535 prohi-

496 1576 693 1631 bentur
722 1573 886 1638 ﬁunt;
919 1570 1037 1625 ideo
1063 1580 1240 1623 autem
1278 1582 1385 1621 non
1435 1564 1593 1631 mala,
1627 1563 1747 1633 quia
1774 1562 1818 1614 si
1841 1560 1975 1613 mala
2005 1572 2091 1612 es-

499 1676 638 1732 sent,
669 1676 936 1734 nunquam
970 1662 1079 1716 Deo
1108 1660 1292 1729 utique
1320 1656 1674 1728 placuissent:
1694 1665 1856 1723 porro
1878 1650 1921 1705 si
1952 1664 2091 1703 nun-

498 1773 657 1829 quam
688 1756 1037 1826 placuissent,
1066 1766 1337 1822 nunquam
1362 1759 1416 1804 et
1457 1748 1595 1802 facta
1636 1753 1839 1811 essent,
1865 1743 1958 1797 illo
1984 1756 2089 1796 non

500 1852 710 1905 sinente
736 1848 828 1918 qui
856 1846 1031 1900 omnia
1057 1850 1254 1915 potest,
1285 1842 1339 1897 et
1359 1841 1447 1912 qui
1481 1840 1603 1893 talia
1636 1853 1741 1891 non
1771 1842 2089 1891 contemne—

500 1951 617 2006 ret;
645 1939 858 2010 quando
882 1948 987 1992 tam
1015 1950 1205 2005 magna
1232 1942 1377 1996 sunt,
1396 1938 1655 1986 utcontra
1680 1928 1849 1998 ipsam
1876 1923 2092 1994 reiigio~

500 2048 623 2087 nem
670 2046 770 2101 qua
822 2031 963 2085 Deus
1000 2028 1196 2083 colitur
1244 2027 1453 2090 ﬁerent,
1487 2023 1530 2079 si
1573 2021 1712 2076 male
1756 2019 1966 2074 ﬁerent.
1997 2017 2093 2071 ilic

500 2138 600 2193 ego
622 2142 635 2177 :
660 2122 715 2177 Si
746 2130 1051 2191 propterea,
1085 2118 1321 2187 inquam,
1350 2115 1487 2169 mala
1513 2125 1620 2167 non
1652 2118 1797 2175 sunt,
1825 2109 1947 2180 quia
1979 2108 2094 2162 Deo

503 2218 716 2287 placere
768 2216 891 2269 hinc
930 2213 1244 2284 probantur,
1274 2208 1414 2280 quod
1443 2222 1507 2263 ea
1539 2205 1656 2261 ﬁeri
1683 2204 1813 2259 sinit
1845 2201 2092 2270 omnipo-

504 2320 656 2374 tens;
684 2307 953 2379 quomodo
980 2306 1082 2361 erit
1126 2305 1323 2359 bonum
1359 2301 1501 2372 quod
1530 2299 1641 2355 ﬁeri
1671 2296 2022 2369 prohibentur
2041 2302 2096 2349 ct

500 2398 853 2455 evertuntur?
878 2398 932 2451 Si
963 2405 1140 2450 autem
1184 2395 1381 2449 bonum
1416 2405 1520 2447 non
1561 2399 1643 2445 est
1667 2388 1810 2459 quod
1839 2394 2093 2443 evertun-

502 2500 590 2545 tur
614 2506 733 2561 qum
773 2488 882 2544 Deo
914 2487 1146 2558 placent,
1181 2486 1283 2539 hoc
1312 2483 1425 2538 ﬁeri
1459 2498 1564 2537 non
1605 2482 1807 2535 sineret
1846 2477 2094 2548 omnipo-

504 2580 800 2651 tens;quia
840 2589 894 2634 et
943 2579 1043 2632 hoc
1077 2585 1260 2632 contra
1306 2575 1619 2644 religionem
1664 2571 1724 2624 ﬁt
1765 2582 1868 2640 qua
1903 2569 2099 2624 colitur

504 2674 667 2737 Deus,
693 2673 736 2727 si
763 2688 822 2727 ea
842 2687 960 2741 qua:
982 2671 1092 2726 Deo
1117 2670 1325 2740 placent
1344 2668 1411 2721 ab
1434 2665 1739 2721 hominibus
1760 2672 2092 2719 evertuntur.

505 2764 560 2819 Si
595 2773 770 2819 autem
798 2762 901 2818 hoc
928 2772 985 2816 ut
1019 2761 1158 2815 male
1187 2760 1277 2814 ﬁat
1309 2758 1569 2828 permittit
1596 2756 1958 2825 omnipotens,
1989 2769 2095 2807 non

504 2856 625 2910 ideo
662 2854 892 2926 putanda
938 2860 1064 2907 sunt
1108 2851 1197 2906 illa
1237 2850 1377 2905 bona
1414 2848 1557 2920 quod
1601 2862 1664 2903 ea
1710 2847 1828 2903 ﬁeri
1856 2846 2099 2917 permisit

503 2946 864 3016 omnipotens.

576 3039 629 3093 5.
662 3038 869 3092 Dictum
889 3043 1073 3089 contra
1104 3041 1206 3099 est,
1229 3031 1633 3088 concedendum
1663 3044 1786 3087 esse
1825 3046 1968 3087 nunc
1998 3031 2096 3087 ista

506 3137 656 3184 recte
686 3141 791 3181 non
825 3126 961 3193 ﬁeri,
991 3125 1099 3179 imo
1128 3124 1248 3179 ideo
1277 3138 1497 3194 prorsus
1520 3122 1630 3193 jam
1661 3137 1766 3177 non
1797 3122 1931 3187 ﬁeri,
1956 3121 2097 3193 quod

506 3219 859 3288 omnipotenti
906 3232 1050 3271 nunc
1087 3215 1403 3285 displicent;
1437 3224 1806 3268 verumtamen
1839 3213 2099 3283 placuisse

507 3326 627 3365 cum
665 3310 887 3363 ﬁerent:
917 3322 1014 3361 nos
1044 3307 1191 3362 enim
1223 3308 1430 3361 nescire
1461 3304 1601 3360 unde
1628 3314 1751 3360 tunc
1780 3306 2096 3375 placuerint,

509 3418 652 3456 nunc
674 3410 851 3455 autem
884 3400 1024 3453 unde
1045 3398 1393 3469 displiceant;
1428 3397 1555 3451 dum
1586 3406 1761 3452 tamen
1782 3406 1987 3452 certum
2006 3398 2096 3465 sit,

509 3510 610 3551 nec
640 3506 764 3548 tunc
795 3493 909 3547 ﬁeri
957 3491 1194 3563 potuisse
1236 3492 1336 3547 nisi
1367 3490 1694 3562 placuissent
1723 3492 2097 3562 omnipotenti,

510 3604 612 3644 nec
638 3602 780 3643 nunc
806 3601 1046 3642 cessasse
1070 3585 1167 3639 nisi
1200 3584 1596 3654 diSplicuissent
1623 3584 1994 3654 omnipotenti.
2019 3578 2101 3639 Ad

510 3680 613 3735 hoc
639 3695 737 3750 ego
762 3699 773 3731 :
798 3678 905 3733 Cur
944 3692 1093 3747 ergo,
1125 3677 1361 3746 inquam,
1406 3685 1460 3731 et
1504 3692 1645 3731 nunc
1695 3676 1817 3730 talia
1856 3675 2100 3731 clanculo

511 3772 663 3836 ﬁunt,
705 3787 823 3841 qua:
853 3769 938 3824 vel
983 3778 1240 3839 perpetuo
1279 3768 1622 3832 delitescunt,
1654 3768 1736 3822 vel
1767 3764 2101 3837 deprehensa

512 3862 822 3932 puniuntur,
851 3861 893 3915 si
923 3860 1052 3915 nihil
1087 3860 1276 3914 horum
1308 3859 1421 3914 ﬁeri
1450 3859 1578 3913 sinit
1605 3858 1968 3928 omnipotens,
1999 3858 2103 3913 nisi

510 3956 654 4025 quod
686 3956 731 4011 ei
764 3955 912 4025 justo
942 3952 1138 4024 plaeet,
1171 3969 1293 4008 cum
1330 3952 1476 4023 justo
1523 3951 1665 4023 quod
1716 3952 1970 4023 injustam
2020 3961 2106 4006 est

515 4049 722 4114 placere
750 4062 853 4100 non
884 4045 1083 4116 possit?
1112 4043 1311 4099 Contra
1342 4043 1441 4097 hoc
1470 4044 1669 4098 dictum
1693 4052 1795 4108 est,
1829 4057 1969 4098 nunc
1986 4058 2105 4097 om-

512 4140 640 4193 nino
683 4136 804 4191 talia
854 4152 963 4191 non
1007 4133 1122 4190 ﬁeri
1171 4152 1183 4186 :
1224 4136 1385 4189 Sacra
1428 4134 1570 4188 enim
1623 4132 1734 4199 illa,
1776 4132 1967 4204 inquit,
1998 4149 2103 4188 non

513 4229 676 4293 ﬁunt,
705 4242 824 4297 qua:
868 4224 1263 4296 pontiﬁcalibus
1306 4224 1608 4294 conscripta
1658 4234 1783 4279 sunt
1826 4224 2105 4279 libris:ea

513 4320 710 4391 quippe
750 4327 877 4373 tunc
914 4328 1060 4372 recte
1103 4316 1321 4381 iiebant,
1368 4331 1431 4369 ea
1474 4325 1599 4370 tunc
1628 4315 1737 4370 Deo
1762 4316 1977 4387 placere
2003 4316 2104 4371 de-

515 4411 972 4476 monstrabantur,
1000 4424 1069 4464 eo
1098 4409 1213 4477 ipso
1253 4406 1394 4478 quod
1439 4407 1507 4462 ab
1534 4408 1902 4478 omnipotente
1931 4423 1993 4462 ac
2016 4408 2105 4477 ju-

516 4513 602 4561 sto
630 4504 740 4559 ﬁeri
771 4502 1085 4557 sinebantur
1121 4517 1135 4553 :
1173 4500 1217 4553 si
1256 4499 1384 4570 quid
1430 4508 1608 4556 autem
1641 4516 1781 4555 nunc
1813 4501 2108 4572 prohibito-

516 4612 636 4651 rum
686 4592 1070 4649 sacriﬁciorum
1119 4590 1177 4644 ﬁt
1214 4592 1424 4647 occulte
1461 4601 1621 4662 atque
1664 4592 1865 4657 illicite,
1897 4609 2001 4647 non
2026 4602 2109 4648 est

519 4688 595 4743 illi
649 4685 941 4758 pontiﬁcali
996 4683 1380 4742 sacriﬁciorum
1432 4684 1616 4755 generi
1667 4684 2104 4755 comparandum,

518 4780 613 4837 sed
640 4780 691 4834 in
720 4794 785 4834 eo
810 4775 1205 4847 deputandum,
1234 4776 1376 4846 quod
1406 4777 1566 4831 etiam
1601 4786 1862 4833 nocturno
1892 4777 1948 4831 ﬁt
1977 4787 2110 4832 tem-

517 4888 681 4945 pore;
705 4886 827 4926 cum
860 4870 976 4924 lucc
1001 4868 1178 4923 omnia
1219 4868 1401 4924 illicita
1448 4868 1577 4939 ipsis
1620 4869 2012 4939 pontiﬁcalibus
2043 4868 2106 4924 li-

516 4966 628 5022 bris
646 4974 850 5019 certum
866 4963 936 5016 sit
958 4961 1231 5030 prohiberi
1252 4970 1410 5030 atque
1428 4960 1690 5015 damnari.
1712 4962 1807 5016 llic
1825 4960 2105 5031 respondi:

515 5057 624 5113 Cur
651 5070 778 5125 ergo
805 5052 888 5108 vel
923 5053 1044 5105 talia
1078 5052 1337 5121 permittit
1357 5051 1496 5105 Deus
1518 5050 1655 5117 ﬁeri,
1684 5052 1728 5105 si
1758 5051 1887 5104 nihil
1919 5050 2107 5104 horum

516 5147 917 5203 tualel‘aclorum
984 5143 1283 5199 contemnit
1354 5159 1473 5212 qua:
1545 5152 1733 5197 contra
1797 5141 2108 5213 religionem

519 5242 681 5305 ﬁunt;
724 5254 843 5294 cum
886 5237 1184 5308 przesertim
1222 5236 1338 5290 haec
1385 5250 1507 5290 eum
1551 5250 1741 5290 curare
1786 5234 1911 5289 hinc
1948 5236 2108 5290 etiam

516 5339 775 5401 cogantur
792 5330 1089 5385 concedere
1111 5330 1198 5399 qui
1223 5328 1557 5399 pontiﬁcales
1582 5329 1748 5383 libros
1772 5329 1945 5399 magni
1974 5326 2114 5384 acsti-

518 5430 686 5485 mmt,
717 5419 856 5491 quod
879 5435 940 5473 ea
965 5435 1082 5489 quae
1102 5419 1186 5473 his
1212 5420 1362 5473 libris
1385 5418 1754 5488 prohibentur,
1781 5420 1961 5488 utique
1982 5433 2110 5487 pro-

520 5512 689 5567 hiberi
735 5510 990 5565 divinitus
1036 5510 1321 5564 asserunt?
1364 5510 1645 5579 Quomodo
1686 5526 1817 5581 ergo
1859 5511 2112 5565 divinitus

521 5602 888 5673 prohibentur,
916 5600 1015 5653 nisi
1037 5600 1159 5668 quia
1181 5600 1462 5670 displicent
1488 5603 1616 5666 Deo,
1640 5619 1759 5673 qua:
1781 5604 1963 5674 utique
1985 5620 2110 5674 pro-

522 5692 755 5749 hibendo
783 5706 888 5745 non
916 5689 1087 5742 solum
1124 5690 1226 5744 sibi
1271 5692 1579 5760 displicere,
1609 5710 1793 5748 verum
1824 5696 1983 5750 etiam
2012 5712 2111 5751 cu-

520 5800 639 5840 rare
678 5799 737 5837 se
781 5779 1039 5845 ostendit,
1072 5796 1244 5849 neque
1282 5785 1504 5837 omnino
1542 5790 1928 5842 contemnere?
1960 5790 2110 5845 Unde

518 5876 787 5947 colligitur
829 5870 972 5944 quod
1016 5870 1154 5925 Deus
1200 5872 1397 5943 aliquid
1449 5885 1497 5930 et
1548 5876 1806 5945 improbet
1836 5880 2027 5949 justus,
2056 5892 2111 5937 et

1377 436 1465 491 DE
1515 427 1950 489 υιγιΝΑτιοΝΕ
1991 419 2372 487 ΒΑΞΜΟΝΟΜ,
2414 420 2472 476 S.
2514 417 2881 475 AUGUSTINI

3664 421 3773 482 584

2189 546 2365 591 tamen
2395 535 2666 607 permittat
2695 534 3056 606 omnipotens.

2261 628 2312 681 6.
2347 627 2473 682 llzcc
2498 643 2618 681 cum
2649 628 2788 681 dicta
2830 636 3032 692 essent,
3063 640 3383 681 concessum
3416 636 3500 682 est
3529 642 3634 682 non
3667 627 3789 683 ideo

2190 720 2479 791 putandum
2519 720 2714 790 aliquid
2748 719 2892 789 juste
2919 734 2980 774 ac
3005 719 3139 773 bene
3170 718 3305 785 ﬁeri,
3330 719 3451 790 quia
3479 718 3581 774 hoc
3609 722 3785 775 omni-

2190 823 2400 883 potens,
2429 813 2673 884 quamvis
2699 813 2747 866 ei
2780 812 3081 882 displiceat,
3114 812 3229 866 ﬁeri
3263 822 3437 867 tamen
3469 814 3597 868 sinit
3623 814 3665 879 ³,
3696 812 3777 868 fa-

2191 905 2516 977 tendumque
2547 920 2667 960 esse
2697 906 2856 960 etiam
2890 905 2977 959 illa
3015 906 3153 959 mala
3197 912 3314 976 qum
3345 916 3527 960 contra
3556 908 3776 979 religio.

2192 1013 2313 1054 nem
2344 1006 2448 1068 qua
2474 997 2667 1051 colitur
2694 998 2833 1052 Deus
2855 996 3007 1063 ﬁunt,
3029 1006 3082 1052 et
3104 997 3384 1067 diSpliccre
3408 999 3515 1052 Deo
3533 998 3701 1069 justo,
3731 1008 3781 1055 et

2192 1088 2402 1143 ratione
2438 1087 2621 1158 judicii
2670 1088 2789 1157 ejus
2830 1088 2897 1142 ab
2938 1088 3303 1158 omnipotente
3349 1092 3581 1161 permitti
3630 1110 3643 1145 :
3689 1091 3780 1147 sed

2191 1179 2333 1233 aliud
2364 1180 2473 1249 jam
2521 1194 2640 1234 esse
2683 1180 3037 1246 tractandum,
3087 1181 3229 1235 unde
3276 1182 3382 1236 sint
3426 1183 3784 1240 divinationes

2192 1270 2274 1325 vel
2304 1269 2631 1333 dazmonum,
2659 1271 2742 1326 vel
2769 1271 2994 1341 quilibet
3020 1272 3096 1326 illi
3128 1272 3234 1326 sint
3259 1289 3394 1343 quos
3423 1272 3554 1329 deos
3586 1275 3781 1345 Pagani

2192 1362 2732 1417 vocant:videndum
2772 1363 2915 1418 enim
2960 1378 3079 1419 esse
3127 1379 3194 1419 ne
3238 1364 3391 1431 forte,
3430 1381 3536 1420 non
3567 1368 3783 1437 quidem

2193 1462 2475 1525 propterea
2522 1454 2639 1511 ι)ωο
2678 1455 2816 1510 bona
2852 1456 3083 1525 putanda
3114 1457 3241 1524 sint,
3271 1458 3394 1527 quia
3423 1474 3485 1513 ea
3518 1458 3629 1513 ﬁeri
3662 1476 3786 1529 per-

2194 1548 2357 1602 mittit
2380 1548 2753 1617 omnipotens;
2784 1548 2878 1603 sed
2904 1548 3023 1605 ideo
3052 1550 3175 1619 quia
3209 1558 3313 1603 tam
3342 1566 3532 1621 magna
3562 1562 3707 1616 sunt,
3730 1561 3789 1606 ut

2196 1653 2302 1693 non
2349 1638 2448 1693 nisi
2490 1639 2581 1694 Dei
2626 1638 2879 1708 potentia:
2915 1640 3195 1695 tribuenda
3224 1655 3344 1695 esse
3370 1642 3676 1697 videantur.
3707 1643 3785 1698 Ad

2196 1728 2299 1784 hoc
2327 1747 2411 1785 me
2440 1740 2623 1800 postea
2667 1746 3053 1800 reSponsurum
3094 1746 3213 1786 esae
3256 1731 3499 1803 promisi,
3533 1736 3785 1804 quoniam

2196 1830 2322 1876 tunc
2345 1822 2474 1877 hora
2503 1822 2799 1891 prodeundi
2830 1822 2895 1877 ad
2926 1824 3179 1893 populum
3224 1823 3333 1893 jam
3381 1839 3481 1878 nos
3521 1826 3783 1896 urgebat:

2196 1928 2297 1969 nec
2325 1914 2530 1982 distuli,
2560 1931 2682 1970 eum
2730 1916 2959 1985 spatium
3010 1916 3191 1970 datum
3240 1925 3324 1971 cst
3368 1915 3640 1974 scribendi
3658 1920 3701 1987 ⁸,
3735 1927 3789 1975 et

2198 2006 2284 2060 illa
2313 2017 2579 2073 retexere,
2612 2018 2667 2062 et
2692 2009 2790 2061 ista
2822 2009 3125 2064 subtexere.

2267 2099 2494 2156 CAPUT
2536 2098 2622 2155 Ill.
2644 2126 2717 2142 ——
2738 2102 2789 2154 7.
2815 2100 3113 2156 Dtemonum
3139 2102 3381 2158 divinatio
3399 2104 3557 2158 tribus
3582 2121 3648 2159 ea:
3666 2120 3791 2159 εαυά

2196 2193 2287 2247 sis.
2319 2192 2609 2246 Acrimonia
2637 2210 2835 2259 sensus,
2863 2196 3118 2249 celeritate
3152 2206 3333 2262 motus,
3365 2208 3413 2251 et
3440 2198 3682 2253 diuturna
3707 2216 3789 2253 reé

2196 2301 2310 2338 rum
2331 2285 2637 2355 experientia
2668 2285 2986 2356 prwpollent.
3019 2282 3139 2339 Non
3157 2286 3271 2340 ideo
3299 2289 3551 2342 dcemones
3579 2306 3787 2360 μητρο-

2198 2376 2388 2430 nendos
2415 2392 2522 2431 esse
2552 2376 2855 2431 hominibus.
2887 2378 3199 2432 Dremonum
3251 2393 3313 2434 ea
3363 2389 3446 2434 est
3488 2390 3700 2449 natura,
3734 2389 3792 2437 ut

2198 2470 2329 2524 aerii
2368 2470 2610 2540 corporis
2657 2484 2817 2525 sensu
2860 2480 3193 2526 terrenorum
3235 2486 3521 2542 corporum
3571 2488 3789 2529 sensum

2199 2559 2353 2617 facile
2391 2560 2729 2631 praecedant;
2762 2561 3037 2617 celeritate
3084 2563 3247 2618 etiam
3288 2572 3505 2633 propter
3544 2564 3788 2635 ejusdem

2198 2652 2332 2708 aerii
2383 2654 2625 2724 corporis
2674 2654 3007 2724 superiorem
3061 2655 3409 2711 mobilitatem
3461 2672 3565 2711 non
3613 2657 3790 2714 solum

2196 2760 2389 2802 cursus
2441 2748 2801 2818 quorumlibet
2844 2747 3119 2803 hominum
3162 2750 3245 2805 vel
3291 2749 3561 2817 ferarum,
3608 2766 3794 2807 verum

2200 2839 2360 2894 etiam
2382 2840 2588 2893 volatus
2606 2839 2783 2894 avium
2815 2840 3307 2910 incomparabiliter
3327 2843 3560 2898 vincant.
3584 2844 3793 2912 Quibus

2201 2929 2405 2985 duabus
2430 2931 2593 2986 rebus
2613 2940 2869 3002 quantum
2900 2932 2967 2987 ad
2998 2934 3200 2987 aerium
3230 2949 3431 3005 corpus
3457 2937 3647 2993 attinet
3668 2953 3794 3009 pne

2202 3019 2319 3088 diti,
2348 3020 2451 3076 hoc
2480 3030 2593 3087 est,
2624 3024 2917 3077 acrimonia
2960 3039 3151 3079 sensus
3182 3033 3237 3079 et
3275 3027 3550 3083 celeritate
3595 3040 3794 3095 motus,

2200 3112 2549 3169 multa’ante
2588 3115 2800 3185 cognita
2843 3117 3203 3186 prauiuntiaut
3241 3117 3323 3171 vel
3367 3119 3646 3187 nuntiant,
3677 3136 3799 3192 qua:

2203 3206 2449 3262 homines
2477 3222 2575 3276 pro
2604 3223 2795 3264 sensus
2844 3210 3042 3265 terreni
3080 3210 3329 3266 tarditate
3375 3213 3660 3269 mirentur.
3689 3219 3797 3270 Ac-

2202 3296 2365 3352 cessit
2384 3297 2545 3353 etiam
2576 3296 2913 3354 dmmonibus
2940 3316 3034 3370 per
3066 3309 3172 3355 tam
3203 3302 3419 3373 longum
3449 3313 3662 3374 tempus
3689 3319 3797 3376 quo

2203 3402 2391 3443 eorum
2442 3388 2549 3443 vita
2596 3390 2950 3466 protenditur,
2985 3406 3163 3446 rerum
3211 3393 3369 3465 longe
3416 3395 3592 3465 major
3634 3409 3801 3466 expc-

2204 3480 2418 3546 rientia,
2448 3496 2607 3550 quam
2653 3491 2831 3551 potest
2880 3481 3188 3538 hominibus
3235 3493 3454 3556 propter
3479 3486 3801 3543 brevitatem

2204 3574 2327 3628 vita:
2359 3576 2661 3644 provenire.
2681 3574 2783 3630 Per
2804 3574 2900 3629 has
2922 3575 3221 3631 eiﬁeaeias‘
3237 3594 3368 3648 quas
3396 3580 3527 3633 aerii
3555 3581 3801 3649 corporis

2205 3675 2393 3721 natura
2423 3667 2609 3721 sortita
2637 3676 2736 3732 est,
2767 3682 2875 3721 non
2902 3668 3076 3723 solum
3104 3668 3271 3723 multa
3299 3668 3472 3725 futura
3500 3672 3803 3742 praedicunt

2204 3757 2497 3824 da-mones,
2525 3772 2709 3812 verum
2729 3759 2888 3812 etiam
2915 3759 3079 3813 multa
3101 3760 3237 3815 mira
3264 3759 3484 3816 faciunt.
3507 3762 3640 3829 Quae
3662 3777 3799 3834 quo-

2206 3851 2349 3906 niam
2382 3851 2627 3907 homines
2649 3852 2828 3907 dicere
2857 3868 2919 3908 ac
2957 3852 3135 3911 facere
3166 3870 3272 3910 non
3314 3866 3563 3927 possunt,
3590 3875 3686 3914 eos
3715 3860 3800 3915 di~

2206 3959 2341 4015 gnos
2368 3945 2583 4015 quidam
2619 3945 2813 4016 quibus
2861 3946 3099 4001 serviant
3145 3957 3199 4003 et
3241 3950 3435 4018 quibus
3463 3949 3678 4007 divinos
3702 3952 3801 4007 h'o-v

2209 4050 2369 4091 nores
2394 4035 2655 4102 deferant,
2688 4036 3036 4104 arbitrantur,
3074 4038 3361 4110 instigante
3399 4042 3635 4097 maxime
3675 4043 3803 4099 vitio

2208 4128 2548 4195 curiositatis,
2588 4137 2807 4199 propter
2853 4145 3093 4187 amorem
3142 4131 3411 4187 felicitatis
3450 4133 3598 4190 falsa:
3642 4146 3805 4208 atque

2213 4231 2441 4277 terrena:
2470 4230 2524 4276 et
2550 4221 2879 4276 excellentia:
2910 4222 3277 4292 temporalis”.
3309 4223 3413 4291 Qui
3440 4234 3621 4280 autem
3652 4244 3712 4283 se
3738 4229 3804 4283 ab

2212 4313 2294 4367 his
2336 4312 2715 4384 cupiditatibus
2760 4313 3038 4379 mundant,
3069 4330 3167 4369 nec
3211 4316 3292 4371 eis
3333 4331 3393 4371 se
3436 4316 3705 4374 fallendos
3725 4337 3805 4375 ςε-

2211 4404 2580 4476 piendosque‘
2625 4405 2960 4476 permittunt,
2986 4406 3080 4462 sed
3114 4407 3388 4479 inquirunt
3416 4418 3470 4465 et
3494 4422 3680 4467 amant
3706 4413 3804 4468 ali-

2211 4500 2338 4571 quid
2371 4500 2514 4571 quod
2550 4500 2738 4556 eodem
2772 4501 2931 4557 modo
2956 4517 3171 4573 semper
3200 4512 3305 4571 est,
3331 4505 3485 4576 cujus
3512 4508 3806 4579 participa-

2214 4591 2357 4647 tione
2401 4592 2542 4647 beati
2583 4592 2723 4657 sint;
2760 4593 2989 4662 primum
3034 4595 3378 4651 considerant
3416 4613 3521 4653 non
3555 4600 3678 4656 ideo
3708 4602 3806 4657 sibi

2213 4682 2604 4751 prmponendos
2630 4698 2750 4739 esse
2771 4683 3063 4754 daemones,
3098 4687 3237 4757 quod
3265 4689 3474 4745 acriore
3500 4704 3664 4747 sensu
3686 4709 3806 4748 cor-

2216 4774 2361 4843 poris
2388 4774 2700 4843 prtevalent,
2733 4774 2864 4830 aerii
2894 4777 3119 4843 scilicet,
3150 4777 3251 4833 hoc
3279 4788 3362 4834 est
3388 4781 3685 4840 subtilioris
3712 4786 3807 4841 ele-

2216 4869 2379 4922 menti
2406 4866 2560 4935 :quia
2589 4881 2690 4922 nec
2716 4867 2770 4921 in
2801 4868 2929 4938 ipsis
2979 4871 3207 4927 terrenis
3251 4870 3569 4941 corporibus
3608 4875 3810 4932 chtias

2216 4959 2315 5014 siin
2360 4961 2750 5031 prmponendas
2777 4971 2984 5032 putant,
3014 4979 3134 5033 qua:
3166 4965 3342 5020 acrius
3370 4967 3534 5022 multa
3570 4984 3811 5039 praesen-

2218 5053 2385 5120 tiunt;
2417 5055 2824 5125 veiutsagacem
2847 5071 3057 5123 canem,
3089 5056 3210 5128 quia
3240 5060 3491 5116 latentem
3526 5062 3701 5119 feram
3738 5065 3815 5118 ol-

2218 5147 2357 5201 factu
2393 5149 2656 5203 acerrimo
2681 5150 2758 5204 sic
2789 5151 3011 5218 invenit,
3044 5163 3101 5207 ut
3130 5154 3194 5207 ad
3224 5170 3340 5209 eam
3364 5155 3681 5226 capiendam
3714 5159 3813 5213 du-

2217 5251 2393 5293 catum
2418 5240 2700 5311 quemdam
2728 5242 2926 5298 homini
2960 5246 3215 5315 prmbeat,
3236 5262 3339 5302 non
3367 5249 3551 5320 utique
3583 5252 3815 5321 pruden—

2288 5397 2583 5474 titltuoltssz,
2612 5397 2726 5474 Quia
2750 5396 2801 5450 id
2837 5408 2981 5461 Deus,
3016 5399 3125 5452 licet
3148 5401 3210 5454 sit
3233 5402 3398 5466 justus
3432 5412 3479 5457 et
3500 5407 3821 5474 onmipotcn’.

2218 5458 2327 5521 ﬁeri
2349 5463 2506 5509 tamen
2528 5458 2655 5509 sinit

2283 5524 2301 5552 ²
2338 5528 2384 5569 ιιι
2412 5530 2534 5581 MSS.,
2561 5520 2830 5573 scribendo.

2283 5584 2305 5616 ³
2336 5584 2408 5633 sic
2429 5591 2533 5634 Mss.
2556 5585 2672 5634 Editi
2695 5594 2876 5645 autent,
2904 5585 3068 5637 multo.

2284 5645 2305 5713 ξ
2337 5645 2525 5713 aliquot
2546 5652 2675 5706 Mss,
2701 5647 2995 5713 eﬂicicntias.

2280 5709 2302 5741 ⁵
2337 5707 2561 5771 Plerique
2600 5707 2752 5774 Mss}:
2788 5712 3044 5774 instigante
3086 5711 3303 5765 maxime
3341 5712 3453 5766 vitio
3486 5714 3781 5767 curiosimt's
3802 5752 3823 5769 .

2217 5778 2413 5834 propter
2434 5771 2912 5841 antorem-felicitatis
2952 5774 3091 5841 [atate
3122 5782 3265 5839 atque
3288 5784 3498 5831 terrente
3520 5780 3827 5830 excruciari:

2219 5836 2495 5897 («inparatis
2525 5845 2541 5881 :
2566 5836 2740 5882 omissa
2776 5836 3027 5897 particula,
3053 5843 3115 5897 et.

2200 5934 2213 5945 .
2282 5896 2301 5925 ⁸
2338 5895 2562 5958 Plerique
2591 5904 2715 5957 Mssa,
2735 5895 2792 5959 [ei
2812 5896 2979 5948 Laidos
3002 5896 3375 5962 rapiendosque.
