4078 6518
236 529 375 583 tiore
427 520 703 579 intellectu
752 518 944 585 animi,
977 515 1072 573 sed
1100 514 1338 571 acutiore
1363 511 1605 585 corporis
1627 526 1828 575 sensu;

238 616 320 673 vel
347 616 641 681 vulturem,
669 613 795 685 quia
839 609 1080 683 proiecto
1121 607 1389 662 cadavere
1429 620 1495 660 ex
1546 602 1835 672 improvisa

238 707 633 782 longinquitate
660 703 911 767 advolat;
954 716 1053 757 nec
1090 699 1344 771 aquilam,
1375 697 1501 767 quia
1535 694 1839 751 sublimiter

241 803 429 856 volans
453 800 522 855 de
550 806 699 853 tanto
744 794 1024 851 intervallo
1060 792 1161 849 sub
1184 790 1433 845 ﬂuctibus
1464 794 1734 843 natantem
1763 784 1842 855 pi-

240 908 387 949 scem
418 891 618 947 dicitur
645 888 947 959 pervidere,
979 893 1036 941 et
1072 883 1310 955 graviter
1334 880 1488 952 aquis
1514 880 1650 935 illisa
1679 892 1842 934 exer-

244 985 310 1039 tis
352 981 581 1053 pedibus
626 989 788 1050 atque
832 976 1101 1049 unguibus
1140 990 1331 1046 rapere
1356 990 1369 1026 :
1394 988 1495 1029 nec
1536 971 1636 1026 alia
1677 970 1843 1024 multa

247 1075 603 1131 animantium
627 1087 847 1145 genera,
878 1085 1000 1141 qure
1029 1069 1169 1124 inter
1195 1065 1393 1143 herbas
1417 1064 1576 1121 saluti
1606 1078 1717 1118 sua:
1743 1076 1845 1117 no-

245 1167 362 1221 xias
407 1163 682 1236 pascendo
706 1163 1114 1225 circumerrant,
1147 1172 1250 1214 nec
1290 1155 1491 1227 aliquid
1521 1169 1710 1210 eorum
1737 1166 1847 1222 quo
1878 1194 1881 1195 ν

247 1255 519 1311 lmdantur
549 1253 849 1323 attingunt;
881 1265 1005 1307 cum
1035 1264 1128 1306 eas
1177 1249 1338 1303 homo
1380 1246 1466 1301 vix
1519 1241 1848 1315 experiendo

247 1363 446 1405 cavere
471 1345 741 1411 didicerit,
773 1354 827 1399 et
846 1343 1011 1399 multa
1039 1341 1255 1397 innoxia
1282 1338 1423 1411 quod
1443 1338 1551 1394 sint
1571 1337 1847 1407 inexperta

252 1438 528 1495 formidet.
561 1437 717 1494 Unde
744 1435 1013 1506 conjicere
1045 1432 1204 1489 facile
1233 1442 1338 1497 est,
1364 1438 1564 1502 quanto
1592 1427 1765 1509 possit
1794 1426 1849 1509 in

252 1530 417 1603 aeriis
443 1528 763 1603 corporibus
786 1541 976 1603 sensus
1012 1524 1203 1595 acrior:
1206 1537 1333 1581 esse
1355 1539 1369 1576 :
1394 1537 1495 1577 nec
1523 1520 1646 1576 idco
1672 1508 1851 1574 tanien

206 1620 211 1659 έ
253 1598 681 1691 amniéii'és'fﬁai
698 1598 998 1689 eo—prazditi
1024 1622 1174 1681 sunt,
1203 1614 1358 1669 bonis
1379 1611 1688 1667 hominibus
1717 1623 1855 1680 pra:-

206 1704 209 1721 “
257 1711 539 1785 ponendos
581 1710 820 1782 prudens
854 1708 1080 1779 quisque
1103 1704 1393 1761 censuerit.
1419 1703 1533 1759 Hoc
1560 1709 1615 1757 et
1638 1701 1856 1775 decor-

258 1820 451 1876 porum
482 1803 767 1876 celeritati
778 1799 1050 1876 dixerim:
1079 1806 1136 1854 et
1181 1797 1285 1852 hac
1329 1796 1474 1851 enim
1524 1792 1851 1865 prmstantia,

650 1868 825 1885 Ἦ

152 1894 157 1895 ί
257 1913 363 1953 non
414 1877 672 1952 solum
718 1877 1028 1949 volucribus
1070 1889 1338 1953 homines,
1386 1902 1577 1943 verum
1624 1885 1787 1941 etiam
1824 1899 1855 1938 a

258 1988 446 2043 multis
486 1983 924 2058 quadrupedibus
972 1982 1048 2037 ita
1092 1988 1437 2051 superantur,
1468 1986 1528 2032 ut
1571 1977 1625 2031 in
1667 1988 1855 2031 eorum

258 2077 664 2149 comparatione
691 2074 923 2144 plumbei
940 2069 1232 2143 deputandi
1256 2069 1384 2135 sint;
1414 2083 1514 2124 nec
1540 2075 1717 2122 tamen
1738 2064 1860 2121 ideo

260 2172 363 2228 sibi
392 2170 514 2225 hare
538 2166 891 2223 animantium
913 2181 1109 2238 genera
1137 2162 1447 2220 existimant
1474 2158 1857 2234 praeponenda,

261 2263 461 2334 quibus
489 2258 789 2330 capiendis,
826 2254 1331 2319 mansuefaciendis,
1359 2262 1520 2326 atque
1560 2253 1612 2306 in
1632 2266 1743 2307 suae
1769 2264 1863 2305 vo-

265 2354 489 2409 luntatis
517 2366 675 2406 usum
705 2348 1155 2419 commodumque
1181 2344 1508 2417 redigendis,
1533 2359 1640 2399 non
1668 2342 1720 2398 vi
1736 2357 1862 2397 cor-

262 2445 434 2518 poris,
468 2442 566 2499 sed
595 2442 820 2498 rationis
841 2440 1173 2512 imperitant.

334 2534 568 2592 CAPUT
607 2533 696 2589 IV.
716 2561 789 2575 —-
810 2532 947 2587 Mira
966 2531 1201 2602 quadam
1236 2528 1328 2583 etsi
1361 2528 1615 2584 dwmones
1648 2524 1861 2598 faciunt,

265 2625 642 2683 contemnendi.
667 2623 816 2679 Illam
837 2637 966 2679 vero
988 2621 1198 2677 tertiam
1219 2619 1524 2675 daemonum
1549 2616 1863 2687 potentiam,

273 2717 413 2789 quod
429 2717 681 2773 diuturna
702 2730 881 2772 rerum
898 2711 1228 2784 experientia
1248 2708 1702 2783 quemadmodum
1725 2721 1866 2777 pra:-

270 2817 498 2866 noscant
526 2816 687 2879 atque
714 2804 1076 2879 praenuntient
1099 2803 1263 2859 multa
1290 2802 1613 2866 didicerunt,
1636 2798 1707 2854 ita
1738 2813 1870 2854 con-

271 2911 520 2959 temnunt
558 2901 651 2972 qui
690 2898 806 2955 haec
828 2898 1115 2970 vigilanter
1138 2904 1329 2952 curant
1353 2909 1384 2949 a
1408 2891 1707 2950 verissima:
1733 2890 1871 2945 lucis

270 2994 501 3050 veritate
526 2992 857 3058 discernere,
889 2997 949 3043 ut
978 3002 1079 3043 nec
1105 2986 1279 3042 malos
1308 2999 1467 3042 senes
1492 2984 1641 3055 plura
1671 2997 1869 3053 exper-

272 3094 379 3151 tos,
407 3093 463 3140 et
485 3084 555 3139 ob
581 3083 686 3139 hoc
712 3080 864 3153 quasi
891 3078 1186 3145 doctiores,
1218 3076 1343 3133 ideo
1372 3074 1526 3147 probi
1555 3074 1872 3129 adolescen-

273 3184 360 3232 tes
384 3175 486 3231 sibi
508 3171 836 3229 antecellere
855 3170 1193 3236 existiment;
1224 3182 1327 3224 nec
1350 3166 1606 3231 medicos,
1633 3180 1732 3221 nec
1752 3179 1876 3219 nan-

275 3276 381 3335 tas,
410 3280 510 3322 nec
547 3263 839 3337 agricolas,
868 3276 1004 3333 quos
1048 3276 1227 3331 pravze
1252 3258 1543 3314 voluntatis
1583 3265 1640 3312 et
1679 3256 1877 3327 iniquis

274 3359 521 3416 moribus
559 3357 814 3424 viderint,
849 3355 972 3411 ideo
1000 3355 1102 3410 sibi
1129 3360 1319 3424 putent
1342 3367 1463 3408 esse
1490 3347 1875 3422 praeferendos,

275 3451 423 3524 quod
471 3450 545 3506 illi
592 3450 661 3507 de
686 3448 1103 3515 valetudinibus,
1134 3446 1210 3502 illi
1241 3446 1308 3501 de
1336 3442 1767 3516 tempestatibus,
1802 3438 1879 3496 illi

276 3544 350 3600 de
377 3544 723 3599 arbustorum
754 3540 1075 3611 frugumque
1101 3537 1389 3609 generibus
1428 3534 1593 3590 multa
1632 3532 1704 3588 ita
1735 3546 1880 3602 prte-

279 3637 552 3703 nuntiant,
579 3643 642 3692 ut
672 3635 861 3689 harum
894 3647 1075 3689 rerum
1100 3631 1384 3702 inexperto
1400 3627 1645 3683 divinare
1664 3624 1884 3682 videan-

280 3738 391 3785 ιυτ.

352 3820 410 3875 8.
450 3815 604 3886 Quod
631 3831 761 3873 vero
803 3831 909 3889 non
937 3814 1111 3891 solum
1139 3813 1412 3868 daemones
1436 3810 1681 3885 quaedam
1708 3809 1884 3865 futura

281 3909 609 3983 pradicunt,
651 3923 835 3973 verum
879 3907 1039 3963 etiam
1068 3894 1313 3977 quaedam
1360 3905 1495 3981 mira
1534 3904 1755 3971 faciunt,
1787 3917 1887 3972 pro

208 4004 213 4037 ‘-
284 4001 401 4071 ipsa
429 3999 611 4072 utique
652 3998 733 4053 sui
778 3997 1019 4067 corporis
1060 3992 1419 4060 excellentia;
1442 4008 1538 4049 cur
1565 4008 1674 4048 non
1702 3992 1889 4047 conte-

284 4101 504 4147 mnatur
529 4106 561 4144 a
592 4087 963 4160 prudentibus,
986 4102 1107 4142 cum
1138 4086 1452 4157 plerumque
1481 4082 1645 4155 iniqui
1675 4098 1739 4138 ac
1765 4098 1889 4154 per-

286 4184 382 4240 diti
424 4183 673 4238 homines
711 4180 783 4235 ita
808 4188 1095 4235 exerceant
1122 4191 1346 4247 corpora
1375 4190 1493 4243 sua,
1524 4182 1776 4244 tantaque
1803 4172 1891 4226 di.

285 4275 463 4331 versis
490 4272 700 4328 artibus
739 4268 946 4341 possint
975 4269 1016 4336 ί,
1053 4276 1114 4323 ut
1156 4282 1219 4323 ea
1247 4266 1337 4339 qui
1366 4265 1482 4321 haec
1510 4264 1757 4320 nesciunt
1793 4278 1893 4318 nec

287 4364 580 4437 aliquando
601 4363 869 4429 viderunt,
893 4360 1053 4416 etiam
1076 4367 1289 4414 narrata
1318 4358 1409 4413 vix
1433 4356 1693 4413 credant?
1719 4356 1891 4424 Quam

289 4458 463 4516 multa
504 4452 801 4510 funambuli
831 4451 1122 4521 cmterique
1151 4448 1397 4504 theatrici
1442 4447 1699 4512 artifices,
1730 4460 1892 4516 quam

293 4550 463 4607 multa
493 4546 713 4619 opifices
757 4544 1094 4613 maximeque
1122 4538 1417 4596 mechanici
1462 4538 1703 4593 miranda
1750 4536 1894 4592 fece-

295 4643 458 4700 runt?
486 4638 624 4696 Num
656 4638 779 4693 ideo
808 4636 1058 4693 meliores
1081 4642 1207 4690 sunt
1231 4633 1387 4689 bonis
1412 4640 1464 4687 et
1491 4639 1675 4686 sancta
1703 4630 1897 4699 pietate

295 4734 537 4806 pratditis
563 4728 911 4787 hominibus?
949 4726 1079 4794 Qua:
1105 4726 1226 4781 ideo
1254 4721 1688 4788 commemoravi,
1721 4730 1779 4776 ut
1806 4720 1896 4792 qui

296 4829 416 4884 lucc
443 4825 564 4882 sine
592 4819 892 4893 pervicacia
933 4827 989 4874 et
1011 4818 1129 4873 sine
1156 4830 1289 4870 vana
1329 4812 1614 4871 resistendi
1642 4813 1899 4868 animosi-

297 4929 407 4977 tate
433 4915 765 4980 considerat,
797 4911 953 4967 simul
980 4909 1199 4980 cogitet,
1246 4907 1289 4963 si
1316 4907 1385 4963 de
1412 4906 1725 4976 subjacente
1751 4920 1899 4959 cras-

296 5013 444 5067 siore
471 5007 697 5065 materia
736 5004 819 5059 vel
848 5002 929 5057 sui
971 5001 1196 5072 quisque
1224 4999 1487 5069 corporis,
1530 4997 1617 5053 vel
1664 5006 1822 5052 terra:
1847 5007 1901 5052 et

297 5120 475 5175 aqure,
503 5099 741 5171 lapidum
769 5105 928 5168 atque
955 5095 1216 5167 lignorum
1256 5092 1698 5161 metallornmque
1727 5090 1902 5144 vario-

299 5213 443 5263 rum,
473 5201 620 5248 tanta
662 5188 878 5261 quidam
909 5186 1153 5242 homines
1182 5192 1427 5254 possunt,
1473 5191 1532 5237 ut
1573 5196 1668 5239 eos
1710 5180 1787 5235 illi
1812 5180 1904 5251 qui

304 5288 421 5343 lucc
445 5301 555 5343 non
583 5289 829 5354 possunt,
856 5279 1171 5350 plerumque
1189 5273 1474 5344 stupendo,
1502 5274 1554 5327 in
1580 5272 1661 5328 sui
1683 5286 1902 5342 compa-

307 5382 518 5437 ratione
546 5375 759 5431 divinos
797 5379 1009 5436 vocent,
1036 5384 1157 5424 cum
1201 5368 1415 5440 quidam
1444 5366 1653 5421 illorum
1682 5365 1790 5419 sint
1814 5380 1907 5419 ar-

308 5474 451 5529 tibus
477 5465 833 5540 potentiores,
861 5461 1077 5533 quidam
1105 5461 1327 5515 istorum
1354 5457 1592 5512 moribus
1620 5456 1905 5517 meliores;

311 5571 515 5635 quanto
542 5558 748 5628 majora
770 5565 825 5609 et
840 5553 1161 5609 mirabiliora
1184 5565 1282 5621 pro
1294 5547 1626 5603 subtilissimi
1643 5546 1906 5616 corporis,

314 5656 364 5713 id
385 5662 489 5718 est,
506 5650 639 5707 aerii
654 5646 905 5703 facultate
920 5660 984 5699 ac
1001 5641 1251 5699 facilitate
1266 5641 1538 5697 dmmones
1557 5638 1909 5710 possint.cum

316 5759 495 5807 tamen
521 5746 631 5801 sint
658 5739 951 5798 voluntatis
978 5737 1257 5809 pravitate.
1287 5734 1623 5804 maximeque
1648 5731 1913 5804 superbia:

381 5886 399 5916 ι
435 5878 581 5940 aditi,
598 5872 788 5927 artibus
806 5884 951 5937 agere
968 5868 1163 5934 possint.
1190 5874 1354 5928 Abest,
1382 5878 1547 5931 agere,
1567 5878 1595 5917 a
1616 5872 1719 5917 uss

637 5981 911 6043 Parnon.
958 5979 1075 6040 XL.

1657 391 1860 452 LIBER
1898 390 2100 449 UNUS.

3432 401 3535 458 586

1950 508 2087 565 fastu
2116 518 2171 566 et
2218 509 2523 568 invidentia:
2556 513 2755 571 malitia
2782 515 2798 547 ί
2829 514 3048 587 spiritus
3074 513 3330 573 immundi
3374 526 3535 589 atque

1945 599 2226 670 perversi?
2261 602 2528 670 Quantum
2571 612 2750 659 autem
2778 604 2948 660 valeat
2987 605 3130 661 aeris
3168 605 3535 673 elementum,

1945 706 2052 762 quo
2087 706 2273 747 eorum
2303 707 2530 763 corpora
2561 695 2869 764 praevalent,
2900 696 2966 751 ad
2995 698 3162 756 multa
3199 698 3428 754 visibilia
3456 700 3539 754 in-

1947 784 2229 839 visibiliter
2253 785 2541 850 molienda,
2597 786 2880 854 movenda,
2927 788 3181 844 mutanda
3226 798 3389 861 atque
3411 806 3541 846 ver-

1948 873 2137 941 sanda,
2165 874 2383 946 longum
2414 885 2497 931 est
2526 890 2667 931 nunc
2707 877 3078 934 demonstrare
3106 896 3121 945 ;
3148 888 3203 935 et
3230 889 3359 951 puto
3400 883 3542 952 quod

1949 965 2035 1021 vel
2060 966 2400 1022 mediocriter
2418 967 2783 1023 consideranti
2810 968 2963 1025 facile
2994 979 3261 1026 occurrat.

2021 1054 2249 1115 CAPUT
2288 1057 2353 1114 V.
2380 1088 2451 1099 ν-
2475 1058 2531 1114 9.
2576 1058 2725 1115 Unde
2750 1060 3005 1116 daemones
3045 1062 3380 1131 prmiumient
3426 1078 3549 1117 ven-

1954 1152 2088 1206 tura.
2128 1150 2260 1218 Quae
2286 1165 2408 1206 cum
2449 1152 2519 1207 ita
2561 1152 2690 1217 sint,
2717 1153 2948 1224 primum
2976 1153 3249 1208 sciendum
3278 1162 3378 1218 est,
3409 1167 3546 1224 quo-

1954 1243 2097 1297 niam
2122 1242 2192 1313 de
2220 1242 2546 1300 divinatione
2583 1246 2888 1301 dazmonum
2931 1245 3158 1318 qumstio
3182 1253 3284 1311 est,
3335 1246 3456 1311 illos
3484 1260 3548 1302 ca
3590 1254 3603 1323 ’τ

1955 1335 2268 1407 plerumque
2298 1338 2657 1407 praenuntiare
2697 1353 2817 1413 quae
2864 1338 2963 1409 ipsi
2992 1338 3180 1394 facturi
3210 1348 3356 1394 sunt.
3388 1339 3553 1394 Acci-
3601 1350 3607 1367 ἠ

1957 1425 2109 1495 piunt
2136 1425 2278 1481 enim
2306 1440 2451 1497 saepe
2482 1436 2799 1498 potestatem
2828 1437 2885 1483 et
2912 1428 3130 1484 morbos
3158 1428 3469 1495 immittere,
3501 1438 3558 1484 et
3602 1499 3606 1507 Ι

1957 1516 2131 1586 ipsum
2162 1517 2606 1583 aeremmitiando
2636 1518 2937 1575 morbidum
2966 1518 3213 1587 reddere,
3241 1528 3297 1575 et
3335 1534 3560 1590 perver-
3592 1554 3597 1561 ι

1958 1610 2036 1664 sis
2072 1616 2232 1681 atque
2259 1609 2586 1666 amatoribus
2614 1619 2949 1666 terrenorum
2991 1609 3419 1670 commodorum,
3444 1625 3591 1666 ma-~

1959 1692 2153 1757 lel'aCta
2179 1702 2439 1770 suadere;
2471 1702 2540 1759 de
2566 1718 2794 1774 quorum
2825 1703 3065 1759 moribus
3100 1704 3233 1758 certi
3263 1711 3389 1757 sunt
3415 1702 3559 1773 quod

1959 1794 2069 1850 sint
2093 1795 2173 1851 eis
2201 1794 2324 1850 talia
2355 1794 2704 1852 suadentibus
2744 1795 3079 1851 consensuri.
3118 1794 3357 1851 Suadent
3381 1804 3559 1850 antem

1961 1888 2112 1945 miris
2152 1896 2209 1944 et
2254 1888 2609 1945 invisibilibus
2651 1888 2845 1953 modis,
2893 1903 2991 1967 per
3018 1888 3165 1943 illam
3211 1888 3562 1944 subtilitatem
3640 1904 3651 1967 χ

1961 1995 2179 2037 suorum
2207 1995 2494 2053 corporum
2512 1996 2738 2054 corpora
2768 1966 3043 2037 hominum
3073 1997 3179 2037 non
3210 1981 3560 2037 sentientium

1963 2070 2313 2142 penetrando,
2355 2084 2583 2143 seseque
2611 2072 3022 2144 cogitationibus
3051 2087 3238 2128 eorum
3285 2088 3381 2143 per
3411 2087 3560 2143 qua:-

1963 2164 2087 2219 dam
2130 2163 2442 2234 imaginaria
2468 2165 2580 2218 visa
2611 2164 2906 2229 miscendo,
2947 2164 3062 2220 sive
3088 2164 3416 2236 vigilantium
3450 2163 3566 2219 sive

1963 2256 2365 2313 dormientium.
2407 2257 2708 2327 Aliquando
2731 2266 2909 2313 autem
2935 2272 3041 2313 non
3068 2272 3188 2328 qua)
3217 2258 3314 2327 ipsi
3342 2256 3566 2320 faciunt,

1966 2348 2061 2405 sed
2103 2362 2223 2419 quae
2266 2348 2594 2404 naturalibus
2639 2348 2808 2420 signis
2850 2348 3023 2404 futura
3052 2357 3412 2418 praenoscunt,
3446 2363 3568 2419 quae

1966 2439 2117 2509 signa
2161 2438 2214 2492 in
2260 2437 2537 2494 hominum
2565 2453 2757 2494 sensus
2798 2439 2987 2494 venire
3014 2456 3119 2495 non
3165 2448 3411 2510 possunt,
3444 2448 3571 2493 ante

1969 2530 2282 2600 praedicunt.
2322 2529 2507 2600 Neque
2534 2530 2677 2585 enim
2707 2530 2831 2602 quia
2857 2530 3113 2601 praevidet
3157 2531 3399 2586 medicus
3426 2531 3569 2601 quod

1970 2637 2076 2676 non
2122 2618 2379 2691 praevidet
2415 2620 2533 2691 ejus
2581 2622 2713 2677 artis
2757 2622 2992 2693 ignarus,
3035 2622 3157 2678 ideo
3199 2622 3310 2692 jam
3359 2622 3571 2678 divinus

1972 2712 2249 2769 habendus
2272 2722 2375 2768 est.
2415 2711 2553 2780 Quid
2580 2722 2759 2770 autem
2787 2713 3001 2782 mirum,
3046 2714 3094 2769 si
3117 2713 3570 2785 quemadmodum

1973 2805 2063 2861 ille
2090 2805 2142 2860 in
2173 2806 2413 2875 corporis
2444 2806 2659 2861 humani
2702 2807 2786 2861 vel
2815 2806 3121 2876 perturbata
3150 2806 3235 2861 vel
3266 2807 3572 2862 modiﬁcata

1976 2898 2235 2968 temperie
2260 2912 2356 2954 seu
2384 2898 2553 2954 bonas
2578 2912 2673 2954 seu
2707 2899 2875 2954 malas
2904 2898 3108 2955 futuras
3137 2898 3393 2969 przevidet
3427 2898 3575 2955 vale-

1977 2987 2230 3055 tudines;
2257 2988 2337 3044 sic
2360 2987 2573 3045 daemon
2614 2988 2668 3044 in
2695 2989 2836 3047 aeris
2873 2989 3153 3045 atl‘ectione
3174 2998 3334 3060 atque
3357 2989 3603 3045 ordinas

1978 3082 2127 3139 tione
2177 3082 2281 3139 sibi
2332 3091 2482 3149 nota,
2540 3068 2921 3154 nolii's‘ig'nota
2968 3083 3012 3149 ',
3066 3080 3271 3137 futuras
3321 3080 3579 3153 przevidct

1981 3176 2367 3257 tempestates?
2406 3176 2708 3249 Aliquando
2734 3184 2792 3232 et
2830 3176 3106 3232 hominum
3152 3175 3531 3249 dispositiones
3556 3216 3575 3242 ,
3618 3226 3621 3229 .

1980 3285 2087 3326 non
2114 3256 2289 3326 solum
2336 3282 2469 3326 voce
2519 3269 2775 3341 prolatas,
2806 3285 2992 3325 verum
3043 3270 3205 3325 etiam
3254 3270 3582 3341 cogitatione

1982 3372 2291 3431 conceptas,
2318 3374 2441 3416 cum
2462 3360 2613 3432 signa
2629 3360 2873 3432 quedam
2898 3376 2967 3416 ex
2996 3361 3178 3416 animo
3205 3364 3581 3431 exprimuntur

1984 3452 2315 3525 incorpore,
2348 3462 2458 3527 tota
2498 3453 2751 3510 facilitate
2778 3454 3088 3526 pet-discunt
3112 3454 3189 3527 (α)
3229 3464 3428 3526 :atque
3456 3455 3583 3510 hinc

1985 3545 2148 3602 etiam
2160 3545 2342 3611 multa
2368 3544 2544 3601 futura
2574 3546 2951 3615 praenuntiant,
2976 3546 3115 3615 aliis
3142 3546 3387 3602 videlicet
3411 3547 3541 3609 mira
3564 3586 3581 3607 ,
3664 3564 3691 3597 ,η
3718 3540 3721 3541 ⁷

1986 3637 2077 3713 qui
2104 3638 2203 3692 ista
2245 3636 2501 3708 disposita
2529 3651 2634 3692 non
2665 3638 2953 3693 noverunt.
2974 3630 3136 3694 'Sicut
3177 3638 3320 3693 enim
3361 3628 3587 3708 apparet

1988 3716 2305 3785 concitatior
2342 3728 2506 3784 animi
2556 3736 2734 3783 motus
2780 3728 2832 3784 in
2878 3729 3050 3793 vultu,
3081 3737 3141 3783 ut
3179 3728 3249 3783 ah
3277 3727 3586 3783 hominibus

1989 3837 2201 3893 quoque
2229 3820 2429 3892 aliquid
2471 3820 2767 3877 forinsecus
2795 3829 3135 3892 agnoscatur,
3164 3821 3305 3891 quod
3329 3821 3587 3877 intrinse-

1991 3928 2087 3971 cus
2125 3912 2297 3983 agitur
2326 3930 2339 3966 :
2370 3912 2439 3967 ita
2470 3927 2577 3967 non
2604 3911 2765 3967 debet
2792 3926 2913 3969 esse
2949 3912 3280 3979 incredibile,
3328 3912 3374 3967 si
3423 3912 3584 3968 etiam

1993 4004 2227 4060 leniores
2244 4003 2265 4035 ³
2296 4003 2646 4074 cogitationes
2670 4003 2800 4059 dant
2843 4003 3019 4074 aliqua
3051 4003 3200 4074 signa
3225 4019 3320 4073 per
3346 4018 3544 4073 corpus
3567 4045 3585 4073 ,

1994 4111 2115 4167 quae
2139 4096 2332 4152 obtuso
2353 4094 2375 4127 ⁸
2402 4110 2564 4152 sensu
2596 4095 2872 4151 hominum
2907 4096 3157 4167 cognosci
3188 4110 3293 4152 non
3342 4106 3587 4169 possunt,

1995 4198 2154 4246 acuto
2200 4200 2381 4246 autem
2430 4190 2733 4245 dannonum
2779 4200 3022 4261 possunt.

2068 4282 2294 4339 CAPUT
2332 4281 2421 4337 Vl.
2450 4310 2521 4323 —-
2560 4281 2650 4337 l0.
2690 4280 2947 4337 Divinatio
2989 4282 3276 4338 damonum
3318 4299 3473 4357 quam
3515 4284 3596 4337 di-

1997 4386 2138 4432 stans
2156 4376 2220 4431 ab
2243 4375 2511 4431 altitudine
2535 4375 2813 4447 praphetia:
2830 4375 3031 4431 divinas.
3073 4375 3343 4432 Damone:
3372 4377 3595 4448 plerum-

1996 4485 2094 4540 que
2149 4468 2264 4541 falli
2310 4478 2357 4523 et
2419 4467 2618 4539 fallere.
2676 4467 2941 4535 Quomodo
2988 4467 3258 4538 falluntur.
3328 4468 3594 4536 Quomodo

2002 4562 2210 4636 fallunt.
2251 4561 2363 4616 llac
2390 4569 2550 4631 atque
2581 4559 2884 4630 huiusmodi
2915 4558 3168 4616 facultate
3192 4560 3358 4617 multa
3388 4561 3593 4616 daemo-
3656 4576 3663 4593 κ

2003 4670 2099 4711 nes
2123 4654 2521 4725 praenuntiant;
2552 4666 2673 4706 cum
2703 4661 2889 4708 tamen
2908 4652 2977 4708 ab
2998 4646 3267 4723 eisglonge
3284 4650 3353 4706 sit
3371 4648 3597 4707 altitudo
3658 4662 3659 4673 ‘

2004 4744 2147 4801 illius
2178 4742 2493 4815 prephetiae,
2520 4758 2680 4813 quam
2706 4742 2845 4807 Deus
2864 4757 2962 4813 per
2980 4754 3195 4799 sanctos
3215 4743 3447 4812 Angelos
3471 4758 3599 4797 suos

2004 4846 2060 4891 et
2086 4834 2380 4907 Prophetas
2404 4830 2675 4903 operatur.
2698 4833 2848 4889 Nam
2869 4818 3057 4905 siquid
3081 4834 3151 4890 de
3180 4834 3265 4888 illa
3294 4834 3385 4889 Dei
3411 4834 3591 4904 dispo-

2004 4930 2200 4985 sitione
2227 4926 2609 4999 praenuntiant,
2634 4916 2858 4980 audiunt
2884 4932 2944 4979 ut
2966 4922 3321 4995 praenuntient
3345 4942 3361 4991 ;
3393 4934 3448 4979 et
3472 4939 3596 4979 cum

2006 5035 2069 5075 ea
2098 5018 2394 5090 prmdicunt
2422 5032 2542 5088 qua:
2586 5015 2710 5071 inde
2752 5015 2993 5080 audiunt,
3036 5031 3145 5069 non
3192 5015 3380 5069 fallunt
3421 5031 3599 5086 neque

2011 5114 2262 5167 falluntur
2292 5130 2305 5167 :
2340 5111 2685 5166 veracissima
2712 5110 2854 5165 enim
2878 5117 3003 5163 sunt
3024 5109 3260 5180 angelica
3286 5119 3340 5165 et
3367 5112 3600 5182 praphe-

2012 5205 2113 5259 tica
2140 5201 2377 5257 oracula.
2416 5201 2505 5256 Sic
2530 5209 2708 5255 autem
2739 5198 3076 5268 indignanter
3102 5200 3359 5271 accipitur
3383 5200 3426 5268 ',
3457 5202 3598 5273 quod

2012 5294 2187 5365 aliqua
2216 5293 2379 5349 etiam
2424 5290 2545 5346 talia
2596 5289 2870 5349 daemones
2902 5288 3124 5345 audiant
3164 5299 3219 5347 et
3257 5292 3552 5363 praedicant
3587 5338 3603 5365 ,

2079 5434 2095 5462 ³
2134 5433 2200 5478 tta
2222 5434 2327 5475 Mss.
2355 5431 2410 5474 At
2432 5422 2551 5473 editi
2569 5461 2583 5482 ,
2609 5428 2654 5473 et
2681 5420 2887 5473 eiidenti
2905 5422 3108 5475 malitia.

2079 5495 2099 5524 ²
2134 5492 2207 5539 sic
2227 5495 2334 5550 Mss.
2361 5486 2477 5550 Editi
2501 5499 2634 5545 vero,
2659 5483 2751 5535 sibi
2773 5492 2924 5546 notus,
2948 5497 3079 5536 noots
3102 5488 3304 5550 ignotas.

2082 5554 2104 5585 ³
2136 5561 2276 5609 V’en.,
2301 5547 2515 5598 leviores.
2581 5553 2638 5597 It.

2083 5615 2103 5648 ⁸
2138 5622 2190 5664 tn
2210 5620 2315 5661 Mss.
2334 5645 2347 5671 ,
2371 5611 2585 5660 obtunso.

2082 5678 2103 5711 ³
2138 5681 2204 5725 tta
2235 5681 2341 5723 Mss.
2378 5679 2433 5721 Αι
2458 5679 2556 5719 Am.
2584 5677 2636 5721 et
2658 5670 2833 5737 ξηρῆς
2855 5677 3015 5722 autem
3038 5674 3460 5737 nentur/ignaram-
3477 5688 3609 5726 acco-

2049 5737 2200 5804 pitur.
2219 5742 2351 5793 Lov.,
2368 5742 2468 5804 Non
2487 5739 2645 5804 mttein
2652 5732 2971 5804 Aindigtumter
2986 5732 3280 5804 accipiatur";

2087 5800 2159 5861 (α)
2183 5805 2217 5846 tl
2243 5802 2597 5861 Ite-tractamur:
2616 5797 2693 5845 50.
2720 5802 2890 5861 t'onjer
2931 5800 3075 5847 etiam
3100 5797 3184 5846 lib.
3236 5802 3253 5847 ί
3302 5808 3468 5850 contra
3499 5808 3611 5849 Ara-

2025 5858 2253 5924 dctnicos,
2280 5871 2416 5923 capt).
2443 5858 2474 5907 6
2499 5866 2550 5909 ct
2570 5860 2617 5918 7,
2650 5874 2697 5907 ιι.
2720 5859 2879 5909 lii-il.

2795 5944 3203 6017 {Dix-ncuﬁl
