4018 6548
455 459 554 511 5η

456 568 605 637 quasi
658 562 855 634 aliquid
897 559 1170 631 indignum
1207 558 1278 613 sit
1323 566 1380 612 ut
1416 555 1558 629 quod
1600 555 1720 610 ideo
1762 551 1956 608 dicitur
1983 557 2042 603 ut

459 658 761 713 hominibus
808 655 1125 716 innotescat,
1168 650 1270 705 hoc
1309 664 1414 704 non
1460 649 1634 703 solum
1665 645 1811 710 boni,
1858 655 2042 697 verum

455 752 617 806 etiam
674 746 799 801 mali
856 759 960 799 non
1012 751 1264 798 taceant:
1302 755 1423 796 cum
1469 740 1524 793 in
1567 738 1696 808 ipsis
1741 732 2045 789 hominibus

459 843 617 896 etiam
645 839 766 893 vita:
810 838 963 893 bonae
991 843 1254 906 prmcepta
1292 832 1570 887 videamus
1609 829 1809 899 pariter
1834 842 1864 880 a
1887 825 2047 896 justis

462 934 834 1003 perversisque
857 928 1096 993 cantari;
1126 943 1223 982 nec
1250 927 1439 981 obesse
1483 922 1702 992 aliquid,
1737 921 1845 976 imo
1886 919 2046 974 etiam

464 1023 715 1093 prodesse
741 1021 807 1076 ad
846 1022 1104 1089 majorem
1133 1017 1374 1072 notitiam
1423 1015 1724 1084 famamque
1771 1010 2008 1067 veritatis
2028 1050 2044 1074 ,

461 1131 583 1171 cum
614 1115 683 1170 de
710 1114 800 1169 illa
843 1114 1003 1169 etiam
1050 1112 1103 1166 hi
1130 1109 1385 1181 quidquid
1428 1117 1690 1163 noverunt
1725 1107 1929 1172 dicunt,
1959 1105 2049 1175 qui

463 1208 512 1261 ei
541 1207 806 1277 perversis
838 1204 1074 1259 moribus
1101 1201 1492 1258 contradicunt.
1553 1200 1608 1254 ln
1630 1198 1846 1277 caeteris
1871 1205 2050 1251 autem

468 1296 903 1366 przedictionibus
929 1297 1038 1350 suis
1064 1294 1338 1349 daemones
1382 1292 1691 1363 plerumque
1720 1300 1774 1345 et
1799 1291 2053 1344 falluntur

467 1400 521 1444 et
540 1390 757 1445 failunt.
798 1386 1071 1442 Falluntur
1094 1386 1331 1457 quidem,
1358 1384 1479 1455 quia
1509 1400 1630 1441 eum
1661 1398 1785 1439 suas
1822 1382 2054 1453 disposi-

471 1464 643 1534 tiones
669 1478 1045 1549 praenuntiant,
1074 1492 1140 1532 ex
1169 1476 1456 1546 improviso
1484 1474 1715 1544 desuper
1740 1473 1938 1544 aliquid
1963 1472 2054 1544 ju-

472 1564 645 1629 betur,
678 1561 818 1630 quod
846 1575 1031 1616 eorum
1076 1560 1299 1615 consilia
1325 1567 1516 1615 cuncta
1566 1557 1860 1629 perturbet.
1900 1557 2058 1613 Velut

470 1654 516 1707 si
545 1651 745 1723 aliquid
770 1650 1057 1721 disponant
1082 1650 1306 1721 quilibet
1335 1649 1579 1705 homines
1606 1649 1927 1720 quibuslibet
1959 1663 2059 1719 po-

474 1744 751 1799 testatibus
776 1744 993 1811 subditi,
1017 1743 1161 1815 quod
1186 1759 1289 1799 non
1319 1743 1679 1814 prohibituros
1698 1757 1825 1798 suos
1853 1758 2062 1813 praepo-

473 1838 605 1892 sitos
629 1837 971 1900 arbitrentur,
1003 1835 1162 1907 idque
1188 1834 1421 1892 facturos
1462 1849 1523 1890 se
1546 1850 1667 1890 esse
1708 1837 2057 1905 promittant;

475 1936 529 1982 at
558 1928 652 1994 illi,
694 1942 859 1998 penes
884 1942 1019 1999 quos
1049 1928 1219 1996 major
1263 1934 1496 1997 potestas
1524 1934 1626 1993 est,
1658 1930 1726 1981 ex
1767 1925 1872 1980 alio
1899 1940 2059 1995 supe-

477 2021 616 2073 riore
636 2018 857 2075 consilio
874 2020 975 2073 hoc
996 2026 1162 2073 totum
1185 2017 1500 2088 dispositum
1521 2027 1682 2087 atque
1708 2026 2061 2087 praeparatum

478 2119 698 2181 repente
724 2110 1063 2181 prohibeant.
1105 2109 1383 2165 Falluntur
1409 2110 1569 2165 etiam
1600 2125 1722 2164 cum
1751 2110 1926 2164 causis
1964 2124 2062 2164 na-

482 2204 737 2259 turalibus
762 2204 959 2273 aliqua,
992 2203 1128 2258 sicut
1158 2203 1370 2269 medici,
1400 2212 1491 2258 aut
1519 2211 1711 2268 nautze,
1743 2211 1834 2257 aut
1860 2203 2065 2273 agrico-

482 2298 569 2365 lre,
600 2297 694 2353 sed
724 2298 880 2367 longe
908 2297 1114 2352 acutius
1142 2297 1403 2367 longeque
1432 2296 1768 2366 pra:stantius
1798 2311 1895 2366 pro
1934 2295 2066 2350 aerii

480 2390 720 2460 corporis
746 2404 907 2445 sensu
929 2388 1208 2444 solertiore
1230 2397 1283 2444 et
1310 2388 1682 2444 exercitatiore
1703 2398 2060 2458 prmnoscunt:

484 2480 607 2552 quia
633 2490 685 2535 et
715 2481 827 2536 haec
853 2481 920 2536 ab
952 2479 1169 2551 Angelis
1196 2480 1307 2535 Deo
1330 2494 1543 2534 summo
1584 2479 1670 2549 pie
1712 2480 2067 2537 servientibus

480 2572 583 2626 alia
624 2571 973 2643 dispositione
1002 2570 1179 2642 ignota
1206 2570 1540 2626 daemonibus
1568 2584 1639 2625 ex
1670 2569 1960 2640 improviso
2004 2586 2069 2626 ac

481 2671 702 2733 repente
743 2670 1032 2717 mutantur.
1074 2661 1352 2731 Tanquam
1378 2661 1423 2715 si
1449 2675 1593 2731 a:gro
1622 2659 1823 2731 aliquid
1867 2661 2071 2715 extrin-

479 2768 635 2808 secus
682 2754 699 2784 ί
729 2752 953 2819 accidat,
980 2766 1087 2823 quo
1130 2754 1407 2816 moriatur,
1451 2762 1611 2820 quem
1654 2749 1893 2804 medicus
1931 2750 2070 2806 veris

482 2844 669 2899 salutis
697 2843 1114 2914 praecedentibus
1154 2842 1319 2913 signis
1349 2841 1610 2897 victurum
1651 2854 1775 2896 esse
1814 2842 2072 2912 promise-

482 2946 562 2989 rat
585 2951 600 3002 ;
629 2944 721 2989 aut
744 2936 787 2989 si
815 2935 960 2991 aeris
976 2934 1229 3004 qualitate
1256 2933 1503 3003 praevisa,
1531 2932 1623 2987 diu
1644 2932 1891 2987 flaturum
1921 2934 2070 2989 illum

481 3036 698 3080 ventum
724 3034 1005 3081 nautarum
1049 3025 1241 3095 aliquis
1279 3016 1637 3094 praedixisset,
1680 3025 1766 3079 cui
1812 3025 2073 3081 Dominus

482 3116 725 3171 Christus
750 3132 868 3171 cum
898 3116 1173 3187 discipulis
1200 3114 1454 3186 navigans
1483 3125 1540 3169 ut
1566 3116 1868 3186 quiesceret
1896 3118 2071 3189 impe-

483 3212 640 3277 ravit,
684 3220 737 3264 et
781 3210 916 3264 facta
946 3219 1028 3264 est
1075 3210 1428 3280 tranquillitas
1473 3223 1661 3279 magna
1705 3209 1918 3280 (Matth.
1951 3225 2067 3277 Vili,

483 3302 578 3373 26)
603 3318 619 3368 ;
649 3300 731 3355 vel
762 3301 806 3355 si
849 3300 1082 3371 agricola
1112 3300 1204 3355 illo
1247 3314 1388 3355 anno
1428 3298 1864 3355 fruetilicaturam
1909 3301 2070 3357 vitem

484 3395 715 3466 aliquam
746 3392 1078 3463 polliceatur,
1111 3403 1354 3447 naturam
1396 3392 1579 3463 utique
1620 3402 1777 3448 terra:
1804 3403 1861 3449 et
1886 3410 2073 3450 nume-

488 3504 579 3543 ros
622 3487 885 3541 seminum
913 3486 1134 3555 callens,
1162 3502 1269 3556 quo
1313 3494 1490 3542 tamen
1533 3500 1674 3541 anno
1703 3502 1822 3543 eam
1853 3489 1941 3543 vel
1969 3489 2070 3543 im-

490 3580 701 3651 provisa
730 3580 853 3636 caeli
881 3580 1227 3650 intemperies
1268 3579 1541 3648 arefaciat,
1587 3581 1669 3636 vel
1699 3582 1874 3652 aliqua
1900 3582 2072 3652 jussio

489 3672 800 3744 potentioris
826 3671 1061 3727 eradicet
1084 3689 1098 3727 :
1124 3672 1192 3726 ita
1214 3672 1378 3735 multa
1399 3674 1558 3728 etiam
1582 3673 1661 3749 ad,
1680 3676 2071 3749 prescientiam

488 3765 990 3839 prtedictionemque
1025 3763 1327 3845 diemonum
1374 3750 1714 3837 pertinentia,
1746 3785 1865 3840 qua:
1895 3750 2072 3825 mino-

487 3864 633 3918 ribus
657 3874 711 3919 et
753 3852 1115 3918 usitatioribus
1156 3862 1330 3918 causis
1368 3862 1542 3917 futura
1571 3846 1951 3934 praevidentur,
1984 3880 2075 3920 ea-

486 3956 610 4012 dem
645 3957 934 4026 majoribus
963 3966 1017 4012 et
1041 3955 1422 4027 occultioribus
1448 3958 1622 4011 causis
1654 3956 1904 4027 impedita
1952 3972 2073 4012 mu—

486 4058 687 4119 tantur.
728 4044 941 4103 Fallunt
965 4058 1145 4102 autem
1176 4048 1336 4103 etiam
1376 4047 1552 4103 studio
1577 4047 1793 4105 fallendi
1820 4057 1875 4105 et
1899 4050 2073 4105 invida

490 4141 782 4202 voluntate,
830 4154 932 4211 qua
984 4139 1261 4194 hominum
1309 4155 1495 4195 errore
1540 4139 1806 4196 lzetantur.
1850 4141 1955 4197 Sed
2006 4158 2076 4198 ne

487 4232 628 4302 apud
657 4232 894 4288 cultores
936 4246 1069 4287 suos
1094 4231 1301 4302 pondus
1345 4233 1679 4289 auctoritatis
1722 4235 1989 4300 amittant,
2023 4235 2075 4292 id

489 4332 672 4395 agunt,
718 4331 776 4378 ut
832 4323 1208 4393 interpretibus
1256 4324 1377 4379 suis
1434 4325 1812 4397 signorumque
1842 4316 2074 4383 suorum

492 4416 885 4486 conjectoribus
931 4415 1084 4486 culpa
1134 4415 1411 4483 tribuatur,
1471 4417 1686 4487 quando
1736 4419 1820 4474 vel
1869 4419 2077 4491 decepti

496 4507 691 4561 fuerint
720 4506 803 4561 vel
834 4506 1039 4561 mentiti
1063 4507 1105 4559 ³.

567 4600 655 4654 Η.
684 4597 819 4665 Quid
844 4612 976 4668 ergo
993 4599 1210 4668 mirum,
1232 4599 1275 4655 si
1294 4598 1404 4670 jam
1426 4600 1740 4657 imminente
1758 4603 2075 4673 templorum

495 4703 585 4749 aut
630 4691 1037 4747 simulacrorum
1088 4693 1398 4759 eversione,
1446 4708 1609 4764 quam
1652 4695 1933 4767 Prophetas
1986 4699 2079 4755 Dei

492 4784 685 4841 summi
716 4793 859 4839 tanto
885 4792 1010 4839 ante
1038 4785 1415 4855 praedixerant,
1443 4786 1659 4857 Serapis
1681 4788 1893 4845 daemon
1923 4792 2079 4848 alicui

494 4877 756 4933 cultorum
799 4891 1015 4930 suorum
1046 4876 1151 4932 hoc
1187 4876 1255 4932 de
1286 4878 1529 4947 proximo
1557 4880 1807 4949 prodidit,
1843 4893 1901 4938 ut
1929 4898 2079 4940 suam

494 4967 645 5038 quasi
691 4966 1019 5023 divinitatem
1065 4967 1328 5025 recedens
1370 4969 1455 5025 vel
1497 4967 1709 5040 fugiens
1736 4976 2083 5031 commenda-

496 5072 576 5115 ret
597 5061 621 5115 ?

567 5152 790 5209 CAPUT
832 5153 939 5209 VII.
964 5182 1039 5194 -—
1067 5152 1170 5210 Cur
1194 5153 1449 5210 (immanes
1471 5154 1700 5225 ipsorum
1726 5159 1863 5213 mala
1902 5161 1983 5215 vel
2009 5164 2083 5216 si-

497 5247 651 5308 leant,
681 5245 756 5298 vel
778 5246 1056 5313 pradicant
1081 5246 1354 5302 interdum.
1395 5246 1667 5317 Fugantur
1693 5255 1836 5306 enim
1870 5252 1977 5319 isti,
2000 5255 2083 5309 vel

497 5337 656 5390 etiam
699 5336 865 5406 jussis
917 5338 1280 5408 superioribus
1327 5340 1559 5412 colligati
1605 5344 1984 5403 abstrahuntur
2028 5360 2083 5405 et

564 5472 577 5503 '
616 5470 720 5519 Sola
752 5470 900 5519 editio
921 5476 1055 5530 l.ov.,
1078 5471 1384 5527 intrinsecus.

561 5536 581 5565 ¹
616 5534 699 5608 “i9
720 5531 1469 5608 Ἇίὲίέιάμῐιεεηπονιηιςησυςηι
1491 5551 1602 5589 ιἐνο
1639 5540 1751 5608 ipsi
1988 5547 2086 5608 spi-

497 5595 695 5668 νίιπιερς
718 5591 935 5668 item
1234 5591 1375 5668 αεφὶε
1396 5599 1639 5668 msere»:
1654 5591 2083 5668 imasoaia.

494 5654 940 5731 solettfﬂt‘ifiifﬁﬁ
948 5654 1525 5731 (ἕςζεέξέιῐῖέωαὶιτφβυφ
1547 5668 1591 5712 ει
1609 5662 1849 5731 idolorum
1872 5654 2078 5731 iam;

496 5715 1230 5793 σηπῖείιξξξπξφδςῇέίέιεωξιξτε
1252 5720 1377 5789 eod
1400 5720 1672 5793 inserui:
1694 5726 1855 5793 regnis
1867 5715 2084 5783 ἀκηδέέὲ

496 5775 1299 5853 ι”τῖηιὶιτῖιφὲίλέίρέζζίίζάλξίΨέξῇ
1319 5775 1649 5853 meracam-
1676 5775 1807 5837 ου’τΰί
1819 5775 1949 5851 se?

497 5842 569 5900 sit,
586 5836 989 5915 auguramur
999 5836 1370 5915 gutfgutitizgn
1386 5836 1611 5895 historias
1631 5836 1810 5913 tegunt,
1835 5836 2081 5915 ἧῷἣῆἦὶμ

494 5897 616 5952 minl
646 5899 822 5947 absunt
844 5897 946 5951 hinc
966 5897 1030 5952 uti
1050 5899 1276 5951 omnibus
1297 5910 1402 5953 Mss.

1351 446 1439 501 DE
1477 438 1914 500 DIVINATIONE
1956 432 2325 498 DEMONUM,
2366 432 2423 489 S.
2465 433 2829 489 AUGUSTINI

3629 433 3733 489 538

2146 545 2446 601 alienantur
2471 561 2500 600 a
2532 546 2662 601 locis
2689 545 2821 609 suis,
2855 554 2910 599 ut
2938 544 3006 599 de
3046 545 3206 600 rebus
3247 546 3439 616 quibus
3486 545 3706 600 domina
3734 580 3737 581 ν

2146 636 2338 691 bantur
2377 636 2676 708 quibusque
2704 635 3033 701 colebantur,
3068 637 3160 691 fiat
3202 638 3447 692 voluntas
3482 638 3606 705 Dei,
3648 639 3740 709 qui

2148 727 2250 783 huc
2278 735 2423 783 tanto
2447 739 2571 784 ante
2600 745 2694 799 per
2729 743 2918 784 omnes
2960 739 3149 800 gentes
3176 730 3410 785 futurum
3440 746 3565 787 esse
3593 747 3734 801 prae-

2147 817 2300 885 dixit,
2327 828 2382 875 et
2406 828 2463 875 ut
2489 835 2585 889 per
2609 834 2739 875 suos
2776 819 2959 875 fideles
2998 820 3151 875 fieret
3181 823 3479 892 imperavit.
3507 822 3625 878 Cur
3650 839 3743 877 au-

2150 920 2257 966 tem
2288 910 2388 967 hoc
2429 928 2537 968 non
2580 913 2847 968 sineretur
2888 913 3098 969 dazmon
3143 914 3456 984 praedicere,
3487 931 3611 971 cum
3643 918 3742 972 sibi

2146 1004 2256 1074 jam
2311 1013 2670 1075 praenosceret
2715 1005 3036 1061 imminere?
3067 1022 3190 1061 cum
3232 1008 3346 1063 lure
3376 1008 3655 1078 prmdictio
3688 1019 3741 1065 et

2152 1100 2431 1170 Prophetis
2483 1101 2500 1131 ⁸
2533 1108 2894 1165 attestaretur,
2937 1115 2967 1154 a
2997 1100 3191 1171 quibus
3216 1110 3339 1155 sunt
3370 1102 3467 1156 ista
3498 1103 3743 1157 conscri-

2152 1201 2263 1262 pta,
2294 1202 2348 1269 et
2386 1190 2732 1262 prudentibus
2777 1192 2994 1246 daretur
3020 1192 3243 1262 intelligi
3274 1208 3432 1263 quam
3460 1194 3741 1267 vigilanter

2154 1293 2296 1338 esset
2318 1282 2619 1337 dmmonum
2644 1281 2876 1337 cavenda
2897 1280 3105 1337 fallacia
3136 1284 3416 1354 cultusque
3441 1284 3747 1355 fugiendus;

2154 1374 2247 1445 qui
2272 1390 2391 1428 cum
2418 1383 2539 1429 ante
2569 1389 2663 1443 per
2689 1382 2796 1428 tam
2824 1374 3037 1443 longum
3066 1382 3276 1444 tempus
3308 1376 3360 1429 in
3394 1378 3611 1448 templis
3636 1380 3750 1435 suis

2157 1467 2273 1523 haec
2315 1467 2489 1522 futura
2518 1468 2825 1533 tacuissent,
2856 1483 2975 1538 qua:
3025 1483 3118 1537 per
3147 1467 3443 1539 Prophetas
3491 1470 3749 1540 praedicta

2158 1559 2402 1629 ignorare
2449 1574 2555 1614 non
2603 1567 2859 1630 possent,
2916 1567 3260 1629 posteaquam
3315 1564 3752 1633 appropinquare

2158 1659 2454 1720 cmperunt,
2497 1649 2780 1704 voluerunt
2823 1664 2885 1704 ea
2925 1650 3076 1719 quasi
3122 1649 3435 1720 praedicere,
3484 1669 3550 1708 ne
3582 1638 3755 1724 ignari

2161 1742 2394 1811 victique
2422 1750 2754 1810 putarentur.
2794 1739 2925 1796 Cum
2953 1741 3109 1810 igitur
3140 1749 3246 1796 tam
3270 1741 3427 1813 longe
3456 1754 3583 1799 ante
3618 1761 3758 1814 prae-

2159 1835 2359 1891 dictum
2402 1843 2547 1890 esset
2588 1844 2746 1906 atque
2784 1836 3166 1905 conscriptum,
3198 1835 3385 1890 utalia
3430 1838 3647 1893 interim
3680 1849 3755 1893 ta-

2161 1941 2332 1991 ceam,
2360 1926 2492 1981 illud
2522 1926 2662 1997 quod
2694 1927 2996 1997 Sophonias
3022 1927 3282 1997 propheta
3312 1928 3463 1995 dicit,
3494 1927 3760 1984 Prwvale-

2163 2020 2231 2073 bit
2260 2019 2505 2074 Dominus
2530 2020 2771 2074 adversus
2816 2036 2918 2083 eos,
2968 2028 3014 2074 et
3041 2021 3391 2075 extemzinabit
3421 2038 3595 2077 omnes
3638 2023 3759 2079 deos

2164 2111 2384 2181 gentium
2410 2120 2591 2174 teme;
2620 2120 2666 2164 et
2690 2109 2971 2163 adorabunt
3015 2126 3149 2177 eum,
3179 2111 3521 2182 unusquisque
3558 2112 3759 2168 deloco

2163 2218 2276 2266 suo,
2309 2218 2479 2258 omnes
2515 2202 2697 2257 insulae
2736 2203 2959 2273 gentium
2998 2201 3239 2275 (Sep/ton
3266 2219 3324 2269 ιι,
3358 2204 3444 2275 ll)
3471 2222 3486 2271 ;
3516 2213 3609 2268 aut
3650 2220 3759 2261 non

2166 2294 2452 2351 credebant
2482 2296 2580 2350 ista
2610 2296 2709 2350 sibi
2754 2305 3033 2363 eventura,
3061 2296 3151 2366 qui
3190 2297 3243 2351 in
3275 2297 3487 2368 templis
3517 2299 3757 2369 gentium

2166 2386 2493 2451 colebantur,
2524 2395 2580 2442 et
2625 2386 2744 2441 ideo
2774 2386 2890 2442 haec
2919 2403 3014 2458 per
3055 2402 3180 2443 suos
3223 2400 3373 2445 vates
3398 2404 3462 2444 ac
3496 2390 3763 2447 fanaticos

2167 2479 2503 2551 frequentare
2540 2480 2821 2535 noluerunt
2851 2496 2865 2533 :
2894 2480 3031 2534 sicut
3073 2495 3257 2535 eorum
3303 2490 3458 2551 poeta
3489 2481 3761 2537 iunonem

2168 2572 2369 2627 inducit
2412 2587 2516 2627 non
2545 2572 2690 2627 omni
2730 2572 2889 2627 modo
2936 2572 3270 2639 credentem,
3312 2589 3432 2643 qua:
3476 2573 3544 2630 de
3593 2574 3765 2629 Turni

2170 2672 2343 2718 morte
2382 2662 2589 2733 Jupiter
2616 2662 2846 2717 dixerat.
2873 2661 3013 2718 Juno
3054 2672 3233 2718 autem
3281 2664 3491 2719 abistis
3520 2674 3767 2734 potestas

2169 2758 2313 2812 aeria
2367 2756 2707 2828 praedicatur,
2757 2771 2877 2828 quae
2933 2756 3073 2829 apud
3127 2756 3403 2827 Virgilium
3452 2757 3531 2813 sic
3583 2759 3764 2830 loqui-

2173 2860 2257 2905 tur
2288 2866 2304 2906 ἒ

2296 2988 2425 3031 Nunc
2445 2986 2610 3031 manet
2626 2982 2865 3030 insontem
2888 2984 3051 3045 gravis
3069 2984 3257 3041 exitus,
3276 2989 3476 3045 autgego
3501 2983 3607 3033 veri

2294 3050 2420 3106 Vana
2445 3044 2573 3091 feror
2598 3057 2615 3092 ι
2637 3045 2765 3106 quod
2785 3051 2839 3092 ut
2860 3043 3068 3105 o'potius
3087 3046 3340 3094 formidine
3360 3043 3478 3093 falsa

2290 3104 2471 3168 Ludar;
2490 3112 2541 3154 et
2561 3106 2611 3155 in
2628 3104 2805 3155 melius
2821 3104 2921 3166 tua,
2940 3108 3021 3168 qui
3041 3113 3198 3168 potes,
3217 3120 3329 3156 orsa
3340 3104 3595 3155 reﬂectas!

2857 3215 2861 3219 .
2928 3166 3137 3228 ()Enéid.
3165 3167 3248 3219 uo.
3276 3169 3352 3229 ιο,
3379 3180 3422 3217 ιι.
3449 3166 3705 3231 eaeeae.)

2172 3289 2279 3345 Aut
2305 3305 2432 3362 ergo
2452 3290 2550 3345 ista
2575 3292 2709 3358 sibi,
2737 3308 2856 3364 qua:
2884 3308 2979 3364 per
2997 3293 3293 3365 Prophetas
3318 3292 3567 3364 praedicta
3600 3310 3772 3350 nove-

2172 3389 2327 3447 rant,
2378 3396 2535 3451 posse
2573 3382 2817 3438 accidere
2864 3382 3175 3449 daemones,
3226 3384 3329 3438 hoc
3367 3391 3449 3438 est
3476 3392 3773 3453 potestates

2171 3474 2331 3529 aeriae.
2349 3515 2364 3540 ,
2390 3473 2734 3540 dubitabant,
2763 3483 2818 3531 et
2850 3484 3129 3546 pr0pterea
3157 3474 3552 3545 praedictionem
3579 3490 3774 3531 eorum

2172 3564 2445 3620 celebrare
2471 3564 2755 3622 noluerunt
2773 3606 2787 3631 ,
2812 3575 2865 3622 et
2894 3566 3018 3621 hinc
3047 3565 3445 3636 intelligendum
3474 3575 3557 3621 est
3582 3566 3773 3636 quales

2172 3656 2281 3711 sint
2308 3675 2322 3711 :
2351 3666 2441 3711 aut
2468 3672 2588 3712 cum
2619 3673 2682 3713 ea
2710 3666 2930 3713 ventura
2952 3658 3248 3713 certissime
3272 3658 3500 3723 scirent,
3530 3657 3650 3711 ideo
3673 3674 3775 3727 per

2172 3762 2269 3802 sua
2296 3749 2487 3819 templa
2517 3758 2832 3816 tacuerunt,
2866 3765 2933 3804 ne
2954 3750 3065 3819 jam
3093 3758 3219 3804 tunc
3255 3749 3553 3818 inciperent
3575 3750 3641 3803 ab
3665 3748 3772 3804 ho-

2174 3838 2404 3894 minibus
2439 3840 2852 3911 intelligentibus
2876 3840 3052 3896 deseri
3089 3852 3249 3911 atque
3282 3840 3586 3906 contemni,
3624 3840 3772 3911 quod

2174 3929 2242 3985 de
2296 3930 2613 4001 templorum
2660 3942 2819 4003 atque
2867 3932 3274 3987 simulacrorum
3326 3946 3545 3987 suorum
3592 3931 3774 3987 futura

2175 4024 2454 4077 eversione
2491 4022 2569 4078 eis
2612 4023 2932 4093 Prophetis'
2972 4033 3354 4079 attestarentur
3400 4023 3488 4095 qui
3534 4038 3629 4079 eos
3668 4024 3777 4078 coli

2178 4114 2550 4186 prohibebant.
2592 4114 2744 4171 Nunc
2771 4130 2900 4171 vero
2928 4125 3273 4187 posteaquam
3317 4125 3529 4187 tempus
3557 4117 3780 4173 advenit

2176 4220 2284 4277 quo
2311 4206 2706 4275 complerentur
2729 4208 2976 4262 vaticinia
3019 4207 3405 4278 Pr0phetarum
3444 4207 3539 4263 Dei
3582 4210 3776 4275 unius,

2178 4300 2265 4369 qui
2298 4298 2428 4354 istos
2456 4299 2586 4354 deos
2608 4298 2771 4355 falsos
2795 4299 2925 4355 dicit
2942 4341 2956 4364 ,
2980 4309 3033 4355 et
3057 4316 3125 4355 ne
3145 4299 3387 4355 colantur
3415 4299 3781 4357 vehementis-

2178 4392 2311 4447 sime
2338 4392 2610 4463 praecipit;
2653 4407 2748 4448 cur
2797 4407 2901 4446 non
2946 4391 3049 4447 hoc
3091 4392 3253 4447 etiam
3298 4392 3397 4463 ipsi
3440 4401 3781 4461 compertum

2178 4483 2471 4552 praedicere
2513 4483 2840 4551 sinerentur,
2872 4492 2930 4538 ut
2952 4483 3074 4539 inde
3116 4484 3309 4539 clarius
3352 4492 3641 4555 appareret
3682 4500 3783 4542 eos

2183 4577 2297 4632 haec
2344 4586 2499 4632 antea
2527 4579 2608 4633 vel
2635 4577 2852 4633 minime
2871 4576 3183 4644 credidisse,
3215 4577 3297 4632 vel
3328 4578 3438 4632 suis
3479 4576 3783 4634 cultoribus

2181 4670 2460 4724 enuntiare
2487 4668 2761 4734 timuisse;
2793 4670 2846 4723 in
2876 4669 2979 4723 fine
2999 4680 3177 4724 autem
3197 4709 3210 4734 ,
3235 4678 3483 4738 tanquam
3519 4669 3651 4723 nihil
3679 4668 3784 4724 ha-

2182 4759 2371 4815 bentes
2398 4760 2624 4830 amplius
2645 4760 2785 4830 quod
2813 4767 3060 4831 agerent,
3091 4760 3251 4815 etiam
3274 4760 3345 4814 ibi
3368 4760 3600 4815 voluisse
3625 4776 3785 4816 suam

2183 4859 2453 4906 ostentare
2476 4851 2854 4906 divinationem
2875 4892 2889 4917 ,
2921 4851 3007 4906 ubi
3027 4850 3137 4923 jam
3170 4851 3465 4922 produntur
3488 4851 3578 4905 diu
3606 4851 3785 4906 simu-

2185 4941 2323 4996 lasse
2343 4941 2671 4996 divinitatem
2692 4942 2715 4995 ?

2254 5032 2482 5089 CAPUT
2523 5033 2655 5088 Vlll.
2684 5064 2754 5075 -—
2792 5033 2880 5088 12.
2928 5032 3193 5088 Dtemoncs
3230 5034 3501 5104 prtedicere
3545 5036 3785 5103 quaedam

2184 5142 2379 5181 veraex
2404 5128 2624 5181 oraculis
2650 5126 3021 5196 PrOphetarum
3052 5128 3287 5197 potuisse,
3321 5129 3449 5183 nihil
3479 5138 3647 5183 tamen
3684 5147 3785 5182 au-

2185 5234 2268 5273 sos
2290 5219 2454 5273 dicere
2477 5229 2652 5272 contra
2676 5218 2842 5273 Deum
2865 5236 3053 5273 verum.
3085 5219 3236 5285 Quod
3265 5230 3442 5274 autem
3469 5219 3655 5276 dicunt
3699 5237 3791 5277 τεο

2186 5310 2313 5379 liqui
2344 5325 2528 5365 eorum
2558 5311 2790 5366 cultores
2815 5353 2834 5377 ,
2860 5312 3021 5365 etiam
3041 5326 3254 5365 suorum
3278 5312 3598 5382 quibusdam
3631 5312 3789 5370 libris

2186 5403 2301 5458 haec
2319 5404 2639 5475 prmeognita
2666 5402 2953 5469 contineri,
2978 5419 3279 5474 quanquam
3308 5420 3371 5458 ex
3394 5405 3556 5460 rebus
3586 5406 3787 5476 imple-

2186 5497 2255 5551 tis
2288 5494 2511 5550 conﬁcta
2549 5494 2777 5565 putanda
2818 5494 2923 5550 sint
2962 5510 3079 5566 quae
3115 5497 3168 5550 in
3212 5511 3396 5551 eorum
3430 5496 3641 5566 templis
3673 5510 3785 5553 tam

2188 5588 2344 5657 longo
2370 5599 2523 5643 antea
2548 5600 2785 5659 tempore
2816 5590 3023 5660 populis
3054 5604 3237 5645 eorum
3266 5591 3309 5645 si
3338 5606 3458 5645 vera
3488 5604 3671 5646 essent
3701 5592 3784 5646 in-

2185 5690 2461 5736 notescere
2486 5681 2812 5747 debnerunt,
2839 5681 2976 5735 sicut
3004 5691 3181 5735 nostra
3222 5697 3327 5736 non
3367 5683 3537 5736 solum
3582 5683 3634 5736 in
3680 5684 3787 5741 Et-

2251 5858 2265 5888 '
2300 5859 2376 5922 sic,
2410 5865 2522 5922 passa.
2560 5866 2615 5922 at
2661 5857 2815 5915 editi,
2838 5871 2871 5907 α
2906 5858 3153 5922 Prophetis
3191 5872 3209 5909 :
3249 5874 3411 5913 minus
3435 5878 3587 5913 unus.

2249 5922 2267 5948 ‘
2303 5919 2436 5980 Editi,
2460 5918 2723 5981 nephew.
2754 5918 3075 5971 [mentiantur
3093 5935 3155 5973 ex
3184 5932 3289 5972 Mss.
