4078 6516
305 480 409 533 58'.)

304 596 485 651 clesiis
516 592 747 659 nostris,
781 607 963 649 verum
1005 589 1198 655 etiam,
1230 586 1371 659 quod
1410 586 1473 640 ad
1506 585 1724 656 gravius
1751 584 1899 639 testi-

306 685 543 740 monium
572 692 755 738 contra
786 698 975 737 omnes
1004 680 1246 735 inimicos
1283 678 1456 743 valet,
1501 677 1553 730 in
1598 676 1902 730 Judaeorum

305 776 592 847 synagogis
632 773 1000 844 antiquissima
1047 780 1101 825 et
1142 768 1416 823 notissima
1466 768 1794 823 recitantur:
1827 774 1900 819 la-

306 884 425 922 men
458 881 556 919 nec
588 865 688 919 ista
715 866 825 934 ipsa
853 880 969 931 quae
994 861 1062 917 ab
1086 862 1163 916 eis
1183 862 1269 915 vix
1291 875 1413 914 raro
1438 870 1491 913 et
1516 857 1754 913 clanculo
1783 872 1903 926 pro-

307 956 552 1012 feruntur
576 997 590 1019 ,
623 970 838 1009 movere
872 969 971 1008 nos
996 952 1226 1017 debent,
1258 953 1301 1006 si
1330 952 1574 1020 cuiquam
1600 949 1902 1004 daemonum

304 1056 572 1102 extortum
599 1057 680 1101 est
712 1045 761 1099 id
785 1044 1009 1114 prodere
1034 1042 1324 1098 cultoribus
1354 1042 1495 1105 suis,
1532 1038 1670 1109 quod
1698 1038 1902 1093 didice-

308 1147 386 1191 rat
404 1154 467 1190 ex
481 1137 708 1207 eloquiis
724 1137 1106 1205 Prophetarum
1120 1134 1202 1188 vel
1223 1149 1290 1188 ex
1312 1132 1540 1187 oraculis
1554 1130 1898 1207 Angelorum.

305 1227 458 1296 Quod
487 1243 586 1284 cur
610 1244 714 1283 non
747 1226 895 1282 fieret
914 1268 929 1292 ,
956 1242 1077 1281 cum
1112 1234 1166 1280 et
1192 1225 1290 1279 ista
1320 1239 1422 1277 non
1450 1222 1519 1275 sit
1541 1221 1862 1290 Oppugnatio
1883 1261 1898 1285 ,

306 1320 399 1374 sed
430 1318 702 1375 attestatio
728 1317 1007 1374 veritatis?
1033 1316 1163 1371 Illud
1194 1316 1334 1371 enim
1362 1312 1502 1384 quod
1529 1314 1703 1366 solum
1729 1311 1796 1365 ab
1822 1310 1902 1365 eis

306 1411 650 1482 ﬂagitandum
681 1419 765 1465 est
808 1409 863 1476 ¹,
914 1424 1011 1463 nec
1052 1422 1282 1476 unquam
1327 1414 1480 1458 antea
1530 1402 1899 1473 protulerunt,

306 1520 406 1559 nec
455 1520 686 1574 unquam
736 1512 917 1572 postea
942 1542 958 1569 ,
1000 1502 1100 1555 nisi
1144 1500 1277 1554 forte
1301 1497 1583 1553 conﬁctum
1610 1537 1625 1562 ,
1665 1494 1903 1565 proferre

304 1595 671 1657 conabuntur,
720 1591 918 1661 aliquid
958 1591 1088 1645 deos
1118 1605 1243 1643 suos
1266 1604 1363 1659 per
1392 1596 1539 1641 vates
1561 1600 1687 1640 suos
1715 1593 1901 1638 contra

306 1684 475 1739 Deum
520 1683 680 1739 Israel
721 1697 881 1737 ausos
922 1681 1212 1751 praedicere
1255 1680 1416 1733 fuisse
1456 1685 1545 1732 aut
1581 1677 1780 1731 dicere.
1827 1674 1903 1729 De

293 1792 411 1844 ,quo
440 1776 547 1831 Deo
572 1774 865 1830 doctissimi
886 1788 1071 1829 eorum
1096 1780 1338 1826 auctores
1358 1812 1372 1836 ,
1397 1769 1679 1840 quiomnia
1712 1768 1797 1821 illa
1826 1766 1904 1820 Ie-

302 1882 431 1938 gere
479 1882 545 1921 ac
600 1880 759 1919 nosse
820 1872 1137 1933 potuerunt,
1197 1862 1365 1930 magis
1409 1859 1736 1930 quzesierunt
1782 1858 1902 1926 quis

301 1959 445 2013 Deus
473 1967 637 2023 esset,
670 1973 827 2027 quam
862 1957 1026 2012 Deum
1056 1970 1250 2025 negare
1278 1961 1583 2025 potuerunt.
1613 1952 1779 2006 Porro
1802 1964 1901 2003 au-

301 2060 409 2105 tem
444 2051 584 2104 Deus
625 2051 752 2116 iste,
782 2034 939 2118 quem
972 2048 1147 2103 nullus
1179 2062 1362 2102 eorum
1391 2059 1586 2115 negare
1626 2058 1785 2098 ausus
1819 2049 1903 2096 est

301 2159 491 2198 verum
524 2143 720 2207 Deum,
746 2142 833 2210 qui
856 2151 909 2196 et
935 2140 978 2195 si
1010 2148 1244 2209 negaret,
1272 2152 1375 2190 non
1404 2136 1575 2190 solum
1602 2134 1903 2203 subjaceret

301 2233 501 2288 debitis
527 2232 699 2302 poenis
716 2273 729 2296 ,
765 2246 947 2286 verum
970 2230 1129 2285 etiam
1155 2228 1316 2283 certis
1337 2226 1743 2282 convinceretur
1770 2222 1901 2277 etle-

301 2325 510 2382 ctibus:
544 2326 645 2379 iste
668 2339 795 2393 ergo
824 2324 992 2388 Deus,
1014 2337 1171 2391 quem
1200 2334 1359 2375 nemo
1378 2360 1393 2386 ,
1422 2327 1479 2372 ut
1516 2317 1659 2381 dixi,
1690 2315 1901 2369 illorum

300 2431 465 2470 ausus
491 2423 574 2469 est
607 2429 805 2484 negare
832 2429 1014 2469 verum
1045 2413 1210 2467 Deum
1235 2453 1249 2478 ,
1286 2411 1405 2466 illos
1434 2409 1596 2464 falsos
1625 2422 1747 2463 esse
1773 2407 1902 2462 deos

302 2516 357 2561 et
383 2506 605 2560 omnino
635 2505 989 2571 deserendos,
1017 2518 1308 2572 eorumque
1329 2501 1522 2570 templa
1546 2510 1599 2555 et
1623 2500 1902 2554 simulacra

301 2606 358 2650 et
381 2611 531 2650 sacra
560 2595 845 2651 evertenda
878 2610 971 2663 per
997 2609 1123 2648 suos
1148 2604 1320 2661 vates,
1344 2593 1447 2646 hoc
1475 2600 1557 2646 est
1585 2590 1898 2661 Prophetas,

303 2697 487 2757 aperta
513 2686 913 2743 denuntiatione
951 2682 1221 2755 praedixit,
1267 2693 1449 2753 aperta
1480 2690 1742 2754 potestate
1769 2697 1903 2751 prae-

303 2779 478 2849 cepit,
530 2790 715 2846 aperta
767 2778 990 2833 veritate
1033 2775 1339 2847 complevit.
1372 2774 1525 2829 Unde
1569 2773 1687 2843 quis
1733 2785 1903 2840 usque

304 2870 440 2924 adeo
467 2868 695 2938 desipiat
716 2910 732 2935 ,
765 2867 853 2938 qui
898 2884 1004 2922 non
1036 2868 1210 2938 potius
1238 2882 1360 2921 eum
1397 2864 1677 2920 colendum
1706 2860 1899 2932 eligat,

306 2978 465 3030 quem
501 2962 605 3016 coli
633 2977 740 3015 non
764 2961 1047 3031 prohibent
1074 2974 1208 3029 quos
1232 2969 1286 3014 et
1309 2957 1553 3013 colebat?
1582 2958 1748 3023 Quem
1778 2971 1900 3025 pro-

306 3058 391 3109 cul
434 3052 598 3108 dubio
646 3068 772 3107 cum
812 3052 989 3107 colere
1016 3054 1272 3121 coeperit,
1315 3051 1435 3105 illos
1462 3050 1644 3120 utique
1687 3063 1794 3104 non
1822 3056 1907 3103 est

308 3147 570 3208 culturus,
602 3160 738 3215 quos
760 3145 1004 3213 prohibet
1023 3144 1124 3198 coli
1145 3158 1301 3213 quem
1328 3142 1474 3197 colit.

378 3238 607 3294 CAPUT
630 3237 905 3293 1Χ.-15.
938 3235 1237 3291 Βωηιοηιιηι
1266 3235 1433 3288 cultus
1460 3233 1607 3287 unius
1631 3231 1724 3285 Dei
1746 3231 1905 3286 cultui

309 3349 537 3389 cessuros
572 3331 867 3401 prwdictum
888 3346 919 3382 a
950 3329 1235 3398 Prophetis.
1252 3326 1404 3395 Quod
1422 3334 1598 3381 autem
1619 3326 1791 3395 ipsum
1813 3339 1904 3379 es—

308 3432 430 3478 sent
465 3422 691 3477 cultura:
729 3430 915 3491 gentes
940 3419 1305 3475 exterminatis
1331 3417 1433 3473 diis
1467 3418 1611 3471 falsis
1638 3431 1774 3486 quos
1804 3430 1905 3468 an-

310 3528 394 3571 tea
423 3515 702 3580 colebant,
734 3530 763 3569 a
794 3513 1076 3584 Pr0phetis
1112 3513 1228 3582 ejus
1256 3527 1377 3568 esse
1406 3510 1718 3580 praedictum
1745 3510 1906 3580 paulo

310 3616 434 3662 ante
455 3606 904 3669 commemoravi,
936 3613 991 3660 et
1017 3618 1160 3658 nunc
1182 3612 1366 3673 repeto
1398 3619 1413 3658 :
1450 3601 1749 3655 Praevalebit
1773 3641 1788 3664 ,
1819 3600 1904 3653 in-

310 3699 426 3768 quit
444 3740 458 3759 ,
486 3696 733 3749 Dominus
753 3695 989 3749 adversus
1014 3710 1096 3749 eos
1117 3737 1131 3760 ,
1155 3702 1200 3747 et
1221 3691 1566 3747 exterminabit
1596 3707 1765 3744 omnes
1787 3690 1906 3743 deos

310 3799 535 3859 gentium
562 3797 740 3850 terra,
772 3796 817 3840 et
845 3786 1125 3838 adorabunt
1163 3800 1276 3837 eum
1296 3825 1308 3845 ,
1340 3781 1679 3851 unusquisque
1703 3780 1766 3833 de
1795 3779 1905 3832 loco

310 3896 403 3934 suo
422 3920 437 3943 ,
470 3894 642 3932 omnes
669 3877 852 3931 insula:
879 3876 1122 3947 gentium.
1162 3873 1344 3942 Neque
1384 3872 1511 3927 solae
1549 3871 1783 3935 insulae,
1812 3869 1906 3923 sed

313 3976 385 4027 ita
423 3986 614 4028 omnes
650 3982 837 4038 gentes
860 4010 874 4033 ,
920 3975 977 4022 ut
1006 3968 1164 4022 etiam
1193 3979 1382 4019 omnes
1408 3963 1592 4016 iDSllliP.
1629 3961 1904 4030 gentium;

312 4063 743 4135 quandoquidem
771 4059 895 4115 alibi
923 4074 1028 4114 non
1056 4057 1258 4112 insulas
1284 4056 1543 4120 nominat,
1574 4053 1667 4108 sed
1696 4053 1908 4107 univer-

312 4170 433 4209 sum
475 4154 658 4207 orbem
708 4161 1003 4214 terrarum,
1045 4147 1230 4202 dicens
1262 4141 1827 4200 :Commemorabuntur
1859 4153 1911 4197 et

314 4254 666 4301 convertentur
691 4242 757 4296 ad
788 4241 1061 4295 Dominum
1087 4237 1301 4292 universi
1329 4237 1456 4306 ﬁnes
1484 4244 1665 4298 terrte,‘
1692 4244 1737 4286 et
1780 4233 1909 4286 ado-

313 4339 499 4392 rabunt
523 4338 575 4389 in
600 4343 869 4405 conspectu
889 4333 997 4402 ejus
1026 4330 1267 4383 universae
1291 4326 1470 4398 patria?
1488 4326 1730 4397 gentium.
1767 4323 1910 4390 Quo-

315 4432 456 4485 niam
488 4429 691 4483 Domini
722 4436 794 4482 est
818 4440 1058 4496 regnum,
1102 4430 1147 4476 et
1172 4423 1279 4491 ipse
1306 4420 1644 4473 dominabitur
1666 4418 1907 4487 gentium.

316 4525 447 4581 llaec
489 4530 666 4577 autem
711 4535 806 4590 per
845 4519 1114 4573 Christum
1147 4514 1310 4569 fuisse
1334 4511 1649 4581 complenda
1674 4551 1689 4577 ,
1716 4519 1769 4565 et
1792 4510 1911 4565 aliis

318 4615 563 4687 pluribus
590 4610 940 4676 testimoniis,
969 4618 1024 4664 et
1062 4609 1114 4661 in
1145 4604 1335 4661 eodem
1379 4604 1496 4671 ipso
1538 4602 1744 4672 psalmo
1770 4600 1911 4654 unde

318 4709 423 4763 hoc
465 4702 909 4767 commemoravi,
955 4700 1085 4754 satis
1129 4705 1367 4767 apparet.
1399 4693 1531 4749 Cum
1574 4693 1714 4747 enim
1752 4693 1911 4760 paulo

316 4799 566 4869 superius
612 4795 840 4850 futuram
892 4792 1191 4862 passionem
1244 4802 1393 4841 suam
1444 4800 1542 4856 per
1588 4782 1909 4852 Prophetam

316 4898 434 4965 ipse
460 4894 789 4961 loqueretur,
813 4888 1017 4952 dicens,
1050 4881 1308 4937 Fuderunt
1333 4896 1513 4933 manus
1534 4893 1667 4930 meas
1696 4887 1741 4930 et
1763 4876 1911 4946 pedes

316 5003 482 5049 meos,
512 4985 952 5037 dinumeraverunt
980 4975 1149 5031 omnia
1177 4989 1290 5027 ossa
1310 4986 1455 5035 mea;
1481 4969 1578 5039 ipsi
1605 4984 1718 5023 vero
1746 4970 1912 5021 consi-

314 5082 618 5134 deraverunt
651 5084 701 5129 et
745 5077 1107 5141 conspexerunt
1153 5082 1266 5129 me,
1310 5065 1580 5117 diviserunt
1626 5061 1721 5115 sibi
1762 5061 1909 5114 vesti-

315 5180 486 5223 menta
524 5182 670 5233 mea,
711 5174 758 5217 et
795 5178 946 5231 super
992 5168 1173 5214 vestem
1227 5171 1389 5209 meam
1434 5155 1675 5206 miserunt
1727 5161 1911 5205 sortem

316 5260 495 5331 (Psal.
526 5274 654 5323 χιι,
688 5255 787 5319 9.8,
813 5253 917 5316 29,
948 5252 1049 5317 17,
1082 5248 1183 5312 18,
1218 5245 1355 5315 I9);
1401 5244 1555 5314 paulo
1598 5250 1715 5312 post
1755 5240 1913 5295 infert

318 5354 451 5411 illud
478 5350 621 5423 quod
650 5348 822 5419 posui,
851 5338 1383 5399 Commemorabuntur
1405 5346 1453 5391 et
1480 5344 1826 5389 convertentur
1844 5332 1913 5386 ad

321 5445 601 5500 Dominum
629 5439 847 5495 universi
870 5438 997 5507 lines
1025 5444 1173 5489 teme
1191 5473 1205 5495 ,
1232 5439 1335 5484 etc.
1361 5428 1673 5496 Quanquam
1717 5433 1770 5479 et
1818 5439 1915 5495 per

320 5536 450 5592 illud
481 5532 841 5590 testimonium
871 5526 1013 5600 quod
1038 5527 1185 5596 prius
1202 5520 1439 5585 adhibui,
1471 5519 1557 5572 ubi
1587 5517 1785 5571 dictum
1808 5525 1910 5580 est,

325 5627 626 5685 Prmlebit
651 5622 900 5679 Dominus
922 5619 1159 5672 adversus
1186 5630 1269 5669 eos
1292 5653 1309 5679 ,
1337 5622 1381 5665 et
1423 5608 1768 5665 exterminabit
1800 5624 1911 5660 om-

322 5740 408 5777 nes
436 5722 554 5775 deos
573 5717 994 5790 gentiumterm;
1024 5711 1076 5764 in
1098 5723 1164 5763 eo
1189 5705 1329 5776 quod
1356 5702 1581 5773 positum
1618 5707 1699 5754 est
1718 5741 1733 5764 ,
1770 5697 1911 5751 Prw.

322 5811 535 5874 mlebit,
591 5807 722 5862 satis
768 5800 1067 5858 ostenditur
1112 5799 1213 5852 hoc
1260 5798 1420 5850 etiam
1468 5792 1872 5864 pnnnuutiatnm
1900 5830 1912 5851 ,

386 5925 404 5957 ι
439 5929 513 5973 δια
530 5928 636 5970 Mss.
657 5924 712 5969 At
736 5915 873 5977 editi.
896 5911 955 5963 ab
977 5909 1095 5970 ipsis
1118 5906 1338 5971 fatidicis
1359 5905 1675 5969 ﬂagitandum
1702 5908 1786 5952 est.

1735 466 1933 524 LIBER
1976 463 2173 521 UNUS.

3498 478 3600 535 590

2012 580 2152 650 quod
2180 579 2372 647 Pagani
2397 578 2542 650 prius
2569 585 2919 654 oppugnaturi
2943 599 3119 643 essent
3151 588 3469 657 Ecclesium,
3496 612 3591 649 no.

2008 686 2235 742 meoque
2270 671 2628 728 Christianum
2663 686 2915 745 quantum
2948 681 3184 735 valerent
3223 687 3589 752 persecuturi,

2008 774 2064 817 ut
2102 765 2145 817 si
2170 764 2282 818 ﬁeri
2314 774 2494 833 posset
2532 768 2749 822 omnino
2774 769 2839 823 de
2868 779 3004 825 terra
3048 774 3353 831 deleretur:
3385 787 3439 832 et
3468 778 3593 847 quia

2006 868 2101 907 eos
2128 854 2377 923 patientia
2415 865 2705 928 martyrum
2732 868 2786 912 et
2815 862 3173 931 magnitudine
3212 867 3590 923 miraculorum

2006 952 2120 998 erat
2150 954 2532 1015 superaturus,
2581 956 2635 1002 et
2680 962 3042 1019 consequente
3090 952 3192 1009 fide
3236 958 3591 1027 populorum,

2006 1034 2128 1089 ideo
2149 1036 2226 1090 sie
2253 1036 2450 1091 dictum
2480 1045 2581 1102 est,
2610 1036 2910 1094 Prtevalebit
2935 1040 3185 1099 Dominus
3221 1048 3460 1102 adversus
3486 1066 3590 1104 eos.

2004 1124 2119 1178 Non
2146 1126 2289 1180 enim
2315 1126 2613 1193 diceretur,
2644 1128 2939 1184 Prtevalebit
2962 1133 3199 1188 adversus
3218 1152 3335 1205 eos,
3366 1139 3468 1193 nisi
3493 1155 3594 1211 0p-

2003 1215 2289 1286 pugnando
2309 1216 2384 1270 illi
2414 1217 2742 1273 resisterent.
2772 1219 2923 1275 Unde
2948 1231 3003 1276 et
3042 1223 3094 1277 in
3122 1224 3330 1280 Psalmo
3356 1228 3426 1281 ita
3472 1245 3596 1298 pro-

2006 1305 2279 1374 phetatum
2301 1316 2381 1362 est
2414 1326 2427 1362 :
2464 1307 2653 1377 thuid
2679 1314 2987 1381 fremuerunt
3013 1325 3202 1384 gentes,
3232 1326 3278 1369 et
3302 1319 3478 1389 populi
3493 1337 3596 1374 me-

2005 1397 2151 1449 ditati
2174 1407 2293 1451 sunt
2321 1400 2493 1452 inania
2514 1400 2540 1453 Σ)
2559 1401 2838 1457 Astiterunt
2862 1420 3002 1475 reges
3030 1414 3173 1460 terra:
3195 1448 3210 1473 ,
3257 1417 3303 1461 et
3344 1411 3596 1480 principes

2004 1500 2336 1543 convenerunt
2366 1492 2418 1545 in
2463 1509 2652 1559 unum,
2680 1494 2918 1549 adversus
2961 1495 3237 1553 Dominum
3274 1510 3319 1553 et
3356 1502 3595 1557 adversus

2006 1582 2258 1637 Christum
2288 1586 2415 1655 ejus.
2446 1586 2511 1639 Et
2547 1588 2702 1655 paulo
2729 1598 2847 1657 post
2887 1589 3015 1644 dicit
3045 1608 3058 1645 :
3092 1590 3338 1648 Dominus
3365 1595 3492 1647 dixit
3526 1596 3594 1648 ad

2004 1690 2116 1739 me,
2152 1672 2318 1727 Filius
2359 1692 2498 1729 meus
2538 1693 2589 1729 es
2619 1686 2670 1730 tu
2690 1719 2703 1741 ,
2737 1694 2827 1747 ego
2857 1679 3006 1733 hodie
3030 1682 3178 1751 genui
3205 1692 3253 1735 te
3278 1698 3297 1737 :
3326 1684 3528 1753 postula
3564 1703 3597 1737 a

2005 1779 2084 1816 me
2101 1805 2116 1831 ,
2144 1774 2189 1818 et
2215 1767 2344 1819 dabo
2373 1766 2460 1819 tibi
2480 1777 2649 1837 gentes
2677 1768 3021 1825 [nereditatem
3041 1781 3181 1825 tuam
3200 1812 3216 1839 ,
3243 1784 3293 1829 et
3320 1776 3595 1844 possessio-

2004 1871 2118 1908 nem
2161 1864 2300 1910 tuam
2348 1859 2586 1913 terminos
2634 1869 2781 1914 terrm
2809 1860 2983 1932 (Psal.
3024 1879 3090 1927 tt,
3122 1865 3187 1931 1,
3218 1864 3287 1932 2,
3328 1868 3414 1936 7).
3458 1868 3598 1924 Ecce

2007 1945 2147 2001 unde
2171 1945 2370 2001 dictum
2399 1957 2558 2004 estet
2597 1949 2648 2003 in
2676 1950 2781 2005 alio
2808 1953 3014 2022 psalmo
3045 1955 3184 2023 quod
3223 1958 3468 2026 superius
3509 1960 3595 2012 in-

2006 2037 2272 2105 terposui,
2301 2036 2834 2094 Commemorabunlur
2872 2053 2922 2097 et
2946 2054 3291 2099 convertentur
3319 2047 3387 2100 ad
3412 2048 3566 2101 Domi
3576 2079 3593 2094 ς

2005 2145 2125 2181 mnu
2148 2131 2367 2185 universi
2389 2133 2516 2200 ﬁnes
2536 2142 2701 2188 terrte.
2726 2134 2821 2189 IIis
2847 2143 3006 2205 atque
3028 2135 3330 2206 hujusmodi
3363 2140 3597 2210 prephe-

2007 2219 2126 2272 ticis
2148 2219 2484 2275 documentis
2511 2223 2821 2292 prtedictum
2844 2226 3159 2292 ostenditur,
3186 2228 3327 2298 quod
3350 2230 3596 2286 videmus

2004 2310 2211 2379 impleri
2240 2326 2335 2380 per
2362 2312 2652 2380 Christum,
2678 2314 2909 2369 futurum
2940 2317 3105 2372 fuisse
3131 2328 3188 2372 ut
3220 2319 3361 2373 Deus
3391 2320 3591 2386 Israel,

2005 2414 2162 2469 quem
2194 2416 2355 2455 unum
2383 2418 2569 2457 verum
2616 2404 2784 2459 Deum
2824 2406 3200 2477 intelligimus,
3242 2424 3348 2462 non
3392 2409 3444 2463 in
3488 2426 3596 2464 una

2005 2491 2116 2561 ipsa
2144 2502 2300 2562 gente
2329 2510 2446 2563 qua:
2483 2497 2744 2566 appellata
2774 2505 2856 2552 est
2892 2496 3091 2561 Israel,
3128 2499 3224 2554 sed
3264 2500 3317 2555 in
3348 2500 3598 2556 omnibus

2003 2584 2248 2652 gentibus
2271 2585 2571 2653 coleretur,
2605 2598 2659 2642 et
2684 2602 2871 2644 omnes
2901 2588 3062 2645 falsos
3106 2589 3236 2644 deos
3262 2591 3509 2646 Gentium
3539 2601 3596 2647 et

2003 2689 2035 2728 a
2075 2676 2284 2745 templis
2322 2692 2508 2733 eorum
2551 2688 2605 2734 et
2630 2694 2661 2733 a
2687 2679 2937 2735 cordibus
2963 2681 3229 2737 cultorum
3257 2697 3475 2739 suorum
3500 2683 3597 2741 de-

2003 2768 2282 2822 moliretur
2305 2769 2343 2821 ί.

2076 2857 2302 2914 CAPUT
2344 2859 2408 2913 Χ.
2439 2889 2510 2900 —
2538 2861 2623 2915 M.
2655 2860 2984 2932 Paganorum
3014 2864 3240 2935 reliquid:
3282 2867 3472 2935 [rustra
3508 2866 3598 2937 ja-

2005 2955 2142 3000 ctant
2159 2948 2437 3002 doctrinam
2465 2960 2514 3003 et
2543 2954 2844 3021 sapientiam
2872 2968 3038 3006 suam.
3068 2954 3205 3008 Eant
3229 2969 3369 3009 nunc
3392 2956 3516 3022 isti,
3540 2966 3596 3011 et

2005 3035 2179 3092 adhuc
2206 3048 2391 3093 contra
2413 3040 2759 3096 christianam
2782 3042 3095 3113 religionem
3116 3054 3169 3099 et
3197 3054 3383 3101 contra
3406 3062 3592 3102 verum

2008 3129 2102 3183 Dei
2132 3130 2331 3185 cultum
2349 3133 2612 3189 vanitates
2644 3135 2894 3205 pristinas
2919 3135 3245 3192 defensitare
3265 3138 3517 3206 audeant,
3538 3150 3597 3196 ut

2005 3234 2129 3275 cum
2157 3223 2378 3291 strepitu
2416 3232 2654 3293 pereant.
2683 3225 2814 3279 Nam
2844 3236 2898 3280 et
2922 3226 3024 3282 hoc
3051 3228 3119 3282 de
3144 3228 3247 3283 illis
3287 3228 3596 3298 praedictum

2006 3322 2089 3367 est
2114 3313 2165 3366 in
2192 3314 2426 3381 I’salmo,
2456 3316 2666 3372 dicente
2706 3318 2967 3388 Propheta
3007 3337 3021 3374 :
3056 3319 3246 3376 Sedisti
3282 3339 3434 3393 super
3458 3323 3599 3377 thro-

2006 3421 2151 3467 num,
2180 3406 2271 3476 qui
2286 3407 2496 3477 judicas
2518 3410 2823 3479 (equitatem.
2851 3408 3135 3482 Increpasti
3159 3423 3348 3483 gentes,
3377 3423 3423 3467 et
3453 3415 3599 3483 periit

2006 3495 2237 3565 impius;
2266 3513 2447 3550 nomen
2473 3516 2647 3553 eorum
2677 3500 2854 3555 delein
2880 3501 2932 3556 in
2972 3512 3215 3556 tcternum
3236 3545 3250 3568 ,
3282 3514 3325 3557 et
3353 3507 3406 3557 in
3435 3521 3598 3558 stecu-

2006 3587 2114 3640 lum
2137 3589 2328 3642 steculi.
2351 3587 2559 3643 Inimici
2583 3591 2869 3662 defecerunt
2894 3595 3100 3664 framea:
3126 3595 3179 3647 in
3204 3596 3377 3662 linem,
3402 3606 3446 3650 et
3470 3598 3595 3650 civi-

2009 3685 2135 3731 tates
2181 3692 2353 3732 eorum
2401 3679 2709 3735 destruxisti.
2754 3680 2919 3736 Periit
2972 3685 3212 3737 memoria
3264 3702 3434 3739 eorum
3479 3700 3593 3741 cum

2009 3772 2248 3842 strepitu,
2286 3782 2334 3826 et
2358 3772 2606 3827 Dominus
2634 3776 2689 3828 in
2716 3785 2957 3829 teternum
3000 3786 3258 3845 permanet
3298 3776 3465 3845 (Psal.
3497 3794 3551 3832 Ix
3572 3799 3595 3843 ',

2010 3864 2148 3938 5-8).
2175 3866 2405 3921 Necesse
2432 3876 2515 3921 est
2534 3883 2661 3937 ergo
2688 3877 2743 3922 ut
2774 3868 3094 3936 impleantur
3113 3870 3289 3923 omnia
3318 3869 3432 3923 haec
3463 3886 3599 3939 :_nee
3666 3906 3671 3935 ξ

2010 3957 2151 4025 quod
2179 3957 2350 4029 adhuc
2375 3958 2573 4015 audent
2599 3960 2696 4029 ipsi
2721 3959 2869 4031 pauci
2896 3960 2985 4030 qui
3010 3969 3411 4026 remanserunt,
3446 3963 3599 4017 vani-
3662 3972 3673 4029 ί

2012 4040 2365 4129 Ιοᾲινιθξβμξλξ
2394 4039 2669 4117 ostentare
2682 4034 2984 4115 doctrinas,
3033 4060 3087 4106 et
3115 4050 3444 4106 Christianos
3484 4063 3599 4107 tan.

2011 4156 2169 4218 quam
2195 4140 2620 4217 imperitissimos
2648 4142 2872 4201 irridere
2892 4186 2907 4210 ,
2928 4145 3127 4197 moveri
3149 4143 3407 4199 debemus
3426 4185 3440 4210 ,
3471 4146 3597 4200 dum

2013 4232 2066 4284 in
2106 4230 2184 4286 eis
2222 4232 2430 4300 impleri
2465 4247 2529 4287 ea
2554 4248 2673 4302 quae
2701 4233 2951 4302 praedicta
2990 4241 3115 4288 sunt
3144 4234 3434 4289 videamus.
3483 4226 3623 4303 Ipsa'

2012 4322 2210 4391 quippe
2254 4323 2398 4375 velut
2451 4322 2712 4393 imperitia
2764 4332 2819 4377 et
2874 4323 3094 4377 stultitia
3139 4323 3599 4391 Christianorum,

2012 4429 2132 4483 quae
2157 4414 2442 4469 humilibus
2463 4416 2484 4447 ’
2506 4424 2559 4468 et
2585 4416 2782 4469 sanctis
2810 4415 3031 4486 ejusque
3053 4416 3334 4487 diligenter
3353 4418 3603 4472 studiosis

2013 4513 2230 4575 apparet
2255 4507 2462 4560 excelsa
2485 4516 2538 4560 et
2567 4506 2677 4560 sola
2701 4522 2823 4560 vera
2851 4506 3141 4572 sapientia;
3174 4508 3282 4577 ipsa
3300 4548 3315 4575 ,
3344 4508 3556 4577 inquam
3583 4550 3597 4572 ,

2015 4596 2159 4649 velut
2184 4597 2403 4650 stultitia
2434 4595 2853 4651 ChriSIianorum
2885 4612 2979 4651 eos
3002 4597 3066 4651 ad
3099 4598 3250 4651 istam
3283 4599 3599 4666 paucitatem

2014 4688 2239 4758 redegit,
2268 4688 2538 4757 quoniam,
2572 4689 2711 4743 sicut
2739 4688 2868 4742 dicit
2894 4687 3201 4757 Apostolus,
3235 4688 3458 4743 Stultum
3484 4690 3601 4757 fecit

2016 4779 2152 4833 Deus
2180 4779 2478 4849 sapientiam
2521 4778 2675 4848 hujus
2716 4778 2909 4832 mundi.
2940 4778 3140 4833 Deinde
3181 4778 3452 4847 subjungit
3490 4794 3602 4831 rem

2017 4869 2311 4924 mirabilem
2337 4912 2350 4933 ,
2394 4870 2437 4923 si
2479 4871 2598 4940 quis
2640 4870 2925 4940 intelligat,
2957 4878 3012 4923 et
3047 4870 3116 4922 ita
3156 4870 3431 4937 sequitur:
3464 4867 3602 4921 Nam

2014 4962 2251 5031 quoniam
2280 4964 2331 5013 in
2358 4960 2454 5013 Dei
2489 4960 2735 5031 sapientia
2764 4977 2865 5012 non
2900 4959 3123 5030 cognovit
3151 4959 3368 5011 mundus
3401 4974 3491 5028 per
3515 4976 3603 5011 sa-

2017 5052 2255 5119 pientiam
2282 5050 2475 5116 Deum,
2498 5051 2690 5121 placuit
2706 5048 2814 5103 Deo
2842 5065 2931 5118 per
2952 5048 3213 5102 stultitiam
3230 5048 3604 5118 prtedtcatiouis

2014 5144 2180 5196 salvos
2220 5146 2388 5214 facere
2412 5142 2685 5195 credentes.
2722 5139 2973 5207 Quoniam
3013 5138 3216 5207 quidem
3249 5136 3421 5193 Judwi
3458 5142 3605 5211 signa

2018 5242 2214 5304 petunt,
2244 5242 2288 5286 et
2318 5230 2482 5286 (ἐνωοὶ
2504 5231 2803 5300 sapientiam
2818 5238 3048 5301 quierunt
3069 5244 3088 5282 :
3111 5245 3202 5283 nos
3229 5238 3395 5283 autem
3416 5233 3606 5299 prtedi-

2016 5341 2191 5377 camus
2219 5322 2472 5377 Christum
2498 5322 2816 5390 cruciﬁnsm,
2840 5319 3039 5374 Judais
3059 5320 3259 5382 quidem
3279 5321 3599 5388 scandalum,

2019 5416 2257 5471 Gentibus
2289 5425 2456 5469 autem
2484 5415 2747 5469 stultitiam
2770 5456 2784 5481 ,
2817 5414 2941 5484 ipsis
2967 5428 3081 5467 vero
3110 5414 3295 5467 vocatis
3317 5412 3516 5469 Iudicis
3553 5421 3603 5469 et

2020 5507 2209 5563 Gracis
2234 5549 2248 5570 ,
2293 5505 2546 5561 Christum
2586 5504 2681 5559 Dei
2734 5504 2976 5559 Virtutem
3024 5514 3074 5559 et
3125 5504 3215 5560 Dei
3261 5505 3601 5577 Sapientiam.

2023 5599 2274 5666 Quoniam
2300 5597 2435 5667 quod
2462 5597 2673 5651 stultum
2712 5607 2784 5652 est
2812 5596 2935 5664 Dei,
2973 5598 3248 5667 sapientius
3286 5609 3357 5653 est
3381 5599 3601 5653 homini-

2087 5840 2101 5869 ¹
2140 5844 2185 5885 In
2208 5844 2333 5894 “95.,
2356 5833 2651 5886 amoliretur.

2118 5900 2256 5959 rdui,
2282 5896 2328 5947 in
2356 5896 2634 5947 hunu'ttbus.
2665 5899 2829 5952 Abest,
2855 5895 2921 5949 in.
2951 5910 2978 5945 ι
3004 5905 3101 5945 uss.
