  <div class='ocr_page' id='page_1' title='image "/cluster/home/n/w/nwhite01/storage/ocr_20150623/40-41/uc1.31175026811482/303.png"; bbox 0 0 4078 6516; ppageno 0'>
   <div class='ocr_carea' id='block_1_1' title="bbox 513 418 609 473">
    <p class='ocr_par' dir='ltr' id='par_1_1' title="bbox 513 418 609 473">
     <span class='ocr_line' id='line_1_1' title="bbox 513 418 609 473; baseline -0.01 -1"><span class='ocrx_word' id='word_1_1' title='bbox 513 418 609 473; x_wconf 73' lang='grc'><strong>591</strong></span> 
     </span>
    </p>
   </div>
   <div class='ocr_carea' id='block_1_2' title="bbox 511 526 2095 599">
    <p class='ocr_par' dir='ltr' id='par_1_2' title="bbox 511 526 2095 599">
     <span class='ocr_line' id='line_1_2' title="bbox 511 526 2095 599; baseline 0.001 -16"><span class='ocrx_word' id='word_1_2' title='bbox 511 532 636 593; x_wconf 77' lang='lat' dir='ltr'><strong>bus,</strong></span> <span class='ocrx_word' id='word_1_3' title='bbox 674 528 878 596; x_wconf 81' lang='lat' dir='ltr'><strong>etquod</strong></span> <span class='ocrx_word' id='word_1_4' title='bbox 914 526 1173 596; x_wconf 76' lang='lat' dir='ltr'><strong>inﬁrmum</strong></span> <span class='ocrx_word' id='word_1_5' title='bbox 1199 537 1272 582; x_wconf 84' lang='lat' dir='ltr'><strong>est</strong></span> <span class='ocrx_word' id='word_1_6' title='bbox 1313 527 1442 595; x_wconf 86' lang='lat' dir='ltr'><strong>Dei,</strong></span> <span class='ocrx_word' id='word_1_7' title='bbox 1475 529 1657 599; x_wconf 79' lang='lat' dir='ltr'><strong>fortius</strong></span> <span class='ocrx_word' id='word_1_8' title='bbox 1696 538 1768 584; x_wconf 90' lang='lat' dir='ltr'><strong>est</strong></span> <span class='ocrx_word' id='word_1_9' title='bbox 1809 530 2095 585; x_wconf 81' lang='lat' dir='ltr'><strong>hominibus</strong></span> 
     </span>
    </p>
   </div>
   <div class='ocr_carea' id='block_1_3' title="bbox 512 617 2092 693">
    <p class='ocr_par' dir='ltr' id='par_1_3' title="bbox 512 617 2092 693">
     <span class='ocr_line' id='line_1_3' title="bbox 512 617 2092 693; baseline 0.003 -20"><span class='ocrx_word' id='word_1_10' title='bbox 512 619 571 691; x_wconf 90' lang='lat' dir='ltr'><strong>(l</strong></span> <span class='ocrx_word' id='word_1_11' title='bbox 597 622 712 675; x_wconf 75' lang='lat' dir='ltr'><strong>(lor.</strong></span> <span class='ocrx_word' id='word_1_12' title='bbox 740 635 794 687; x_wconf 86' lang='grc' dir='ltr'><strong>ι,</strong></span> <span class='ocrx_word' id='word_1_13' title='bbox 824 618 1039 690; x_wconf 71' lang='lat'><strong>20-25).</strong></span> <span class='ocrx_word' id='word_1_14' title='bbox 1068 617 1328 675; x_wconf 86' lang='lat' dir='ltr'><strong>Irrideant</strong></span> <span class='ocrx_word' id='word_1_15' title='bbox 1355 635 1483 692; x_wconf 86' lang='lat' dir='ltr'><strong>ergo</strong></span> <span class='ocrx_word' id='word_1_16' title='bbox 1501 663 1515 688; x_wconf 95' lang='lat'><strong>,</strong></span> <span class='ocrx_word' id='word_1_17' title='bbox 1552 631 1808 693; x_wconf 89' lang='lat' dir='ltr'><strong>quantum</strong></span> <span class='ocrx_word' id='word_1_18' title='bbox 1837 630 2092 693; x_wconf 86' lang='lat' dir='ltr'><strong>possunt,</strong></span> 
     </span>
    </p>
   </div>
   <div class='ocr_carea' id='block_1_4' title="bbox 512 710 2098 783">
    <p class='ocr_par' dir='ltr' id='par_1_4' title="bbox 512 710 2098 783">
     <span class='ocr_line' id='line_1_4' title="bbox 512 710 2098 783; baseline 0.001 -18"><span class='ocrx_word' id='word_1_19' title='bbox 512 720 763 780; x_wconf 98' lang='lat' dir='ltr'><strong>tanquam</strong></span> <span class='ocrx_word' id='word_1_20' title='bbox 786 710 1104 781; x_wconf 90' lang='lat' dir='ltr'><strong>imperitiam</strong></span> <span class='ocrx_word' id='word_1_21' title='bbox 1135 720 1190 766; x_wconf 92' lang='lat' dir='ltr'><strong>et</strong></span> <span class='ocrx_word' id='word_1_22' title='bbox 1216 712 1495 767; x_wconf 89' lang='lat' dir='ltr'><strong>stultitiam</strong></span> <span class='ocrx_word' id='word_1_23' title='bbox 1527 721 1763 767; x_wconf 88' lang='lat' dir='ltr'><strong>nostram</strong></span> <span class='ocrx_word' id='word_1_24' title='bbox 1780 755 1796 779; x_wconf 87' lang='lat'><strong>,</strong></span> <span class='ocrx_word' id='word_1_25' title='bbox 1820 721 1876 769; x_wconf 90' lang='lat' dir='ltr'><strong>et</strong></span> <span class='ocrx_word' id='word_1_26' title='bbox 1894 713 2098 783; x_wconf 88' lang='lat' dir='ltr'><strong>jactent</strong></span> 
     </span>
    </p>
   </div>
   <div class='ocr_carea' id='block_1_5' title="bbox 510 802 2095 874">
    <p class='ocr_par' dir='ltr' id='par_1_5' title="bbox 510 802 2095 874">
     <span class='ocr_line' id='line_1_5' title="bbox 510 802 2095 874; baseline 0.001 -18"><span class='ocrx_word' id='word_1_27' title='bbox 510 802 808 856; x_wconf 83' lang='lat' dir='ltr'><strong>doctrinam</strong></span> <span class='ocrx_word' id='word_1_28' title='bbox 834 810 889 857; x_wconf 91' lang='lat' dir='ltr'><strong>et</strong></span> <span class='ocrx_word' id='word_1_29' title='bbox 924 803 1239 872; x_wconf 85' lang='lat' dir='ltr'><strong>sapientiam</strong></span> <span class='ocrx_word' id='word_1_30' title='bbox 1278 818 1449 858; x_wconf 90' lang='lat' dir='ltr'><strong>suam.</strong></span> <span class='ocrx_word' id='word_1_31' title='bbox 1483 803 1613 859; x_wconf 92' lang='lat' dir='ltr'><strong>Illud</strong></span> <span class='ocrx_word' id='word_1_32' title='bbox 1640 804 1785 872; x_wconf 89' lang='lat' dir='ltr'><strong>scio,</strong></span> <span class='ocrx_word' id='word_1_33' title='bbox 1827 802 1966 874; x_wconf 91' lang='lat' dir='ltr'><strong>quod</strong></span> <span class='ocrx_word' id='word_1_34' title='bbox 2008 803 2095 858; x_wconf 87' lang='lat' dir='ltr'><strong>isti</strong></span> 
     </span>
    </p>
   </div>
   <div class='ocr_carea' id='block_1_6' title="bbox 510 894 2099 966">
    <p class='ocr_par' dir='ltr' id='par_1_6' title="bbox 510 894 2099 966">
     <span class='ocr_line' id='line_1_6' title="bbox 510 894 2099 966; baseline 0.001 -17"><span class='ocrx_word' id='word_1_35' title='bbox 510 896 757 951; x_wconf 87' lang='lat' dir='ltr'><strong>irrisores</strong></span> <span class='ocrx_word' id='word_1_36' title='bbox 786 895 955 951; x_wconf 84' lang='lat' dir='ltr'><strong>nostri</strong></span> <span class='ocrx_word' id='word_1_37' title='bbox 992 896 1268 966; x_wconf 87' lang='lat' dir='ltr'><strong>pauciores</strong></span> <span class='ocrx_word' id='word_1_38' title='bbox 1293 905 1417 951; x_wconf 91' lang='lat' dir='ltr'><strong>sunt</strong></span> <span class='ocrx_word' id='word_1_39' title='bbox 1447 896 1548 952; x_wconf 90' lang='lat' dir='ltr'><strong>hoc</strong></span> <span class='ocrx_word' id='word_1_40' title='bbox 1575 911 1717 951; x_wconf 88' lang='lat' dir='ltr'><strong>anno</strong></span> <span class='ocrx_word' id='word_1_41' title='bbox 1739 936 1757 963; x_wconf 98' lang='lat'><strong>,</strong></span> <span class='ocrx_word' id='word_1_42' title='bbox 1800 910 1959 966; x_wconf 89' lang='lat' dir='ltr'><strong>quam</strong></span> <span class='ocrx_word' id='word_1_43' title='bbox 1986 894 2099 951; x_wconf 53' lang='lat' dir='ltr'><strong>fue.</strong></span> 
     </span>
    </p>
   </div>
   <div class='ocr_carea' id='block_1_7' title="bbox 511 986 2099 1058">
    <p class='ocr_par' dir='ltr' id='par_1_7' title="bbox 511 986 2099 1058">
     <span class='ocr_line' id='line_1_7' title="bbox 511 986 2099 1058; baseline 0.001 -16"><span class='ocrx_word' id='word_1_44' title='bbox 511 996 636 1042; x_wconf 88' lang='lat' dir='ltr'><strong>runt</strong></span> <span class='ocrx_word' id='word_1_45' title='bbox 659 987 838 1058; x_wconf 84' lang='lat' dir='ltr'><strong>priore</strong></span> <span class='ocrx_word' id='word_1_46' title='bbox 861 1003 1022 1042; x_wconf 88' lang='lat' dir='ltr'><strong>anno.</strong></span> <span class='ocrx_word' id='word_1_47' title='bbox 1053 987 1130 1041; x_wconf 79' lang='lat' dir='ltr'><strong>Ex</strong></span> <span class='ocrx_word' id='word_1_48' title='bbox 1157 1002 1263 1057; x_wconf 90' lang='lat' dir='ltr'><strong>quo</strong></span> <span class='ocrx_word' id='word_1_49' title='bbox 1288 988 1431 1042; x_wconf 92' lang='lat' dir='ltr'><strong>enim</strong></span> <span class='ocrx_word' id='word_1_50' title='bbox 1458 986 1789 1043; x_wconf 90' lang='lat' dir='ltr'><strong>fremuerunt</strong></span> <span class='ocrx_word' id='word_1_51' title='bbox 1809 994 2017 1057; x_wconf 91' lang='lat' dir='ltr'><strong>gentes,</strong></span> <span class='ocrx_word' id='word_1_52' title='bbox 2044 995 2099 1043; x_wconf 88' lang='lat' dir='ltr'><strong>et</strong></span> 
     </span>
    </p>
   </div>
   <div class='ocr_carea' id='block_1_8' title="bbox 513 1078 2098 1149">
    <p class='ocr_par' dir='ltr' id='par_1_8' title="bbox 513 1078 2098 1149">
     <span class='ocr_line' id='line_1_8' title="bbox 513 1078 2098 1149; baseline -0.001 -14"><span class='ocrx_word' id='word_1_53' title='bbox 513 1078 694 1149; x_wconf 85' lang='lat' dir='ltr'><strong>populi</strong></span> <span class='ocrx_word' id='word_1_54' title='bbox 738 1078 976 1134; x_wconf 86' lang='lat' dir='ltr'><strong>meditati</strong></span> <span class='ocrx_word' id='word_1_55' title='bbox 1024 1087 1149 1134; x_wconf 89' lang='lat' dir='ltr'><strong>sunt</strong></span> <span class='ocrx_word' id='word_1_56' title='bbox 1198 1078 1374 1134; x_wconf 86' lang='lat' dir='ltr'><strong>inania</strong></span> <span class='ocrx_word' id='word_1_57' title='bbox 1416 1078 1672 1135; x_wconf 87' lang='lat' dir='ltr'><strong>adversus</strong></span> <span class='ocrx_word' id='word_1_58' title='bbox 1718 1078 2000 1133; x_wconf 90' lang='lat' dir='ltr'><strong>Dominum</strong></span> <span class='ocrx_word' id='word_1_59' title='bbox 2044 1086 2098 1134; x_wconf 92' lang='lat' dir='ltr'><strong>et</strong></span> 
     </span>
    </p>
   </div>
   <div class='ocr_carea' id='block_1_9' title="bbox 510 1168 2101 1241">
    <p class='ocr_par' dir='ltr' id='par_1_9' title="bbox 510 1168 2101 1241">
     <span class='ocr_line' id='line_1_9' title="bbox 510 1168 2101 1241; baseline 0 -16"><span class='ocrx_word' id='word_1_60' title='bbox 510 1169 770 1225; x_wconf 80' lang='lat' dir='ltr'><strong>adversus</strong></span> <span class='ocrx_word' id='word_1_61' title='bbox 812 1168 1081 1225; x_wconf 80' lang='lat' dir='ltr'><strong>Christum</strong></span> <span class='ocrx_word' id='word_1_62' title='bbox 1126 1170 1279 1241; x_wconf 84' lang='lat' dir='ltr'><strong>ejus,</strong></span> <span class='ocrx_word' id='word_1_63' title='bbox 1310 1170 1523 1241; x_wconf 88' lang='lat' dir='ltr'><strong>quando</strong></span> <span class='ocrx_word' id='word_1_64' title='bbox 1563 1170 1630 1225; x_wconf 91' lang='lat' dir='ltr'><strong>ab</strong></span> <span class='ocrx_word' id='word_1_65' title='bbox 1674 1169 1755 1225; x_wconf 92' lang='lat' dir='ltr'><strong>eis</strong></span> <span class='ocrx_word' id='word_1_66' title='bbox 1779 1168 2101 1225; x_wconf 77' lang='lat' dir='ltr'><strong>fundebatur</strong></span> 
     </span>
    </p>
   </div>
   <div class='ocr_carea' id='block_1_10' title="bbox 511 1251 2099 1330">
    <p class='ocr_par' dir='ltr' id='par_1_10' title="bbox 511 1251 2099 1330">
     <span class='ocr_line' id='line_1_10' title="bbox 511 1251 2099 1330; baseline 0 -17"><span class='ocrx_word' id='word_1_67' title='bbox 511 1258 731 1330; x_wconf 78' lang='lat' dir='ltr'><strong>sanguis</strong></span> <span class='ocrx_word' id='word_1_68' title='bbox 767 1251 1072 1314; x_wconf 81' lang='lat' dir='ltr'><strong>sanctdrum</strong></span> <span class='ocrx_word' id='word_1_69' title='bbox 1097 1268 1153 1315; x_wconf 93' lang='lat' dir='ltr'><strong>et</strong></span> <span class='ocrx_word' id='word_1_70' title='bbox 1177 1260 1483 1314; x_wconf 80' lang='lat' dir='ltr'><strong>vastabatur</strong></span> <span class='ocrx_word' id='word_1_71' title='bbox 1510 1258 1783 1323; x_wconf 88' lang='lat' dir='ltr'><strong>Ecclesia,</strong></span> <span class='ocrx_word' id='word_1_72' title='bbox 1825 1273 1994 1329; x_wconf 90' lang='lat' dir='ltr'><strong>usque</strong></span> <span class='ocrx_word' id='word_1_73' title='bbox 2030 1256 2099 1313; x_wconf 89' lang='lat' dir='ltr'><strong>ad</strong></span> 
     </span>
    </p>
   </div>
   <div class='ocr_carea' id='block_1_11' title="bbox 513 1349 2099 1421">
    <p class='ocr_par' dir='ltr' id='par_1_11' title="bbox 513 1349 2099 1421">
     <span class='ocr_line' id='line_1_11' title="bbox 513 1349 2099 1421; baseline -0.003 -15"><span class='ocrx_word' id='word_1_74' title='bbox 513 1351 617 1406; x_wconf 71' lang='lat' dir='ltr'><strong>hoc</strong></span> <span class='ocrx_word' id='word_1_75' title='bbox 637 1360 848 1420; x_wconf 85' lang='lat' dir='ltr'><strong>tempus</strong></span> <span class='ocrx_word' id='word_1_76' title='bbox 874 1359 929 1406; x_wconf 92' lang='lat' dir='ltr'><strong>et</strong></span> <span class='ocrx_word' id='word_1_77' title='bbox 966 1350 1218 1421; x_wconf 82' lang='lat' dir='ltr'><strong>deinceps</strong></span> <span class='ocrx_word' id='word_1_78' title='bbox 1237 1350 1476 1421; x_wconf 87' lang='lat' dir='ltr'><strong>quotidie</strong></span> <span class='ocrx_word' id='word_1_79' title='bbox 1500 1350 1833 1405; x_wconf 91' lang='lat' dir='ltr'><strong>minuuntur.</strong></span> <span class='ocrx_word' id='word_1_80' title='bbox 1865 1349 1972 1403; x_wconf 86' lang='lat' dir='ltr'><strong>Nos</strong></span> <span class='ocrx_word' id='word_1_81' title='bbox 2000 1363 2099 1403; x_wconf 87' lang='lat' dir='ltr'><strong>au-</strong></span> 
     </span>
    </p>
   </div>
   <div class='ocr_carea' id='block_1_12' title="bbox 514 1440 2101 1512">
    <p class='ocr_par' dir='ltr' id='par_1_12' title="bbox 514 1440 2101 1512">
     <span class='ocr_line' id='line_1_12' title="bbox 514 1440 2101 1512; baseline -0.001 -16"><span class='ocrx_word' id='word_1_82' title='bbox 514 1451 620 1497; x_wconf 89' lang='lat' dir='ltr'><strong>tem</strong></span> <span class='ocrx_word' id='word_1_83' title='bbox 647 1442 903 1497; x_wconf 85' lang='lat' dir='ltr'><strong>adversus</strong></span> <span class='ocrx_word' id='word_1_84' title='bbox 927 1455 1113 1497; x_wconf 90' lang='lat' dir='ltr'><strong>eorum</strong></span> <span class='ocrx_word' id='word_1_85' title='bbox 1142 1441 1429 1511; x_wconf 84' lang='lat' dir='ltr'><strong>opprobria</strong></span> <span class='ocrx_word' id='word_1_86' title='bbox 1449 1450 1503 1496; x_wconf 94' lang='lat' dir='ltr'><strong>et</strong></span> <span class='ocrx_word' id='word_1_87' title='bbox 1526 1441 1784 1512; x_wconf 89' lang='lat' dir='ltr'><strong>superbas</strong></span> <span class='ocrx_word' id='word_1_88' title='bbox 1824 1440 2101 1495; x_wconf 85' lang='lat' dir='ltr'><strong>irrisiones</strong></span> 
     </span>
    </p>
   </div>
   <div class='ocr_carea' id='block_1_13' title="bbox 470 1520 2098 1603">
    <p class='ocr_par' dir='ltr' id='par_1_13' title="bbox 470 1520 2098 1603">
     <span class='ocr_line' id='line_1_13' title="bbox 470 1520 2098 1603; baseline 0 -16"><span class='ocrx_word' id='word_1_89' title='bbox 470 1520 471 1523; x_wconf 33' lang='grc'><em>“</em></span> <span class='ocrx_word' id='word_1_90' title='bbox 512 1533 833 1589; x_wconf 88' lang='lat' dir='ltr'><strong>fortissimos</strong></span> <span class='ocrx_word' id='word_1_91' title='bbox 868 1532 1098 1588; x_wconf 87' lang='lat' dir='ltr'><strong>reddunt</strong></span> <span class='ocrx_word' id='word_1_92' title='bbox 1123 1532 1336 1589; x_wconf 89' lang='lat' dir='ltr'><strong>oracula</strong></span> <span class='ocrx_word' id='word_1_93' title='bbox 1363 1532 1457 1588; x_wconf 89' lang='lat' dir='ltr'><strong>Dei</strong></span> <span class='ocrx_word' id='word_1_94' title='bbox 1494 1533 1701 1601; x_wconf 89' lang='lat' dir='ltr'><strong>nostri,</strong></span> <span class='ocrx_word' id='word_1_95' title='bbox 1742 1546 1860 1603; x_wconf 69' lang='lat' dir='ltr'><strong>qua:</strong></span> <span class='ocrx_word' id='word_1_96' title='bbox 1886 1530 1955 1587; x_wconf 92' lang='lat' dir='ltr'><strong>de</strong></span> <span class='ocrx_word' id='word_1_97' title='bbox 1997 1530 2098 1587; x_wconf 89' lang='lat' dir='ltr'><strong>hac</strong></span> 
     </span>
    </p>
   </div>
   <div class='ocr_carea' id='block_1_14' title="bbox 1256 412 2967 481">
    <p class='ocr_par' dir='ltr' id='par_1_14' title="bbox 1256 412 2967 481">
     <span class='ocr_line' id='line_1_14' title="bbox 1256 412 2967 481; baseline -0.002 -10"><span class='ocrx_word' id='word_1_98' title='bbox 1256 416 1347 472; x_wconf 88' lang='lat' dir='ltr'><strong>DE</strong></span> <span class='ocrx_word' id='word_1_99' title='bbox 1384 416 1569 474; x_wconf 80' lang='lat' dir='ltr'><strong>CURA</strong></span> <span class='ocrx_word' id='word_1_100' title='bbox 1606 412 1744 475; x_wconf 70' lang='grc' dir='ltr'><strong>ιιιιο</strong></span> <span class='ocrx_word' id='word_1_101' title='bbox 1781 416 2083 476; x_wconf 72' lang='grc' dir='ltr'><strong>ΜΟΙΠὌΙΞ</strong></span> <span class='ocrx_word' id='word_1_102' title='bbox 2119 416 2463 481; x_wconf 79' lang='lat' dir='ltr'><strong>GERENDA,</strong></span> <span class='ocrx_word' id='word_1_103' title='bbox 2505 416 2563 473; x_wconf 89' lang='lat' dir='ltr'><strong>S.</strong></span> <span class='ocrx_word' id='word_1_104' title='bbox 2603 412 2967 472; x_wconf 83' lang='lat' dir='ltr'><strong>AUGUSTINI</strong></span> 
     </span>
    </p>
   </div>
   <div class='ocr_carea' id='block_1_15' title="bbox 3680 420 3785 476">
    <p class='ocr_par' dir='ltr' id='par_1_15' title="bbox 3680 420 3785 476">
     <span class='ocr_line' id='line_1_15' title="bbox 3680 420 3785 476; baseline 0 0"><span class='ocrx_word' id='word_1_105' title='bbox 3680 420 3785 476; x_wconf 66' lang='lat'><strong>592</strong></span> 
     </span>
    </p>
   </div>
   <div class='ocr_carea' id='block_1_16' title="bbox 2200 526 3781 600">
    <p class='ocr_par' dir='ltr' id='par_1_16' title="bbox 2200 526 3781 600">
     <span class='ocr_line' id='line_1_16' title="bbox 2200 526 3781 600; baseline 0.003 -17"><span class='ocrx_word' id='word_1_106' title='bbox 2200 543 2411 600; x_wconf 88' lang='lat' dir='ltr'><strong>quoque</strong></span> <span class='ocrx_word' id='word_1_107' title='bbox 2448 542 2506 583; x_wconf 92' lang='lat' dir='ltr'><strong>re</strong></span> <span class='ocrx_word' id='word_1_108' title='bbox 2543 527 2784 582; x_wconf 86' lang='lat' dir='ltr'><strong>videmus</strong></span> <span class='ocrx_word' id='word_1_109' title='bbox 2823 538 2879 583; x_wconf 90' lang='lat' dir='ltr'><strong>et</strong></span> <span class='ocrx_word' id='word_1_110' title='bbox 2912 526 3203 599; x_wconf 80' lang='lat' dir='ltr'><strong>gaudemus</strong></span> <span class='ocrx_word' id='word_1_111' title='bbox 3236 528 3462 600; x_wconf 90' lang='lat' dir='ltr'><strong>impleri.</strong></span> <span class='ocrx_word' id='word_1_112' title='bbox 3505 530 3597 587; x_wconf 91' lang='lat' dir='ltr'><strong>Sic</strong></span> <span class='ocrx_word' id='word_1_113' title='bbox 3637 537 3781 595; x_wconf 83' lang='lat' dir='ltr'><strong>enim</strong></span> 
     </span>
    </p>
   </div>
   <div class='ocr_carea' id='block_1_17' title="bbox 2200 618 3788 693">
    <p class='ocr_par' dir='ltr' id='par_1_17' title="bbox 2200 618 3788 693">
     <span class='ocr_line' id='line_1_17' title="bbox 2200 618 3788 693; baseline 0.002 -18"><span class='ocrx_word' id='word_1_114' title='bbox 2200 636 2300 675; x_wconf 89' lang='lat' dir='ltr'><strong>nos</strong></span> <span class='ocrx_word' id='word_1_115' title='bbox 2324 619 2607 690; x_wconf 89' lang='lat' dir='ltr'><strong>alloquitur</strong></span> <span class='ocrx_word' id='word_1_116' title='bbox 2633 634 2728 689; x_wconf 90' lang='lat' dir='ltr'><strong>per</strong></span> <span class='ocrx_word' id='word_1_117' title='bbox 2756 618 3071 689; x_wconf 83' lang='lat' dir='ltr'><strong>prophetam</strong></span> <span class='ocrx_word' id='word_1_118' title='bbox 3109 619 3339 675; x_wconf 76' lang='lat' dir='ltr'><strong>:Audite</strong></span> <span class='ocrx_word' id='word_1_119' title='bbox 3374 638 3488 688; x_wconf 88' lang='lat' dir='ltr'><strong>me,</strong></span> <span class='ocrx_word' id='word_1_120' title='bbox 3523 623 3611 693; x_wconf 81' lang='lat' dir='ltr'><strong>qui</strong></span> <span class='ocrx_word' id='word_1_121' title='bbox 3652 624 3788 678; x_wconf 88' lang='lat' dir='ltr'><strong>scitis</strong></span> 
     </span>
    </p>
   </div>
   <div class='ocr_carea' id='block_1_18' title="bbox 2191 712 3793 785">
    <p class='ocr_par' dir='ltr' id='par_1_18' title="bbox 2191 712 3793 785">
     <span class='ocr_line' id='line_1_18' title="bbox 2191 712 3793 785; baseline 0.002 -18"><span class='ocrx_word' id='word_1_122' title='bbox 2191 713 2476 785; x_wconf 78' lang='lat' dir='ltr'><strong>judicium,</strong></span> <span class='ocrx_word' id='word_1_123' title='bbox 2508 712 2724 783; x_wconf 84' lang='lat' dir='ltr'><strong>populus</strong></span> <span class='ocrx_word' id='word_1_124' title='bbox 2748 728 2907 776; x_wconf 88' lang='lat' dir='ltr'><strong>meus,</strong></span> <span class='ocrx_word' id='word_1_125' title='bbox 2930 712 2984 766; x_wconf 88' lang='lat' dir='ltr'><strong>in</strong></span> <span class='ocrx_word' id='word_1_126' title='bbox 3010 728 3222 783; x_wconf 81' lang='lat' dir='ltr'><strong>quorum</strong></span> <span class='ocrx_word' id='word_1_127' title='bbox 3247 712 3397 767; x_wconf 87' lang='lat' dir='ltr'><strong>corde</strong></span> <span class='ocrx_word' id='word_1_128' title='bbox 3424 714 3507 767; x_wconf 76' lang='lat' dir='ltr'><strong>lex</strong></span> <span class='ocrx_word' id='word_1_129' title='bbox 3538 732 3649 767; x_wconf 88' lang='lat' dir='ltr'><strong>mea</strong></span> <span class='ocrx_word' id='word_1_130' title='bbox 3675 726 3747 770; x_wconf 87' lang='lat' dir='ltr'><strong>est</strong></span> <span class='ocrx_word' id='word_1_131' title='bbox 3774 732 3793 770; x_wconf 91' lang='lat'><strong><em>:</em></strong></span> 
     </span>
    </p>
   </div>
   <div class='ocr_carea' id='block_1_19' title="bbox 2202 803 3794 874">
    <p class='ocr_par' dir='ltr' id='par_1_19' title="bbox 2202 803 3794 874">
     <span class='ocr_line' id='line_1_19' title="bbox 2202 803 3794 874; baseline 0.002 -17"><span class='ocrx_word' id='word_1_132' title='bbox 2202 804 2527 874; x_wconf 88' lang='lat' dir='ltr'><strong>opprobrium</strong></span> <span class='ocrx_word' id='word_1_133' title='bbox 2547 803 2806 857; x_wconf 81' lang='lat' dir='ltr'><strong>hominum</strong></span> <span class='ocrx_word' id='word_1_134' title='bbox 2834 803 2988 857; x_wconf 88' lang='lat' dir='ltr'><strong>nolite</strong></span> <span class='ocrx_word' id='word_1_135' title='bbox 3019 813 3240 858; x_wconf 89' lang='lat' dir='ltr'><strong>metuere</strong></span> <span class='ocrx_word' id='word_1_136' title='bbox 3262 846 3277 870; x_wconf 94' lang='lat'><strong>,</strong></span> <span class='ocrx_word' id='word_1_137' title='bbox 3300 814 3346 858; x_wconf 86' lang='lat' dir='ltr'><strong>et</strong></span> <span class='ocrx_word' id='word_1_138' title='bbox 3370 804 3681 860; x_wconf 82' lang='lat' dir='ltr'><strong>detractione</strong></span> <span class='ocrx_word' id='word_1_139' title='bbox 3704 822 3794 860; x_wconf 81' lang='lat' dir='ltr'><strong>eo-</strong></span> 
     </span>
    </p>
   </div>
   <div class='ocr_carea' id='block_1_20' title="bbox 2201 893 3794 965">
    <p class='ocr_par' dir='ltr' id='par_1_20' title="bbox 2201 893 3794 965">
     <span class='ocr_line' id='line_1_20' title="bbox 2201 893 3794 965; baseline 0.002 -18"><span class='ocrx_word' id='word_1_140' title='bbox 2201 911 2393 948; x_wconf 84' lang='lat' dir='ltr'><strong>rumne</strong></span> <span class='ocrx_word' id='word_1_141' title='bbox 2416 895 2741 965; x_wconf 87' lang='lat' dir='ltr'><strong>superemini;</strong></span> <span class='ocrx_word' id='word_1_142' title='bbox 2769 911 2859 948; x_wconf 90' lang='lat' dir='ltr'><strong>nec</strong></span> <span class='ocrx_word' id='word_1_143' title='bbox 2877 893 3014 963; x_wconf 83' lang='lat' dir='ltr'><strong>quod</strong></span> <span class='ocrx_word' id='word_1_144' title='bbox 3041 910 3176 948; x_wconf 87' lang='lat' dir='ltr'><strong>nunc</strong></span> <span class='ocrx_word' id='word_1_145' title='bbox 3204 911 3291 949; x_wconf 78' lang='lat' dir='ltr'><strong>vos</strong></span> <span class='ocrx_word' id='word_1_146' title='bbox 3320 906 3587 963; x_wconf 87' lang='lat' dir='ltr'><strong>spernunt,</strong></span> <span class='ocrx_word' id='word_1_147' title='bbox 3618 900 3794 965; x_wconf 86' lang='lat' dir='ltr'><strong>magni</strong></span> 
     </span>
    </p>
   </div>
   <div class='ocr_carea' id='block_1_21' title="bbox 2203 984 3796 1055">
    <p class='ocr_par' dir='ltr' id='par_1_21' title="bbox 2203 984 3796 1055">
     <span class='ocr_line' id='line_1_21' title="bbox 2203 984 3796 1055; baseline -0.001 -16"><span class='ocrx_word' id='word_1_148' title='bbox 2203 984 2467 1041; x_wconf 74' lang='lat' dir='ltr'><strong>duxeritis.</strong></span> <span class='ocrx_word' id='word_1_149' title='bbox 2498 984 2644 1041; x_wconf 87' lang='lat' dir='ltr'><strong>Sicut</strong></span> <span class='ocrx_word' id='word_1_150' title='bbox 2669 986 2804 1039; x_wconf 89' lang='lat' dir='ltr'><strong>enim</strong></span> <span class='ocrx_word' id='word_1_151' title='bbox 2832 986 3210 1051; x_wconf 74' lang='lat' dir='ltr'><strong>vestimentum,</strong></span> <span class='ocrx_word' id='word_1_152' title='bbox 3248 990 3322 1038; x_wconf 87' lang='lat' dir='ltr'><strong>ita</strong></span> <span class='ocrx_word' id='word_1_153' title='bbox 3354 1002 3442 1054; x_wconf 86' lang='lat' dir='ltr'><strong>per</strong></span> <span class='ocrx_word' id='word_1_154' title='bbox 3468 994 3669 1055; x_wconf 85' lang='lat' dir='ltr'><strong>tempus</strong></span> <span class='ocrx_word' id='word_1_155' title='bbox 3706 986 3796 1038; x_wconf 86' lang='lat' dir='ltr'><strong>ab-</strong></span> 
     </span>
    </p>
   </div>
   <div class='ocr_carea' id='block_1_22' title="bbox 2200 1076 3799 1148">
    <p class='ocr_par' dir='ltr' id='par_1_22' title="bbox 2200 1076 3799 1148">
     <span class='ocr_line' id='line_1_22' title="bbox 2200 1076 3799 1148; baseline -0.001 -16"><span class='ocrx_word' id='word_1_156' title='bbox 2200 1088 2496 1143; x_wconf 88' lang='lat' dir='ltr'><strong>sumentur,</strong></span> <span class='ocrx_word' id='word_1_157' title='bbox 2527 1086 2573 1132; x_wconf 88' lang='lat' dir='ltr'><strong>et</strong></span> <span class='ocrx_word' id='word_1_158' title='bbox 2612 1077 2741 1132; x_wconf 86' lang='lat' dir='ltr'><strong>sicut</strong></span> <span class='ocrx_word' id='word_1_159' title='bbox 2783 1076 2902 1131; x_wconf 89' lang='lat' dir='ltr'><strong>lana</strong></span> <span class='ocrx_word' id='word_1_160' title='bbox 2930 1094 2964 1131; x_wconf 91' lang='lat' dir='ltr'><strong>a</strong></span> <span class='ocrx_word' id='word_1_161' title='bbox 3006 1078 3139 1131; x_wconf 88' lang='lat' dir='ltr'><strong>tinea</strong></span> <span class='ocrx_word' id='word_1_162' title='bbox 3181 1078 3502 1131; x_wconf 89' lang='lat' dir='ltr'><strong>comedentur</strong></span> <span class='ocrx_word' id='word_1_163' title='bbox 3538 1093 3559 1130; x_wconf 91' lang='lat'><strong><em>:</em></strong></span> <span class='ocrx_word' id='word_1_164' title='bbox 3591 1078 3799 1148; x_wconf 83' lang='lat' dir='ltr'><strong>justitia</strong></span> 
     </span>
    </p>
   </div>
   <div class='ocr_carea' id='block_1_23' title="bbox 2203 1168 3798 1239">
    <p class='ocr_par' dir='ltr' id='par_1_23' title="bbox 2203 1168 3798 1239">
     <span class='ocr_line' id='line_1_23' title="bbox 2203 1168 3798 1239; baseline -0.002 -14"><span class='ocrx_word' id='word_1_165' title='bbox 2203 1180 2371 1225; x_wconf 86' lang='lat' dir='ltr'><strong>autem</strong></span> <span class='ocrx_word' id='word_1_166' title='bbox 2396 1186 2506 1224; x_wconf 89' lang='lat' dir='ltr'><strong>mea</strong></span> <span class='ocrx_word' id='word_1_167' title='bbox 2525 1171 2578 1224; x_wconf 87' lang='lat' dir='ltr'><strong>in</strong></span> <span class='ocrx_word' id='word_1_168' title='bbox 2614 1178 2855 1225; x_wconf 65' lang='lat' dir='ltr'><strong>aeternum</strong></span> <span class='ocrx_word' id='word_1_169' title='bbox 2883 1178 3049 1223; x_wconf 88' lang='lat' dir='ltr'><strong>manet</strong></span> <span class='ocrx_word' id='word_1_170' title='bbox 3074 1168 3225 1239; x_wconf 84' lang='lat' dir='ltr'><strong>(Isai.</strong></span> <span class='ocrx_word' id='word_1_171' title='bbox 3256 1184 3306 1224; x_wconf 80' lang='grc' dir='ltr'><strong>ιι</strong></span> <span class='ocrx_word' id='word_1_172' title='bbox 3328 1210 3344 1232; x_wconf 86' lang='grc'><strong>,</strong></span> <span class='ocrx_word' id='word_1_173' title='bbox 3383 1170 3414 1221; x_wconf 87' lang='lat'><strong>7</strong></span> <span class='ocrx_word' id='word_1_174' title='bbox 3432 1179 3477 1222; x_wconf 88' lang='lat' dir='ltr'><strong>et</strong></span> <span class='ocrx_word' id='word_1_175' title='bbox 3493 1168 3573 1239; x_wconf 90' lang='lat'><strong>8).</strong></span> <span class='ocrx_word' id='word_1_176' title='bbox 3594 1168 3798 1239; x_wconf 81' lang='lat' dir='ltr'><strong>Legant</strong></span> 
     </span>
    </p>
   </div>
   <div class='ocr_carea' id='block_1_24' title="bbox 2205 1259 3793 1331">
    <p class='ocr_par' dir='ltr' id='par_1_24' title="bbox 2205 1259 3793 1331">
     <span class='ocr_line' id='line_1_24' title="bbox 2205 1259 3793 1331; baseline -0.001 -16"><span class='ocrx_word' id='word_1_177' title='bbox 2205 1270 2382 1316; x_wconf 91' lang='lat' dir='ltr'><strong>tamen</strong></span> <span class='ocrx_word' id='word_1_178' title='bbox 2412 1261 2527 1315; x_wconf 62' lang='lat' dir='ltr'><strong>haec</strong></span> <span class='ocrx_word' id='word_1_179' title='bbox 2550 1270 2751 1327; x_wconf 85' lang='lat' dir='ltr'><strong>nostra,</strong></span> <span class='ocrx_word' id='word_1_180' title='bbox 2782 1260 2826 1315; x_wconf 92' lang='lat' dir='ltr'><strong>si</strong></span> <span class='ocrx_word' id='word_1_181' title='bbox 2850 1260 3168 1331; x_wconf 78' lang='lat' dir='ltr'><strong>dignentur;</strong></span> <span class='ocrx_word' id='word_1_182' title='bbox 3195 1268 3250 1315; x_wconf 88' lang='lat' dir='ltr'><strong>et</strong></span> <span class='ocrx_word' id='word_1_183' title='bbox 3278 1275 3397 1314; x_wconf 91' lang='lat' dir='ltr'><strong>cum</strong></span> <span class='ocrx_word' id='word_1_184' title='bbox 3427 1259 3495 1313; x_wconf 89' lang='lat' dir='ltr'><strong>ad</strong></span> <span class='ocrx_word' id='word_1_185' title='bbox 3536 1274 3638 1313; x_wconf 90' lang='lat' dir='ltr'><strong>nos</strong></span> <span class='ocrx_word' id='word_1_186' title='bbox 3666 1275 3793 1313; x_wconf 87' lang='lat' dir='ltr'><strong>con-</strong></span> 
     </span>
    </p>
   </div>
   <div class='ocr_carea' id='block_1_25' title="bbox 2204 1350 3801 1421">
    <p class='ocr_par' dir='ltr' id='par_1_25' title="bbox 2204 1350 3801 1421">
     <span class='ocr_line' id='line_1_25' title="bbox 2204 1350 3801 1421; baseline -0.002 -15"><span class='ocrx_word' id='word_1_187' title='bbox 2204 1350 2549 1407; x_wconf 86' lang='lat' dir='ltr'><strong>tradictiones</strong></span> <span class='ocrx_word' id='word_1_188' title='bbox 2590 1366 2775 1407; x_wconf 89' lang='lat' dir='ltr'><strong>eorum</strong></span> <span class='ocrx_word' id='word_1_189' title='bbox 2825 1352 3202 1421; x_wconf 78' lang='lat' dir='ltr'><strong>pervenerint,</strong></span> <span class='ocrx_word' id='word_1_190' title='bbox 3230 1358 3488 1421; x_wconf 86' lang='lat' dir='ltr'><strong>quantum</strong></span> <span class='ocrx_word' id='word_1_191' title='bbox 3536 1350 3801 1404; x_wconf 82' lang='lat' dir='ltr'><strong>Dominus</strong></span> 
     </span>
    </p>
   </div>
   <div class='ocr_carea' id='block_1_26' title="bbox 2204 1441 2949 1513">
    <p class='ocr_par' dir='ltr' id='par_1_26' title="bbox 2204 1441 2949 1513">
     <span class='ocr_line' id='line_1_26' title="bbox 2204 1441 2949 1513; baseline -0.003 -16"><span class='ocrx_word' id='word_1_192' title='bbox 2204 1441 2459 1513; x_wconf 87' lang='lat' dir='ltr'><strong>adjuvat,</strong></span> <span class='ocrx_word' id='word_1_193' title='bbox 2486 1442 2949 1513; x_wconf 89' lang='lat' dir='ltr'><strong>respondebimus.</strong></span> 
     </span>
    </p>
   </div>
   <div class='ocr_carea' id='block_1_27' title="bbox 525 1646 3802 1707">
    <p class='ocr_par' dir='ltr' id='par_1_27' title="bbox 552 1652 3699 1665">
     <span class='ocr_line' id='line_1_27' title="bbox 552 1652 3699 1665; baseline -0.001 -1"><span class='ocrx_word' id='word_1_194' title='bbox 552 1660 563 1664; x_wconf 83' lang='lat'><strong>-</strong></span> <span class='ocrx_word' id='word_1_195' title='bbox 1272 1664 1275 1665; x_wconf 57' lang='lat'>,</span> <span class='ocrx_word' id='word_1_196' title='bbox 1416 1656 1421 1659; x_wconf 33' lang='grc' dir='ltr'><strong>κ</strong></span> <span class='ocrx_word' id='word_1_197' title='bbox 1560 1658 1563 1661; x_wconf 72' lang='grc'><strong>,</strong></span> <span class='ocrx_word' id='word_1_198' title='bbox 2121 1652 3699 1664; x_wconf 68' lang='lat'><strong>.__________.____._______.._-</strong></span> 
     </span>
    </p>
   </div>
   <div class='ocr_carea' id='block_1_28' title="bbox 598 1765 3791 1851">
    <p class='ocr_par' dir='ltr' id='par_1_28' title="bbox 598 1765 3791 1851">
     <span class='ocr_line' id='line_1_28' title="bbox 598 1765 3791 1851; baseline -0.001 -18"><span class='ocrx_word' id='word_1_199' title='bbox 598 1773 680 1833; x_wconf 84' lang='lat' dir='ltr'><strong>In</strong></span> <span class='ocrx_word' id='word_1_200' title='bbox 709 1771 938 1834; x_wconf 86' lang='lat' dir='ltr'><strong>librum</strong></span> <span class='ocrx_word' id='word_1_201' title='bbox 981 1772 1058 1833; x_wconf 91' lang='lat' dir='ltr'><strong>de</strong></span> <span class='ocrx_word' id='word_1_202' title='bbox 1088 1772 1259 1833; x_wconf 85' lang='lat' dir='ltr'><strong>Cura</strong></span> <span class='ocrx_word' id='word_1_203' title='bbox 1292 1788 1411 1850; x_wconf 88' lang='lat' dir='ltr'><strong>pro</strong></span> <span class='ocrx_word' id='word_1_204' title='bbox 1438 1770 1711 1834; x_wconf 83' lang='lat' dir='ltr'><strong>Mortuis</strong></span> <span class='ocrx_word' id='word_1_205' title='bbox 1747 1769 2027 1851; x_wconf 76' lang='lat' dir='ltr'><strong>gerenda</strong></span> <span class='ocrx_word' id='word_1_206' title='bbox 2054 1768 2484 1851; x_wconf 41' lang='lat' dir='ltr'><strong>(a),_m&#39;due_lili1</strong></span> <span class='ocrx_word' id='word_1_207' title='bbox 2499 1768 2540 1827; x_wconf 80' lang='lat'><strong>2</strong></span> <span class='ocrx_word' id='word_1_208' title='bbox 2572 1770 3144 1851; x_wconf 77' lang='lat' dir='ltr'><strong>Retractationum,</strong></span> <span class='ocrx_word' id='word_1_209' title='bbox 3182 1786 3319 1851; x_wconf 72' lang='lat' dir='ltr'><strong>cap.</strong></span> <span class='ocrx_word' id='word_1_210' title='bbox 3356 1765 3458 1841; x_wconf 63' lang='lat' dir='ltr'><strong>6h,</strong></span> <span class='ocrx_word' id='word_1_211' title='bbox 3492 1776 3539 1828; x_wconf 92' lang='lat' dir='ltr'><strong>t.</strong></span> <span class='ocrx_word' id='word_1_212' title='bbox 3574 1769 3635 1841; x_wconf 87' lang='grc'><strong>1,</strong></span> <span class='ocrx_word' id='word_1_213' title='bbox 3672 1769 3791 1830; x_wconf 90' lang='lat' dir='ltr'><strong>col.</strong></span> 
     </span>
    </p>
   </div>
   <div class='ocr_carea' id='block_1_29' title="bbox 512 1847 3123 1930">
    <p class='ocr_par' dir='ltr' id='par_1_29' title="bbox 512 1847 3123 1930">
     <span class='ocr_line' id='line_1_29' title="bbox 512 1847 3123 1930; baseline -0.001 -19"><span class='ocrx_word' id='word_1_214' title='bbox 512 1851 658 1926; x_wconf 77' lang='lat'><strong>655,</strong></span> <span class='ocrx_word' id='word_1_215' title='bbox 681 1851 904 1920; x_wconf 80' lang='lat' dir='ltr'><strong>verbis,</strong></span> <span class='ocrx_word' id='word_1_216' title='bbox 938 1851 1208 1912; x_wconf 88' lang='lat' dir='ltr'><strong>Librum</strong></span> <span class='ocrx_word' id='word_1_217' title='bbox 1232 1847 1314 1913; x_wconf 80' lang='lat' dir='ltr'><strong>de</strong></span> <span class='ocrx_word' id='word_1_218' title='bbox 1339 1851 1534 1926; x_wconf 86' lang='lat' dir='ltr'><strong>Cura,</strong></span> <span class='ocrx_word' id='word_1_219' title='bbox 1563 1847 1860 1930; x_wconf 60' lang='lat' dir='ltr'><strong>usque&#39;ad</strong></span> <span class='ocrx_word' id='word_1_220' title='bbox 1885 1847 2072 1911; x_wconf 78' lang='lat' dir='ltr'><strong>verba</strong></span> <span class='ocrx_word' id='word_1_221' title='bbox 2104 1847 2224 1910; x_wconf 84' lang='lat' dir='ltr'><strong>col.</strong></span> <span class='ocrx_word' id='word_1_222' title='bbox 2250 1847 2394 1923; x_wconf 82' lang='lat'><strong>656,</strong></span> <span class='ocrx_word' id='word_1_223' title='bbox 2430 1849 2810 1911; x_wconf 87' lang='lat' dir='ltr'><strong>Venerande</strong></span> <span class='ocrx_word' id='word_1_224' title='bbox 2834 1849 3123 1911; x_wconf 85' lang='lat' dir='ltr'><strong>Pauline.</strong></span> 
     </span>
    </p>
   </div>
   <div class='ocr_carea' id='block_1_30' title="bbox 572 1974 887 2037">
    <p class='ocr_par' dir='ltr' id='par_1_30' title="bbox 572 1974 887 2037">
     <span class='ocr_line' id='line_1_30' title="bbox 572 1974 887 2037; baseline 0 -14"><span class='ocrx_word' id='word_1_225' title='bbox 572 1974 647 2037; x_wconf 87' lang='lat' dir='ltr'><strong>(a)</strong></span> <span class='ocrx_word' id='word_1_226' title='bbox 664 1983 765 2033; x_wconf 84' lang='lat' dir='ltr'><strong>Quo</strong></span> <span class='ocrx_word' id='word_1_227' title='bbox 786 1980 887 2023; x_wconf 90' lang='lat' dir='ltr'><strong>tem</strong></span> 
     </span>
    </p>
   </div>
   <div class='ocr_carea' id='block_1_31' title="bbox 951 1967 3800 2034">
    <p class='ocr_par' dir='ltr' id='par_1_31' title="bbox 951 1967 3800 2034">
     <span class='ocr_line' id='line_1_31' title="bbox 951 1967 3800 2034; baseline -0.002 -11"><span class='ocrx_word' id='word_1_228' title='bbox 951 1986 1009 2023; x_wconf 91' lang='lat' dir='ltr'><strong>re</strong></span> <span class='ocrx_word' id='word_1_229' title='bbox 1024 1971 1343 2022; x_wconf 88' lang='lat' dir='ltr'><strong>librumbunc</strong></span> <span class='ocrx_word' id='word_1_230' title='bbox 1364 1972 1632 2034; x_wconf 86' lang='lat' dir='ltr'><strong>scripserit,</strong></span> <span class='ocrx_word' id='word_1_231' title='bbox 1655 1970 1931 2034; x_wconf 78' lang='lat' dir='ltr'><strong>conjectare</strong></span> <span class='ocrx_word' id='word_1_232' title='bbox 1949 1967 2066 2019; x_wconf 89' lang='lat' dir='ltr'><strong>licet</strong></span> <span class='ocrx_word' id='word_1_233' title='bbox 2089 1982 2153 2019; x_wconf 80' lang='lat' dir='ltr'><strong>ex</strong></span> <span class='ocrx_word' id='word_1_234' title='bbox 2176 1970 2582 2034; x_wconf 76' lang='lat' dir='ltr'><strong>Betractationum</strong></span> <span class='ocrx_word' id='word_1_235' title='bbox 2595 1970 2746 2034; x_wconf 80' lang='lat' dir='ltr'><strong>serie,</strong></span> <span class='ocrx_word' id='word_1_236' title='bbox 2765 1970 2849 2034; x_wconf 91' lang='lat' dir='ltr'><strong>ubi</strong></span> <span class='ocrx_word' id='word_1_237' title='bbox 2865 1969 2995 2034; x_wconf 87' lang='lat' dir='ltr'><strong>hunc</strong></span> <span class='ocrx_word' id='word_1_238' title='bbox 3012 1968 3235 2018; x_wconf 86' lang='lat' dir='ltr'><strong>eumdem</strong></span> <span class='ocrx_word' id='word_1_239' title='bbox 3250 1968 3427 2034; x_wconf 64' lang='lat' dir='ltr'><strong>librum</strong></span> <span class='ocrx_word' id='word_1_240' title='bbox 3451 1969 3672 2034; x_wconf 64' lang='lat' dir='ltr'><strong>proximo</strong></span> <span class='ocrx_word' id='word_1_241' title='bbox 3696 1967 3800 2034; x_wconf 71' lang='lat' dir='ltr'><strong>loco</strong></span> 
     </span>
    </p>
   </div>
   <div class='ocr_carea' id='block_1_32' title="bbox 510 1982 3535 2098">
    <p class='ocr_par' dir='ltr' id='par_1_32' title="bbox 510 1982 3535 2098">
     <span class='ocr_line' id='line_1_32' title="bbox 572 1982 3535 2037; baseline -0.002 -14"><span class='ocrx_word' id='word_1_242' title='bbox 572 1982 647 2037; x_wconf 88' lang='lat' dir='ltr'><strong>(a)</strong></span> <span class='ocrx_word' id='word_1_243' title='bbox 664 1983 765 2033; x_wconf 83' lang='lat' dir='ltr'><strong>Quo</strong></span> <span class='ocrx_word' id='word_1_244' title='bbox 786 1982 887 2023; x_wconf 91' lang='lat' dir='ltr'><strong>tem</strong></span> <span class='ocrx_word' id='word_1_245' title='bbox 951 1986 1009 2023; x_wconf 94' lang='lat' dir='ltr'><strong>re</strong></span> <span class='ocrx_word' id='word_1_246' title='bbox 1025 1982 1201 2022; x_wconf 81' lang='lat' dir='ltr'><strong>librum</strong></span> <span class='ocrx_word' id='word_1_247' title='bbox 1216 1982 1343 2022; x_wconf 86' lang='lat' dir='ltr'><strong>nunc</strong></span> <span class='ocrx_word' id='word_1_248' title='bbox 1364 1982 1632 2034; x_wconf 81' lang='lat' dir='ltr'><strong>scripserit,</strong></span> <span class='ocrx_word' id='word_1_249' title='bbox 1655 1982 1931 2032; x_wconf 78' lang='lat' dir='ltr'><strong>conjeCtare</strong></span> <span class='ocrx_word' id='word_1_250' title='bbox 1950 1982 2066 2019; x_wconf 75' lang='lat' dir='ltr'><strong>licet</strong></span> <span class='ocrx_word' id='word_1_251' title='bbox 2089 1982 2153 2019; x_wconf 81' lang='lat' dir='ltr'><strong>ex</strong></span> <span class='ocrx_word' id='word_1_252' title='bbox 2177 1982 2575 2019; x_wconf 75' lang='lat' dir='ltr'><strong>uetractauonum</strong></span> <span class='ocrx_word' id='word_1_253' title='bbox 2595 1982 2746 2029; x_wconf 78' lang='lat' dir='ltr'><strong>serie,</strong></span> <span class='ocrx_word' id='word_1_254' title='bbox 2765 1982 2849 2018; x_wconf 85' lang='lat' dir='ltr'><strong>um</strong></span> <span class='ocrx_word' id='word_1_255' title='bbox 2868 1982 2995 2018; x_wconf 90' lang='lat' dir='ltr'><strong>nunc</strong></span> <span class='ocrx_word' id='word_1_256' title='bbox 3012 1982 3235 2018; x_wconf 87' lang='lat' dir='ltr'><strong>eumuem</strong></span> <span class='ocrx_word' id='word_1_257' title='bbox 3254 1982 3427 2017; x_wconf 82' lang='lat' dir='ltr'><strong>nurum</strong></span> <span class='ocrx_word' id='word_1_258' title='bbox 3481 1982 3535 2016; x_wconf 87' lang='lat' dir='ltr'><strong>ro</strong></span> 
     </span>
     <span class='ocr_line' id='line_1_33' title="bbox 510 1982 3535 2098; baseline -0.002 -14"><span class='ocrx_word' id='word_1_259' title='bbox 510 2037 645 2098; x_wconf 85' lang='lat' dir='ltr'><strong>ponit</strong></span> <span class='ocrx_word' id='word_1_260' title='bbox 678 2043 786 2098; x_wconf 82' lang='lat' dir='ltr'><strong>post</strong></span> <span class='ocrx_word' id='word_1_261' title='bbox 806 1987 1104 2084; x_wconf 46' lang='lat' dir='ltr'><strong>Encﬁiridion</strong></span> <span class='ocrx_word' id='word_1_262' title='bbox 1126 2035 1185 2098; x_wconf 78' lang='lat' dir='ltr'><strong>ad</strong></span> <span class='ocrx_word' id='word_1_263' title='bbox 1207 2035 1529 2093; x_wconf 74' lang='lat' dir='ltr'><strong>Laurentium,</strong></span> <span class='ocrx_word' id='word_1_264' title='bbox 1549 2032 1677 2098; x_wconf 79' lang='lat' dir='ltr'><strong>quod</strong></span> <span class='ocrx_word' id='word_1_265' title='bbox 1700 2032 1899 2098; x_wconf 79' lang='lat' dir='ltr'><strong>quidem</strong></span> <span class='ocrx_word' id='word_1_266' title='bbox 1915 2044 2037 2098; x_wconf 78' lang='lat' dir='ltr'><strong>onus</strong></span> <span class='ocrx_word' id='word_1_267' title='bbox 2053 2044 2149 2080; x_wconf 89' lang='lat' dir='ltr'><strong>non</strong></span> <span class='ocrx_word' id='word_1_268' title='bbox 2171 2038 2291 2098; x_wconf 78' lang='lat' dir='ltr'><strong>ante</strong></span> <span class='ocrx_word' id='word_1_269' title='bbox 2301 2044 2480 2098; x_wconf 70' lang='lat' dir='ltr'><strong>annum</strong></span> <span class='ocrx_word' id='word_1_270' title='bbox 2502 2031 2839 2098; x_wconf 71' lang='lat' dir='ltr'><strong>42lperfecit.</strong></span> <span class='ocrx_word' id='word_1_271' title='bbox 2881 2032 2998 2080; x_wconf 84' lang='lat' dir='ltr'><strong>vide</strong></span> <span class='ocrx_word' id='word_1_272' title='bbox 3020 2043 3181 2098; x_wconf 80' lang='lat' dir='ltr'><strong>supra,</strong></span> <span class='ocrx_word' id='word_1_273' title='bbox 3206 2030 3298 2080; x_wconf 89' lang='lat' dir='ltr'><strong>col.</strong></span> 
     </span>
    </p>
   </div>
   <div class='ocr_carea' id='block_1_33' title="bbox 2616 2029 3797 2105">
    <p class='ocr_par' dir='ltr' id='par_1_33' title="bbox 2616 2029 3797 2105">
     <span class='ocr_line' id='line_1_34' title="bbox 2616 2029 3797 2105; baseline -0.006 -25"><span class='ocrx_word' id='word_1_274' title='bbox 2616 2032 2839 2105; x_wconf 73' lang='lat' dir='ltr'><strong>perfecit.</strong></span> <span class='ocrx_word' id='word_1_275' title='bbox 2855 2099 2865 2105; x_wconf 35' lang='lat'><strong><em>-</em></strong></span> <span class='ocrx_word' id='word_1_276' title='bbox 2881 2032 2998 2105; x_wconf 72' lang='lat' dir='ltr'><strong>vide</strong></span> <span class='ocrx_word' id='word_1_277' title='bbox 3020 2043 3181 2105; x_wconf 78' lang='lat' dir='ltr'><strong>supra,</strong></span> <span class='ocrx_word' id='word_1_278' title='bbox 3206 2030 3311 2105; x_wconf 52' lang='lat' dir='ltr'><strong>col;</strong></span> <span class='ocrx_word' id='word_1_279' title='bbox 3576 2030 3797 2105; x_wconf 42' lang='lat' dir='ltr'><strong>feminini:</strong></span> 
     </span>
    </p>
   </div>
   <div class='ocr_carea' id='block_1_34' title="bbox 512 2090 3800 2160">
    <p class='ocr_par' dir='ltr' id='par_1_34' title="bbox 512 2090 3800 2160">
     <span class='ocr_line' id='line_1_35' title="bbox 512 2090 3800 2160; baseline -0.001 -15"><span class='ocrx_word' id='word_1_280' title='bbox 512 2090 693 2160; x_wconf 62' lang='lat' dir='ltr'><strong>iioaeni</strong></span> <span class='ocrx_word' id='word_1_281' title='bbox 712 2096 1035 2160; x_wconf 36' lang='lat' dir='ltr'><strong>eideonperi</strong></span> <span class='ocrx_word' id='word_1_282' title='bbox 1059 2095 1321 2160; x_wconf 55' lang='lat' dir='ltr'><strong>prieilxam,</strong></span> <span class='ocrx_word' id='word_1_283' title='bbox 1346 2090 1539 2160; x_wconf 76' lang='lat' dir='ltr'><strong>necnon</strong></span> <span class='ocrx_word' id='word_1_284' title='bbox 1560 2090 1940 2160; x_wconf 58' lang='lat' dir='ltr'><strong>{idmonitionem</strong></span> <span class='ocrx_word' id='word_1_285' title='bbox 1965 2092 2126 2160; x_wconf 64' lang='lat' dir='ltr'><strong>aiiain,</strong></span> <span class='ocrx_word' id='word_1_286' title='bbox 2151 2092 2494 2160; x_wconf 46' lang='grc' dir='ltr'><strong>φιλίη-148,</strong></span> <span class='ocrx_word' id='word_1_287' title='bbox 2519 2093 2579 2141; x_wconf 89' lang='lat' dir='ltr'><strong>ad</strong></span> <span class='ocrx_word' id='word_1_288' title='bbox 2600 2090 2774 2142; x_wconf 86' lang='lat' dir='ltr'><strong>librum</strong></span> <span class='ocrx_word' id='word_1_289' title='bbox 2794 2099 2904 2142; x_wconf 89' lang='lat' dir='ltr'><strong>octo</strong></span> <span class='ocrx_word' id='word_1_290' title='bbox 2935 2090 3259 2152; x_wconf 71' lang='lat' dir='ltr'><strong>Quaestionum</strong></span> <span class='ocrx_word' id='word_1_291' title='bbox 3281 2092 3489 2152; x_wconf 87' lang='lat' dir='ltr'><strong>Dulcitii,</strong></span> <span class='ocrx_word' id='word_1_292' title='bbox 3512 2094 3590 2141; x_wconf 88' lang='lat' dir='ltr'><strong>cui</strong></span> <span class='ocrx_word' id='word_1_293' title='bbox 3613 2090 3800 2142; x_wconf 80' lang='lat' dir='ltr'><strong>scilicet</strong></span> 
     </span>
    </p>
   </div>
   <div class='ocr_carea' id='block_1_35' title="bbox 510 2151 2632 2221">
    <p class='ocr_par' dir='ltr' id='par_1_35' title="bbox 510 2151 2632 2221">
     <span class='ocr_line' id='line_1_36' title="bbox 510 2151 2632 2221; baseline -0.001 -16"><span class='ocrx_word' id='word_1_294' title='bbox 510 2158 652 2220; x_wconf 88' lang='lat' dir='ltr'><strong>libro,</strong></span> <span class='ocrx_word' id='word_1_295' title='bbox 674 2165 848 2221; x_wconf 64' lang='lat' dir='ltr'><strong>quiest.</strong></span> <span class='ocrx_word' id='word_1_296' title='bbox 872 2151 1153 2219; x_wconf 41' lang='lat' dir='ltr'><strong>{lasciuit</strong></span> <span class='ocrx_word' id='word_1_297' title='bbox 1169 2151 1461 2219; x_wconf 77' lang='lat' dir='ltr'><strong>Augustinus</strong></span> <span class='ocrx_word' id='word_1_298' title='bbox 1479 2156 1667 2205; x_wconf 87' lang='lat' dir='ltr'><strong>initium</strong></span> <span class='ocrx_word' id='word_1_299' title='bbox 1689 2155 2039 2216; x_wconf 82' lang='lat' dir='ltr'><strong>subsequentis</strong></span> <span class='ocrx_word' id='word_1_300' title='bbox 2059 2151 2170 2204; x_wconf 86' lang='lat' dir='ltr'><strong>libri</strong></span> <span class='ocrx_word' id='word_1_301' title='bbox 2190 2153 2264 2202; x_wconf 89' lang='lat' dir='ltr'><strong>sui</strong></span> <span class='ocrx_word' id='word_1_302' title='bbox 2287 2153 2346 2201; x_wconf 86' lang='lat' dir='ltr'><strong>ad</strong></span> <span class='ocrx_word' id='word_1_303' title='bbox 2369 2153 2632 2202; x_wconf 85' lang='lat' dir='ltr'><strong>Paulinum.</strong></span> 
     </span>
    </p>
   </div>
   <div class='ocr_carea' id='block_1_36' title="bbox 1105 2367 3181 2488">
    <p class='ocr_par' dir='ltr' id='par_1_36' title="bbox 1105 2367 3181 2488">
     <span class='ocr_line' id='line_1_37' title="bbox 1105 2367 3181 2488; baseline -0.005 0"><span class='ocrx_word' id='word_1_304' title='bbox 1105 2373 1254 2488; x_wconf 77' lang='lat' dir='ltr'><strong>S.</strong></span> <span class='ocrx_word' id='word_1_305' title='bbox 1330 2372 2093 2486; x_wconf 72' lang='lat' dir='ltr'><strong>AURELII</strong></span> <span class='ocrx_word' id='word_1_306' title='bbox 2174 2367 3181 2483; x_wconf 73' lang='lat' dir='ltr'><strong>AUGUSTINI</strong></span> 
     </span>
    </p>
   </div>
   <div class='ocr_carea' id='block_1_37' title="bbox 1689 2562 2601 2627">
    <p class='ocr_par' dir='ltr' id='par_1_37' title="bbox 1689 2562 2601 2627">
     <span class='ocr_line' id='line_1_38' title="bbox 1689 2562 2601 2627; baseline -0.001 -1"><span class='ocrx_word' id='word_1_307' title='bbox 1689 2562 2207 2627; x_wconf 84' lang='lat' dir='ltr'><strong>HIPPONENSIS</strong></span> <span class='ocrx_word' id='word_1_308' title='bbox 2246 2562 2601 2625; x_wconf 88' lang='lat' dir='ltr'><strong>EPISCOPI</strong></span> 
     </span>
    </p>
   </div>
   <div class='ocr_carea' id='block_1_38' title="bbox 512 2719 3797 2854">
    <p class='ocr_par' dir='ltr' id='par_1_38' title="bbox 512 2719 3797 2854">
     <span class='ocr_line' id='line_1_39' title="bbox 512 2719 3797 2854; baseline -0 -6"><span class='ocrx_word' id='word_1_309' title='bbox 512 2723 753 2849; x_wconf 91' lang='lat' dir='ltr'>DE</span> <span class='ocrx_word' id='word_1_310' title='bbox 870 2720 1357 2854; x_wconf 81' lang='lat' dir='ltr'><strong>CURA</strong></span> <span class='ocrx_word' id='word_1_311' title='bbox 1485 2721 1860 2850; x_wconf 83' lang='lat' dir='ltr'><strong>PRO</strong></span> <span class='ocrx_word' id='word_1_312' title='bbox 1980 2719 2789 2853; x_wconf 81' lang='lat' dir='ltr'><strong>MORTUIS</strong></span> <span class='ocrx_word' id='word_1_313' title='bbox 2916 2720 3797 2853; x_wconf 81' lang='lat' dir='ltr'><strong>GERENDA</strong></span> 
     </span>
    </p>
   </div>
   <div class='ocr_carea' id='block_1_39' title="bbox 1742 2942 2548 3018">
    <p class='ocr_par' dir='ltr' id='par_1_39' title="bbox 1742 2942 2548 3018">
     <span class='ocr_line' id='line_1_40' title="bbox 1742 2942 2548 3018; baseline 0.001 -3"><span class='ocrx_word' id='word_1_314' title='bbox 1742 2942 1900 3015; x_wconf 86' lang='lat' dir='ltr'><strong>AD</strong></span> <span class='ocrx_word' id='word_1_315' title='bbox 1959 2944 2291 3017; x_wconf 85' lang='lat' dir='ltr'><strong>PAULI</strong></span> <span class='ocrx_word' id='word_1_316' title='bbox 2304 2944 2548 3018; x_wconf 89' lang='lat' dir='ltr'><strong>NUM</strong></span> 
     </span>
    </p>
   </div>
   <div class='ocr_carea' id='block_1_40' title="bbox 1558 3092 2035 3202">
    <p class='ocr_par' dir='ltr' id='par_1_40' title="bbox 1558 3092 2035 3202">
     <span class='ocr_line' id='line_1_41' title="bbox 1558 3092 2035 3202; baseline 0 -1"><span class='ocrx_word' id='word_1_317' title='bbox 1558 3092 2035 3202; x_wconf 87' lang='lat' dir='ltr'><strong>LIBER</strong></span> 
     </span>
    </p>
   </div>
   <div class='ocr_carea' id='block_1_41' title="bbox 1911 3277 2174 3341">
    <p class='ocr_par' dir='ltr' id='par_1_41' title="bbox 1911 3277 2174 3341">
     <span class='ocr_line' id='line_1_42' title="bbox 1911 3277 2174 3341; baseline 0 -12"><span class='ocrx_word' id='word_1_318' title='bbox 1911 3277 2174 3341; x_wconf 55' lang='grc' dir='ltr'><strong>έθθθῦο</strong></span> 
     </span>
    </p>
   </div>
   <div class='ocr_carea' id='block_1_42' title="bbox 2127 3092 2707 3202">
    <p class='ocr_par' dir='ltr' id='par_1_42' title="bbox 2127 3092 2707 3202">
     <span class='ocr_line' id='line_1_43' title="bbox 2127 3092 2707 3202; baseline 0.003 -2"><span class='ocrx_word' id='word_1_319' title='bbox 2127 3092 2534 3202; x_wconf 71' lang='lat' dir='ltr'><strong>UNU‘S</strong></span> <span class='ocrx_word' id='word_1_320' title='bbox 2584 3095 2707 3202; x_wconf 71' lang='grc' dir='ltr'><strong>(α).</strong></span> 
     </span>
    </p>
   </div>
   <div class='ocr_carea' id='block_1_43' title="bbox 567 3398 3799 3475">
    <p class='ocr_par' dir='ltr' id='par_1_43' title="bbox 567 3398 3799 3475">
     <span class='ocr_line' id='line_1_44' title="bbox 567 3398 3799 3475; baseline 0 -19"><span class='ocrx_word' id='word_1_321' title='bbox 567 3409 904 3475; x_wconf 68' lang='lat' dir='ltr'><strong>Interrogatus</strong></span> <span class='ocrx_word' id='word_1_322' title='bbox 917 3415 947 3475; x_wconf 75' lang='lat' dir='ltr'><strong>a</strong></span> <span class='ocrx_word' id='word_1_323' title='bbox 968 3401 1164 3475; x_wconf 76' lang='lat' dir='ltr'><strong>Psuhnp</strong></span> <span class='ocrx_word' id='word_1_324' title='bbox 1185 3402 1415 3475; x_wconf 73' lang='lat' dir='ltr'><strong>episcopo</strong></span> <span class='ocrx_word' id='word_1_325' title='bbox 1432 3399 1628 3475; x_wconf 54' lang='lat' dir='ltr'><strong>solane,</strong></span> <span class='ocrx_word' id='word_1_326' title='bbox 1650 3406 1819 3475; x_wconf 75' lang='lat' dir='ltr'><strong>utrum</strong></span> <span class='ocrx_word' id='word_1_327' title='bbox 1838 3398 2092 3475; x_wconf 77' lang='lat' dir='ltr'><strong>sepultura</strong></span> <span class='ocrx_word' id='word_1_328' title='bbox 2113 3412 2228 3475; x_wconf 50' lang='lat' dir='ltr'><strong>qua).</strong></span> <span class='ocrx_word' id='word_1_329' title='bbox 2259 3400 2311 3449; x_wconf 85' lang='lat' dir='ltr'><strong>tlt</strong></span> <span class='ocrx_word' id='word_1_330' title='bbox 2334 3402 2383 3450; x_wconf 92' lang='lat' dir='ltr'><strong>in</strong></span> <span class='ocrx_word' id='word_1_331' title='bbox 2421 3403 2671 3475; x_wconf 72' lang='lat' dir='ltr'><strong>memoriis</strong></span> <span class='ocrx_word' id='word_1_332' title='bbox 2702 3411 2981 3475; x_wconf 72' lang='lat' dir='ltr'><strong>martyrum,</strong></span> <span class='ocrx_word' id='word_1_333' title='bbox 3017 3406 3269 3475; x_wconf 79' lang='lat' dir='ltr'><strong>spiritibus</strong></span> <span class='ocrx_word' id='word_1_334' title='bbox 3290 3412 3587 3457; x_wconf 85' lang='lat' dir='ltr'><strong>mortuorum</strong></span> <span class='ocrx_word' id='word_1_335' title='bbox 3618 3402 3799 3469; x_wconf 87' lang='lat' dir='ltr'><strong>aliquid</strong></span> 
     </span>
    </p>
   </div>
   <div class='ocr_carea' id='block_1_44' title="bbox 502 3462 3799 3534">
    <p class='ocr_par' dir='ltr' id='par_1_44' title="bbox 502 3462 3799 3534">
     <span class='ocr_line' id='line_1_45' title="bbox 502 3462 3799 3534; baseline 0 -17"><span class='ocrx_word' id='word_1_336' title='bbox 502 3470 676 3534; x_wconf 60' lang='lat' dir='ltr'><strong>posit,</strong></span> <span class='ocrx_word' id='word_1_337' title='bbox 699 3462 913 3517; x_wconf 66' lang='lat' dir='ltr'><strong>ostendit</strong></span> <span class='ocrx_word' id='word_1_338' title='bbox 935 3466 985 3514; x_wconf 91' lang='lat' dir='ltr'><strong>in</strong></span> <span class='ocrx_word' id='word_1_339' title='bbox 1007 3466 1174 3528; x_wconf 82' lang='lat' dir='ltr'><strong>primis</strong></span> <span class='ocrx_word' id='word_1_340' title='bbox 1195 3462 1312 3534; x_wconf 73' lang='lat' dir='ltr'><strong>nihil</strong></span> <span class='ocrx_word' id='word_1_341' title='bbox 1350 3462 1553 3534; x_wconf 74' lang='lat' dir='ltr'><strong>mortuis</strong></span> <span class='ocrx_word' id='word_1_342' title='bbox 1576 3464 1692 3526; x_wconf 83' lang='lat' dir='ltr'><strong>ipsis</strong></span> <span class='ocrx_word' id='word_1_343' title='bbox 1712 3462 1915 3534; x_wconf 68' lang='lat' dir='ltr'><strong>obesse,</strong></span> <span class='ocrx_word' id='word_1_344' title='bbox 1936 3463 2125 3534; x_wconf 80' lang='lat' dir='ltr'><strong>etiamsi</strong></span> <span class='ocrx_word' id='word_1_345' title='bbox 2152 3476 2321 3534; x_wconf 78' lang='lat' dir='ltr'><strong>eorum</strong></span> <span class='ocrx_word' id='word_1_346' title='bbox 2338 3465 2623 3534; x_wconf 77' lang='lat' dir='ltr'><strong>corporibus</strong></span> <span class='ocrx_word' id='word_1_347' title='bbox 2652 3462 2848 3534; x_wconf 67' lang='lat' dir='ltr'><strong>omnino</strong></span> <span class='ocrx_word' id='word_1_348' title='bbox 2886 3462 3099 3534; x_wconf 77' lang='lat' dir='ltr'><strong>negetur</strong></span> <span class='ocrx_word' id='word_1_349' title='bbox 3121 3468 3391 3534; x_wconf 72' lang='lat' dir='ltr'><strong>sepultura.</strong></span> <span class='ocrx_word' id='word_1_350' title='bbox 3429 3476 3601 3518; x_wconf 83' lang='lat' dir='ltr'><strong>Locum</strong></span> <span class='ocrx_word' id='word_1_351' title='bbox 3633 3462 3799 3534; x_wconf 69' lang='lat' dir='ltr'><strong>aufem</strong></span> 
     </span>
    </p>
   </div>
   <div class='ocr_carea' id='block_1_45' title="bbox 502 3524 3800 3589">
    <p class='ocr_par' dir='ltr' id='par_1_45' title="bbox 502 3524 3800 3589">
     <span class='ocr_line' id='line_1_46' title="bbox 502 3524 3800 3589; baseline 0 -10"><span class='ocrx_word' id='word_1_352' title='bbox 502 3524 772 3589; x_wconf 64' lang='lat' dir='ltr'><strong>sepultura:</strong></span> <span class='ocrx_word' id='word_1_353' title='bbox 808 3540 905 3576; x_wconf 90' lang='lat' dir='ltr'><strong>non</strong></span> <span class='ocrx_word' id='word_1_354' title='bbox 928 3524 1023 3589; x_wconf 72' lang='lat' dir='ltr'><strong>per</strong></span> <span class='ocrx_word' id='word_1_355' title='bbox 1039 3539 1097 3576; x_wconf 91' lang='lat' dir='ltr'><strong>se</strong></span> <span class='ocrx_word' id='word_1_356' title='bbox 1120 3526 1355 3589; x_wconf 76' lang='lat' dir='ltr'><strong>prodesse</strong></span> <span class='ocrx_word' id='word_1_357' title='bbox 1375 3524 1656 3589; x_wconf 83' lang='lat' dir='ltr'><strong>quidquam,</strong></span> <span class='ocrx_word' id='word_1_358' title='bbox 1681 3524 1777 3589; x_wconf 77' lang='lat' dir='ltr'><strong>sed</strong></span> <span class='ocrx_word' id='word_1_359' title='bbox 1794 3536 1882 3585; x_wconf 89' lang='lat' dir='ltr'><strong>per</strong></span> <span class='ocrx_word' id='word_1_360' title='bbox 1912 3525 2228 3589; x_wconf 79' lang='lat' dir='ltr'><strong>occasionem</strong></span> <span class='ocrx_word' id='word_1_361' title='bbox 2255 3524 2507 3589; x_wconf 64' lang='lat' dir='ltr'><strong>duntarat,</strong></span> <span class='ocrx_word' id='word_1_362' title='bbox 2532 3526 2645 3574; x_wconf 93' lang='lat' dir='ltr'><strong>dum</strong></span> <span class='ocrx_word' id='word_1_363' title='bbox 2671 3541 2734 3575; x_wconf 83' lang='lat' dir='ltr'><strong>ex</strong></span> <span class='ocrx_word' id='word_1_364' title='bbox 2756 3526 2886 3578; x_wconf 88' lang='lat' dir='ltr'><strong>illius</strong></span> <span class='ocrx_word' id='word_1_365' title='bbox 2923 3524 3258 3579; x_wconf 76' lang='lat' dir='ltr'><strong>récordatione</strong></span> <span class='ocrx_word' id='word_1_366' title='bbox 3281 3538 3505 3580; x_wconf 82' lang='lat' dir='ltr'><strong>movetur</strong></span> <span class='ocrx_word' id='word_1_367' title='bbox 3531 3538 3583 3578; x_wconf 87' lang='lat' dir='ltr'><strong>et</strong></span> <span class='ocrx_word' id='word_1_368' title='bbox 3619 3531 3800 3579; x_wconf 85' lang='lat' dir='ltr'><strong>crescit</strong></span> 
     </span>
    </p>
   </div>
   <div class='ocr_carea' id='block_1_46' title="bbox 571 3582 1781 3657">
    <p class='ocr_par' dir='ltr' id='par_1_46' title="bbox 571 3582 1781 3657">
     <span class='ocr_line' id='line_1_47' title="bbox 571 3582 1781 3657; baseline 0 0"><span class='ocrx_word' id='word_1_369' title='bbox 571 3582 710 3657; x_wconf 60' lang='lat' dir='ltr'><strong>bans</strong></span> <span class='ocrx_word' id='word_1_370' title='bbox 730 3582 1031 3657; x_wconf 59' lang='grc' dir='ltr'><strong>ρτθωιρμιιιιι</strong></span> <span class='ocrx_word' id='word_1_371' title='bbox 1052 3582 1139 3650; x_wconf 69' lang='grc' dir='ltr'><strong>νιπὸ</strong></span> <span class='ocrx_word' id='word_1_372' title='bbox 1160 3582 1623 3657; x_wconf 24' lang='lat' dir='ltr'><strong>decrees-cuiam.</strong></span> <span class='ocrx_word' id='word_1_373' title='bbox 1636 3582 1781 3657; x_wconf 60' lang='lat' dir='ltr'><strong>serui</strong></span> 
     </span>
    </p>
   </div>
   <div class='ocr_carea' id='block_1_47' title="bbox 1783 3585 3798 3654">
    <p class='ocr_par' dir='ltr' id='par_1_47' title="bbox 1783 3585 3798 3654">
     <span class='ocr_line' id='line_1_48' title="bbox 1783 3585 3798 3654; baseline 0.003 -22"><span class='ocrx_word' id='word_1_374' title='bbox 1783 3591 1905 3654; x_wconf 69' lang='lat' dir='ltr'><strong>tum</strong></span> <span class='ocrx_word' id='word_1_375' title='bbox 1950 3585 2233 3654; x_wconf 42' lang='lat' dir='ltr'><strong>egliumani</strong></span> <span class='ocrx_word' id='word_1_376' title='bbox 2264 3586 2425 3635; x_wconf 86' lang='lat' dir='ltr'><strong>cordis</strong></span> <span class='ocrx_word' id='word_1_377' title='bbox 2444 3587 2505 3635; x_wconf 86' lang='lat' dir='ltr'><strong>ad</strong></span> <span class='ocrx_word' id='word_1_378' title='bbox 2526 3600 2723 3654; x_wconf 76' lang='lat' dir='ltr'><strong>carnem</strong></span> <span class='ocrx_word' id='word_1_379' title='bbox 2747 3603 2881 3654; x_wconf 85' lang='lat' dir='ltr'><strong>suam</strong></span> <span class='ocrx_word' id='word_1_380' title='bbox 2905 3590 3081 3654; x_wconf 72' lang='lat' dir='ltr'><strong>affectu</strong></span> <span class='ocrx_word' id='word_1_381' title='bbox 3105 3592 3295 3652; x_wconf 85' lang='lat' dir='ltr'><strong>venire,</strong></span> <span class='ocrx_word' id='word_1_382' title='bbox 3322 3604 3531 3654; x_wconf 87' lang='lat' dir='ltr'><strong>eamque</strong></span> <span class='ocrx_word' id='word_1_383' title='bbox 3569 3592 3749 3640; x_wconf 90' lang='lat' dir='ltr'><strong>merito</strong></span> <span class='ocrx_word' id='word_1_384' title='bbox 3770 3604 3798 3639; x_wconf 77' lang='grc' dir='ltr'>ιι</span> 
     </span>
    </p>
   </div>
   <div class='ocr_carea' id='block_1_48' title="bbox 503 3645 3797 3725">
    <p class='ocr_par' dir='ltr' id='par_1_48' title="bbox 503 3645 3797 3725">
     <span class='ocr_line' id='line_1_49' title="bbox 503 3645 3797 3725; baseline 0 0"><span class='ocrx_word' id='word_1_385' title='bbox 503 3645 2620 3725; x_wconf 43' lang='grc' dir='ltr'><strong>ψαίξ.ιίιπιπίι)ιιερὲιξιιξέίέτςεὲίςξιξιςεξὶξιξι,ιξιὲξξεὶἓιξιξξίὲιὲ,ίξιξεΐξίιεμφρὲεθειξρψξι</strong></span> <span class='ocrx_word' id='word_1_386' title='bbox 2636 3649 2803 3725; x_wconf 50' lang='lat' dir='ltr'><strong>fuisse</strong></span> <span class='ocrx_word' id='word_1_387' title='bbox 2830 3652 2945 3725; x_wconf 60' lang='grc' dir='ltr'><strong>μίας</strong></span> <span class='ocrx_word' id='word_1_388' title='bbox 2967 3652 3258 3725; x_wconf 50' lang='lat' dir='ltr'><strong>demortuis</strong></span> <span class='ocrx_word' id='word_1_389' title='bbox 3274 3645 3407 3713; x_wconf 72' lang='grc' dir='ltr'><strong>δίείι»</strong></span> <span class='ocrx_word' id='word_1_390' title='bbox 3432 3645 3518 3725; x_wconf 69' lang='lat' dir='ltr'><strong>sini</strong></span> <span class='ocrx_word' id='word_1_391' title='bbox 3542 3660 3797 3725; x_wconf 55' lang='lat' dir='ltr'><strong>metu</strong></span> 
     </span>
    </p>
   </div>
   <div class='ocr_carea' id='block_1_49' title="bbox 504 3706 3799 3785">
    <p class='ocr_par' dir='ltr' id='par_1_49' title="bbox 504 3706 3799 3785">
     <span class='ocr_line' id='line_1_50' title="bbox 504 3706 3799 3785; baseline 0 -22"><span class='ocrx_word' id='word_1_392' title='bbox 504 3714 785 3785; x_wconf 81' lang='lat' dir='ltr'><strong>viventibus</strong></span> <span class='ocrx_word' id='word_1_393' title='bbox 806 3706 1112 3785; x_wconf 61' lang='lat' dir='ltr'><strong>apparuisse,</strong></span> <span class='ocrx_word' id='word_1_394' title='bbox 1131 3716 1188 3784; x_wconf 78' lang='lat' dir='ltr'><strong>ut</strong></span> <span class='ocrx_word' id='word_1_395' title='bbox 1622 3706 2228 3785; x_wconf 51' lang='lat' dir='ltr'><strong>sepuiturapraeberetur.</strong></span> <span class='ocrx_word' id='word_1_396' title='bbox 2250 3706 2505 3768; x_wconf 78' lang='lat' dir='ltr'><strong>Quomodo</strong></span> <span class='ocrx_word' id='word_1_397' title='bbox 2518 3712 2618 3761; x_wconf 88' lang='lat' dir='ltr'><strong>visa</strong></span> <span class='ocrx_word' id='word_1_398' title='bbox 2639 3711 2721 3760; x_wconf 85' lang='lat' dir='ltr'><strong>illa</strong></span> <span class='ocrx_word' id='word_1_399' title='bbox 2743 3712 2874 3773; x_wconf 81' lang='lat' dir='ltr'><strong>fiant,</strong></span> <span class='ocrx_word' id='word_1_400' title='bbox 2906 3714 3052 3764; x_wconf 88' lang='lat' dir='ltr'><strong>docet</strong></span> <span class='ocrx_word' id='word_1_401' title='bbox 3084 3714 3231 3764; x_wconf 85' lang='lat' dir='ltr'><strong>variis</strong></span> <span class='ocrx_word' id='word_1_402' title='bbox 3252 3706 3512 3777; x_wconf 70' lang='lat' dir='ltr'><strong>exemplis.</strong></span> <span class='ocrx_word' id='word_1_403' title='bbox 3544 3714 3610 3762; x_wconf 80' lang='lat' dir='ltr'><strong>Ad</strong></span> <span class='ocrx_word' id='word_1_404' title='bbox 3630 3721 3799 3764; x_wconf 80' lang='lat' dir='ltr'><strong>extre-</strong></span> 
     </span>
    </p>
   </div>
   <div class='ocr_carea' id='block_1_50' title="bbox 506 3768 2077 3837">
    <p class='ocr_par' dir='ltr' id='par_1_50' title="bbox 506 3768 2077 3837">
     <span class='ocr_line' id='line_1_51' title="bbox 506 3768 2077 3837; baseline -0.005 -12"><span class='ocrx_word' id='word_1_405' title='bbox 506 3788 661 3837; x_wconf 85' lang='lat' dir='ltr'><strong>mum,</strong></span> <span class='ocrx_word' id='word_1_406' title='bbox 687 3768 888 3837; x_wconf 77' lang='lat' dir='ltr'><strong>inquirit</strong></span> <span class='ocrx_word' id='word_1_407' title='bbox 904 3786 968 3822; x_wconf 83' lang='lat' dir='ltr'><strong>an</strong></span> <span class='ocrx_word' id='word_1_408' title='bbox 989 3768 1168 3822; x_wconf 82' lang='lat' dir='ltr'><strong>mortui</strong></span> <span class='ocrx_word' id='word_1_409' title='bbox 1188 3773 1319 3821; x_wconf 72' lang='lat' dir='ltr'><strong>utris</strong></span> <span class='ocrx_word' id='word_1_410' title='bbox 1338 3768 1568 3821; x_wconf 66' lang='lat' dir='ltr'><strong>iutérsint</strong></span> <span class='ocrx_word' id='word_1_411' title='bbox 1583 3783 1641 3820; x_wconf 87' lang='lat' dir='ltr'><strong>ac</strong></span> <span class='ocrx_word' id='word_1_412' title='bbox 1661 3768 1815 3819; x_wconf 76' lang='lat' dir='ltr'><strong>rebus</strong></span> <span class='ocrx_word' id='word_1_413' title='bbox 1836 3768 2077 3819; x_wconf 73' lang='lat' dir='ltr'><strong>humanis.</strong></span> 
     </span>
    </p>
   </div>
   <div class='ocr_carea' id='block_1_51' title="bbox 575 3889 2103 3962">
    <p class='ocr_par' dir='ltr' id='par_1_51' title="bbox 575 3889 2103 3962">
     <span class='ocr_line' id='line_1_52' title="bbox 575 3889 2103 3962; baseline -0.005 -11"><span class='ocrx_word' id='word_1_414' title='bbox 575 3893 801 3951; x_wconf 79' lang='lat' dir='ltr'><strong>CAPUT</strong></span> <span class='ocrx_word' id='word_1_415' title='bbox 839 3892 1124 3950; x_wconf 79' lang='lat' dir='ltr'><strong>PRIMUM.</strong></span> <span class='ocrx_word' id='word_1_416' title='bbox 1158 3923 1226 3934; x_wconf 92' lang='lat'><strong><em>—</em></strong></span> <span class='ocrx_word' id='word_1_417' title='bbox 1254 3892 1306 3947; x_wconf 76' lang='grc'><strong>1.</strong></span> <span class='ocrx_word' id='word_1_418' title='bbox 1341 3889 1553 3945; x_wconf 82' lang='lat' dir='ltr'><strong>Paulini</strong></span> <span class='ocrx_word' id='word_1_419' title='bbox 1575 3890 1816 3962; x_wconf 68' lang='lat' dir='ltr'><strong>qurestio,</strong></span> <span class='ocrx_word' id='word_1_420' title='bbox 1848 3905 1917 3944; x_wconf 91' lang='lat' dir='ltr'><strong>an</strong></span> <span class='ocrx_word' id='word_1_421' title='bbox 1959 3906 2103 3944; x_wconf 87' lang='lat' dir='ltr'><strong>mor-</strong></span> 
     </span>
    </p>
   </div>
   <div class='ocr_carea' id='block_1_52' title="bbox 504 3982 2106 4058">
    <p class='ocr_par' dir='ltr' id='par_1_52' title="bbox 504 3982 2106 4058">
     <span class='ocr_line' id='line_1_53' title="bbox 504 3982 2106 4058; baseline -0.002 -17"><span class='ocrx_word' id='word_1_422' title='bbox 504 3997 591 4043; x_wconf 86' lang='lat' dir='ltr'><strong>tuo</strong></span> <span class='ocrx_word' id='word_1_423' title='bbox 615 3988 774 4058; x_wconf 82' lang='lat' dir='ltr'><strong>prosit</strong></span> <span class='ocrx_word' id='word_1_424' title='bbox 810 3985 945 4056; x_wconf 87' lang='lat' dir='ltr'><strong>quod</strong></span> <span class='ocrx_word' id='word_1_425' title='bbox 972 3984 1116 4057; x_wconf 87' lang='lat' dir='ltr'><strong>apud</strong></span> <span class='ocrx_word' id='word_1_426' title='bbox 1139 3984 1303 4040; x_wconf 88' lang='lat' dir='ltr'><strong>sancti</strong></span> <span class='ocrx_word' id='word_1_427' title='bbox 1342 3984 1559 4055; x_wconf 87' lang='lat' dir='ltr'><strong>alicujus</strong></span> <span class='ocrx_word' id='word_1_428' title='bbox 1599 3983 1893 4038; x_wconf 81' lang='lat' dir='ltr'><strong>memoriam</strong></span> <span class='ocrx_word' id='word_1_429' title='bbox 1922 3982 2106 4053; x_wconf 86' lang='lat' dir='ltr'><strong>sepeli-</strong></span> 
     </span>
    </p>
   </div>
   <div class='ocr_carea' id='block_1_53' title="bbox 504 4073 2104 4147">
    <p class='ocr_par' dir='ltr' id='par_1_53' title="bbox 504 4073 2104 4147">
     <span class='ocr_line' id='line_1_54' title="bbox 504 4073 2104 4147; baseline -0.003 -16"><span class='ocrx_word' id='word_1_430' title='bbox 504 4089 608 4131; x_wconf 86' lang='lat' dir='ltr'><strong>tur.</strong></span> <span class='ocrx_word' id='word_1_431' title='bbox 649 4076 915 4132; x_wconf 86' lang='lat' dir='ltr'><strong>Sententia</strong></span> <span class='ocrx_word' id='word_1_432' title='bbox 938 4076 1101 4146; x_wconf 83' lang='lat' dir='ltr'><strong>ipsius</strong></span> <span class='ocrx_word' id='word_1_433' title='bbox 1127 4085 1201 4130; x_wconf 89' lang='lat' dir='ltr'><strong>est</strong></span> <span class='ocrx_word' id='word_1_434' title='bbox 1228 4075 1485 4147; x_wconf 83' lang='lat' dir='ltr'><strong>prodesse.</strong></span> <span class='ocrx_word' id='word_1_435' title='bbox 1530 4073 1814 4145; x_wconf 74' lang='lat' dir='ltr'><strong>Diﬂicultas</strong></span> <span class='ocrx_word' id='word_1_436' title='bbox 1840 4083 2017 4128; x_wconf 89' lang='lat' dir='ltr'><strong>contra</strong></span> <span class='ocrx_word' id='word_1_437' title='bbox 2039 4074 2104 4128; x_wconf 83' lang='lat' dir='ltr'><strong>ab</strong></span> 
     </span>
    </p>
   </div>
   <div class='ocr_carea' id='block_1_54' title="bbox 501 4166 2106 4239">
    <p class='ocr_par' dir='ltr' id='par_1_54' title="bbox 501 4166 2106 4239">
     <span class='ocr_line' id='line_1_55' title="bbox 501 4166 2106 4239; baseline -0.006 -11"><span class='ocrx_word' id='word_1_438' title='bbox 501 4169 679 4228; x_wconf 83' lang='lat' dir='ltr'><strong>eodem</strong></span> <span class='ocrx_word' id='word_1_439' title='bbox 701 4169 961 4239; x_wconf 88' lang='lat' dir='ltr'><strong>proposita</strong></span> <span class='ocrx_word' id='word_1_440' title='bbox 979 4168 1268 4224; x_wconf 84' lang='lat' dir='ltr'><strong>discutitur.</strong></span> <span class='ocrx_word' id='word_1_441' title='bbox 1294 4167 1377 4221; x_wconf 74' lang='lat' dir='ltr'><strong>Ex</strong></span> <span class='ocrx_word' id='word_1_442' title='bbox 1394 4183 1575 4238; x_wconf 86' lang='lat' dir='ltr'><strong>genere</strong></span> <span class='ocrx_word' id='word_1_443' title='bbox 1594 4168 1710 4221; x_wconf 68' lang='lat' dir='ltr'><strong>vitae</strong></span> <span class='ocrx_word' id='word_1_444' title='bbox 1730 4182 1884 4237; x_wconf 90' lang='lat' dir='ltr'><strong>quam</strong></span> <span class='ocrx_word' id='word_1_445' title='bbox 1899 4166 2106 4236; x_wconf 83' lang='lat' dir='ltr'><strong>quisque</strong></span> 
     </span>
    </p>
   </div>
   <div class='ocr_carea' id='block_1_55' title="bbox 503 4259 2105 4335">
    <p class='ocr_par' dir='ltr' id='par_1_55' title="bbox 503 4259 2105 4335">
     <span class='ocr_line' id='line_1_56' title="bbox 503 4259 2105 4335; baseline -0.003 -16"><span class='ocrx_word' id='word_1_446' title='bbox 503 4265 745 4335; x_wconf 87' lang='lat' dir='ltr'><strong>gesserit,</strong></span> <span class='ocrx_word' id='word_1_447' title='bbox 772 4263 897 4335; x_wconf 73' lang='lat' dir='ltr'><strong>eﬂici</strong></span> <span class='ocrx_word' id='word_1_448' title='bbox 922 4274 977 4318; x_wconf 82' lang='lat' dir='ltr'><strong>ut</strong></span> <span class='ocrx_word' id='word_1_449' title='bbox 1000 4261 1195 4335; x_wconf 84' lang='lat' dir='ltr'><strong>prosint</strong></span> <span class='ocrx_word' id='word_1_450' title='bbox 1224 4259 1302 4318; x_wconf 85' lang='lat' dir='ltr'><strong>vel</strong></span> <span class='ocrx_word' id='word_1_451' title='bbox 1329 4274 1431 4313; x_wconf 87' lang='lat' dir='ltr'><strong>non</strong></span> <span class='ocrx_word' id='word_1_452' title='bbox 1470 4259 1664 4329; x_wconf 89' lang='lat' dir='ltr'><strong>prosint</strong></span> <span class='ocrx_word' id='word_1_453' title='bbox 1702 4275 1817 4329; x_wconf 73' lang='lat' dir='ltr'><strong>qua:</strong></span> <span class='ocrx_word' id='word_1_454' title='bbox 1854 4260 1983 4328; x_wconf 81' lang='lat' dir='ltr'><strong>ﬁunt</strong></span> <span class='ocrx_word' id='word_1_455' title='bbox 2012 4276 2105 4329; x_wconf 89' lang='lat' dir='ltr'><strong>pro</strong></span> 
     </span>
    </p>
   </div>
   <div class='ocr_carea' id='block_1_56' title="bbox 506 4349 2106 4425">
    <p class='ocr_par' dir='ltr' id='par_1_56' title="bbox 506 4349 2106 4425">
     <span class='ocr_line' id='line_1_57' title="bbox 506 4349 2106 4425; baseline -0.001 -16"><span class='ocrx_word' id='word_1_456' title='bbox 506 4354 780 4424; x_wconf 77' lang='lat' dir='ltr'><strong>defunctis.</strong></span> <span class='ocrx_word' id='word_1_457' title='bbox 828 4354 929 4409; x_wconf 89' lang='lat' dir='ltr'><strong>Diu</strong></span> <span class='ocrx_word' id='word_1_458' title='bbox 970 4353 1252 4410; x_wconf 88' lang='lat' dir='ltr'><strong>Sauctitati</strong></span> <span class='ocrx_word' id='word_1_459' title='bbox 1282 4362 1420 4421; x_wconf 64' lang='lat' dir='ltr'><strong>tuae,</strong></span> <span class='ocrx_word' id='word_1_460' title='bbox 1446 4350 1766 4425; x_wconf 83' lang='lat' dir='ltr'><strong>coepiscopc</strong></span> <span class='ocrx_word' id='word_1_461' title='bbox 1803 4349 2106 4410; x_wconf 78' lang='lat' dir='ltr'><strong>venerande</strong></span> 
     </span>
    </p>
   </div>
   <div class='ocr_carea' id='block_1_57' title="bbox 489 4436 2105 4517">
    <p class='ocr_par' dir='ltr' id='par_1_57' title="bbox 489 4436 2105 4517">
     <span class='ocr_line' id='line_1_58' title="bbox 489 4436 2105 4517; baseline 0.002 -17"><span class='ocrx_word' id='word_1_462' title='bbox 489 4436 767 4513; x_wconf 45' lang='lat' dir='ltr'><strong>&#39;l‘auline,</strong></span> <span class='ocrx_word' id='word_1_463' title='bbox 814 4446 1198 4516; x_wconf 90' lang='lat' dir='ltr'><strong>rescriptorum</strong></span> <span class='ocrx_word' id='word_1_464' title='bbox 1254 4445 1469 4501; x_wconf 89' lang='lat' dir='ltr'><strong>debitor</strong></span> <span class='ocrx_word' id='word_1_465' title='bbox 1523 4447 1638 4514; x_wconf 91' lang='lat' dir='ltr'><strong>fui,</strong></span> <span class='ocrx_word' id='word_1_466' title='bbox 1694 4462 1758 4502; x_wconf 83' lang='lat' dir='ltr'><strong>ex</strong></span> <span class='ocrx_word' id='word_1_467' title='bbox 1813 4462 1921 4517; x_wconf 92' lang='lat' dir='ltr'><strong>quo</strong></span> <span class='ocrx_word' id='word_1_468' title='bbox 1971 4448 2105 4503; x_wconf 89' lang='lat' dir='ltr'><strong>mihi</strong></span> 
     </span>
    </p>
   </div>
   <div class='ocr_carea' id='block_1_58' title="bbox 507 4538 2101 4610">
    <p class='ocr_par' dir='ltr' id='par_1_58' title="bbox 507 4538 2101 4610">
     <span class='ocr_line' id='line_1_59' title="bbox 507 4538 2101 4610; baseline 0.002 -17"><span class='ocrx_word' id='word_1_469' title='bbox 507 4538 768 4608; x_wconf 88' lang='lat' dir='ltr'><strong>scripsisti</strong></span> <span class='ocrx_word' id='word_1_470' title='bbox 818 4553 915 4609; x_wconf 91' lang='lat' dir='ltr'><strong>per</strong></span> <span class='ocrx_word' id='word_1_471' title='bbox 958 4538 1206 4594; x_wconf 88' lang='lat' dir='ltr'><strong>homines</strong></span> <span class='ocrx_word' id='word_1_472' title='bbox 1250 4538 1372 4593; x_wconf 79' lang='lat' dir='ltr'><strong>tiliae</strong></span> <span class='ocrx_word' id='word_1_473' title='bbox 1422 4548 1622 4595; x_wconf 62' lang='lat' dir='ltr'><strong>nostra:</strong></span> <span class='ocrx_word' id='word_1_474' title='bbox 1676 4539 2101 4610; x_wconf 74' lang='lat' dir='ltr'><strong>religiosissima:</strong></span> 
     </span>
    </p>
   </div>
   <div class='ocr_carea' id='block_1_59' title="bbox 508 4628 2104 4702">
    <p class='ocr_par' dir='ltr' id='par_1_59' title="bbox 508 4628 2104 4702">
     <span class='ocr_line' id='line_1_60' title="bbox 508 4628 2104 4702; baseline 0.002 -18"><span class='ocrx_word' id='word_1_475' title='bbox 508 4628 684 4684; x_wconf 75' lang='lat' dir='ltr'><strong>Flora:</strong></span> <span class='ocrx_word' id='word_1_476' title='bbox 702 4670 718 4695; x_wconf 91' lang='lat'><strong>,</strong></span> <span class='ocrx_word' id='word_1_477' title='bbox 746 4644 994 4701; x_wconf 65' lang='lat' dir='ltr'><strong>quaerens</strong></span> <span class='ocrx_word' id='word_1_478' title='bbox 1023 4644 1053 4684; x_wconf 87' lang='lat' dir='ltr'><strong>a</strong></span> <span class='ocrx_word' id='word_1_479' title='bbox 1077 4644 1165 4686; x_wconf 90' lang='lat' dir='ltr'><strong>me</strong></span> <span class='ocrx_word' id='word_1_480' title='bbox 1192 4639 1369 4685; x_wconf 86' lang='lat' dir='ltr'><strong>utrum</strong></span> <span class='ocrx_word' id='word_1_481' title='bbox 1396 4630 1569 4702; x_wconf 88' lang='lat' dir='ltr'><strong>prosit</strong></span> <span class='ocrx_word' id='word_1_482' title='bbox 1591 4631 1785 4702; x_wconf 90' lang='lat' dir='ltr'><strong>cuique</strong></span> <span class='ocrx_word' id='word_1_483' title='bbox 1813 4641 1933 4701; x_wconf 92' lang='lat' dir='ltr'><strong>post</strong></span> <span class='ocrx_word' id='word_1_484' title='bbox 1956 4647 2104 4688; x_wconf 87' lang='lat' dir='ltr'><strong>mor-</strong></span> 
     </span>
    </p>
   </div>
   <div class='ocr_carea' id='block_1_60' title="bbox 514 4720 2104 4792">
    <p class='ocr_par' dir='ltr' id='par_1_60' title="bbox 514 4720 2104 4792">
     <span class='ocr_line' id='line_1_61' title="bbox 514 4720 2104 4792; baseline 0.001 -16"><span class='ocrx_word' id='word_1_485' title='bbox 514 4730 619 4776; x_wconf 89' lang='lat' dir='ltr'><strong>tem</strong></span> <span class='ocrx_word' id='word_1_486' title='bbox 647 4720 790 4792; x_wconf 91' lang='lat' dir='ltr'><strong>quod</strong></span> <span class='ocrx_word' id='word_1_487' title='bbox 814 4735 1014 4791; x_wconf 87' lang='lat' dir='ltr'><strong>corpus</strong></span> <span class='ocrx_word' id='word_1_488' title='bbox 1042 4720 1160 4791; x_wconf 90' lang='lat' dir='ltr'><strong>ejus</strong></span> <span class='ocrx_word' id='word_1_489' title='bbox 1187 4720 1326 4792; x_wconf 85' lang='lat' dir='ltr'><strong>apud</strong></span> <span class='ocrx_word' id='word_1_490' title='bbox 1348 4721 1517 4776; x_wconf 89' lang='lat' dir='ltr'><strong>sancti</strong></span> <span class='ocrx_word' id='word_1_491' title='bbox 1542 4721 1769 4792; x_wconf 88' lang='lat' dir='ltr'><strong>alicujus</strong></span> <span class='ocrx_word' id='word_1_492' title='bbox 1791 4722 2104 4778; x_wconf 87' lang='lat' dir='ltr'><strong>memoriam</strong></span> 
     </span>
    </p>
   </div>
   <div class='ocr_carea' id='block_1_61' title="bbox 513 4811 2107 4883">
    <p class='ocr_par' dir='ltr' id='par_1_61' title="bbox 513 4811 2107 4883">
     <span class='ocr_line' id='line_1_62' title="bbox 513 4811 2107 4883; baseline 0.003 -16"><span class='ocrx_word' id='word_1_493' title='bbox 513 4812 788 4883; x_wconf 81' lang='lat' dir='ltr'><strong>sepelitur.</strong></span> <span class='ocrx_word' id='word_1_494' title='bbox 821 4812 933 4867; x_wconf 87' lang='lat' dir='ltr'><strong>Hoc</strong></span> <span class='ocrx_word' id='word_1_495' title='bbox 953 4812 1097 4867; x_wconf 90' lang='lat' dir='ltr'><strong>enim</strong></span> <span class='ocrx_word' id='word_1_496' title='bbox 1126 4812 1223 4868; x_wconf 88' lang='lat' dir='ltr'><strong>abs</strong></span> <span class='ocrx_word' id='word_1_497' title='bbox 1253 4820 1306 4868; x_wconf 91' lang='lat' dir='ltr'><strong>te</strong></span> <span class='ocrx_word' id='word_1_498' title='bbox 1340 4811 1497 4867; x_wconf 86' lang='lat' dir='ltr'><strong>vidua</strong></span> <span class='ocrx_word' id='word_1_499' title='bbox 1526 4822 1823 4869; x_wconf 89' lang='lat' dir='ltr'><strong>memorata</strong></span> <span class='ocrx_word' id='word_1_500' title='bbox 1844 4814 2107 4883; x_wconf 88' lang='lat' dir='ltr'><strong>petiverat</strong></span> 
     </span>
    </p>
   </div>
   <div class='ocr_carea' id='block_1_62' title="bbox 513 4902 2105 4977">
    <p class='ocr_par' dir='ltr' id='par_1_62' title="bbox 513 4902 2105 4977">
     <span class='ocr_line' id='line_1_63' title="bbox 513 4902 2105 4977; baseline 0.003 -20"><span class='ocrx_word' id='word_1_501' title='bbox 513 4918 609 4972; x_wconf 90' lang='lat' dir='ltr'><strong>pro</strong></span> <span class='ocrx_word' id='word_1_502' title='bbox 628 4902 882 4959; x_wconf 89' lang='lat' dir='ltr'><strong>defuncto</strong></span> <span class='ocrx_word' id='word_1_503' title='bbox 910 4902 965 4958; x_wconf 90' lang='lat' dir='ltr'><strong>in</strong></span> <span class='ocrx_word' id='word_1_504' title='bbox 990 4903 1070 4959; x_wconf 91' lang='lat' dir='ltr'><strong>eis</strong></span> <span class='ocrx_word' id='word_1_505' title='bbox 1109 4903 1349 4974; x_wconf 90' lang='lat' dir='ltr'><strong>partibus</strong></span> <span class='ocrx_word' id='word_1_506' title='bbox 1376 4904 1487 4958; x_wconf 85' lang='lat' dir='ltr'><strong>lilio</strong></span> <span class='ocrx_word' id='word_1_507' title='bbox 1512 4918 1644 4971; x_wconf 90' lang='lat' dir='ltr'><strong>suo,</strong></span> <span class='ocrx_word' id='word_1_508' title='bbox 1669 4913 1725 4959; x_wconf 90' lang='lat' dir='ltr'><strong>et</strong></span> <span class='ocrx_word' id='word_1_509' title='bbox 1749 4905 2105 4977; x_wconf 89' lang='lat' dir='ltr'><strong>rescripseras</strong></span> 
     </span>
    </p>
   </div>
   <div class='ocr_carea' id='block_1_63' title="bbox 510 4992 2106 5065">
    <p class='ocr_par' dir='ltr' id='par_1_63' title="bbox 510 4992 2106 5065">
     <span class='ocr_line' id='line_1_64' title="bbox 510 4992 2106 5065; baseline 0.004 -18"><span class='ocrx_word' id='word_1_510' title='bbox 510 4993 795 5050; x_wconf 87' lang='lat' dir='ltr'><strong>consolans</strong></span> <span class='ocrx_word' id='word_1_511' title='bbox 820 5009 938 5050; x_wconf 91' lang='lat' dir='ltr'><strong>eam</strong></span> <span class='ocrx_word' id='word_1_512' title='bbox 964 5012 978 5049; x_wconf 89' lang='lat'><strong>:</strong></span> <span class='ocrx_word' id='word_1_513' title='bbox 1005 4992 1166 5065; x_wconf 90' lang='lat' dir='ltr'><strong>idque</strong></span> <span class='ocrx_word' id='word_1_514' title='bbox 1190 4994 1350 5050; x_wconf 90' lang='lat' dir='ltr'><strong>etiam</strong></span> <span class='ocrx_word' id='word_1_515' title='bbox 1380 4993 1630 5050; x_wconf 88' lang='lat' dir='ltr'><strong>nuntians</strong></span> <span class='ocrx_word' id='word_1_516' title='bbox 1657 4994 1725 5051; x_wconf 91' lang='lat' dir='ltr'><strong>de</strong></span> <span class='ocrx_word' id='word_1_517' title='bbox 1751 4996 2013 5052; x_wconf 89' lang='lat' dir='ltr'><strong>cadavere</strong></span> <span class='ocrx_word' id='word_1_518' title='bbox 2040 4996 2106 5052; x_wconf 87' lang='lat' dir='ltr'><strong>fi-</strong></span> 
     </span>
    </p>
   </div>
   <div class='ocr_carea' id='block_1_64' title="bbox 502 5085 2104 5158">
    <p class='ocr_par' dir='ltr' id='par_1_64' title="bbox 502 5085 2104 5158">
     <span class='ocr_line' id='line_1_65' title="bbox 502 5085 2104 5158; baseline 0.004 -21"><span class='ocrx_word' id='word_1_519' title='bbox 502 5085 645 5143; x_wconf 84' lang='lat' dir='ltr'><strong>.dclis</strong></span> <span class='ocrx_word' id='word_1_520' title='bbox 679 5086 893 5157; x_wconf 84' lang='lat' dir='ltr'><strong>juvenis</strong></span> <span class='ocrx_word' id='word_1_521' title='bbox 928 5085 1149 5158; x_wconf 83' lang='lat' dir='ltr'><strong>Cynegii</strong></span> <span class='ocrx_word' id='word_1_522' title='bbox 1182 5086 1222 5154; x_wconf 77' lang='grc' dir='ltr'><strong>ί,</strong></span> <span class='ocrx_word' id='word_1_523' title='bbox 1250 5085 1394 5158; x_wconf 90' lang='lat' dir='ltr'><strong>quod</strong></span> <span class='ocrx_word' id='word_1_524' title='bbox 1438 5096 1684 5143; x_wconf 88' lang='lat' dir='ltr'><strong>materno</strong></span> <span class='ocrx_word' id='word_1_525' title='bbox 1712 5096 1762 5143; x_wconf 90' lang='lat' dir='ltr'><strong>et</strong></span> <span class='ocrx_word' id='word_1_526' title='bbox 1797 5088 1883 5158; x_wconf 91' lang='lat' dir='ltr'><strong>pio</strong></span> <span class='ocrx_word' id='word_1_527' title='bbox 1910 5088 2104 5143; x_wconf 78' lang='lat' dir='ltr'><strong>aﬂ&#39;eclu</strong></span> 
     </span>
    </p>
   </div>
   <div class='ocr_carea' id='block_1_65' title="bbox 2210 3892 3798 3970">
    <p class='ocr_par' dir='ltr' id='par_1_65' title="bbox 2210 3892 3798 3970">
     <span class='ocr_line' id='line_1_66' title="bbox 2210 3892 3798 3970; baseline 0.005 -21"><span class='ocrx_word' id='word_1_528' title='bbox 2210 3892 2535 3951; x_wconf 86' lang='lat' dir='ltr'><strong>desideravit</strong></span> <span class='ocrx_word' id='word_1_529' title='bbox 2556 3938 2573 3964; x_wconf 93' lang='lat'><strong>,</strong></span> <span class='ocrx_word' id='word_1_530' title='bbox 2604 3912 2724 3953; x_wconf 90' lang='lat' dir='ltr'><strong>esse</strong></span> <span class='ocrx_word' id='word_1_531' title='bbox 2768 3899 3091 3970; x_wconf 90' lang='lat' dir='ltr'><strong>completum</strong></span> <span class='ocrx_word' id='word_1_532' title='bbox 3114 3940 3131 3967; x_wconf 93' lang='lat'><strong>,</strong></span> <span class='ocrx_word' id='word_1_533' title='bbox 3159 3909 3218 3956; x_wconf 95' lang='lat' dir='ltr'><strong>ut</strong></span> <span class='ocrx_word' id='word_1_534' title='bbox 3265 3900 3471 3956; x_wconf 91' lang='lat' dir='ltr'><strong>scilicet</strong></span> <span class='ocrx_word' id='word_1_535' title='bbox 3510 3900 3563 3956; x_wconf 92' lang='lat' dir='ltr'><strong>in</strong></span> <span class='ocrx_word' id='word_1_536' title='bbox 3594 3900 3798 3959; x_wconf 87' lang='lat' dir='ltr'><strong>beatis-</strong></span> 
     </span>
    </p>
   </div>
   <div class='ocr_carea' id='block_1_66' title="bbox 2209 3983 3797 4061">
    <p class='ocr_par' dir='ltr' id='par_1_66' title="bbox 2209 3983 3797 4061">
     <span class='ocr_line' id='line_1_67' title="bbox 2209 3983 3797 4061; baseline 0.008 -24"><span class='ocrx_word' id='word_1_537' title='bbox 2209 3983 2329 4038; x_wconf 89' lang='lat' dir='ltr'><strong>simi</strong></span> <span class='ocrx_word' id='word_1_538' title='bbox 2352 3983 2547 4040; x_wconf 85' lang='lat' dir='ltr'><strong>Felicis</strong></span> <span class='ocrx_word' id='word_1_539' title='bbox 2574 3988 2897 4043; x_wconf 79' lang='lat' dir='ltr'><strong>confessoris</strong></span> <span class='ocrx_word' id='word_1_540' title='bbox 2920 3989 3133 4044; x_wconf 83' lang='lat' dir='ltr'><strong>basilica</strong></span> <span class='ocrx_word' id='word_1_541' title='bbox 3158 3998 3465 4061; x_wconf 89' lang='lat' dir='ltr'><strong>poneretur.</strong></span> <span class='ocrx_word' id='word_1_542' title='bbox 3493 3990 3611 4059; x_wconf 86' lang='lat' dir='ltr'><strong>Qua</strong></span> <span class='ocrx_word' id='word_1_543' title='bbox 3637 4006 3797 4048; x_wconf 83' lang='lat' dir='ltr'><strong>occa-</strong></span> 
     </span>
    </p>
   </div>
   <div class='ocr_carea' id='block_1_67' title="bbox 2210 4074 3799 4152">
    <p class='ocr_par' dir='ltr' id='par_1_67' title="bbox 2210 4074 3799 4152">
     <span class='ocr_line' id='line_1_68' title="bbox 2210 4074 3799 4152; baseline 0.006 -23"><span class='ocrx_word' id='word_1_544' title='bbox 2210 4074 2361 4129; x_wconf 89' lang='lat' dir='ltr'><strong>sione</strong></span> <span class='ocrx_word' id='word_1_545' title='bbox 2388 4074 2583 4130; x_wconf 90' lang='lat' dir='ltr'><strong>factum</strong></span> <span class='ocrx_word' id='word_1_546' title='bbox 2604 4085 2706 4145; x_wconf 91' lang='lat' dir='ltr'><strong>est,</strong></span> <span class='ocrx_word' id='word_1_547' title='bbox 2735 4088 2791 4133; x_wconf 91' lang='lat' dir='ltr'><strong>ut</strong></span> <span class='ocrx_word' id='word_1_548' title='bbox 2812 4094 2907 4149; x_wconf 90' lang='lat' dir='ltr'><strong>per</strong></span> <span class='ocrx_word' id='word_1_549' title='bbox 2932 4080 3150 4137; x_wconf 89' lang='lat' dir='ltr'><strong>eosdem</strong></span> <span class='ocrx_word' id='word_1_550' title='bbox 3179 4081 3473 4152; x_wconf 89' lang='lat' dir='ltr'><strong>perlatores</strong></span> <span class='ocrx_word' id='word_1_551' title='bbox 3498 4082 3799 4138; x_wconf 86' lang='lat' dir='ltr'><strong>litterarqu</strong></span> 
     </span>
    </p>
   </div>
   <div class='ocr_carea' id='block_1_68' title="bbox 2211 4168 3804 4243">
    <p class='ocr_par' dir='ltr' id='par_1_68' title="bbox 2211 4168 3804 4243">
     <span class='ocr_line' id='line_1_69' title="bbox 2211 4168 3804 4243; baseline 0.006 -23"><span class='ocrx_word' id='word_1_552' title='bbox 2211 4173 2420 4220; x_wconf 87' lang='lat' dir='ltr'><strong>tuarum</strong></span> <span class='ocrx_word' id='word_1_553' title='bbox 2449 4168 2609 4222; x_wconf 92' lang='lat' dir='ltr'><strong>etiam</strong></span> <span class='ocrx_word' id='word_1_554' title='bbox 2651 4169 2781 4224; x_wconf 86' lang='lat' dir='ltr'><strong>mihi</strong></span> <span class='ocrx_word' id='word_1_555' title='bbox 2821 4170 3117 4239; x_wconf 89' lang='lat' dir='ltr'><strong>scriberes,</strong></span> <span class='ocrx_word' id='word_1_556' title='bbox 3150 4172 3398 4243; x_wconf 80' lang='lat' dir='ltr'><strong>ingerens</strong></span> <span class='ocrx_word' id='word_1_557' title='bbox 3428 4172 3804 4243; x_wconf 83' lang='lat' dir='ltr'><strong>hujuscemodi</strong></span> 
     </span>
    </p>
   </div>
   <div class='ocr_carea' id='block_1_69' title="bbox 2210 4256 3805 4334">
    <p class='ocr_par' dir='ltr' id='par_1_69' title="bbox 2210 4256 3805 4334">
     <span class='ocr_line' id='line_1_70' title="bbox 2210 4256 3805 4334; baseline 0.007 -25"><span class='ocrx_word' id='word_1_558' title='bbox 2210 4256 2592 4325; x_wconf 67' lang='lat' dir='ltr'><strong>qumstionem,</strong></span> <span class='ocrx_word' id='word_1_559' title='bbox 2621 4267 2783 4329; x_wconf 89' lang='lat' dir='ltr'><strong>atque</strong></span> <span class='ocrx_word' id='word_1_560' title='bbox 2827 4270 2886 4315; x_wconf 90' lang='lat' dir='ltr'><strong>ut</strong></span> <span class='ocrx_word' id='word_1_561' title='bbox 2913 4263 3294 4332; x_wconf 89' lang='lat' dir='ltr'><strong>responderem</strong></span> <span class='ocrx_word' id='word_1_562' title='bbox 3333 4262 3459 4334; x_wconf 89' lang='lat' dir='ltr'><strong>quid</strong></span> <span class='ocrx_word' id='word_1_563' title='bbox 3505 4264 3631 4320; x_wconf 89' lang='lat' dir='ltr'><strong>inde</strong></span> <span class='ocrx_word' id='word_1_564' title='bbox 3672 4265 3805 4320; x_wconf 81' lang='lat' dir='ltr'><strong>mihi</strong></span> 
     </span>
    </p>
   </div>
   <div class='ocr_carea' id='block_1_70' title="bbox 2210 4346 3802 4424">
    <p class='ocr_par' dir='ltr' id='par_1_70' title="bbox 2210 4346 3802 4424">
     <span class='ocr_line' id='line_1_71' title="bbox 2210 4346 3802 4424; baseline 0.004 -24"><span class='ocrx_word' id='word_1_565' title='bbox 2210 4346 2501 4413; x_wconf 87' lang='lat' dir='ltr'><strong>videretur,</strong></span> <span class='ocrx_word' id='word_1_566' title='bbox 2528 4364 2862 4419; x_wconf 80' lang='lat' dir='ltr'><strong>exposcens,</strong></span> <span class='ocrx_word' id='word_1_567' title='bbox 2894 4367 2996 4407; x_wconf 91' lang='lat' dir='ltr'><strong>nec</strong></span> <span class='ocrx_word' id='word_1_568' title='bbox 3041 4360 3225 4408; x_wconf 88' lang='lat' dir='ltr'><strong>tacens</strong></span> <span class='ocrx_word' id='word_1_569' title='bbox 3251 4354 3365 4423; x_wconf 91' lang='lat' dir='ltr'><strong>ipse</strong></span> <span class='ocrx_word' id='word_1_570' title='bbox 3410 4352 3537 4424; x_wconf 89' lang='lat' dir='ltr'><strong>quid</strong></span> <span class='ocrx_word' id='word_1_571' title='bbox 3578 4355 3802 4409; x_wconf 89' lang='lat' dir='ltr'><strong>sentias.</strong></span> 
     </span>
    </p>
   </div>
   <div class='ocr_carea' id='block_1_71' title="bbox 2209 4439 3801 4501">
    <p class='ocr_par' dir='ltr' id='par_1_71' title="bbox 2209 4439 3801 4501">
     <span class='ocr_line' id='line_1_72' title="bbox 2209 4439 3801 4501; baseline 0.001 -3"><span class='ocrx_word' id='word_1_572' title='bbox 2209 4442 2342 4498; x_wconf 83' lang='lat' dir='ltr'><strong>Nam</strong></span> <span class='ocrx_word' id='word_1_573' title='bbox 2370 4439 2503 4499; x_wconf 90' lang='lat' dir='ltr'><strong>dicis</strong></span> <span class='ocrx_word' id='word_1_574' title='bbox 2531 4439 2700 4501; x_wconf 78' lang='lat' dir='ltr'><strong>videri</strong></span> <span class='ocrx_word' id='word_1_575' title='bbox 2728 4440 2825 4495; x_wconf 89' lang='lat' dir='ltr'><strong>tibi</strong></span> <span class='ocrx_word' id='word_1_576' title='bbox 2856 4458 2960 4497; x_wconf 89' lang='lat' dir='ltr'><strong>non</strong></span> <span class='ocrx_word' id='word_1_577' title='bbox 2990 4458 3109 4499; x_wconf 88' lang='lat' dir='ltr'><strong>esse</strong></span> <span class='ocrx_word' id='word_1_578' title='bbox 3138 4444 3323 4499; x_wconf 87' lang='lat' dir='ltr'><strong>inanes</strong></span> <span class='ocrx_word' id='word_1_579' title='bbox 3367 4456 3547 4500; x_wconf 89' lang='lat' dir='ltr'><strong>motus</strong></span> <span class='ocrx_word' id='word_1_580' title='bbox 3586 4444 3801 4500; x_wconf 84' lang='lat' dir='ltr'><strong>animo-</strong></span> 
     </span>
    </p>
   </div>
   <div class='ocr_carea' id='block_1_72' title="bbox 2211 4534 3805 4611">
    <p class='ocr_par' dir='ltr' id='par_1_72' title="bbox 2211 4534 3805 4611">
     <span class='ocr_line' id='line_1_73' title="bbox 2211 4534 3805 4611; baseline -0.001 -19"><span class='ocrx_word' id='word_1_581' title='bbox 2211 4552 2331 4592; x_wconf 92' lang='lat' dir='ltr'><strong>rum</strong></span> <span class='ocrx_word' id='word_1_582' title='bbox 2360 4538 2730 4609; x_wconf 78' lang='lat' dir='ltr'><strong>religiosorum</strong></span> <span class='ocrx_word' id='word_1_583' title='bbox 2761 4549 2922 4611; x_wconf 87' lang='lat' dir='ltr'><strong>atque</strong></span> <span class='ocrx_word' id='word_1_584' title='bbox 2951 4534 3185 4590; x_wconf 83' lang='lat' dir='ltr'><strong>ﬁdelium</strong></span> <span class='ocrx_word' id='word_1_585' title='bbox 3215 4552 3312 4607; x_wconf 91' lang='lat' dir='ltr'><strong>pro</strong></span> <span class='ocrx_word' id='word_1_586' title='bbox 3340 4536 3449 4592; x_wconf 92' lang='lat' dir='ltr'><strong>suis</strong></span> <span class='ocrx_word' id='word_1_587' title='bbox 3478 4535 3577 4590; x_wconf 88' lang='lat' dir='ltr'><strong>ista</strong></span> <span class='ocrx_word' id='word_1_588' title='bbox 3605 4550 3805 4605; x_wconf 84' lang='lat' dir='ltr'><strong>curan-</strong></span> 
     </span>
    </p>
   </div>
   <div class='ocr_carea' id='block_1_73' title="bbox 2211 4629 3806 4705">
    <p class='ocr_par' dir='ltr' id='par_1_73' title="bbox 2211 4629 3806 4705">
     <span class='ocr_line' id='line_1_74' title="bbox 2211 4629 3806 4705; baseline 0.004 -22"><span class='ocrx_word' id='word_1_589' title='bbox 2211 4629 2364 4685; x_wconf 90' lang='lat' dir='ltr'><strong>tium.</strong></span> <span class='ocrx_word' id='word_1_590' title='bbox 2412 4630 2673 4702; x_wconf 85' lang='lat' dir='ltr'><strong>Adjungis</strong></span> <span class='ocrx_word' id='word_1_591' title='bbox 2701 4632 2862 4687; x_wconf 89' lang='lat' dir='ltr'><strong>etiam</strong></span> <span class='ocrx_word' id='word_1_592' title='bbox 2892 4648 3081 4688; x_wconf 89' lang='lat' dir='ltr'><strong>vacare</strong></span> <span class='ocrx_word' id='word_1_593' title='bbox 3122 4644 3232 4688; x_wconf 88' lang='lat' dir='ltr'><strong>non</strong></span> <span class='ocrx_word' id='word_1_594' title='bbox 3275 4644 3470 4705; x_wconf 84' lang='lat' dir='ltr'><strong>posse,</strong></span> <span class='ocrx_word' id='word_1_595' title='bbox 3494 4632 3637 4704; x_wconf 89' lang='lat' dir='ltr'><strong>quod</strong></span> <span class='ocrx_word' id='word_1_596' title='bbox 3683 4635 3806 4690; x_wconf 90' lang='lat' dir='ltr'><strong>uni-</strong></span> 
     </span>
    </p>
   </div>
   <div class='ocr_carea' id='block_1_74' title="bbox 2210 4722 3805 4795">
    <p class='ocr_par' dir='ltr' id='par_1_74' title="bbox 2210 4722 3805 4795">
     <span class='ocr_line' id='line_1_75' title="bbox 2210 4722 3805 4795; baseline 0.001 -19"><span class='ocrx_word' id='word_1_597' title='bbox 2210 4736 2365 4777; x_wconf 88' lang='lat' dir='ltr'><strong>versa</strong></span> <span class='ocrx_word' id='word_1_598' title='bbox 2404 4737 2502 4793; x_wconf 90' lang='lat' dir='ltr'><strong>pro</strong></span> <span class='ocrx_word' id='word_1_599' title='bbox 2527 4722 2791 4778; x_wconf 89' lang='lat' dir='ltr'><strong>defunctis</strong></span> <span class='ocrx_word' id='word_1_600' title='bbox 2818 4724 3053 4781; x_wconf 86' lang='lat' dir='ltr'><strong>Ecclesia</strong></span> <span class='ocrx_word' id='word_1_601' title='bbox 3076 4726 3378 4795; x_wconf 87' lang='lat' dir='ltr'><strong>supplicare</strong></span> <span class='ocrx_word' id='word_1_602' title='bbox 3402 4726 3684 4786; x_wconf 77' lang='lat' dir='ltr'><strong>consuevit</strong></span> <span class='ocrx_word' id='word_1_603' title='bbox 3708 4744 3721 4779; x_wconf 89' lang='lat'><strong>:</strong></span> <span class='ocrx_word' id='word_1_604' title='bbox 3747 4734 3805 4780; x_wconf 91' lang='lat' dir='ltr'><strong>ut</strong></span> 
     </span>
    </p>
   </div>
   <div class='ocr_carea' id='block_1_75' title="bbox 2214 4811 3805 4893">
    <p class='ocr_par' dir='ltr' id='par_1_75' title="bbox 2214 4811 3805 4893">
     <span class='ocr_line' id='line_1_76' title="bbox 2214 4811 3805 4893; baseline 0.008 -27"><span class='ocrx_word' id='word_1_605' title='bbox 2214 4811 2339 4867; x_wconf 88' lang='lat' dir='ltr'><strong>hinc</strong></span> <span class='ocrx_word' id='word_1_606' title='bbox 2379 4823 2435 4869; x_wconf 91' lang='lat' dir='ltr'><strong>et</strong></span> <span class='ocrx_word' id='word_1_607' title='bbox 2486 4813 2612 4869; x_wconf 89' lang='lat' dir='ltr'><strong>illud</strong></span> <span class='ocrx_word' id='word_1_608' title='bbox 2655 4814 2847 4885; x_wconf 91' lang='lat' dir='ltr'><strong>conjici</strong></span> <span class='ocrx_word' id='word_1_609' title='bbox 2891 4817 3091 4885; x_wconf 91' lang='lat' dir='ltr'><strong>possit,</strong></span> <span class='ocrx_word' id='word_1_610' title='bbox 3123 4816 3325 4873; x_wconf 89' lang='lat' dir='ltr'><strong>homini</strong></span> <span class='ocrx_word' id='word_1_611' title='bbox 3375 4820 3634 4890; x_wconf 89' lang='lat' dir='ltr'><strong>prodesse</strong></span> <span class='ocrx_word' id='word_1_612' title='bbox 3682 4831 3805 4893; x_wconf 90' lang='lat' dir='ltr'><strong>post</strong></span> 
     </span>
    </p>
   </div>
   <div class='ocr_carea' id='block_1_76' title="bbox 2213 4906 3805 4984">
    <p class='ocr_par' dir='ltr' id='par_1_76' title="bbox 2213 4906 3805 4984">
     <span class='ocr_line' id='line_1_77' title="bbox 2213 4906 3805 4984; baseline 0.006 -24"><span class='ocrx_word' id='word_1_613' title='bbox 2213 4915 2469 4973; x_wconf 89' lang='lat' dir='ltr'><strong>mortem,</strong></span> <span class='ocrx_word' id='word_1_614' title='bbox 2501 4907 2545 4962; x_wconf 89' lang='lat' dir='ltr'><strong>si</strong></span> <span class='ocrx_word' id='word_1_615' title='bbox 2575 4906 2679 4963; x_wconf 88' lang='lat' dir='ltr'><strong>fide</strong></span> <span class='ocrx_word' id='word_1_616' title='bbox 2716 4923 2937 4963; x_wconf 91' lang='lat' dir='ltr'><strong>suorum</strong></span> <span class='ocrx_word' id='word_1_617' title='bbox 2981 4909 3251 4967; x_wconf 89' lang='lat' dir='ltr'><strong>humando</strong></span> <span class='ocrx_word' id='word_1_618' title='bbox 3280 4912 3399 4982; x_wconf 91' lang='lat' dir='ltr'><strong>ejus</strong></span> <span class='ocrx_word' id='word_1_619' title='bbox 3437 4914 3652 4984; x_wconf 90' lang='lat' dir='ltr'><strong>corpori</strong></span> <span class='ocrx_word' id='word_1_620' title='bbox 3684 4916 3805 4971; x_wconf 88' lang='lat' dir='ltr'><strong>talis</strong></span> 
     </span>
    </p>
   </div>
   <div class='ocr_carea' id='block_1_77' title="bbox 2212 4997 3802 5076">
    <p class='ocr_par' dir='ltr' id='par_1_77' title="bbox 2212 4997 3802 5076">
     <span class='ocr_line' id='line_1_78' title="bbox 2212 4997 3802 5076; baseline 0.006 -25"><span class='ocrx_word' id='word_1_621' title='bbox 2212 4997 2556 5067; x_wconf 89' lang='lat' dir='ltr'><strong>provideatur</strong></span> <span class='ocrx_word' id='word_1_622' title='bbox 2583 4998 2767 5067; x_wconf 91' lang='lat' dir='ltr'><strong>locus,</strong></span> <span class='ocrx_word' id='word_1_623' title='bbox 2797 5000 2849 5054; x_wconf 92' lang='lat' dir='ltr'><strong>in</strong></span> <span class='ocrx_word' id='word_1_624' title='bbox 2890 5016 2997 5071; x_wconf 90' lang='lat' dir='ltr'><strong>quo</strong></span> <span class='ocrx_word' id='word_1_625' title='bbox 3039 5013 3292 5073; x_wconf 85' lang='lat' dir='ltr'><strong>appareat</strong></span> <span class='ocrx_word' id='word_1_626' title='bbox 3320 5004 3601 5076; x_wconf 89' lang='lat' dir='ltr'><strong>opitulatio</strong></span> <span class='ocrx_word' id='word_1_627' title='bbox 3639 5006 3802 5062; x_wconf 84' lang='lat' dir='ltr'><strong>etiam</strong></span> 
     </span>
    </p>
   </div>
   <div class='ocr_carea' id='block_1_78' title="bbox 2213 5088 3086 5159">
    <p class='ocr_par' dir='ltr' id='par_1_78' title="bbox 2213 5088 3086 5159">
     <span class='ocr_line' id='line_1_79' title="bbox 2213 5088 3086 5159; baseline 0.006 -17"><span class='ocrx_word' id='word_1_628' title='bbox 2213 5088 2316 5143; x_wconf 90' lang='lat' dir='ltr'><strong>isto</strong></span> <span class='ocrx_word' id='word_1_629' title='bbox 2341 5089 2501 5143; x_wconf 89' lang='lat' dir='ltr'><strong>modo</strong></span> <span class='ocrx_word' id='word_1_630' title='bbox 2529 5090 2751 5159; x_wconf 71' lang='lat' dir='ltr'><strong>quaesita</strong></span> <span class='ocrx_word' id='word_1_631' title='bbox 2780 5101 3086 5147; x_wconf 86' lang='lat' dir='ltr'><strong>sanctorum</strong></span> 
     </span>
    </p>
   </div>
   <div class='ocr_carea' id='block_1_79' title="bbox 1743 5193 2547 5231">
    <p class='ocr_par' dir='ltr' id='par_1_79' title="bbox 1743 5193 2547 5231">
     <span class='ocr_line' id='line_1_80' title="bbox 1743 5193 2547 5231; baseline 0.004 -3"><span class='ocrx_word' id='word_1_632' title='bbox 1743 5193 2003 5230; x_wconf 74' lang='grc' dir='ltr'>ΑΒΜοωο</span> <span class='ocrx_word' id='word_1_633' title='bbox 2025 5195 2097 5229; x_wconf 82' lang='lat' dir='ltr'><strong>PP.</strong></span> <span class='ocrx_word' id='word_1_634' title='bbox 2122 5194 2547 5231; x_wconf 66' lang='grc' dir='ltr'><strong>ηπευιστιποιιωι.</strong></span> 
     </span>
    </p>
   </div>
   <div class='ocr_carea' id='block_1_80' title="bbox 562 5258 937 5308">
    <p class='ocr_par' dir='ltr' id='par_1_80' title="bbox 562 5258 937 5308">
     <span class='ocr_line' id='line_1_81' title="bbox 562 5258 937 5308; baseline 0.008 -3"><span class='ocrx_word' id='word_1_635' title='bbox 562 5258 713 5307; x_wconf 70' lang='grc' dir='ltr'><strong>ἰίὶκπ</strong></span> <span class='ocrx_word' id='word_1_636' title='bbox 732 5258 797 5308; x_wconf 91' lang='lat' dir='ltr'><strong>de</strong></span> <span class='ocrx_word' id='word_1_637' title='bbox 818 5266 937 5308; x_wconf 84' lang='lat' dir='ltr'><strong>Cura</strong></span> 
     </span>
    </p>
   </div>
   <div class='ocr_carea' id='block_1_81' title="bbox 1014 5260 2781 5324">
    <p class='ocr_par' dir='ltr' id='par_1_81' title="bbox 1014 5260 2781 5324">
     <span class='ocr_line' id='line_1_82' title="bbox 1014 5260 2781 5324; baseline 0.004 -15"><span class='ocrx_word' id='word_1_638' title='bbox 1014 5272 1046 5309; x_wconf 93' lang='grc' dir='ltr'>ο</span> <span class='ocrx_word' id='word_1_639' title='bbox 1067 5260 1263 5324; x_wconf 72' lang='lat' dir='ltr'><strong>Mortuis</strong></span> <span class='ocrx_word' id='word_1_640' title='bbox 1282 5260 1503 5324; x_wconf 89' lang='lat' dir='ltr'><strong>gerenda</strong></span> <span class='ocrx_word' id='word_1_641' title='bbox 1524 5268 1776 5311; x_wconf 85' lang='lat' dir='ltr'><strong>correctus</strong></span> <span class='ocrx_word' id='word_1_642' title='bbox 1795 5261 1861 5310; x_wconf 91' lang='lat' dir='ltr'><strong>de</strong></span> <span class='ocrx_word' id='word_1_643' title='bbox 1892 5274 2028 5324; x_wconf 16' lang='lat' dir='ltr'><strong>novo,</strong></span> <span class='ocrx_word' id='word_1_644' title='bbox 2062 5268 2140 5312; x_wconf 88' lang='lat' dir='ltr'><strong>est</strong></span> <span class='ocrx_word' id='word_1_645' title='bbox 2176 5260 2365 5324; x_wconf 88' lang='lat' dir='ltr'><strong>collatis</strong></span> <span class='ocrx_word' id='word_1_646' title='bbox 2402 5270 2505 5313; x_wconf 84' lang='lat' dir='ltr'><strong>Mss.</strong></span> <span class='ocrx_word' id='word_1_647' title='bbox 2533 5264 2781 5315; x_wconf 85' lang='lat' dir='ltr'><strong>Gallicanis</strong></span> 
     </span>
    </p>
   </div>
   <div class='ocr_carea' id='block_1_82' title="bbox 2802 5268 3801 5329">
    <p class='ocr_par' dir='ltr' id='par_1_82' title="bbox 2802 5268 3801 5329">
     <span class='ocr_line' id='line_1_83' title="bbox 2802 5268 3801 5329; baseline 0.006 -13"><span class='ocrx_word' id='word_1_648' title='bbox 2802 5268 3105 5329; x_wconf 86' lang='lat' dir='ltr'><strong>quindecim;</strong></span> <span class='ocrx_word' id='word_1_649' title='bbox 3129 5270 3319 5321; x_wconf 88' lang='lat' dir='ltr'><strong>duobus</strong></span> <span class='ocrx_word' id='word_1_650' title='bbox 3350 5271 3580 5323; x_wconf 88' lang='lat' dir='ltr'><strong>videlicet</strong></span> <span class='ocrx_word' id='word_1_651' title='bbox 3599 5272 3801 5323; x_wconf 66' lang='lat' dir='ltr'><strong>Oolhcro</strong></span> 
     </span>
    </p>
   </div>
   <div class='ocr_carea' id='block_1_83' title="bbox 516 5318 3798 5393">
    <p class='ocr_par' dir='ltr' id='par_1_83' title="bbox 516 5318 3798 5393">
     <span class='ocr_line' id='line_1_84' title="bbox 516 5318 3798 5393; baseline 0.005 -25"><span class='ocrx_word' id='word_1_652' title='bbox 516 5318 1053 5393; x_wconf 56' lang='lat' dir='ltr'><strong>ginis,_Prateuensibus</strong></span> <span class='ocrx_word' id='word_1_653' title='bbox 1074 5318 1717 5393; x_wconf 78' lang='lat' dir='ltr'><strong>uno_(:orbeien_si</strong></span> <span class='ocrx_word' id='word_1_654' title='bbox 1752 5336 1989 5393; x_wconf 78' lang='lat' dir='ltr'><strong>annorum</strong></span> <span class='ocrx_word' id='word_1_655' title='bbox 2009 5323 2117 5393; x_wconf 72' lang='lat' dir='ltr'><strong>fere</strong></span> <span class='ocrx_word' id='word_1_656' title='bbox 2139 5323 2261 5393; x_wconf 57' lang='grc' dir='ltr'><strong>φορ,</strong></span> <span class='ocrx_word' id='word_1_657' title='bbox 2280 5331 2332 5372; x_wconf 89' lang='lat' dir='ltr'><strong>et</strong></span> <span class='ocrx_word' id='word_1_658' title='bbox 2370 5337 2467 5393; x_wconf 82' lang='lat' dir='ltr'><strong>uno</strong></span> <span class='ocrx_word' id='word_1_659' title='bbox 2489 5326 2714 5393; x_wconf 48' lang='lat' dir='ltr'><strong>Ecclesia:</strong></span> <span class='ocrx_word' id='word_1_660' title='bbox 2736 5318 2987 5393; x_wconf 55' lang='lat' dir='ltr'><strong>semermis</strong></span> <span class='ocrx_word' id='word_1_661' title='bbox 3003 5365 3018 5391; x_wconf 97' lang='lat'><strong>,</strong></span> <span class='ocrx_word' id='word_1_662' title='bbox 3063 5318 3157 5380; x_wconf 82' lang='lat' dir='ltr'><strong>alio</strong></span> <span class='ocrx_word' id='word_1_663' title='bbox 3182 5318 3421 5383; x_wconf 59' lang='grc' dir='ltr'><strong>[ιίὰιιέείᾶἷ</strong></span> <span class='ocrx_word' id='word_1_664' title='bbox 3432 5318 3763 5384; x_wconf 57' lang='grc' dir='ltr'><strong>ὧἆῦιῖἑίιὲἶέ</strong></span> <span class='ocrx_word' id='word_1_665' title='bbox 3781 5368 3798 5393; x_wconf 85' lang='grc'><strong>,</strong></span> 
     </span>
    </p>
   </div>
   <div class='ocr_carea' id='block_1_84' title="bbox 518 5383 3800 5486">
    <p class='ocr_par' dir='ltr' id='par_1_84' title="bbox 518 5383 3800 5486">
     <span class='ocr_line' id='line_1_85' title="bbox 518 5383 3800 5486; baseline 0.005 -59"><span class='ocrx_word' id='word_1_666' title='bbox 518 5383 635 5427; x_wconf 85' lang='lat' dir='ltr'><strong>item</strong></span> <span class='ocrx_word' id='word_1_667' title='bbox 657 5383 820 5451; x_wconf 70' lang='lat' dir='ltr'><strong>itegio,</strong></span> <span class='ocrx_word' id='word_1_668' title='bbox 846 5383 1108 5486; x_wconf 54' lang='lat' dir='ltr'><strong>Bigotiano,</strong></span> <span class='ocrx_word' id='word_1_669' title='bbox 1132 5384 1389 5456; x_wconf 75' lang='lat' dir='ltr'><strong>Victorino,</strong></span> <span class='ocrx_word' id='word_1_670' title='bbox 1417 5386 1683 5457; x_wconf 75' lang='lat' dir='ltr'><strong>Fossatensi</strong></span> <span class='ocrx_word' id='word_1_671' title='bbox 1720 5386 1928 5457; x_wconf 67' lang='lat' dir='ltr'><strong>abbatiaa</strong></span> <span class='ocrx_word' id='word_1_672' title='bbox 1940 5392 1989 5456; x_wconf 68' lang='grc' dir='ltr'><strong>β.</strong></span> <span class='ocrx_word' id='word_1_673' title='bbox 2015 5386 2188 5443; x_wconf 75' lang='lat' dir='ltr'><strong>Mauri,</strong></span> <span class='ocrx_word' id='word_1_674' title='bbox 2226 5387 2429 5433; x_wconf 79' lang='lat' dir='ltr'><strong>Metensi</strong></span> <span class='ocrx_word' id='word_1_675' title='bbox 2453 5395 2496 5435; x_wconf 88' lang='lat' dir='ltr'><strong>s.</strong></span> <span class='ocrx_word' id='word_1_676' title='bbox 2522 5389 2770 5450; x_wconf 78' lang='lat' dir='ltr'><strong>Arnulphi,</strong></span> <span class='ocrx_word' id='word_1_677' title='bbox 2794 5383 3067 5442; x_wconf 80' lang='lat' dir='ltr'><strong>Diviouensi</strong></span> <span class='ocrx_word' id='word_1_678' title='bbox 3092 5402 3135 5441; x_wconf 86' lang='lat' dir='ltr'><strong>S.</strong></span> <span class='ocrx_word' id='word_1_679' title='bbox 3164 5395 3380 5456; x_wconf 83' lang='lat' dir='ltr'><strong>Benigni,</strong></span> <span class='ocrx_word' id='word_1_680' title='bbox 3405 5397 3616 5445; x_wconf 89' lang='lat' dir='ltr'><strong>Uticensi</strong></span> <span class='ocrx_word' id='word_1_681' title='bbox 3640 5383 3685 5444; x_wconf 82' lang='lat' dir='ltr'><strong>S.</strong></span> <span class='ocrx_word' id='word_1_682' title='bbox 3711 5383 3800 5443; x_wconf 59' lang='lat' dir='ltr'><strong>Eb:</strong></span> 
     </span>
     <span class='ocr_line' id='line_1_86' title="bbox 518 5437 3800 5486; baseline 0.001 -3"><span class='ocrx_word' id='word_1_683' title='bbox 518 5437 689 5486; x_wconf 84' lang='lat' dir='ltr'><strong>mlnln.</strong></span> <span class='ocrx_word' id='word_1_684' title='bbox 716 5440 892 5486; x_wconf 69' lang='lat' dir='ltr'><strong>Midiae</strong></span> <span class='ocrx_word' id='word_1_685' title='bbox 914 5453 993 5486; x_wconf 85' lang='lat' dir='ltr'><strong>mo</strong></span> <span class='ocrx_word' id='word_1_686' title='bbox 1008 5476 1023 5486; x_wconf 87' lang='lat'><strong>.</strong></span> <span class='ocrx_word' id='word_1_687' title='bbox 1048 5450 1099 5486; x_wconf 80' lang='lat' dir='ltr'><strong>et</strong></span> <span class='ocrx_word' id='word_1_688' title='bbox 1116 5452 1333 5486; x_wconf 74' lang='lat' dir='ltr'><strong>Romanis</strong></span> <span class='ocrx_word' id='word_1_689' title='bbox 1356 5460 1553 5486; x_wconf 65' lang='lat' dir='ltr'><strong>insnum-</strong></span> <span class='ocrx_word' id='word_1_690' title='bbox 1576 5454 1812 5486; x_wconf 67' lang='lat' dir='ltr'><strong>Vatimnm</strong></span> <span class='ocrx_word' id='word_1_691' title='bbox 1836 5445 2143 5486; x_wconf 69' lang='lat' dir='ltr'><strong>hlhlmthppm</strong></span> <span class='ocrx_word' id='word_1_692' title='bbox 2167 5453 2396 5486; x_wconf 72' lang='lat' dir='ltr'><strong>mutum-3</strong></span> <span class='ocrx_word' id='word_1_693' title='bbox 2423 5461 2611 5486; x_wconf 69' lang='lat' dir='ltr'><strong>npnnnn</strong></span> <span class='ocrx_word' id='word_1_694' title='bbox 2629 5452 2923 5486; x_wconf 73' lang='lat' dir='ltr'><strong>vnrinnlihnc</strong></span> <span class='ocrx_word' id='word_1_695' title='bbox 2947 5452 3233 5486; x_wconf 65' lang='grc' dir='ltr'><strong>Ιηρίίηηςιυιε</strong></span> <span class='ocrx_word' id='word_1_696' title='bbox 3259 5456 3555 5486; x_wconf 58' lang='lat' dir='ltr'><strong>nuli-vimus“</strong></span> <span class='ocrx_word' id='word_1_697' title='bbox 3579 5460 3800 5486; x_wconf 72' lang='grc' dir='ltr'><strong>η..;ηηηα</strong></span> 
     </span>
    </p>
   </div>
   <div class='ocr_carea' id='block_1_85' title="bbox 502 5437 892 5501">
    <p class='ocr_par' dir='ltr' id='par_1_85' title="bbox 502 5437 892 5501">
     <span class='ocr_line' id='line_1_87' title="bbox 502 5437 892 5501; baseline 0.015 -18"><span class='ocrx_word' id='word_1_698' title='bbox 502 5437 689 5501; x_wconf 59' lang='lat' dir='ltr'><strong>&#39;mlphi,</strong></span> <span class='ocrx_word' id='word_1_699' title='bbox 716 5437 892 5488; x_wconf 60' lang='lat' dir='ltr'><strong>[licitae</strong></span> 
     </span>
    </p>
   </div>
   <div class='ocr_carea' id='block_1_86' title="bbox 914 5445 3800 5521">
    <p class='ocr_par' dir='ltr' id='par_1_86' title="bbox 914 5445 3800 5521">
     <span class='ocr_line' id='line_1_88' title="bbox 914 5445 3800 5521; baseline 0.005 -28"><span class='ocrx_word' id='word_1_700' title='bbox 914 5445 1816 5521; x_wconf 39' lang='lat' dir='ltr'><strong>iggLeigiiomapisinsuperiaticante</strong></span> <span class='ocrx_word' id='word_1_701' title='bbox 1835 5445 2397 5521; x_wconf 47' lang='lat' dir='ltr'><strong>bibiiothechquatuor;</strong></span> <span class='ocrx_word' id='word_1_702' title='bbox 2423 5461 2613 5498; x_wconf 87' lang='lat' dir='ltr'><strong>necnon</strong></span> <span class='ocrx_word' id='word_1_703' title='bbox 2629 5445 2924 5521; x_wconf 61' lang='lat' dir='ltr'><strong>variantibus</strong></span> <span class='ocrx_word' id='word_1_704' title='bbox 2946 5452 3236 5521; x_wconf 82' lang='lat' dir='ltr'><strong>lectionibus</strong></span> <span class='ocrx_word' id='word_1_705' title='bbox 3259 5445 3557 5521; x_wconf 48' lang='lat' dir='ltr'><strong>B‘elg&#39;icorum</strong></span> <span class='ocrx_word' id='word_1_706' title='bbox 3579 5460 3800 5521; x_wconf 84' lang='lat' dir='ltr'><strong>quinque</strong></span> 
     </span>
    </p>
   </div>
   <div class='ocr_carea' id='block_1_87' title="bbox 516 5471 3379 5577">
    <p class='ocr_par' dir='ltr' id='par_1_87' title="bbox 516 5471 3379 5577">
     <span class='ocr_line' id='line_1_89' title="bbox 520 5471 3379 5518; baseline 0.007 -34"><span class='ocrx_word' id='word_1_707' title='bbox 520 5471 689 5501; x_wconf 68' lang='grc' dir='ltr'><strong>...ιγ-ιι,</strong></span> <span class='ocrx_word' id='word_1_708' title='bbox 718 5471 1023 5513; x_wconf 52' lang='grc' dir='ltr'><strong>υνυς-ψ,</strong></span> <span class='ocrx_word' id='word_1_709' title='bbox 1048 5471 1333 5516; x_wconf 46' lang='lat' dir='ltr'><strong>culminia-uta</strong></span> <span class='ocrx_word' id='word_1_710' title='bbox 1356 5471 1551 5517; x_wconf 62' lang='grc' dir='ltr'><strong>ιμδυμςι-</strong></span> <span class='ocrx_word' id='word_1_711' title='bbox 1584 5471 1812 5495; x_wconf 67' lang='lat' dir='ltr'><strong>vauusua:</strong></span> <span class='ocrx_word' id='word_1_712' title='bbox 1835 5471 2143 5516; x_wconf 60' lang='lat' dir='ltr'><strong>uruuutitmxs:</strong></span> <span class='ocrx_word' id='word_1_713' title='bbox 2167 5471 2397 5518; x_wconf 48' lang='lat' dir='ltr'><strong>“uescitur,</strong></span> <span class='ocrx_word' id='word_1_714' title='bbox 2424 5471 2613 5498; x_wconf 70' lang='lat' dir='ltr'><strong>liccltuu</strong></span> <span class='ocrx_word' id='word_1_715' title='bbox 2631 5471 2924 5501; x_wconf 74' lang='lat' dir='ltr'><strong>variantqu</strong></span> <span class='ocrx_word' id='word_1_716' title='bbox 2946 5471 3236 5503; x_wconf 70' lang='lat' dir='ltr'><strong>lCCllOﬂlDllS</strong></span> <span class='ocrx_word' id='word_1_717' title='bbox 3259 5471 3335 5503; x_wconf 66' lang='lat' dir='ltr'><strong>ﬁt}!</strong></span> <span class='ocrx_word' id='word_1_718' title='bbox 3376 5472 3379 5504; x_wconf 77' lang='lat'>1</span> 
     </span>
     <span class='ocr_line' id='line_1_90' title="bbox 516 5471 3379 5577; baseline 0.003 -19"><span class='ocrx_word' id='word_1_719' title='bbox 516 5499 910 5577; x_wconf 43' lang='grc' dir='ltr'><strong>ξἰζυξι-ξργεξυρ</strong></span> <span class='ocrx_word' id='word_1_720' title='bbox 931 5505 1480 5577; x_wconf 46' lang='lat' dir='ltr'><strong>prnunarusedmouibus</strong></span> <span class='ocrx_word' id='word_1_721' title='bbox 1519 5508 1647 5577; x_wconf 69' lang='lat' dir='ltr'><strong>uad,</strong></span> <span class='ocrx_word' id='word_1_722' title='bbox 1673 5508 1722 5555; x_wconf 93' lang='lat' dir='ltr'><strong>id</strong></span> <span class='ocrx_word' id='word_1_723' title='bbox 1746 5515 1839 5577; x_wconf 66' lang='lat' dir='ltr'><strong>est,</strong></span> <span class='ocrx_word' id='word_1_724' title='bbox 1860 5515 2054 5577; x_wconf 73' lang='lat' dir='ltr'><strong>Joannis</strong></span> <span class='ocrx_word' id='word_1_725' title='bbox 2075 5508 2202 5557; x_wconf 87' lang='lat' dir='ltr'><strong>Badu</strong></span> <span class='ocrx_word' id='word_1_726' title='bbox 2224 5509 2351 5569; x_wconf 84' lang='lat' dir='ltr'><strong>apud</strong></span> <span class='ocrx_word' id='word_1_727' title='bbox 2372 5517 2607 5560; x_wconf 84' lang='lat' dir='ltr'><strong>Joannem</strong></span> <span class='ocrx_word' id='word_1_728' title='bbox 2646 5519 2845 5563; x_wconf 84' lang='lat' dir='ltr'><strong>Parvum</strong></span> <span class='ocrx_word' id='word_1_729' title='bbox 2861 5549 2877 5574; x_wconf 96' lang='lat'><strong>,</strong></span> <span class='ocrx_word' id='word_1_730' title='bbox 2922 5517 3135 5577; x_wconf 83' lang='lat' dir='ltr'><strong>Parisiis,</strong></span> <span class='ocrx_word' id='word_1_731' title='bbox 3181 5529 3262 5566; x_wconf 86' lang='lat' dir='ltr'><strong>an.</strong></span> 
     </span>
    </p>
   </div>
   <div class='ocr_carea' id='block_1_88' title="bbox 517 5560 2136 5631">
    <p class='ocr_par' dir='ltr' id='par_1_88' title="bbox 517 5560 2136 5631">
     <span class='ocr_line' id='line_1_91' title="bbox 517 5560 2136 5631; baseline 0.007 -25"><span class='ocrx_word' id='word_1_732' title='bbox 517 5560 837 5619; x_wconf 73' lang='lat' dir='ltr'><strong>smerbachii,</strong></span> <span class='ocrx_word' id='word_1_733' title='bbox 856 5560 1151 5623; x_wconf 54' lang='grc' dir='ltr'><strong>εει-μω,</strong></span> <span class='ocrx_word' id='word_1_734' title='bbox 1170 5576 1227 5614; x_wconf 85' lang='lat' dir='ltr'><strong>ac</strong></span> <span class='ocrx_word' id='word_1_735' title='bbox 1241 5572 1351 5615; x_wconf 82' lang='lat' dir='ltr'><strong>Lov.</strong></span> <span class='ocrx_word' id='word_1_736' title='bbox 1371 5560 1736 5617; x_wconf 76' lang='lat' dir='ltr'><strong>mvaniensium</strong></span> <span class='ocrx_word' id='word_1_737' title='bbox 1757 5560 2136 5631; x_wconf 79' lang='lat' dir='ltr'><strong>&#39;rheologorum.</strong></span> 
     </span>
    </p>
   </div>
   <div class='ocr_carea' id='block_1_89' title="bbox 3379 5518 3799 5579">
    <p class='ocr_par' dir='ltr' id='par_1_89' title="bbox 3379 5518 3799 5579">
     <span class='ocr_line' id='line_1_92' title="bbox 3379 5518 3799 5579; baseline 0 -12"><span class='ocrx_word' id='word_1_738' title='bbox 3379 5518 3409 5567; x_wconf 79' lang='lat'><strong><em>2</em></strong></span> <span class='ocrx_word' id='word_1_739' title='bbox 3419 5532 3435 5579; x_wconf 85' lang='lat'><strong>;</strong></span> <span class='ocrx_word' id='word_1_740' title='bbox 3474 5529 3576 5567; x_wconf 64' lang='lat' dir='ltr'><strong>am.</strong></span> <span class='ocrx_word' id='word_1_741' title='bbox 3598 5518 3799 5569; x_wconf 67' lang='lat' dir='ltr'><strong>Joannis</strong></span> 
     </span>
    </p>
   </div>
   <div class='ocr_carea' id='block_1_90' title="bbox 580 5642 3756 5737">
    <p class='ocr_par' dir='ltr' id='par_1_90' title="bbox 580 5642 3756 5737">
     <span class='ocr_line' id='line_1_93' title="bbox 580 5642 3756 5737; baseline 0.006 -32"><span class='ocrx_word' id='word_1_742' title='bbox 580 5642 1081 5723; x_wconf 80' lang='lat' dir='ltr'><strong>Comparacimus</strong></span> <span class='ocrx_word' id='word_1_743' title='bbox 1095 5656 1400 5726; x_wconf 73' lang='lat' dir='ltr'><strong>praeterea</strong></span> <span class='ocrx_word' id='word_1_744' title='bbox 1429 5670 1525 5711; x_wconf 80' lang='lat' dir='ltr'><strong>eas</strong></span> <span class='ocrx_word' id='word_1_745' title='bbox 1548 5670 1753 5713; x_wconf 81' lang='lat' dir='ltr'><strong>omnes</strong></span> <span class='ocrx_word' id='word_1_746' title='bbox 1776 5651 2075 5715; x_wconf 85' lang='lat' dir='ltr'><strong>editiones</strong></span> <span class='ocrx_word' id='word_1_747' title='bbox 2106 5654 2293 5719; x_wconf 83' lang='lat' dir='ltr'><strong>initio</strong></span> <span class='ocrx_word' id='word_1_748' title='bbox 2321 5656 2494 5719; x_wconf 86' lang='lat' dir='ltr'><strong>Retr.</strong></span> <span class='ocrx_word' id='word_1_749' title='bbox 2523 5662 2577 5716; x_wconf 84' lang='lat' dir='ltr'><strong>et</strong></span> <span class='ocrx_word' id='word_1_750' title='bbox 2607 5653 2893 5720; x_wconf 85' lang='lat' dir='ltr'><strong>Confess.</strong></span> <span class='ocrx_word' id='word_1_751' title='bbox 2924 5668 3069 5724; x_wconf 85' lang='lat' dir='ltr'><strong>tom.</strong></span> <span class='ocrx_word' id='word_1_752' title='bbox 3106 5662 3164 5737; x_wconf 87' lang='grc'><strong>1,</strong></span> <span class='ocrx_word' id='word_1_753' title='bbox 3196 5672 3582 5725; x_wconf 83' lang='lat' dir='ltr'><strong>memoratas.</strong></span> <span class='ocrx_word' id='word_1_754' title='bbox 3672 5664 3756 5724; x_wconf 78' lang='grc' dir='ltr'><strong>Μ.</strong></span> 
     </span>
    </p>
   </div>
   <div class='ocr_carea' id='block_1_91' title="bbox 568 5744 1622 5807">
    <p class='ocr_par' dir='ltr' id='par_1_91' title="bbox 568 5744 1622 5807">
     <span class='ocr_line' id='line_1_94' title="bbox 568 5744 1622 5807; baseline 0.009 -14"><span class='ocrx_word' id='word_1_755' title='bbox 568 5744 653 5807; x_wconf 68' lang='lat' dir='ltr'><strong>(a)</strong></span> <span class='ocrx_word' id='word_1_756' title='bbox 685 5745 896 5806; x_wconf 84' lang='lat' dir='ltr'><strong>Scriptus</strong></span> <span class='ocrx_word' id='word_1_757' title='bbox 910 5746 1103 5796; x_wconf 88' lang='lat' dir='ltr'><strong>circiter</strong></span> <span class='ocrx_word' id='word_1_758' title='bbox 1124 5759 1304 5797; x_wconf 88' lang='lat' dir='ltr'><strong>annum</strong></span> <span class='ocrx_word' id='word_1_759' title='bbox 1323 5750 1493 5800; x_wconf 84' lang='lat' dir='ltr'><strong>Christi</strong></span> <span class='ocrx_word' id='word_1_760' title='bbox 1514 5752 1622 5803; x_wconf 72' lang='grc'><strong>421.</strong></span> 
     </span>
    </p>
   </div>
   <div class='ocr_carea' id='block_1_92' title="bbox 581 5826 1536 5896">
    <p class='ocr_par' dir='ltr' id='par_1_92' title="bbox 581 5826 1536 5896">
     <span class='ocr_line' id='line_1_95' title="bbox 581 5826 1536 5896; baseline 0.007 -20"><span class='ocrx_word' id='word_1_761' title='bbox 581 5832 601 5865; x_wconf 73' lang='grc' dir='ltr'><strong>ι</strong></span> <span class='ocrx_word' id='word_1_762' title='bbox 636 5826 869 5877; x_wconf 83' lang='lat' dir='ltr'><strong>Uticensis</strong></span> <span class='ocrx_word' id='word_1_763' title='bbox 888 5828 1090 5880; x_wconf 75' lang='lat' dir='ltr'><strong>abbatite</strong></span> <span class='ocrx_word' id='word_1_764' title='bbox 1110 5827 1288 5890; x_wconf 83' lang='lat' dir='ltr'><strong>codex,</strong></span> <span class='ocrx_word' id='word_1_765' title='bbox 1314 5833 1536 5896; x_wconf 75' lang='lat' dir='ltr'><strong>cynegri.</strong></span> 
     </span>
    </p>
   </div>
  </div>
