4078 6512
307 433 415 489 593

370 548 426 602 2.
469 548 573 605 Sed
599 564 719 604 cum
747 548 863 605 haec
905 548 976 604 ita
1014 547 1151 616 sint,
1184 546 1454 619 quomodo
1493 546 1619 603 huic
1656 546 1897 618 opinioni

296 644 629 699 contrarium
674 657 781 697 non
827 642 932 707 sit,
965 641 1110 713 quod
1159 641 1289 697 dicit
1331 642 1655 712 Apostolus,
1707 640 1893 695 Omnes

296 734 431 787 enim
459 733 734 788 astabimus
772 742 889 787 ante
927 732 1149 787 tribunal
1189 731 1406 799 Christi,
1434 741 1490 786 ut
1530 732 1659 803 [erat
1690 733 1705 762 ¹
1730 747 1895 785 unus-

298 825 505 893 quisque
528 822 806 879 secundum
826 840 884 878 ea
904 839 1019 893 qua:
1038 840 1127 894 per
1155 839 1340 893 corpus
1359 823 1532 894 gessit,
1554 822 1657 877 sive
1685 822 1891 887 bonum,

296 917 399 970 sive
422 916 617 970 malum
646 914 712 987 (ll
732 914 852 969 Cor.
883 930 938 979 v,
972 914 1084 984 10),
1115 928 1223 968 non
1252 921 1305 970 te
1335 913 1466 968 satis
1487 912 1668 968 videre
1691 910 1896 981 signifi-

293 1022 404 1062 cas.
458 1007 584 1062 llaec
613 1007 811 1078 quippe
854 1005 1146 1076 apostolica
1189 1005 1457 1060 sententia
1495 1013 1619 1059 ante
1664 1011 1891 1059 mortem

292 1100 550 1156 admonet
573 1100 687 1155 fieri
713 1098 855 1170 quod
884 1098 1049 1169 possit
1070 1097 1326 1168 prodesse
1349 1104 1469 1169 post
1491 1104 1752 1162 mortem;
1782 1109 1892 1150 non

293 1200 418 1247 tunc
436 1232 451 1257 ,
481 1190 697 1261 quando
714 1190 825 1260 jam
850 1188 1214 1260 recipiendum
1244 1196 1328 1243 est
1349 1187 1493 1259 quod
1522 1188 1748 1258 quisque
1770 1200 1903 1257 gesa

289 1284 422 1336 serit
461 1292 587 1336 ante
616 1290 865 1336 mortem.
902 1280 1097 1335 Verum
1125 1279 1241 1335 hate
1269 1279 1341 1334 ita
1369 1279 1596 1334 solvitur
1622 1278 1849 1349 quaestio
1868 1318 1884 1343 ,

290 1372 544 1442 quoniam
568 1371 801 1443 quodam
832 1371 955 1426 vitae
977 1386 1174 1441 genere
1197 1369 1513 1440 acquiritur,
1547 1369 1673 1426 dum
1705 1369 1758 1423 in
1786 1369 1889 1425 hoc

288 1479 519 1534 corpore
561 1463 780 1530 vivitur,
815 1472 871 1518 ut
912 1462 1111 1533 aliquid
1154 1462 1407 1534 adjuvent
1446 1462 1546 1518 ista
1574 1462 1885 1531 defunctos;

287 1572 351 1611 ac
378 1571 478 1627 per
506 1556 608 1611 hoc
644 1555 940 1611 secundum
979 1569 1043 1609 ea
1064 1570 1182 1625 quae
1210 1569 1306 1625 per
1345 1569 1541 1624 corpus
1568 1562 1850 1626 gesserunt
1868 1596 1885 1622 ,

285 1648 367 1702 eis
390 1663 511 1717 qua:
542 1655 663 1717 post
699 1660 894 1716 corpus
920 1645 1168 1717 religiose
1193 1660 1292 1715 pro
1322 1645 1427 1702 illis
1466 1644 1603 1701 facta
1649 1644 1884 1713 fuerint,

284 1737 628 1807 adjuvantur.
674 1736 812 1793 Sunt
841 1737 982 1792 enim
1029 1751 1163 1807 quos
1211 1734 1343 1791 nihil
1384 1737 1605 1792 omnino
1632 1736 1889 1806 adjuvant

285 1830 416 1896 ista;
449 1830 564 1885 sive
595 1844 692 1899 pro
734 1829 815 1886 eis
857 1828 1025 1895 fiant,
1051 1844 1277 1899 quorum
1311 1836 1418 1884 tam
1448 1829 1585 1883 mala
1616 1837 1742 1883 sunt
1767 1844 1884 1893 me-

284 1922 416 1990 rita,
450 1933 510 1978 ut
550 1937 726 1994 neque
770 1921 965 1977 talibus
1005 1920 1152 1993 digni
1194 1920 1303 1976 sint
1339 1921 1616 1992 adjuvari;
1645 1922 1757 1977 sive
1787 1936 1885 1992 pro

282 2018 390 2084 eis,
424 2032 652 2088 quorum
686 2026 793 2071 tam
816 2016 990 2083 bona,
1019 2024 1077 2070 ut
1107 2013 1307 2070 talibus
1346 2029 1453 2069 non
1483 2012 1758 2086 indigeant
1785 2013 1883 2069 ad-

279 2110 557 2181 iumentis.
597 2109 811 2166 Genera
857 2108 1015 2179 igitur
1056 2106 1219 2171 vitae,
1264 2107 1407 2177 quod
1452 2106 1619 2179 gessit
1658 2106 1885 2177 quisque

282 2219 377 2272 per
404 2217 605 2272 corpus
626 2243 640 2267 ,
667 2200 895 2255 efficitur
925 2208 981 2254 ut
1006 2199 1214 2270 prosint
1239 2199 1323 2254 vel
1349 2214 1453 2254 non
1477 2199 1698 2270 prosint,
1732 2214 1882 2269 qua:-

279 2308 512 2364 eumque
536 2307 633 2363 pro
663 2292 754 2346 illo
776 2292 860 2362 pie
888 2290 1039 2357 fiunt,
1062 2306 1184 2346 cum
1206 2290 1479 2362 reliquerit
1503 2306 1719 2361 corpus.
1747 2290 1881 2346 Nam

280 2385 533 2439 meritum
567 2399 664 2454 per
691 2382 832 2455 quod
863 2383 964 2438 ista
992 2382 1233 2454 prosint,
1264 2383 1310 2437 si
1353 2382 1557 2437 nullum
1600 2397 1881 2453 compara-

279 2487 388 2532 tum
411 2486 497 2533 est
521 2468 574 2532 in
600 2476 701 2532 hac
722 2477 829 2531 vita
848 2519 862 2543 ,
893 2475 1086 2530 frustra
1108 2476 1365 2546 quaeritur
1388 2483 1508 2547 post
1530 2475 1668 2531 hanc
1691 2476 1877 2530 vitam.

282 2569 356 2623 Ita
382 2568 441 2623 fit
468 2579 528 2623 ut
556 2582 730 2638 neque
757 2566 987 2623 inaniter
1012 2567 1251 2622 Ecclesia
1281 2566 1364 2621 vel
1385 2581 1603 2623 suorum
1633 2583 1761 2622 cura
1784 2582 1881 2637 pro

276 2660 577 2727 defunctis,
625 2659 770 2729 quod
817 2659 1047 2729 potuerit
1100 2658 1374 2730 religionis
1401 2661 1423 2691 ³
1483 2659 1787 2730 impendat;
1818 2669 1873 2716 et

277 2760 455 2805 tamen
479 2749 621 2806 ferat
641 2750 1003 2821 unusquisque
1023 2749 1318 2807 secundum
1344 2764 1407 2806 ea
1429 2765 1548 2821 quae
1571 2765 1667 2821 per
1686 2765 1881 2822 corpus

277 2845 479 2915 gessit,
511 2844 629 2900 sive
678 2842 878 2899 bonum
922 2843 1036 2899 sive
1082 2843 1318 2910 malum,
1346 2842 1607 2899 reddente
1652 2844 1880 2898 Domino

278 2939 566 3009 unicuique
610 2937 903 2994 secundum
946 2952 1109 3008 opera
1144 2936 1283 3007 ejus.
1315 2936 1388 2993 Ut
1425 2937 1568 2993 enim
1607 2937 1710 2993 hoc
1737 2937 1879 3009 quod

279 3031 626 3101 impenditur,
656 3031 827 3101 possit
869 3030 920 3085 ei
973 3029 1229 3100 prodesse
1279 3038 1398 3100 post
1450 3044 1678 3102 corpus,
1711 3031 1763 3085 in
1815 3046 1879 3087 ea

277 3124 385 3177 vita
410 3123 732 3193 acquisitum
763 3130 843 3177 est
862 3164 876 3188 ,
907 3136 1068 3192 quam
1098 3121 1267 3192 gessit
1290 3121 1346 3175 in
1372 3136 1620 3192 corpore.

349 3216 404 3270 '5.
442 3214 665 3270 Poterat
710 3211 1040 3284 inquisitioni
1087 3221 1191 3267 tute
1240 3211 1492 3268 sufficere
1538 3226 1657 3267 mea
1700 3211 1879 3267 brevis

278 3308 378 3362 ista
405 3305 723 3376 responsio;
753 3303 849 3360 sed
869 3319 990 3376 quae
1009 3303 1112 3358 alia
1140 3312 1407 3379 moveant,
1432 3302 1625 3373 quibus
1652 3318 1879 3373 respon-

278 3398 517 3453 dendum
542 3397 791 3453 existimo
811 3438 824 3462 ,
858 3411 1147 3468 parumper
1180 3396 1418 3451 attende.
1462 3394 1517 3450 ln
1546 3395 1881 3452 Machabaeo-

279 3505 419 3544 rum-
442 3489 595 3544 libris
638 3488 866 3559 legimus
904 3486 1139 3542 oblatum
1184 3503 1281 3557 pro
1308 3487 1531 3541 mortuis
1557 3487 1878 3542 sacrificium

278 3581 351 3649 (tl
380 3580 622 3635 Machab.
656 3596 729 3634 xu
751 3622 766 3647 ,
797 3579 913 3649 45).
942 3578 1049 3634 Sed
1076 3586 1132 3634 et
1151 3580 1195 3634 si
1225 3594 1485 3651 nusquam
1514 3582 1567 3634 in
1591 3578 1880 3649 Scripturis

280 3672 555 3728 veteribus
580 3671 798 3727 omnino
846 3671 1134 3741 legeretur,
1179 3686 1283 3725 non
1317 3686 1476 3741 parva
1505 3679 1589 3725 est
1618 3671 1879 3727 universa:

284 3766 697 3835 Ecclesiae,qu;c
729 3764 783 3818 in
814 3763 913 3819 hac
934 3764 1320 3819 consuetudine
1345 3764 1511 3818 claret
1530 3763 1876 3829 auctoritas',

283 3861 373 3915 ubi
404 3861 458 3916 in
478 3860 726 3931 precibus
765 3857 1059 3913 sacerdotis
1102 3874 1222 3928 quae
1265 3857 1491 3912 Domino
1530 3856 1643 3912 Deo
1666 3856 1732 3911 ad
1762 3858 1880 3927 ejus

281 3956 451 4009 altare
502 3952 835 4015 funduntur,
882 3950 1056 4006 locum
1109 3964 1264 4004 suum
1313 3947 1475 4003 habet
1522 3948 1681 4003 etiam
1728 3963 1879 4003 eom-

284 4046 557 4102 mendatio
586 4053 945 4099 mortuorum.

353 4136 584 4194 CAPUT
626 4137 690 4193 ll.
720 4165 792 4176 ——
818 4135 953 4201 Quid
981 4134 1208 4202 conferat
1250 4134 1409 4186 honos
1438 4132 1731 4200 sepulturas.
1779 4132 1878 4189 Se-

284 4232 496 4303 pultura
525 4243 796 4293 corporum
823 4224 1124 4280 Christianis
1142 4224 1186 4278 si
1211 4223 1362 4293 fuerit
1391 4220 1595 4293 negata,
1615 4222 1743 4276 nihil
1763 4222 1879 4275 adi-

278 4325 393 4378 ‘mit.
440 4320 548 4379 Sed
579 4329 759 4375 utrum
806 4316 1005 4388 aliquid
1057 4316 1227 4386 prosit
1253 4315 1447 4370 anima:
1493 4314 1689 4370 mortui
1732 4315 1880 4371 locus

283 4412 529 4484 corporis
554 4411 675 4475 sui,
709 4408 987 4479 Operosius
1009 4405 1386 4477 inquirendum
1415 4413 1517 4460 est.
1549 4406 1625 4460 Ac
1651 4406 1880 4474 primum

284 4519 466 4562 utrum
498 4503 710 4560 intersit
738 4500 940 4571 aliquid
983 4498 1049 4554 ad
1096 4498 1428 4554 inferendam
1457 4498 1540 4553 vel
1584 4497 1880 4568 augendam

285 4601 558 4655 miseriam
584 4576 702 4668 post
732 4596 867 4649 hanc
896 4594 1058 4648 vitam
1089 4591 1362 4662 spiritibus
1389 4590 1663 4645 hominum
1681 4632 1696 4657 ,
1723 4593 1766 4644 si
1791 4605 1882 4645 eo-

286 4708 403 4746 rum
429 4704 657 4759 corpora
683 4687 891 4756 sepulta
914 4699 1019 4739 non
1045 4682 1274 4748 fuerint,
1309 4696 1415 4736 non
1444 4680 1740 4738 secundum
1762 4682 1880 4751 opi-

285 4786 504 4837 nionem
549 4788 836 4848 utcumque
884 4776 1182 4845 vulgatam,
1213 4772 1307 4827 scd
1360 4773 1534 4842 potius
1588 4772 1879 4827 secundum

286 4871 562 4943 religionis
584 4879 778 4925 nostra:
806 4880 987 4921 sacras
1010 4865 1241 4920 Litteras
1266 4873 1348 4918 est
1368 4862 1676 4917 videndum.
1700 4862 1882 4931 Neque

282 4966 428 5020 enim
479 4960 806 5017 credendum
852 4967 966 5025 est,
995 4958 1130 5011 sicut
1173 4953 1313 5023 apud
1354 4954 1622 5009 Maronem
1669 4954 1877 5023 legitur,

284 5055 586 5126 insepultos
602 5068 632 5107 a
654 5049 951 5122 navigando
967 5055 1127 5118 atque
1151 5045 1474 5101 transeundo
1496 5044 1705 5101 inferno
1723 5059 1883 5100 amne

286 5146 563 5219 prohiberi
589 5162 604 5199 :
632 5144 752 5215 quia
780 5142 983 5197 scilicet

407 5248 509 5289 Nec
529 5238 663 5300 ripas
683 5235 823 5284 datur
836 5229 1134 5300 horrendas,
1161 5240 1255 5300 nec
1277 5240 1422 5277 rauca
1444 5227 1631 5299 fluenta

409 5290 761 5363 We
776 5296 928 5360 ηδ’
947 5290 1819 5416 q”('1?.i‘i§‘?‘iit‘isifiif‘§§£‘ses.)

283 5449 417 5517 Quis
446 5460 544 5503 cor
572 5442 922 5500 christianum
970 5438 1189 5493 inclinet
1232 5436 1314 5489 his
1354 5434 1575 5505 poeticis
1602 5432 1883 5486 fabulosis-

285 5556 389 5612 que
419 5535 718 5609 figmentis,
748 5548 868 5588 cum
900 5529 1154 5585 Dominus
1176 5526 1359 5591 Jesus,
1390 5533 1447 5578 ut
1470 5524 1611 5578 inter
1638 5522 1880 5576 inimico-

348 5657 364 5686 ⁸
401 5654 477 5702 sic
496 5658 601 5699 Mss.
631 5654 684 5697 Αι
708 5646 823 5695 editi
846 5644 937 5693 hoc
960 5641 1083 5700 loco,
1108 5641 1287 5703 referat
1316 5638 1438 5701 :qui
1458 5644 1618 5687 tamen
1634 5633 1755 5684 infra
1774 5648 1882 5685 cum

286 5725 389 5766 uss.
428 5714 631 5769 habent,
655 5714 701 5758 et
735 5716 892 5772 tamen
924 5706 1064 5768 ferat.
1111 5762 1140 5772 η
1178 5761 1188 5772 ⁸

348 5762 537 5825 {tinus
574 5762 880 5821 e'Vaticanis
897 5762 1023 5824 Mssa,
1051 5762 1336 5827 religiosum.
1434 5821 1445 5829 _
1732 5828 1735 5829 ν
1795 5819 1822 5829 Π

350 5842 369 5871 ³
404 5819 651 5887 ὲίίίίίἶηῖρε
668 5832 775 5881 Bad.
806 5840 901 5879 Am.
931 5836 982 5876 et
1003 5819 1098 5884 vita,
1122 5819 1214 5873 rion
1239 5838 1388 5887 parra
1426 5821 1516 5873 Itur
1548 5819 1883 5874 t'mtsuctuditte

288 5904 434 5951 ιιιλιγίῖι
457 5894 717 5951 auctoritas
748 5891 1134 5942 :reluctantihus
1156 5895 1260 5936 Mss.
1300 5894 1345 5935 et
1373 5894 1478 5935 Inv.

1737 432 1941 489 LIBER
1981 432 2183 494 UNUS.

3498 452 3601 513 69-!

2008 563 2126 604 rum
2154 566 2373 619 manus,
2403 556 2493 626 qui
2534 570 2721 614 eorum
2762 575 2988 633 corpora
3033 562 3085 619 in
3134 572 3399 635 potestate
3424 568 3589 623 habe.

2006 650 2157 709 rent,
2187 646 2363 700 securi
2409 651 2787 708 occumberent
2836 653 3158 723 Christiani,
3191 673 3291 713 nec
3339 659 3592 729 capillum

2003 734 2193 805 capitis
2239 752 2426 795 eorum
2472 751 2679 798 asserat
2723 746 3051 814 periturum,
3080 750 3372 804 exhortans
3413 766 3481 806 ne
3522 752 3584 805 ti-

2002 837 2185 883 meant
2208 844 2305 886 eos
2342 832 2432 902 qui
2479 848 2601 888 cum
2641 850 2837 906 corpus
2874 837 3197 904 occiderint,
3225 840 3456 911 amplius
3486 858 3591 895 non

2002 918 2201 975 habent
2227 922 2355 993 quid
2385 924 2617 980 faciant?
2644 926 2796 982 Unde
2828 928 2880 983 in
2911 928 3082 999 primo
3109 930 3245 986 libro
3270 930 3338 987 de
3361 929 3593 987 Civitate

2000 1011 2096 1068 Dei
2125 1016 2256 1070 satis
2274 1057 2289 1081 ,
2317 1027 2573 1086 quantum
2598 1022 2877 1089 existimo,
2909 1038 3027 1077 sum
3058 1023 3267 1079 locutus
3285 1065 3299 1091 ,
3323 1034 3384 1080 ut
3400 1040 3589 1082 eorum

1998 1103 2217 1161 dentem
2244 1109 2584 1165 retunderem
2600 1152 2616 1178 ,
2641 1112 2731 1182 qui
2753 1112 3087 1168 barbaricam
3106 1115 3431 1180 vastitatem,
3454 1132 3590 1185 prte-

1997 1196 2153 1267 cipue
2196 1215 2353 1268 quam
2402 1216 2575 1271 nuper
2618 1203 2789 1259 Roma
2838 1218 3094 1274 perpessa
3131 1213 3251 1271 est,
3282 1206 3589 1261 ehristianis

1999 1289 2325 1359 temporibus
2352 1291 2699 1362 imputando,
2730 1293 2890 1349 etiam
2922 1293 2973 1349 id
2994 1294 3273 1366 objiciunt,
3306 1294 3450 1365 quod
3475 1297 3587 1352 suis

1996 1377 2105 1433 illic
2131 1395 2237 1443 non
2265 1380 2575 1438 subvenerit
2599 1382 2865 1439 Christus.
2894 1383 3100 1453 Quibus
3123 1400 3245 1440 cum
3271 1401 3586 1456 responsum

1994 1470 2152 1529 fuerit
2169 1473 2375 1528 animas
2387 1473 2619 1529 fidelium
2637 1490 2733 1547 pro
2745 1474 2865 1531 fidei
2878 1492 2991 1531 suae
3009 1477 3215 1532 meritis
3231 1476 3407 1531 abillo
3424 1476 3587 1533 fuisse

1993 1574 2284 1635 susceptas,
2315 1565 2571 1621 insultant
2599 1566 2667 1623 de
2690 1566 3039 1623 cadaveribus
3056 1568 3359 1638 insepultis.
3391 1568 3585 1624 Totum

1995 1655 2170 1726 itaque
2185 1657 2342 1712 istum
2355 1657 2422 1713 de
2435 1660 2709 1729 sepultura
2722 1660 2895 1715 locum
2909 1659 3086 1716 verbis
3100 1661 3293 1716 talibus
3303 1661 3586 1731 explicavi.

2063 1747 2118 1802 4.
2153 1765 2173 1800 ι
2209 1748 2279 1803 At
2305 1748 2449 1803 enim
2472 1749 2525 1804 in
2553 1758 2699 1804 tanta
2721 1790 2736 1816 ,
2766 1750 3020 1820 inquam,
3050 1758 3229 1822 strage
3256 1750 3579 1807 cadaverum

1991 1851 2091 1892 nec
2118 1838 2331 1908 sepeliri
2357 1841 2685 1910 potuerunt?
2710 1841 2894 1912 Neque
2915 1841 3055 1896 istud
3085 1842 3169 1913 pia
3199 1841 3332 1897 fides
3363 1842 3585 1899 nimium

1990 1930 2332 1999 reformidat,
2365 1942 2552 1989 tenens
2591 1933 2934 2005 prtedictum,
2966 1947 3067 1989 nec
3108 1934 3452 1990 absumentes
3492 1934 3586 1992 be-

1990 2022 2121 2078 stias
2146 2024 2531 2080 resurrecturis
2560 2024 2877 2095 corporibus
2904 2023 3180 2080 obfuturas
3198 2065 3213 2091 ,
3240 2038 3469 2094 quorum
3490 2038 3585 2078 ca-

1988 2113 2148 2183 pillus
2175 2116 2364 2185 capitis
2389 2132 2495 2171 non
2524 2117 2738 2186 peribit.
2770 2115 2878 2172 Nec
2912 2117 3020 2172 ullo
3046 2116 3209 2172 modo
3244 2116 3450 2172 diceret
3476 2115 3585 2171 Ve-

1986 2207 2118 2261 ritas
2138 2249 2154 2275 ,
2180 2207 2357 2264 Nolite
2382 2210 2555 2264 timere
2580 2226 2664 2264 eos
2706 2210 2795 2282 qui
2832 2225 3018 2280 corpus
3061 2209 3331 2274 occidunt,
3359 2208 3583 2263 animum

1987 2307 2156 2353 autent
2181 2316 2282 2353 non
2303 2310 2512 2370 possunt
2539 2302 2765 2355 occidere
2780 2319 2801 2367 ;
2832 2302 2878 2356 si
2905 2300 3196 2372 quidquam
3221 2301 3437 2357 obesset
3457 2300 3582 2355 vita:

1986 2386 2177 2443 futura:
2203 2389 2457 2461 quidquid
2485 2390 2685 2446 inimici
2714 2390 2782 2446 de
2807 2391 3126 2462 corporibus
3154 2391 3465 2447 occisorum
3494 2390 3579 2447 fa-

1986 2497 2111 2538 cere
2137 2483 2451 2538 voluissent.
2475 2483 2583 2538 Nisi
2614 2482 2753 2539 forte
2774 2484 3039 2554 quispiam
3067 2483 3147 2539 sic
3176 2483 3438 2539 absurdus
3463 2491 3576 2551 est,

1986 2581 2044 2627 ut
2063 2572 2352 2629 contendat
2375 2588 2469 2629 eos
2496 2574 2589 2644 qui
2618 2588 2814 2645 corpus
2841 2573 3114 2641 occidunt,
3144 2589 3251 2629 non
3282 2573 3481 2629 debere
3506 2574 3577 2628 ti-

1985 2665 2118 2719 meri
2133 2673 2256 2721 ante
2274 2675 2524 2733 mortem,
2543 2682 2611 2722 ne
2629 2682 2825 2737 corpus
2836 2665 3103 2733 occidant;
3122 2675 3177 2722 et
3192 2665 3365 2721 timeri
3382 2663 3578 2721 debere

1986 2764 2106 2825 post
2132 2764 2358 2810 mortem
2380 2799 2397 2824 ,
2428 2772 2496 2811 ne
2516 2771 2712 2826 corpus
2736 2756 2972 2811 occisum
3000 2754 3214 2826 sepeliri
3246 2770 3351 2809 non
3376 2754 3575 2810 sinant.

1986 2844 2202 2900 Falsum
2228 2855 2311 2901 est
2336 2862 2465 2917 ergo
2499 2846 2641 2917 quod
2681 2846 2758 2902 ait
2779 2845 3029 2902 Christus
3049 2887 3064 2913 ,
3102 2846 3204 2913 Qui
3230 2862 3416 2917 corpus
3444 2845 3581 2900 occi-

1984 2939 2147 3005 dunt,
2201 2948 2247 2992 et
2287 2948 2459 3010 postea
2500 2956 2603 2994 non
2642 2940 2826 2994 habent
2869 2940 2994 3010 quid
3037 2939 3230 3008 faciant
3261 2939 3473 3009 (Matth.
3506 2955 3536 2993 ι
3559 2979 3575 3000 .

1983 3030 2074 3096 9.8,
2096 3030 2195 3097 50;
2225 3030 2350 3085 Luc.
2381 3047 2474 3095 xu,
2498 3032 2552 3098 4,
2581 3029 2673 3103 7);
2705 3032 2749 3085 si
2777 3030 2978 3093 habent
3006 3038 3150 3085 tanta
3176 3046 3296 3101 qua:
3320 3029 3388 3084 de
3414 3028 3577 3084 cada-

1985 3121 2201 3177 veribus
2249 3120 2489 3177 faciant?
2532 3122 2687 3177 Absit
2728 3130 2788 3176 ut
2835 3120 3028 3176 falsum
3071 3120 3143 3174 sit
3184 3118 3329 3190 quod
3372 3117 3580 3174 Veritas

1983 3212 2138 3267 dixit.
2170 3213 2377 3267 Dictum
2418 3219 2503 3268 est
2539 3213 2683 3268 enim
2712 3211 2915 3283 aliquid
2943 3224 3040 3267 eos
3063 3209 3243 3266 facere
3278 3224 3401 3265 cum
3428 3208 3578 3264 occi-

1983 3303 2145 3372 dunt,
2177 3303 2302 3374 quia
2345 3304 2400 3358 in
2428 3317 2654 3374 corpore
2692 3316 2884 3357 sensus
2920 3310 3004 3357 est
3029 3299 3359 3361 occidendo;
3391 3307 3578 3371 postea

1984 3413 2113 3453 vero
2133 3395 2264 3451 nihil
2289 3395 2489 3452 habere
2514 3395 2655 3466 quod
2688 3394 2904 3462 faciant,
2934 3394 3056 3465 quia
3079 3392 3255 3448 nullus
3280 3407 3471 3448 sensus
3497 3400 3578 3447 est

1984 3490 2039 3546 in
2083 3505 2307 3559 corpore
2337 3489 2537 3545 occiso.
2579 3488 2741 3543 Multa
2770 3488 2949 3558 itaque
2975 3502 3203 3557 corpora
3240 3485 3579 3542 Christiano-

1985 3599 2103 3637 rum
2132 3592 2270 3638 terra
2299 3598 2405 3636 non
2445 3582 2615 3637 texit:
2657 3579 2754 3636 sed
2784 3580 2989 3635 nullum
3022 3595 3208 3635 eorum
3239 3579 3520 3649 quisquam
3546 3594 3579 3632 a

1984 3673 2124 3728 ccelo
2152 3682 2207 3726 et
2235 3682 2378 3727 terra
2405 3671 2704 3741 separavit,
2738 3686 2899 3741 quam
2922 3679 3092 3725 totam
3132 3670 3316 3739 implet
3345 3684 3581 3739 prasen-

1987 3764 2056 3818 tia
2081 3764 2186 3828 sui,
2216 3764 2305 3833 qui
2336 3763 2484 3817 novit
2504 3762 2645 3817 unde
2671 3761 2953 3817 resuscitet
2974 3759 3115 3830 quod
3137 3759 3355 3814 creavit.
3376 3759 3579 3813 Dicitur

1983 3856 2200 3928 quidem
2233 3857 2285 3910 in
2311 3856 2525 3911 Psalmo
2544 3896 2560 3921 ,
2588 3854 2878 3909 Posuerunt
2910 3853 3148 3908 mortdlia
3172 3870 3429 3908 servorum
3458 3864 3576 3908 tuo-

1983 3965 2099 4001 rum
2121 3964 2285 4002 escam
2320 3946 2609 4001 volatilibus
2646 3946 2790 4013 caeli,
2836 3961 3014 3999 carnes
3055 3953 3346 4000 sanctorum
3374 3954 3578 3999 tuorum

1983 4042 2152 4097 bestiis
2200 4052 2347 4095 terra:
2377 4057 2396 4094 :
2421 4039 2709 4106 e/Iuderunt
2756 4038 3053 4110 sanguinem
3108 4053 3282 4092 eorum
3332 4046 3573 4105 tanquam

1983 4152 2168 4203 aquam
2206 4135 2259 4189 in
2299 4134 2511 4188 circuitu
2548 4131 2837 4187 Jerusalem
2858 4173 2871 4196 ,
2899 4139 2947 4185 et
2974 4147 3077 4185 non
3101 4138 3208 4184 erat
3233 4130 3318 4199 qui
3344 4128 3580 4198 sepeliret

1985 4225 2157 4298 (Psal.
2203 4240 2434 4289 Lxxvnt,
2462 4222 2529 4288 2,
2561 4222 2648 4294 3);
2681 4221 2775 4277 sed
2825 4221 2996 4294 magis
3038 4220 3105 4276 ad
3151 4218 3575 4291 exaggerandam

1983 4316 2353 4373 crudelitatem
2380 4330 2566 4370 eorum
2595 4313 2686 4384 qui
2713 4313 2813 4368 ista
2846 4311 3123 4379 fecerunt,
3154 4325 3262 4365 non
3291 4309 3356 4364 ad
3387 4322 3573 4364 eorum

1986 4407 2352 4462 infelicitatem
2394 4405 2485 4477 qui
2528 4406 2628 4459 ista
2674 4403 2913 4475 perpessi
2957 4412 3099 4457 sunt.
3143 4400 3398 4469 Quamvis
3434 4399 3577 4454 enim

1985 4501 2101 4556 hmo
2131 4501 2183 4555 in
2227 4507 2517 4570 conspectu
2560 4498 2836 4554 hominum
2868 4495 3007 4550 dura
3035 4503 3091 4550 et
3113 4494 3227 4548 dira
3272 4492 3576 4556 videantur,

1984 4593 2077 4647 sed
2110 4593 2328 4663 pretiosa
2356 4593 2409 4645 in
2445 4598 2715 4660 conspectu
2746 4588 2951 4642 Domini
2988 4604 3123 4641 mors
3157 4594 3445 4640 sanctorum
3469 4583 3580 4653 ejus

1986 4682 2157 4753 (Psal.
2179 4698 2302 4749 cxv,
2335 4680 2446 4754 l5).
2491 4680 2724 4737 Proinde
2754 4680 2853 4734 ista
2891 4678 3071 4735 omnia
3091 4720 3106 4744 ,
3134 4676 3187 4731 id
3228 4683 3345 4741 est,
3373 4676 3580 4728 curatio

1987 4773 2217 4840 funeris,
2273 4771 2510 4827 conditio
2552 4771 2871 4841 sepulturae,
2919 4784 3111 4839 pompa
3166 4765 3577 4835 exsequiarum,

1986 4863 2154 4934 magis
2184 4871 2307 4916 sunt
2331 4861 2570 4919 vivorum
2615 4858 2834 4925 solatia,
2866 4872 3025 4926 quam
3065 4854 3302 4910 subsidia
3340 4861 3578 4907 mortuo-

1986 4971 2126 5011 rum.
2168 4953 2225 5011 Si
2270 4952 2471 5023 aliquid
2521 4950 2741 5021 prodest
2786 4948 2951 5018 impio
2990 4946 3269 5016 sepultura.
3307 4943 3576 5014 pretiosa,

1986 5048 2160 5105 oberit
2188 5047 2277 5116 pio
2297 5046 2418 5100 vilis
2443 5052 2535 5099 aut
2556 5043 2722 5097 nulla.
2744 5040 3039 5096 Przeelaras
3059 5036 3340 5106 exsequias
3371 5036 3422 5089 in
3447 5049 3580 5089 con-

1986 5148 2170 5211 spectu
2214 5138 2487 5193 hominum
2516 5139 2809 5207 purpurato
2850 5130 2928 5185 illi
2971 5129 3119 5187 diviti
3150 5128 3303 5184 turba
3333 5128 3579 5183 exhibuit

1988 5231 2303 5286 famulorum
2331 5244 2346 5281 :
2375 5226 2470 5282 sed
2493 5225 2659 5280 multo
2687 5222 2943 5278 clariores
2970 5221 3022 5275 in
3046 5229 3336 5290 conspectu
3365 5219 3578 5275 Domini

1987 5322 2232 5377 ulceroso
2256 5320 2326 5373 illi
2350 5315 2568 5389 pauperi
2585 5313 2937 5369 ministerium
2958 5311 3186 5384 praebuit
3210 5311 3579 5382 Angelorum;

1985 5416 2075 5483 qui
2101 5426 2223 5466 eum
2246 5424 2350 5464 non
2370 5406 2680 5462 extulerunt
2701 5404 2755 5458 in
2781 5417 3141 5457 marmoreum
3169 5402 3454 5467 tumulum,
3482 5403 3577 5457 sed

1987 5507 2039 5561 in
2072 5502 2300 5561 Abrahae
2338 5498 2602 5572 gremium
2648 5496 2985 5552 sustulerunt
3022 5494 3173 5565 (Luc.
3208 5510 3296 5550 xvt
3318 5537 3333 5562 ,
3364 5494 3575 5565 19-22).

1988 5598 2183 5653 liident
2214 5595 2329 5650 ha‘c
2368 5591 2478 5659 illi,
2507 5598 2691 5646 contra
2726 5603 2861 5660 quos
2900 5587 3294 5643 defendendam
3336 5587 3579 5654 suscepi—

1988 5705 2106 5744 mus
2147 5686 2426 5742 Civitatem
2478 5682 3002 5737 Deizverumtamen
3052 5680 3341 5751 sepultum
3388 5694 3573 5734 curam

1988 5781 2147 5835 etiam
2173 5791 2356 5833 eorum
2383 5772 2681 5846 philosophi
2712 5780 3181 5841 contempserunt;
3208 5782 3262 5826 et
3285 5786 3427 5840 smpe
3457 5771 3578 5823 uni.

1996 5874 2131 5929 versi
2162 5871 2462 5936 exercitus,
2497 5866 2621 5923 dum
2651 5882 2744 5937 pro
2775 5874 2985 5922 terrena
3021 5866 3189 5935 patria
3217 5869 3575 5921 morerentur,
