4018 6496
464 368 569 422 595

466 481 554 535 ubi
601 489 782 552 postea
813 480 1082 551 jacerent,
1111 480 1192 535 vel
1221 482 1412 552 quibus
1449 482 1634 538 bestiis
1661 496 1783 536 esca
1816 482 2043 547 ﬁerent,

467 591 573 629 non
611 585 964 642 curaverunt;
993 575 1246 646 licuitque
1277 575 1448 646 poetis
1479 575 1546 632 de
1584 575 1682 630 hac
1710 591 1768 630 re
1794 573 2051 646 plausibi-

466 669 586 722 liter
614 666 791 724 dicere
809 710 826 735 ,

674 779 802 832 εωιο
823 782 1136 859 tegiturk‘qui
1152 795 1250 832 non
1280 781 1432 832 habet
1451 794 1624 832 urnam
1647 781 1740 846 (a).

463 893 662 953 quanto
683 886 859 941 minus
887 885 1082 940 debent
1123 886 1192 942 de
1221 887 1535 956 corporibus
1562 887 1842 957 insepultis
1883 887 2051 942 insul-

464 985 578 1031 tare
619 976 967 1042 Christianis,
1017 977 1208 1047 quibus
1253 986 1307 1033 et
1358 978 1524 1048 ipsius
1562 979 1740 1033 carnis
1786 979 2053 1034 membro-

464 1084 688 1139 rumque
714 1071 952 1124 omnium
998 1069 1337 1137 reformatio,
1386 1086 1492 1126 non
1537 1071 1709 1124 solum
1753 1087 1818 1126 ex
1871 1080 2047 1141 terra,

467 1175 648 1218 verum
692 1163 852 1219 etiam
891 1180 955 1218 ex
995 1164 1220 1219 aliorum
1259 1166 1642 1221 elementorum
1686 1167 2052 1222 secretissimo

471 1251 587 1309 sinu
607 1296 623 1322 ,
650 1271 757 1326 quo
784 1256 984 1326 dilapsa
1011 1258 1268 1312 cadavera
1301 1267 1669 1324 recesserunt,
1712 1258 1763 1312 in
1797 1259 2050 1328 temporis

470 1357 664 1416 puncto
693 1345 958 1401 reddenda
986 1356 1040 1403 et
1065 1347 1469 1418 redintegranda
1499 1349 1858 1420 promittitur?
1891 1368 1910 1402 ι

535 1437 764 1494 CAPUT
793 1438 1036 1496 [IL—5.
1070 1439 1287 1494 Funeris
1327 1450 1375 1496 et
1421 1443 1694 1512 sepultum
1737 1458 1860 1496 cura
1897 1458 2052 1508 quare

466 1529 760 1584 laudabilis.
787 1549 805 1582 ι
828 1529 936 1585 Nec
953 1530 1070 1584 ideo
1087 1540 1264 1586 tamen
1281 1531 1667 1586 contemnenda
1685 1532 2050 1602 etabjicicnda

465 1631 591 1674 sunt
615 1637 837 1691 corpora
864 1622 1233 1678 defunctorum
1257 1667 1272 1690 ,
1305 1624 1641 1696 maximeque
1675 1625 1938 1695 jnstorum
1988 1641 2051 1682 ac

463 1710 696 1766 ﬁdelium
717 1753 732 1776 ,
761 1712 951 1782 quibus
982 1722 1230 1783 tanquam
1259 1715 1472 1783 organis
1503 1725 1557 1769 et
1587 1715 1727 1770 vasis
1765 1715 1831 1769 ad
1872 1715 2048 1771 omnia

463 1800 598 1855 bona
622 1817 782 1871 opera
809 1813 994 1860 sancte
1020 1820 1147 1860 usus
1169 1813 1251 1860 est
1275 1807 1492 1874 spiritus
1516 1807 1554 1860 ⁸.
1579 1807 1635 1862 Si
1654 1807 1796 1862 enim
1824 1817 2049 1879 paterna

461 1895 626 1948 vestis
652 1905 705 1949 et
724 1897 975 1961 annulus,
1008 1912 1070 1952 ac
1101 1897 1144 1952 si
1174 1897 1301 1967 quid
1342 1898 1647 1967 hujusmodi
1668 1940 1682 1963 ,
1733 1909 1880 1955 tanto
1923 1900 2050 1956 cha-

465 1989 576 2039 rius
603 1994 687 2041 est
714 1989 974 2055 posteris,
1006 1999 1206 2058 quanto
1243 2005 1368 2060 erga
1414 2000 1663 2060 parentes
1709 1993 1881 2064 major
1923 1993 2053 2050 alie-

463 2084 617 2139 ctus;
647 2078 796 2132 nullo
825 2079 986 2134 modo
1020 2081 1130 2151 ipsa
1159 2083 1459 2152 spernenda
1487 2092 1612 2138 sunt
1657 2100 1904 2155 corpora,
1933 2103 2052 2157 quae

464 2166 648 2237 utique
699 2170 865 2226 multo
913 2169 1225 2228 familiarius
1273 2182 1432 2244 atque
1473 2176 1838 2246 conjunctius,
1891 2195 2050 2248 quam

463 2259 712 2327 quazlibet
737 2261 1041 2316 indumenta
1067 2274 1356 2334 gestamus.
1387 2267 1510 2322 Haac
1536 2269 1678 2323 enim
1705 2285 1809 2324 non
1853 2271 1920 2325 ad
1957 2287 2049 2326 or-

464 2358 772 2403 namentum
796 2352 877 2406 vel
907 2352 1249 2421 adjutorium,
1291 2356 1432 2425 quod
1481 2357 1763 2414 adhibetur
1789 2362 2053 2416 extrinse-

461 2453 581 2505 cus,
613 2441 704 2494 sed
735 2440 802 2495 ad
843 2442 1010 2510 ipsam
1045 2453 1286 2500 naturam
1316 2446 1549 2502 hominis
1581 2450 1868 2518 pertinent.
1898 2451 2051 2509 Unde

467 2541 520 2585 et
546 2531 882 2602 antiquorum
906 2535 1170 2603 justorum
1213 2538 1394 2593 funera
1437 2538 1675 2595 ofﬁciosa
1708 2543 1907 2611 pietate
1955 2561 2052 2600 cu-

465 2632 578 2676 rata
604 2633 748 2690 sunt,
772 2635 827 2681 et
854 2627 1122 2696 exsequiae
1152 2628 1435 2684 celebrata;
1459 2672 1475 2697 ,
1520 2640 1575 2686 et
1618 2633 1890 2702 sepultura
1917 2651 2049 2706 pro-

463 2719 576 2772 visa
600 2735 615 2771 :
639 2718 840 2789 ipsique
870 2735 990 2776 cum
1015 2723 1286 2790 viverent,
1319 2725 1387 2779 de
1413 2727 1755 2796 sepeliendis,
1780 2729 1865 2785 vel
1889 2730 2050 2786 etiam

466 2807 846 2864 transferendis
870 2812 981 2866 suis
1007 2815 1319 2883 corporibus
1342 2815 1463 2870 ﬁliis
1491 2817 1876 2875 mandaverunt
1893 2819 2048 2892 (Gen.

466 2914 614 2964 χχιιι,
647 2915 777 2967 xxv,
833 2901 1020 2967 9,.10,
1070 2913 1117 2957 et
1167 2921 1334 2970 XLVII,
1379 2907 1491 2978 50).
1537 2909 1600 2963 Et
1641 2910 2053 2982 Tobias'sepe-

465 2989 640 3044 liendo
670 3002 909 3048 mortuos
940 2995 1104 3049 Deum
1137 2998 1517 3066 promeruisse,
1541 3009 1678 3056 teste
1706 3005 1895 3073 angelo
1911 3019 2052 3060 com-

465 3080 746 3136 rnendatur
775 3082 922 3152 (Tob.
953 3100 1010 3150 ιι,
1041 3086 1094 3149 9,
1119 3095 1165 3140 et
1206 3103 1300 3155 xu,
1337 3089 1448 3160 12).
1483 3089 1598 3160 ipse
1625 3109 1834 3164 quoque
1864 3095 2051 3150 Domi-

465 3187 567 3227 nus
591 3173 679 3228 die
704 3177 860 3232 tertio
887 3189 1281 3235 resurrecturus
1307 3183 1568 3253 religiosze
1592 3187 1828 3242 mulieris
1850 3189 2049 3245 bonum

464 3278 600 3333 opus
645 3265 915 3332 przedicat,
949 3270 1452 3343 praedicandumque
1493 3278 1864 3345 commendat,
1908 3281 2051 3350 quod

464 3365 788 3421 unguentum
820 3359 1108 3426 pretiosum
1143 3377 1303 3432 super
1329 3365 1565 3420 membra
1609 3367 1728 3436 ejus
1777 3369 2046 3433 effuderit.

464 3453 623 3514 atque
650 3445 750 3501 hoc
777 3448 842 3502 ad
869 3465 989 3504 eum
1026 3453 1393 3522 sepeliendum
1421 3456 1605 3512 fecerit
1651 3457 1862 3532 (Matth.
1895 3477 2046 3532 xxvi,

463 3534 621 3607 7-13)
647 3555 660 3590 :
690 3549 743 3593 et
769 3539 1106 3598 laudabiliter
1133 3559 1621 3604 commemorantur
1646 3550 1699 3605 in
1737 3551 2045 3623 Evangelio,

461 3628 551 3695 qui
579 3642 773 3696 corpus
799 3630 913 3701 ejus
941 3632 1008 3688 de
1029 3649 1189 3691 cruce
1217 3649 1490 3707 acceptum
1511 3681 1527 3705 ,
1578 3640 1864 3712 diligenter
1888 3653 2048 3715 atque

463 3719 752 3776 honoriﬁce
781 3723 1063 3793 tegendum
1089 3728 1560 3801 sepeliendumque
1579 3744 1835 3789 curarunt
1859 3734 2041 3806 (Joan.

460 3825 569 3874 ιιι,
602 3811 714 3882 58).
738 3813 930 3870 Verum
955 3817 1070 3871 ista:
1090 3821 1432 3877 auctoritates
1461 3839 1566 3877 non
1595 3824 1696 3880 hoc
1728 3827 2040 3892 admonent,

459 3902 598 3971 quod
629 3903 753 3960 insit
776 3906 912 3961 ullus
943 3908 1289 3966 cadaveribus
1319 3927 1539 3978 sensus;
1574 3916 1668 3971 sed
1698 3917 1764 3971 ad
1792 3918 1890 3973 Dei
1917 3935 2046 3988 pro-

458 3993 744 4050 videntiam
798 3998 903 4068 (cui
951 4000 1161 4069 placent
1207 4003 1366 4056 etiam
1415 4005 1539 4059 talia
1583 4007 1793 4082 pietatis
1843 4008 2041 4082 ofﬁcia)

454 4099 682 4154 corpora
730 4103 942 4158 quoque
994 4102 1325 4147 mortuorum
1388 4081 1659 4163 pertinere
1702 4081 2038 4168 signiﬁcant,

459 4185 676 4244 propter
702 4177 858 4233 ﬁdem
886 4182 1294 4238 resurrectionis
1317 4187 1678 4242 astruendam.
1712 4189 1811 4246 Ubi
1838 4202 1891 4246 et
1913 4192 2042 4248 illud

457 4267 740 4324 salubriter
761 4271 1004 4339 discitur,
1053 4284 1248 4342 quanta
1297 4278 1467 4345 possit
1506 4294 1627 4334 esse
1675 4283 2043 4340 remuneratio

459 4372 556 4425 pro
586 4357 967 4430 eleemosynis,
997 4377 1128 4432 quas
1163 4365 1460 4422 viventibus
1486 4378 1535 4423 et
1565 4371 1918 4428 sentientibus
1943 4389 2041 4429 ex-

457 4446 722 4512 hibemus,
752 4449 799 4503 si
827 4465 1000 4520 neque
1025 4453 1124 4508 hoc
1151 4455 1290 4524 apud
1322 4455 1486 4512 Deum
1513 4460 1668 4528 perit,
1691 4463 1832 4531 quod
1854 4466 2041 4520 exani-

457 4541 559 4595 mis
587 4540 859 4597 hominum
893 4547 1145 4601 membris
1171 4548 1330 4604 ofﬁcii
1361 4550 1753 4624 diligentichue
1780 4559 2042 4625 persolvi-

457 4644 561 4688 tur.
592 4632 726 4689 Sunt
765 4636 978 4705 quidem
1019 4647 1075 4693 et
1112 4641 1216 4694 alia
1252 4657 1370 4711 qua:
1405 4645 1572 4698 sancti
1603 4645 1926 4704 Patriarclue
1973 4649 2041 4706 de

452 4725 768 4795 corporibus
795 4727 906 4782 suis
937 4729 1019 4782 vel
1057 4731 1346 4786 condendis
1388 4733 1472 4788 vel
1505 4735 1886 4794 transferendis
1913 4756 2043 4809 pro-

450 4817 663 4886 phetico
689 4819 880 4888 Spiritu
906 4819 1044 4876 dicta
1080 4822 1305 4894 intelligi
1334 4825 1616 4882 voluerunt
1671 4827 1822 4899 (Gen.
1869 4847 2035 4901 xcv",

448 4909 539 4973 30,
571 4920 616 4963 et
639 4925 689 4978 ι,
719 4909 850 4982 24);
896 4928 1001 4966 non
1033 4923 1209 4969 autem
1243 4915 1329 4970 hic
1367 4917 1519 4973 locus
1549 4928 1628 4974 est
1661 4929 1716 4974 ut
1739 4935 1802 4976 ea
1835 4933 2039 4991 pertra-

447 5008 655 5055 ctemus
675 5042 690 5065 ,
722 5017 844 5058 cum
869 5004 1135 5060 sufﬁciant
1174 5007 1275 5061 ista
1305 5023 1424 5076 quae
1452 5008 1705 5064 diximus.
1746 5011 1854 5067 Sed
1884 5014 1926 5067 si
1973 5029 2038 5070 ea

448 5106 567 5160 quae
615 5095 974 5152 sustentandis
1020 5097 1320 5153 viventibus
1357 5110 1480 5154 sunt
1523 5103 1855 5170 necessaria,
1902 5105 2040 5160 sicut

448 5186 621 5238 victus
647 5194 700 5240 et
724 5189 969 5256 amictus,
1001 5191 1243 5260 quamvis
1269 5206 1389 5246 cum
1437 5193 1584 5262 gravi
1625 5194 1914 5252 afﬂictione
1934 5198 2033 5254 de-

448 5274 576 5339 sint,
608 5290 712 5328 non
743 5276 983 5346 frangunt
1027 5281 1078 5334 in
1123 5281 1275 5335 bonis
1319 5281 1626 5357 perferendi
1670 5286 2035 5358 tolerandiqne

455 5367 716 5429 virtutem,
742 5384 840 5422 nec
867 5371 1138 5426 eradicaut
1162 5390 1226 5428 ex
1257 5375 1436 5428 animo
1464 5375 1734 5443 pietatem,
1763 5380 1856 5434 sed
1875 5397 2034 5436 exer-

448 5457 663 5510 citatam
691 5457 711 5487 ³
759 5459 954 5514 faciunt
1000 5461 1398 5530 fecundiorem;
1445 5478 1645 5536 quanto
1698 5472 1865 5542 magis
1909 5489 2030 5527 cum

512 5573 529 5642 ξ
564 5571 638 5642 sic
658 5575 762 5642 Mss.
791 5579 845 5642 at
867 5571 1015 5642 editi,
1036 5581 1227 5642 satietas
1249 5591 1364 5628 usus
1384 5585 1454 5628 est
1471 5577 1690 5642 Spiritus.

511 5634 530 5698 ξ
565 5637 621 5698 lu
632 5632 848 5698 antiquis
864 5640 998 5698 Mss,
1021 5635 1166 5698 Tobis.

511 5695 531 5725 ³
564 5692 714 5763 mliti,
756 5692 1032 5764 caritatum.
1061 5697 1225 5764 Melius
1248 5707 1377 5759 3155.,
1415 5699 1760 5764 exercitatam;
1803 5714 1855 5755 et
1890 5709 1959 5756 sic
1983 5709 2032 5757 in

451 5753 570 5804 libro
589 5753 743 5814 primo
763 5753 826 5800 de
847 5756 1045 5803 civitate
1072 5761 1171 5806 Dei.

507 5816 580 5875 (α)
602 5822 831 5873 Lucanus,
855 5815 903 5864 in
928 5815 1007 5864 lib.
1029 5819 1076 5876 7,
1103 5833 1146 5866 v.
1167 5822 1274 5882 819,
1292 5823 1356 5871 de
1371 5821 1543 5870 occisis
1567 5824 1825 5876 Pharsalica
1851 5844 2027 5888 “una.

1279 367 1366 424 DE
1405 367 1588 425 CURA
1629 365 1764 424 PRO
1800 365 2101 424 MORTUIS
2137 365 2489 440 GEBENDA,
2527 370 2584 426 S.
2620 371 2984 431 AUGUSTINI

3643 385 3746 442 596

2157 481 2351 538 desunt
2383 500 2445 539 ea
2479 501 2597 555 qure
2621 488 2870 544 curandis
2900 488 3176 547 funeribus
3204 494 3605 570 condendisque
3627 515 3750 554 cor-

2158 574 2376 644 poribus
2423 576 2792 634 defunctornm
2835 582 3076 639 adhiberi
3115 587 3320 656 solent,
3354 606 3461 645 nou
3505 590 3748 649 efﬁciunt

2158 666 2382 721 miseros
2400 709 2415 734 ,
2454 669 2505 722 in
2533 669 2755 726 occultis
2782 672 2988 742 piorum
3017 676 3233 734 sedibus
3259 679 3367 748 jam
3389 682 3647 751 quietos?
3673 687 3745 738 Ac

2156 772 2256 826 per
2285 757 2384 812 hoc
2408 801 2423 826 ,
2454 759 2668 832 quando
2694 762 2790 817 ista
2834 765 3184 822 cadaveribus
3227 769 3654 828 Christianorum
3690 777 3747 830 in

2159 851 2244 904 illa
2274 867 2478 923 magnae
2505 855 2682 920 urbis,
2711 857 2795 912 vel
2831 859 2992 913 etiam
3029 861 3257 916 aliorum
3289 865 3612 934 oppidorum
3653 884 3747 922 va-

2157 944 2385 998 statione
2424 945 2726 1014 defuerunt,
2758 964 2857 1005 nec
2897 951 3137 1007 vivorum
3168 955 3322 1026 culpa
3351 969 3466 1023 cst,
3501 961 3590 1028 qui
3640 978 3743 1016 non

2159 1042 2443 1102 potuerunt
2466 1036 2564 1091 ista
2597 1039 2866 1106 prmbere;
2913 1057 3012 1098 nec
3054 1054 3390 1100 mortuorum
3419 1065 3573 1118 pmna
3601 1093 3616 1118 ,
3650 1054 3740 1122 qui

2157 1139 2263 1178 non
2293 1137 2576 1194 potuerunt
2617 1129 2718 1184 ista
2755 1132 2954 1189 sentire
3000 1133 3100 1208 (De
3137 1135 3351 1192 Civitate
3382 1140 3492 1204 Dei,
3545 1143 3638 1196 lib.
3686 1145 3738 1210 l,

2155 1231 2306 1284 capp.
2340 1217 2406 1271 12
2457 1228 2501 1272 et
2528 1219 2635 1291 l3).
2673 1240 2692 1272 ι
2735 1221 2862 1277 Hmc
2895 1231 2978 1279 est
3020 1241 3136 1281 mea
3158 1227 3226 1283 de
3258 1231 3548 1300 sepultura:
3578 1249 3741 1290 causa

2156 1319 2314 1379 atque
2345 1313 2550 1368 ratione
2576 1317 2858 1370 sententia.
2884 1316 3051 1384 Quam
3079 1331 3356 1391 propterea
3380 1340 3446 1380 ex
3471 1327 3577 1382 alio
3609 1329 3745 1383 libro

2157 1417 2278 1456 meo
2305 1402 2355 1456 in
2386 1403 2545 1458 istum
2571 1407 2834 1476 transtuli,
2861 1410 2984 1480 quia
3009 1410 3215 1466 facilius
3244 1413 3347 1469 hoc
3373 1431 3402 1470 a
3439 1432 3525 1472 me
3550 1433 3743 1474 recen-

2155 1495 2258 1548 seri
2280 1497 2464 1564 potuit,
2489 1515 2646 1566 quam
2672 1499 2896 1569 idipsum
2925 1502 3030 1557 alio
3058 1505 3217 1560 modo
3237 1507 3594 1578 eloquendum
3623 1511 3735 1568 fuit.

2224 1586 2450 1644 CAPUT
2482 1589 2570 1645 IV.
2594 1623 2667 1634 ——
2687 1593 2741 1648 6.
2773 1593 3067 1663 Sepultum:
3092 1598 3232 1655 locus
3267 1613 3465 1657 mortuo
3510 1622 3614 1659 non
3654 1624 3745 1674 per

2155 1693 2210 1732 se
2227 1722 2240 1741 ,
2267 1679 2356 1733 sed
2380 1697 2467 1751 per
2486 1685 2798 1738 occasionem
2818 1687 3042 1756 prodest,
3069 1689 3192 1743 dum
3216 1692 3455 1748 admonet
3482 1706 3536 1749 ut
3564 1708 3742 1753 oretur

2156 1787 2248 1841 pro
2269 1771 2376 1824 illo.
2410 1771 2560 1839 Quod
2591 1775 2634 1828 si
2667 1791 2850 1831 verum
2885 1787 3004 1844 est,
3037 1781 3279 1850 profecto
3305 1785 3464 1840 etiam
3496 1789 3742 1856 provisus

2156 1861 2477 1930 sepeliendis
2503 1867 2816 1936 corporibus
2841 1869 2980 1938 apud
3011 1875 3297 1929 memorias
3316 1887 3624 1934 sanctorum
3655 1881 3738 1936 lo-

2155 1967 2284 2019 cus,
2310 1953 2463 2009 bona:
2501 1954 2795 2012 affectionis
2826 1958 3071 2016 humana:
3105 1974 3187 2018 est
3231 1981 3356 2037 erga
3400 1966 3582 2025 funera
3615 1987 3741 2026 suo-

2155 2057 2272 2097 rum
2297 2062 2309 2096 :
2341 2047 2590 2114 quoniam
2617 2047 2663 2112 si
2684 2051 2940 2106 nonnulla
2966 2053 3155 2124 religio
3183 2067 3266 2110 est
3303 2067 3361 2112 ut
3386 2061 3738 2130 sepeliantur,

2156 2150 2263 2189 non
2283 2147 2460 2206 potest
2489 2138 2632 2192 nulla
2659 2155 2776 2196 esse
2802 2143 3014 2210 quando
3044 2145 3132 2200 ubi
3152 2148 3477 2216 sepeliantur
3503 2154 3738 2208 attendi-

2156 2235 2258 2281 tur.
2295 2229 2398 2284 Sed
2423 2244 2544 2284 cum
2575 2231 2695 2286 talia
2723 2233 2967 2289 vivorum
3013 2238 3199 2293 solatia
3235 2243 3597 2310 requiruntur,
3626 2247 3744 2315 qui-

2155 2319 2254 2374 bus
2281 2336 2464 2376 eorum
2491 2323 2610 2392 pius
2637 2325 2689 2378 in
2725 2340 2852 2380 suos
2882 2327 3092 2383 animus
3120 2340 3413 2400 appareat,
3443 2348 3550 2388 non
3583 2336 3741 2391 video

2155 2427 2275 2481 qua:
2301 2422 2426 2467 sunt
2454 2414 2760 2484 adjumenta
2787 2427 3122 2473 mortuorum
3145 2463 3159 2488 ,
3191 2421 3290 2476 nisi
3310 2421 3376 2476 ad
3405 2423 3507 2478 hoc
3534 2434 3592 2480 ut
3614 2426 3742 2482 dum

2157 2502 2399 2558 recolunt
2427 2503 2516 2558 ubi
2545 2506 2652 2559 sint
2678 2507 2848 2576 posita
2871 2523 3055 2563 eorum
3082 2526 3216 2580 quos
3241 2511 3468 2584 diligunt
3490 2529 3742 2586 corpora,

2155 2594 2356 2650 eisdem
2382 2599 2578 2652 sanctis
2600 2598 2718 2653 illos
2741 2609 2988 2670 tanquam
3020 2604 3256 2671 patronis
3285 2616 3564 2676 susceptos
3591 2610 3734 2678 apud

2157 2683 2441 2740 Dominum
2487 2687 2816 2758 adjuvandos
2874 2693 3080 2747 orando
3132 2696 3530 2753 commendent.
3589 2699 3745 2767 Quod

2155 2777 2367 2847 quidem
2389 2776 2564 2834 facere
2595 2792 2841 2850 possent,
2875 2783 3084 2839 etiamsi
3125 2785 3322 2841 talibus
3349 2787 3481 2844 locis
3517 2805 3614 2845 eos
3642 2794 3745 2846 hu-

2154 2885 2303 2926 mare
2332 2888 2435 2926 non
2461 2884 2695 2942 possent.
2725 2873 2829 2930 Sed
2859 2893 2963 2931 non
2990 2878 3059 2933 ob
3085 2878 3226 2934 aliud
3255 2881 3334 2934 vel
3366 2881 3636 2938 Memoriae
3659 2885 3742 2940 vel

2154 2961 2493 3018 Monumenta
2524 2964 2771 3020 dicuntur
2799 2982 2862 3021 ea
2881 2983 2999 3037 quae
3023 2969 3270 3039 insignita
3299 2971 3312 3002 ⁸
3342 2971 3474 3026 ﬁunt
3495 2975 3745 3043 sepulcra

2155 3064 2482 3110 mortuorum
2505 3099 2520 3123 ,
2550 3057 2652 3112 nisi
2679 3058 2798 3127 quia
2821 3073 2916 3114 eos
2937 3060 3024 3129 qui
3055 3061 3344 3116 viventium
3365 3064 3538 3120 oculis
3562 3077 3741 3124 morte

2155 3146 2406 3202 subtraeti
2438 3159 2592 3211 sunt,
2622 3166 2689 3203 ne
2717 3150 2986 3207 oblivione
3024 3153 3184 3208 etiam
3222 3157 3475 3212 cordibus
3519 3159 3738 3214 subtra-

2153 3235 2368 3303 bantur,
2411 3239 2461 3292 in
2510 3241 2817 3295 memoriam
2846 3252 3133 3310 revocant,
3175 3255 3231 3300 et
3279 3245 3622 3304 admonendo
3651 3249 3738 3305 fa-

2153 3329 2302 3383 ciunt
2331 3330 2550 3400 cogitari
2577 3350 2590 3384 :
2618 3347 2737 3386 nam
2768 3343 2820 3388 et
2845 3333 3114 3390 Memoria:
3154 3352 3348 3392 nomen
3378 3337 3429 3393 id
3457 3341 3743 3409 apertissi-

2153 3435 2240 3474 me
2262 3421 2525 3489 ostendit,
2557 3433 2612 3477 et
2634 3422 3031 3480 Monumentum
3063 3442 3128 3481 eo
3157 3428 3302 3497 quod
3346 3441 3561 3485 moneat
3586 3448 3742 3492 men-

2158 3513 2372 3579 tem,id
2405 3523 2515 3580 est,
2565 3514 2882 3584 admoneat,
2929 3531 3283 3589 nuncupatur.
3329 3520 3557 3591 Propter
3595 3523 3742 3592 quod

2151 3617 2204 3663 et
2233 3607 2401 3663 Graeci
2416 3625 2638 3677 μνημεῖον
2655 3619 2864 3677 vocant,
2896 3611 3036 3681 quod
3065 3627 3160 3667 nos
3195 3613 3498 3669 Memoriam
3517 3631 3612 3670 seu
3630 3617 3743 3670 Mo-

2151 3709 2460 3753 numentum
2488 3701 2850 3770 appellamus;
2893 3702 3142 3772 quoniam
3170 3703 3348 3774 lingua
3389 3720 3577 3760 eorum
3620 3723 3739 3762 me-

2152 3791 2318 3844 moria
2348 3791 2460 3860 ipsa
2485 3807 2585 3861 qua
2612 3792 2949 3846 meminimus
2971 3805 3135 3861 μνήμη
3150 3793 3365 3849 dicitur.
3389 3795 3524 3851 Cum
3559 3799 3737 3868 itaque

2151 3881 2340 3935 recolit
2369 3881 2577 3935 animus
2603 3881 2690 3936 ubi
2716 3888 2978 3951 sepultum
3007 3885 3076 3936 sit
3105 3885 3406 3940 charissimi
3436 3903 3650 3958 corpus,
3678 3898 3738 3944 et

2150 3975 2384 4027 occurrit
2413 3973 2561 4026 locus
2610 3974 2825 4028 nomine
2875 3975 3126 4046 martyris
3169 3977 3507 4039 venerabilis,
3555 3978 3734 4034 eidem

2150 4063 2368 4133 martyri
2398 4063 2628 4116 animam
2664 4063 2914 4118 dilectam
2954 4065 3294 4120 commendat
3322 4068 3656 4122 recordantis
3679 4080 3738 4124 et

2151 4159 2414 4227 precantis
2441 4157 2679 4212 allectus.
2711 4158 2810 4226 Qui
2839 4175 2958 4213 cum
2984 4158 3250 4217 defunctis
3275 4179 3304 4216 a
3335 4164 3579 4220 ﬁdelibus
3601 4166 3740 4222 cha-

2148 4249 2376 4304 rissimis
2403 4248 2705 4315 exhibetur,
2739 4266 2861 4304 eum
2892 4251 3148 4320 prodesse
3172 4268 3279 4307 non
3307 4254 3524 4309 dubium
3550 4269 3632 4312 est
3665 4259 3734 4312 iis

2147 4344 2234 4414 qui
2257 4358 2375 4398 cum
2405 4343 2456 4397 in
2488 4358 2710 4412 corpore
2735 4344 3006 4410 viverent,
3039 4345 3159 4398 talia
3205 4346 3304 4400 sibi
3335 4355 3457 4417 post
3487 4347 3625 4402 hanc
3654 4350 3741 4403 vi-

2149 4447 2254 4492 tam
2279 4437 2534 4508 prodesse
2557 4447 2884 4492 meruerunt.
2911 4438 3103 4494 Verum
3130 4449 3184 4494 et
3210 4441 3253 4494 si
3281 4441 3455 4512 aliqua
3490 4445 3737 4499 necessi~

2148 4537 2229 4584 tas
2256 4529 2338 4582 vel
2381 4528 2585 4582 humari
2627 4543 2874 4598 corpora,
2899 4529 2982 4583 vel
3025 4530 3078 4584 in
3119 4531 3315 4586 talibus
3358 4532 3490 4587 locis
3521 4533 3736 4591 humari

2146 4623 2290 4676 nulla
2317 4621 2434 4676 data
2468 4622 2713 4677 facultate
2743 4623 3046 4692 permittat,
3080 4638 3184 4678 non
3239 4634 3363 4678 sunt
3407 4630 3736 4694 praetermit-

2149 4711 2320 4767 tendae
2378 4712 2791 4782 supplicationes
2853 4729 2948 4783 pro
3010 4715 3287 4784 Spiritibus
3352 4728 3735 4774 mortuorum:

2145 4819 2276 4873 quas
2309 4802 2573 4858 faciendas
2598 4820 2693 4873 pro
2719 4805 2964 4859 omnibus
2993 4806 3047 4858 in
3073 4807 3359 4861 christiana
3378 4817 3432 4862 et
3458 4810 3725 4865 catholica

2144 4895 2398 4950 societate
2433 4895 2698 4948 defunctis
2747 4895 2910 4950 etiam
2964 4897 3142 4951 tacitis
3189 4899 3498 4953 nominibus
3541 4916 3734 4956 eorum

2143 4987 2243 5041 sub
2271 4987 2501 5057 generali
2539 4987 3046 5041 commemoratione
3086 4994 3321 5058 suscepit
3361 4991 3642 5058 Ecclesia;
3677 5003 3738 5049 ut

2142 5079 2334 5148 quibus
2354 5077 2419 5131 ad
2456 5079 2552 5131 ista
2587 5077 2778 5132 desunt
2804 5087 3078 5147 parentes,
3108 5091 3201 5134 aut
3232 5080 3344 5144 ﬁlii,
3369 5090 3462 5136 aut
3488 5084 3740 5151 quicum-

2141 5187 2245 5239 que
2273 5171 2479 5240 cognati
2522 5171 2605 5225 vel
2654 5170 2832 5232 amici,
2883 5171 2950 5224 ab
2982 5187 3084 5225 una
3138 5174 3216 5228 cis
3258 5173 3613 5228 exhibeantur
3646 5176 3734 5243 pia

2141 5274 2310 5316 matre
2337 5262 2624 5315 communi.
2655 5261 2709 5316 Si
2733 5269 2910 5315 autem
2940 5261 3193 5317 deessent
3221 5263 3334 5317 ista:
3371 5265 3730 5333 supplicatio—

2141 5368 2255 5416 nes,
2286 5368 2403 5422 qua:
2431 5353 2559 5406 ﬁunt
2585 5361 2726 5406 recta
2762 5352 2865 5406 ﬁde
2884 5368 2946 5406 ac
2977 5355 3172 5422 pietate
3197 5370 3295 5424 pro
3323 5357 3572 5420 mortuis,
3597 5367 3734 5425 puto

2139 5443 2277 5513 quod
2323 5443 2449 5497 nihil
2484 5443 2759 5513 prodesset
2800 5444 3074 5512 spiritibus
3122 5461 3307 5499 eorum
3339 5447 3638 5514 quamlibet
3667 5448 3726 5504 in

2141 5535 2269 5589 locis
2293 5536 2492 5588 sanctis
2522 5536 2765 5588 exanima
2795 5553 3017 5604 corpora
3048 5546 3394 5605 ponerentur.

2209 5627 2435 5681 C.\PUT
2485 5628 2548 5680 V.
2576 5658 2646 5668 -——
2675 5629 2724 5681 7.
2767 5627 2934 5683 Locus
2981 5647 3069 5699 per
3119 5631 3430 5685 occasionem
3477 5646 3730 5704 quantum

2204 5834 2216 5864 ¹
2256 5831 2475 5892 fierique
2503 5840 2626 5891 Mss,
2655 5831 2918 5897 insigniter.
2947 5832 3029 5883 Alii
3055 5833 3262 5898 quidam,
3290 5831 3532 5897 insignite.
