4018 6492
232 410 317 465 5¹3Ἰ

245 522 396 593 prosit.
419 518 547 571 Cum
598 529 731 585 ergo
769 511 941 566 ﬁdelis
978 518 1149 564 mater
1190 506 1361 561 fidelis
1408 504 1500 558 filii
1545 501 1781 557 defuncti

241 590 412 680 corpus
437 604 755 661 desideravit
774 604 827 656 in
858 601 1077 655 basilica
1099 596 1347 669 martyris
1388 594 1511 665 poni
1540 633 1556 659 ,
1584 593 1631 647 si
1673 590 1793 661 qui-

242 704 345 759 dem
364 696 575 754 credidit
602 695 718 765 ejus
745 693 977 747 animam
1014 688 1221 745 meritis
1245 686 1493 756 martyris
1516 682 1793 753 adjuvari;

243 798 328 850 hoc
352 790 483 863 quod
504 790 575 843 ita
603 787 868 851 credidit,
916 782 1233 854 supplicatio
1273 778 1519 851 quaedam
1568 776 1703 842 fuit;
1740 783 1796 830 et

243 889 340 942 haec
366 879 581 952 profuit,
612 878 657 932 si
684 876 807 947 quid
838 874 1057 946 profuit.
1090 874 1154 927 Et
1180 871 1325 942 quod
1351 869 1418 924 ad
1449 869 1589 924 idem
1615 866 1799 935 sepul-

238 990 369 1033 crum
389 970 610 1027 recurrit
627 969 828 1030 animo,
852 976 906 1021 et
935 965 1099 1019 filium
1127 962 1374 1033 precibus
1396 958 1564 1028 magis
1601 956 1798 1027 magis-

240 1082 327 1138 que
372 1059 738 1125 commendat;
791 1056 1009 1127 adjuvat
1057 1052 1300 1109 defuncti
1350 1050 1637 1121 spiritum,
1686 1061 1794 1102 non

241 1154 407 1211 mortui
428 1148 669 1219 corporis
695 1149 861 1211 locus,
886 1146 981 1201 sed
1008 1160 1075 1200 ex
1101 1144 1204 1199 loci
1234 1140 1493 1197 memoria
1513 1140 1662 1194 vivus
1692 1152 1799 1191 ma-

241 1247 320 1301 tris
342 1244 576 1298 affectus.
625 1238 795 1294 Simul
826 1238 967 1292 enim
1002 1244 1059 1291 et
1087 1234 1208 1305 quis
1250 1241 1305 1287 et
1336 1232 1423 1287 cui
1449 1227 1797 1285 commenda-

239 1338 345 1393 tus‘
371 1335 455 1398 sit,
487 1348 598 1387 non
633 1331 813 1401 utique
841 1328 1170 1383 infructuose
1214 1323 1519 1393 religiosam
1565 1327 1797 1376 mentem

242 1425 478 1499 precantis
506 1422 742 1493 attingit.
782 1419 916 1476 Nam
955 1427 1010 1475 et
1049 1424 1265 1473 orantes
1306 1414 1376 1470 de
1420 1411 1676 1469 membris
1715 1409 1799 1464 sui

238 1517 453 1588 corporis
478 1514 685 1570 faciunt
723 1511 867 1583 quod
910 1508 1333 1581 supplicantibus
1366 1504 1645 1576 congruit,
1676 1517 1799 1558 cum

238 1624 386 1681 genua
411 1607 579 1676 figunt
601 1645 617 1669 ,
644 1619 766 1660 cum
797 1601 1092 1660 extendunt
1120 1614 1330 1663 manus,
1369 1597 1454 1651 vel
1488 1596 1648 1651 etiam
1680 1608 1801 1663 prov

238 1710 522 1759 sternuntur
548 1700 690 1763 solo,
722 1706 777 1754 et
814 1697 860 1752 si
905 1695 1032 1766 quid
1075 1693 1217 1749 aliud
1247 1691 1527 1747 visibiliter
1569 1688 1797 1753 faciunt;

238 1792 453 1865 quamvis
474 1805 668 1847 eorum
699 1788 980 1843 invisibilis
1015 1785 1259 1840 voluntas
1290 1792 1346 1838 et
1370 1781 1548 1838 cordis
1576 1779 1802 1835 intentio

240 1892 331 1947 Deo
352 1898 471 1945 nota
499 1888 605 1953 sit,
632 1900 734 1941 nec
761 1885 850 1940 ille
880 1882 1113 1953 indigeat
1140 1881 1223 1935 his
1248 1877 1480 1942 indiciis,
1513 1884 1571 1930 ut
1606 1875 1798 1928 Imma-

238 1996 322 2037 nos
355 1981 401 2037 ei
429 1977 702 2049 pandatnr
734 1974 947 2030 animus
976 1991 990 2028 :
1015 1971 1111 2028 sed
1151 1970 1278 2026 hinc
1323 1967 1493 2038 magis
1520 1980 1579 2021 se
1624 1965 1799 2034 ipsum

236 2072 585 2129 escitatbomo
604 2068 676 2124 ad
702 2065 964 2123 orandum
991 2062 1417 2136 gemendumque
1439 2057 1691 2113 humilius
1718 2061 1803 2108 at-

237 2180 323 2235 que
347 2161 659 2219 ferventius.
694 2160 761 2213 Et
801 2156 984 2212 nescio
1022 2151 1322 2225 quomodo,
1370 2164 1492 2205 cum
1526 2147 1578 2201 bi
1623 2154 1801 2200 motus

238 2254 451 2325 corporis
483 2251 607 2307 fieri
636 2250 741 2305 nisi
768 2258 918 2303 mctu
948 2245 1111 2300 animi
1154 2240 1494 2313 praecedente
1537 2251 1642 2291 non
1674 2248 1800 2305 pos-

236 2350 352 2407 sint.
377 2343 577 2400 eisdem
612 2354 806 2397 rursus
834 2336 1073 2393 exterius
1093 2334 1377 2389 visibiliter
1397 2329 1574 2394 factis,
1598 2327 1687 2383 ille
1715 2326 1802 2379 in-

238 2440 380 2493 terior
420 2434 711 2491 invisibilis
760 2432 852 2503 qui
905 2444 1002 2487 eos
1043 2427 1169 2483 fecit
1193 2433 1540 2496 augetur:ac
1565 2435 1660 2490 per
1701 2418 1805 2472 hoc

234 2529 389 2585 cordis
410 2528 664 2589 affectus,
705 2524 794 2596 qui
840 2533 900 2577 ut
949 2521 1140 2576 fierent
1193 2518 1296 2573 ista
1349 2513 1645 2586 praecessit,
1678 2511 1803 2580 quia

235 2622 348 2677 facta
374 2630 491 2676 sunt
516 2618 748 2674 crescit.
796 2615 1178 2671 Verumtamen
1208 2610 1252 2664 si
1293 2623 1359 2664 eo
1387 2605 1548 2661 modo
1577 2603 1803 2673 quisque

235 2721 469 2778 teneatur,
498 2710 584 2765 vel
623 2708 788 2763 etiam
818 2706 1029 2776 ligetur,
1072 2711 1131 2758 ut
1167 2701 1283 2756 haec
1312 2699 1379 2754 de
1407 2698 1518 2752 suis
1548 2694 1804 2750 membris

235 2801 384 2861 facere
405 2808 664 2871 nequeat,
696 2813 804 2852 non
830 2795 950 2851 ideo
976 2808 1087 2848 non
1129 2799 1251 2846 orat
1285 2788 1511 2844 interior
1534 2786 1720 2850 homo,
1749 2792 1805 2839 et

235 2904 339 2953 ante
362 2893 541 2949 oculos
558 2890 664 2947 Dei
698 2890 753 2944 in
781 2886 1145 2945 secretissimo
1182 2882 1365 2946 cubili,
1407 2880 1503 2939 ubi
1538 2892 1802 2947 compun-

234 2987 373 3055 gitur,
399 2984 687 3040 sternitur.
717 2980 795 3037 lta
824 2981 984 3035 etiam
1005 2991 1131 3032 cum
1153 2974 1442 3045 plurimum
1472 2971 1679 3026 intersit
1714 2967 1805 3023 ubi

232 3083 371 3144 ponat
391 3089 583 3145 corpus
614 3073 820 3127 mortui
871 3070 976 3135 sui,
1007 3067 1100 3139 qui
1147 3080 1245 3137 pro
1290 3064 1481 3135 spiritu
1532 3064 1650 3131 ejus
1692 3061 1804 3115 Deo

231 3169 495 3238 supplicat,
534 3166 670 3237 quia
716 3173 772 3221 et
813 3160 1126 3235 przecedens
1168 3155 1391 3211 affectus
1433 3154 1610 3208 locum
1640 3149 1805 3220 elegit

228 3270 467 3326 sanctum,
487 3269 544 3314 et
562 3257 683 3312 illic
707 3268 936 3324 corpore
958 3250 1133 3322 posito
1159 3245 1471 3304 recordatus
1497 3244 1647 3299 locus
1673 3257 1802 3297 san-

231 3362 331 3410 ctus
350 3367 466 3407 eum
490 3350 584 3421 qui
614 3352 976 3419 praecesserat
1002 3349 1227 3398 renovat
1251 3348 1306 3394 et
1326 3346 1484 3408 auget
1503 3334 1755 3391 affectum
1788 3350 1800 3385 :

232 3455 387 3500 tamen
442 3442 659 3499 etiamsi
714 3455 823 3495 non
872 3437 1067 3508 possit,
1114 3435 1204 3491 ubi
1252 3432 1533 3502 religiosus
1554 3428 1804 3483 animus”

232 3536 409 3605 elegit,
467 3535 698 3589 humare
748 3545 909 3601 quem
963 3526 1167 3597 diligit,
1225 3524 1369 3579 nullo
1421 3521 1579 3577 modo
1645 3517 1805 3575 debet

230 3641 256 3678 a
294 3624 768 3696 supplicationibus
811 3619 1125 3677 necessariis
1177 3617 1230 3671 in
1289 3614 1405 3685 ejus
1458 3610 1806 3669 commenda-

234 3716 356 3770 tione
373 3731 606 3773 cessare.
638 3713 978 3781 Ubicumque
998 3709 1143 3764 enim
1164 3708 1340 3778 jaceat
1361 3705 1444 3759 vel
1484 3719 1589 3758 non
1630 3702 1807 3771 jaceat

232 3806 438 3864 defuncti
479 3822 634 3871 caro,
679 3804 889 3875 spiritui
924 3800 1139 3870 requies
1185 3794 1508 3867 acquirendo
1565 3793 1806 3862 est:qui

230 3914 332 3954 cum
359 3898 478 3955 inde
506 3898 705 3962 exiret,
740 3909 925 3950 secum
961 3890 1182 3946 abstulit
1223 3902 1460 3953 sensum,
1489 3900 1595 3956 quo
1624 3886 1802 3939 inter—

232 4005 333 4045 esse
377 3990 544 4060 possit
570 3986 851 4061 quomodo
875 3984 1101 4055 quisque
1127 3982 1227 4048 sit,
1251 3980 1367 4036 sive
1395 3979 1448 4032 in
1480 3976 1657 4041 bonis,
1687 3976 1802 4029 sive

232 4080 276 4133 in
302 4081 490 4136 malis:
520 4096 629 4136 nec
654 4080 727 4134 ab
768 4092 831 4132 ea
871 4089 1035 4131 carne
1073 4078 1351 4143 eXSpectat
1374 4068 1611 4140 adjuvari
1640 4066 1804 4121 vitam

231 4187 388 4238 suam,
419 4175 502 4228 cui
551 4170 836 4244 prmbebat
875 4167 990 4237 ipse
1028 4164 1213 4230 vitam,
1254 4177 1413 4233 quam
1454 4159 1687 4216 detraxit
1724 4173 1812 4213 es-

231 4265 423 4328 cedens,
456 4271 511 4320 ct
532 4263 858 4323 redditurus
877 4269 960 4315 est
984 4257 1199 4315 rediens
1225 4272 1238 4321 ;
1266 4253 1517 4325 quoniam
1549 4267 1655 4306 non
1677 4264 1804 4305 caro

232 4357 451 4424 spiritui,
484 4355 584 4411 sed
628 4353 857 4425 spiritus
884 4350 1034 4407 carni
1060 4347 1224 4405 etiam
1255 4346 1420 4416 ipsius
1447 4341 1808 4399 resurrectio-

231 4450 301 4503 nis
339 4449 590 4503 meritum
648 4450 949 4513 comparat,
998 4450 1179 4496 utrum
1210 4437 1277 4492 ad
1336 4450 1585 4507 pinnam,
1626 4447 1694 4487 an
1743 4430 1812 4485 ad

230 4540 429 4609 gloriam
450 4538 770 4594 reviviscat.

287 4631 504 4690 CAPUT
532 4630 706 4685 VL—
721 4628 774 4683 8.
795 4625 1023 4695 Corpora
1045 4633 1326 4693 martyrum
1346 4627 1543 4682 exusta,
1562 4624 1607 4670 et
1624 4615 1814 4669 cineres

233 4724 463 4779 Rhodano
489 4722 737 4793 inspersi.
776 4718 1030 4788 Legimus
1065 4715 1117 4769 in
1159 4708 1530 4767 Ecclesiastica
1560 4706 1810 4768 Historia,

228 4834 368 4885 qttam
394 4832 574 4887 graece
604 4812 829 4883 scripsit
858 4808 1140 4872 Eusebius,
1167 4814 1221 4860 et
1249 4805 1303 4858 in
1333 4802 1551 4856 latinam
1580 4799 1811 4867 linguam

231 4908 372 4962 vertit
397 4907 674 4970 Bullinus,
706 4910 998 4972 martyrum
1028 4912 1253 4967 corpora
1290 4893 1344 4948 in
1382 4891 1549 4947 Gallia
1591 4888 1813 4943 canibus

229 5002 472 5069 exposita,
493 5009 812 5063 canumque
829 4993 850 5025 ³
883 4990 1132 5060 reliquias
1153 4997 1310 5057 atque
1335 4999 1457 5040 ossa
1483 4989 1813 5036 mortuorum

231 5105 384 5159 usque
412 5090 480 5143 ad
507 5096 818 5143 extremam
859 5078 1319 5148 consumptionem
1358 5074 1569 5143 ignibus
1597 5084 1818 5125 concre-

228 5190 383 5244 mata;
409 5179 751 5247 eosdemque
820 5173 1027 5227 cineres
1056 5167 1216 5223 fluvio
1245 5164 1524 5227 Rhodano,
1578 5177 1646 5216 ne
1687 5158 1814 5229 quid

230 5269 285 5322 ad
324 5270 643 5325 memoriam
676 5265 1123 5336 qualemcumque
1160 5258 1572 5326 relinqueretur,
1610 5252 1822 5321 insper-

231 5375 305 5414 sos
333 5362 427 5432 (α).
468 5358 630 5426 Quod
667 5373 776 5410 non
809 5354 878 5408 ob
903 5350 1045 5407 aliud
1076 5346 1395 5405 credendum
1436 5352 1518 5399 est
1558 5342 1814 5397 divinitus

285 5540 299 5570 ¹
334 5539 436 5586 ΒΜ.
464 5548 568 5587 Am.
594 5543 699 5589 Em,
727 5528 1151 5600 commendandus.

286 5604 304 5630 ⁸
333 5606 400 5648 Sic
555 5599 682 5645 l-iditt
708 5608 845 5650 vero,
871 5599 1072 5640 amictu.

289 5663 305 5692 ³
336 5644 510 5709 ilius?
521 5644 779 5707 taticanis
804 5644 928 5710 oss...
952 5650 1276 5711 comitemque.
1316 5647 1483 5711 Cameri
1510 5644 1706 5711 codices
1718 5656 1822 5692 ima-

237 5707 522 5785 izuscrtpti‘et
546 5721 751 5774 excusi,
781 5707 1043 5776 amantque
1078 5707 1338 5773 reliquias;
1383 5709 1432 5757 id
1469 5707 1773 5760 est.relietas
1798 5718 1823 5752 a

259 5805 279 5829 Α

237 5788 549 5906 “(13;
591 5840 995 5905 Lugdunensium
1039 5845 1295 5899 martyrum
1339 5844 1537 5893 corpora
1584 5846 1671 5877 sex
1706 5828 1814 5877 dies

1621 387 1818 441 LIBER
1858 385 2052 442 UNUS.

3374 387 3474 441 698

1902 500 2065 554 fuisse
2106 500 2423 570 permissum
2449 542 2464 566 ,
2509 502 2609 556 nisi
2658 512 2714 557 ut
2758 503 3023 559 discerent
3065 500 3386 565 Christiani,
3422 502 3468 555 in

1900 591 2204 646 confitendo
2230 589 2523 655 Christum,
2563 592 2688 647 dum
2717 602 3061 649 contemnunt
3104 594 3240 647 hanc
3277 593 3436 645 vitam
3458 633 3474 657 ,

1901 684 2069 739 multo
2096 684 2262 754 magis
2287 692 2628 739 contemnere
2652 687 2997 755 sepulturam.
3027 686 3139 740 lloc
3163 685 3303 742 enim
3332 686 3475 753 quod

1903 776 2103 845 ingenti
2133 777 2332 830 saevitia
2363 775 2431 831 de
2461 776 2775 845 corporibus
2813 788 3102 850 martyrum
3136 778 3328 833 factum
3356 788 3471 841 est,

1900 870 1946 924 si
1976 869 2055 923 eis
2069 868 2353 939 quidquam
2381 878 2734 939 noceret,quo
2758 869 2934 924 minus
2963 870 3117 924 beate
3135 871 3151 901 ¹
3169 871 3474 938 requiesce—

1900 969 2021 1013 rent
2049 973 2234 1013 eorum
2268 958 2958 1027 victoriosissimispiritus,
3001 974 3108 1013 non
3150 961 3331 1027 utique
3362 958 3475 1013 fieri

1901 1050 2186 1105 sineretur.
2218 1050 2298 1105 Re
2324 1050 2435 1121 ipsa
2460 1064 2587 1120 ergo
2614 1049 2939 1105 declaratum
2967 1060 3081 1115 est,
3108 1066 3214 1105 non
3244 1051 3363 1107 ideo
3396 1052 3480 1106 di-

1901 1140 2044 1195 xisse
2074 1140 2374 1203 Dominum,
2405 1138 2579 1195 Nolite
2627 1141 2798 1194 timere
2863 1156 2946 1194 eos
2988 1141 3073 1211 qui
3116 1157 3297 1212 corpus
3347 1140 3481 1194 occi-

1901 1230 2047 1296 dunt,
2069 1239 2116 1284 et
2139 1240 2311 1300 postea
2336 1246 2437 1284 non
2474 1229 2654 1284 habent
2694 1229 2816 1300 quid
2854 1230 3046 1302 faciant
3091 1228 3240 1298 (Luc.
3267 1246 3363 1289 xu,
3394 1229 3469 1300 6),

1902 1322 2042 1392 quod
2089 1337 2194 1376 non
2234 1330 2378 1377 esset
2419 1323 2773 1392 permissurus
2810 1322 3006 1393 aliquid
3048 1336 3142 1377 eos
3188 1322 3365 1377 facere
3412 1325 3479 1378 de

1902 1427 2118 1468 suorum
2147 1413 2460 1483 corporibus
2487 1420 2818 1467 mortuorum
2840 1413 2862 1444 ⁸
2889 1429 2902 1466 :
2927 1410 3021 1467 sed
3049 1411 3300 1481 quoniam
3324 1413 3479 1481 quid-

1901 1503 2027 1574 quid
2071 1503 2244 1558 facere
2288 1502 2533 1571 permissi
2579 1512 2779 1567 essent,
2825 1501 2959 1557 nihil
3001 1518 3106 1571 quo
3152 1503 3483 1557 minueretur

1902 1593 2189 1649 christiana
2218 1592 2588 1648 defunctorum
2620 1592 2842 1648 felicitas
2868 1594 3039 1657 fieret,
3083 1592 3213 1647 nihil
3252 1591 3377 1646 inde
3415 1592 3478 1646 ad

1903 1699 2115 1739 sensum
2156 1692 2275 1753 post
2303 1692 2528 1738 mortem
2560 1684 2855 1739 viventium
2889 1683 3224 1753 perveniret;
3256 1682 3385 1737 nihil
3413 1683 3479 1737 ad

1903 1774 2279 1830 detrimentum
2307 1774 2495 1829 saltem
2536 1774 2774 1844 ipsorum
2812 1789 3119 1845 corporum,
3160 1788 3267 1845 quo
3310 1774 3484 1828 minus

1904 1866 2106 1938 integra
2136 1874 2500 1935 resurgerem,
2530 1865 2839 1935 pertineret.

1974 1959 2199 2016 CAPUT
2256 1958 2367 2035 γιι.
2387 1988 2461 2001 -
2506 1960 2561 2015 9.
2607 1958 2744 2016 Cura
2766 1957 3041 2030 sepultura
3062 1975 3126 2013 ea:
3151 1959 3371 2012 naturali
3398 1960 3484 2029 af-

1904 2051 2037 2122 fectu
2086 2068 2206 2123 erga
2242 2067 2445 2122 corpus.
2492 2051 2559 2105 Et
2588 2058 2763 2105 tamen
2803 2065 2873 2106 ex
2912 2050 3003 2106 illo
3043 2049 3260 2104 immani
3304 2049 3485 2104 cordis

1903 2142 2116 2209 all‘ectu,
2143 2156 2249 2213 quo
2275 2156 2433 2197 nemo
2461 2156 2692 2212 unquam
2730 2156 2948 2196 carnem
2974 2156 3124 2195 suam
3164 2140 3288 2196 odio
3326 2140 3488 2196 habet

1910 2233 2123 2305 (Ep/tes.
2153 2248 2205 2298 v,
2235 2233 2307 2289 29
2329 2234 2369 2304 ),
2410 2232 2456 2288 si
2494 2242 2819 2303 cognoscant
2856 2233 3101 2287 homines
3129 2232 3324 2302 aliquid
3367 2242 3489 2301 post

1904 2333 2131 2379 mortem
2157 2338 2306 2378 suam
2319 2323 2428 2378 suis
2442 2323 2756 2394 corporibus
2780 2322 3081 2378 defuturum
3104 2323 3145 2387 ³,
3164 2322 3304 2393 quod
3321 2323 3375 2377 in
3391 2338 3486 2377 sua

1905 2414 2161 2485 cujusque
2201 2423 2361 2485 gente
2402 2415 2485 2469 vel
2529 2414 2696 2483 patria
2738 2414 2910 2482 poscit
2949 2413 3260 2469 solemnitas
3302 2414 3487 2483 sepul-

1908 2514 2061 2575 απαξ,
2097 2506 2479 2563 contristantur
2504 2513 2561 2560 ut
2587 2504 2867 2571 homines;
2895 2513 2950 2560 et
2986 2504 3127 2575 quod
3156 2504 3223 2559 ad
3247 2519 3339 2559 eos
3370 2512 3490 2573 post

1906 2608 2135 2654 mortem
2157 2612 2264 2653 non
2290 2598 2538 2667 pertinet,
2557 2606 2680 2651 ante
2699 2605 2926 2650 mortem
2952 2596 3061 2651 suis
3084 2596 3396 2666 corporibus
3418 2598 3488 2650 ti-

1907 2699 2079 2747 ment:
2098 2693 2167 2745 ita
2181 2690 2545 2744 utinveniatur
2558 2689 2610 2742 in
2628 2687 2930 2759 Regnorum
2945 2687 3095 2743 libris
3112 2687 3253 2742 Deus
3270 2703 3363 2757 per
3376 2702 3488 2756 pro-

1908 2782 2120 2852 phetam
2146 2781 2335 2835 minari
2361 2780 2510 2835 alteri
2534 2778 2821 2849 prepbeta’,
2850 2777 2940 2848 qui
2976 2778 3093 2846 ejus
3128 2786 3490 2847 transgressus

1908 2882 1990 2927 est
2019 2874 2261 2939 verbum,
2284 2870 2425 2941 quod
2449 2885 2551 2924 non
2575 2869 2861 2925 inferretur
2877 2869 3102 2924 cadaver
3118 2870 3232 2938 ejus
3250 2869 3301 2922 in
3324 2871 3490 2938 sepul~

1907 2979 2055 3018 crum
2080 2971 2287 3034 patrum
2305 2962 2436 3032 ejus.
2452 2962 2581 3029 Quae
2606 2960 2880 3030 Scriptura
2896 2962 2973 3015 sic
2990 2960 3151 3016 habet
3175 2979 3188 3015 :
3215 2959 3340 3015 Ηαεε
3368 2962 3490 3015 dicit

1908 3054 2433 3122 Dominus,Quoniam
2450 3053 2735 3108 inobediens
2756 3053 2896 3125 fuisti
2913 3052 2990 3106 ori
3004 3052 3228 3118 Domini,
3244 3062 3289 3106 et
3302 3070 3400 3106 non
3411 3070 3491 3106 cu-

1906 3148 2105 3202 stodisti
2119 3148 2409 3201 mandatum
2424 3146 2558 3217 quod
2577 3146 2814 3216 praecepit
2829 3143 3178 3199 tibiDominus
3199 3144 3333 3199 Deus
3354 3154 3492 3209 tuus,

1909 3249 1954 3294 et
1981 3256 2206 3294 reversus
2243 3256 2314 3305 es,
2341 3249 2388 3293 et
2424 3238 2682 3293 comedisti
2723 3254 2926 3308 panem,
2948 3247 2995 3291 et
3023 3236 3185 3291 bibisti
3220 3253 3404 3307 aquam
3440 3239 3494 3290 in

1909 3332 2019 3385 loco
2041 3331 2092 3384 in
2120 3346 2217 3401 quo
2260 3331 2495 3401 prterepit
2520 3330 2609 3383 tibi
2656 3346 2718 3383 ne
2750 3330 3034 3383 comederes
3088 3324 3269 3399 panem
3292 3369 3307 3393 ,
3339 3343 3496 3396 neque

1911 3423 2097 3479 biberes
2120 3439 2324 3494 aquam,
2339 3439 2440 3477 non
2466 3423 2711 3493 inferetur
2730 3421 2945 3475 cadaver
2965 3432 3105 3474 tuum
3132 3421 3185 3474 in
3209 3419 3495 3491 sepulcrum

1911 3527 2113 3587 patrum
2135 3523 2334 3569 tuorum
2361 3513 2381 3586 (
2406 3512 2469 3566 lll
2498 3513 2627 3585 Reg.
2657 3528 2749 3567 xm
2768 3555 2782 3579 ,
2809 3513 2873 3566 21
2898 3521 2944 3565 et
2966 3511 3037 3565 22
3056 3512 3100 3583 ).
3144 3511 3339 3580 Quanti
3383 3512 3495 3566 hate

1913 3623 2069 3680 pinna
2101 3606 2377 3678 pendenda
2404 3607 2492 3670 sit,
2524 3607 2568 3660 si
2596 3604 2891 3660 secundum
2922 3604 3265 3674 Evangelium
3295 3603 3497 3673 cogite-

1914 3714 2053 3765 mus,
2087 3699 2175 3753 ubi
2208 3706 2327 3768 post
2353 3712 2546 3766 corpus
2575 3696 2808 3750 occisum
2838 3694 2971 3749 nihil
3009 3693 3350 3749 metuendum
3376 3709 3497 3748 esse

1912 3790 2197 3846 didicimus
2225 3803 2292 3843 ne
2322 3788 2560 3843 membra
2586 3786 2832 3841 exanima
2878 3786 3165 3856 patiantur,
3198 3800 3297 3840 nec
3342 3800 3495 3854 poena

1911 3880 2135 3937 dicenda
2164 3889 2264 3935 est.
2295 3878 2350 3935 Si
2380 3888 2555 3933 autem
2602 3877 2895 3931 humanum
2936 3890 3061 3946 erga
3090 3890 3241 3930 suam
3281 3889 3494 3932 carnem

1913 3971 2317 4029 consideremus
2344 3968 2614 4032 affectum,
2646 3966 2819 4038 potuit
2859 3965 2983 4021 inde
3024 3966 3213 4020 terreri
3246 3965 3324 4020 vel
3364 3979 3496 4022 cost-

1916 4064 2113 4120 tristari
2150 4063 2322 4129 vivus,
2362 4060 2506 4132 quod
2546 4074 2804 4115 sensurus
2841 4074 2947 4113 non
2987 4066 3102 4113 erat
3130 4066 3412 4113 mortuus:
3443 4065 3499 4112 et

1916 4160 2030 4213 hare
2057 4166 2173 4213 erat
2203 4170 2379 4226 paena,
2421 4154 2675 4225 quoniam
2720 4152 2934 4208 dolebat
2966 4151 3179 4206 animus
3213 4149 3263 4204 id
3293 4148 3362 4205 de
3399 4165 3499 4204 suo

1914 4262 2140 4319 corpore
2182 4246 2441 4311 futurum,
2485 4244 2729 4314 quamvis
2770 4257 2891 4299 cum
2935 4241 3091 4296 fieret
3131 4255 3238 4295 non
3270 4239 3496 4295 doleret.

1917 4339 2184 4395 Hactenus
2227 4338 2369 4392 enim
2408 4335 2576 4390 voluit
2620 4334 2872 4389 Dominus
2914 4347 3126 4388 servum
3171 4346 3327 4386 suum
3384 4330 3499 4399 ple-

1915 4442 2100 4495 ctere,
2149 4431 2237 4501 qui
2275 4446 2381 4484 non
2429 4443 2524 4483 sua
2595 4425 2927 4481 contumacia
2981 4431 3254 4493 spreverat
3302 4436 3503 4491 prince-

1917 4533 2066 4595 ptum
2083 4522 2198 4592 ejus
2216 4521 2460 4590 implere,
2473 4518 2568 4576 sed
2599 4519 2773 4587 aliena
2801 4516 3099 4586 decipiente
3129 4514 3335 4571 fallacia
3370 4513 3498 4567 obe-

1917 4615 2032 4670 dire
2057 4629 2116 4669 se
2147 4612 2391 4678 credidit,
2434 4610 2646 4681 quando
2693 4624 2798 4664 non
2840 4608 3094 4664 obedivit.
3134 4607 3316 4679 Neque
3358 4607 3501 4659 enim

1920 4705 2212 4777 putandum
2242 4712 2325 4759 est
2353 4704 2425 4758 ita
2455 4702 2621 4757 fuisse
2652 4702 3029 4769 interemptum
3060 4712 3241 4751 morsu
3282 4696 3498 4759 bestim,

1919 4805 1980 4852 ut
2005 4796 2069 4851 ad
2097 4794 2412 4865 supplicium
2442 4802 2726 4847 tartareum
2759 4790 2876 4860 ejus
2904 4788 3098 4843 deinde
3137 4787 3309 4841 anima
3348 4800 3503 4854 rape-

1922 4900 2117 4945 retur:
2163 4885 2591 4957 quandoquidem
2636 4886 2812 4952 ipsum
2858 4880 2972 4950 ejus
3016 4894 3210 4948 corpus
3248 4876 3388 4930 idem
3421 4875 3506 4930 leo

1921 4983 2009 5051 qui
2036 4980 2303 5036 occiderat
2334 4976 2637 5039 custodivit,
2678 4973 2925 5044 jumento
2950 4971 3112 5025 etiam
3140 4984 3245 5039 quo
3269 4966 3503 5022 veheba-

1925 5084 2010 5129 tur
2037 5072 2204 5128 illzeso
2228 5112 2243 5137 ,
2283 5079 2336 5125 et
2364 5068 2520 5124 simul
2547 5081 2667 5121 cum
2700 5064 2788 5118 illa
2818 5060 3036 5116 immani
3085 5060 3193 5114 fera
3239 5058 3503 5127 intrepida

1926 5163 2206 5234 praesentia
2232 5161 2299 5215 ad
2329 5160 2409 5214 sui
2436 5158 2636 5215 domini
2678 5154 2833 5209 funus
2860 5160 3086 5207 astante.
3117 5150 3234 5218 Quo
3275 5150 3505 5205 mirabili

1925 5257 2075 5325 signo
2101 5261 2319 5323 apparet
2347 5251 2615 5303 hominem
2651 5246 2743 5300 Dei
2770 5245 3057 5298 coercitum
3092 5244 3268 5312 potius
3298 5253 3501 5310 tempu-

1928 5497 2177 5545 (votitinuos
2197 5491 2288 5541 sub
2308 5488 2390 5537 dio
2410 5488 2617 5548 iacuisse
2639 5491 2801 5548 narrat
2824 5483 3075 5548 Eusebius.
3118 5481 3202 5531 lib.
3240 5482 3289 5540 5,
3328 5492 3413 5540 cap
3462 5479 3507 5537 ι,

1931 5566 2196 5621 posteaque
2219 5544 2431 5602 cremata
2456 5556 2507 5600 et
2532 5551 2579 5597 in
2606 5547 2878 5597 Rhodanum
2903 5544 3135 5609 projects.

1996 5642 2010 5671 ¹
2049 5646 2095 5685 ιη
2118 5630 2403 5698 quibusdam
2427 5637 2554 5686 Mss,
2578 5626 2718 5677 beati.

1995 5704 2014 5731 '
2051 5693 2234 5759 Aliquot
2258 5693 2419 5756 probae
2444 5699 2579 5759 noue
2594 5699 2717 5742 διες..
2745 5693 3029 5759 martyrum:

1997 5764 2017 5793 ³
2049 5763 2120 5808 sic
2136 5747 2328 5805 'Mss.'/tt
2350 5761 2479 5808 Lov.,
2504 5751 2604 5803 suis
2628 5747 2905 5813 corporibus
2928 5747 3163 5811 defunctis
3189 5747 3369 5795 «ἔμειξε.
3416 5755 3508 5799 Am.

1937 5834 1986 5874 et
2010 5830 2103 5881 lita,
2129 5829 2412 5879 suorumque
2438 5814 2769 5874 defunctorum
2793 5814 2973 5861 deesse.
