4018 6510
439 368 542 421 599
1210 360 1297 416 DE
1326 358 1509 416 CURA
1550 359 1684 417 PRO
1721 358 2019 416 MORTUIS
2056 357 2404 428 GERENDA,
2443 359 2501 415 S.
2543 357 2908 417 AUGUSTINI
3600 365 3709 424 600

431 478 618 531 raliter
643 490 808 546 usque
846 474 912 531 ad
949 484 1195 542 mortem,
1238 488 1400 545 quam
1440 474 1682 545 punitum
1727 488 1847 531 esse
1890 482 2014 545 post

431 579 683 622 mortem.
716 569 789 622 De
813 582 917 638 qua
947 583 1007 622 re
1032 566 1341 637 Apostolus,
1366 582 1487 622 cum
1517 575 1734 637 propter
1755 566 2010 637 quasdam

430 659 660 713 oﬁ'cnsas
684 667 1160 713 commemorasset
1185 657 1521 713 inﬁrmitates
1544 668 1851 727 mortesque
1873 656 2013 711 mul-

431 760 601 802 torum
627 766 640 802 :
673 748 735 804 Si
762 750 896 803 enim
919 766 1011 803 nos
1037 750 1193 819 ipsos,
1225 747 1415 818 inquit,
1446 748 1815 819 judicaremus,
1844 764 1876 801 a
1901 745 2014 801 Do-

430 838 567 891 mino
597 854 695 891 non
715 839 1088 909 judicaremur.
1118 836 1246 893 Cum
1277 838 1574 909 judicamur
1607 847 1776 891 autem
1795 879 1810 903 ,
1842 853 1874 891 a
1902 835 2013 891 Do-

426 930 565 982 mino
590 930 913 999 corripiatur,
942 946 1005 984 ne
1027 946 1142 983 cum
1166 929 1353 983 mundo
1382 929 1680 983 damnentur
1700 928 1717 998 (
1741 928 1762 982 l
1787 927 1905 983 Cor.
1930 943 2008 994 χι,

426 1020 490 1075 51
512 1028 559 1072 et
576 1020 695 1091 52).
714 1020 850 1075 Eum
877 1035 1007 1076 sane
1027 1020 1141 1089 ipse
1167 1020 1255 1090 qui
1282 1018 1569 1093 deceperat
1588 1018 1640 1072 in
1665 1026 2012 1073 monumento

434 1111 649 1179 proprio
670 1111 801 1166 satis
825 1109 1119 1165 honoriﬁce
1147 1108 1410 1179 sepelivit,
1445 1122 1611 1179 seque
1643 1107 2010 1179 sepeliendum

425 1199 573 1269 juxta
600 1215 721 1255 ossa
749 1201 865 1271 ejus
891 1201 1127 1255 curavit:
1157 1200 1226 1254 ita
1255 1214 1476 1269 sperans
1504 1198 1648 1270 parci
1680 1212 1838 1268 posse
1875 1212 2010 1269 quo-

426 1308 531 1360 que
559 1293 769 1348 ossibus
792 1293 924 1357 suis,
956 1308 1076 1348 cum
1104 1292 1310 1347 veniret
1339 1299 1546 1360 tempus
1570 1289 1785 1358 quando
1811 1305 2009 1345 secun-

427 1384 555 1437 dum
598 1384 738 1438 illius
767 1383 999 1439 hominis
1039 1383 1133 1437 Dei
1164 1381 1493 1452 prophetiam
1522 1380 1695 1436 Josias
1734 1396 1826 1435 rex
1873 1380 2008 1437 Juda

427 1474 482 1529 in
521 1475 609 1529 illa
635 1484 772 1530 terra
794 1475 1083 1530 multorum
1104 1474 1244 1529 eruit
1266 1488 1388 1528 ossa
1410 1483 1762 1539 mortuorum,
1785 1471 2010 1527 eisdem-

424 1581 532 1637 que
555 1566 767 1621 ossibus
792 1566 1045 1637 sacrilega
1073 1566 1281 1633 altaria,
1307 1580 1427 1636 quae
1454 1565 1787 1634 sculptilibus
1810 1565 2009 1620 consti-

430 1667 539 1715 tuta
571 1658 801 1724 fuerant,
847 1660 1150 1714 funestavit.
1192 1658 1437 1729 Pepercit
1466 1658 1665 1729 quippe
1707 1658 1782 1713 illi
1812 1673 2005 1714 monu-

426 1761 608 1809 mento
636 1750 721 1807 ubi
743 1752 954 1823 jacebat
978 1752 1265 1823 Propheta,
1288 1751 1528 1823 quiante
1562 1765 1732 1806 annos
1776 1751 2006 1821 amplius

421 1859 580 1914 quam
608 1853 873 1900 trecentos
902 1844 1001 1899 ista
1019 1843 1366 1915 praedixerat;
1395 1852 1449 1898 et
1471 1852 1688 1913 propter
1709 1843 1881 1913 ipsum
1905 1857 2006 1899 nec

422 1939 562 1994 illius
582 1938 671 2009 qui
694 1955 816 1994 eum
832 1939 1135 2006 seduxerat,
1157 1938 1429 2009 sepultura
1451 1938 1645 1993 violata
1668 1944 1752 1992 cst
1766 1935 1856 2007 (lll
1872 1935 2002 2007 Reg.

424 2046 539 2095 xm,
562 2030 892 2097 24-32,etlv
916 2030 1045 2103 Reg.
1066 2046 1196 2086 nm
1214 2072 1231 2098 ,
1264 2026 1487 2102 16-18).
1526 2028 1735 2083 Alfectu
1776 2041 2006 2098 namque

423 2122 533 2187 illo,
569 2137 677 2192 quo
702 2136 863 2177 nemo
904 2137 1137 2193 unquam
1182 2135 1400 2177 carnem
1440 2134 1592 2175 suam
1630 2118 1757 2175 odio
1801 2118 2002 2185 habet,

422 2212 725 2282 provident
748 2213 994 2269 cadaveri
1022 2228 1141 2278 suo,
1172 2213 1263 2283 qui
1292 2211 1563 2267 occiderat
1588 2209 1866 2266 mendacio
1889 2211 2005 2264 ani-

421 2318 563 2357 mam
587 2318 759 2359 suam.
791 2303 871 2358 Ex
902 2303 1004 2359 hoc
1030 2304 1190 2375 igitur
1232 2302 1375 2374 quod
1418 2316 1634 2358 carnem
1663 2315 1814 2356 suam
1858 2300 2005 2371 quis-

422 2412 524 2467 que
554 2397 864 2453 naturaliter
887 2397 1078 2468 diligit,
1106 2406 1161 2452 et
1184 2396 1262 2452 illi
1290 2410 1448 2467 poena
1472 2394 1571 2450 fuit
1592 2394 1871 2450 addiscere
1896 2409 2004 2448 non

417 2504 540 2544 eum
571 2489 802 2545 futurum
848 2491 903 2546 in
947 2490 1196 2560 sepulcro
1239 2498 1450 2559 patrum
1490 2502 1739 2555 suorum;
1783 2494 1839 2542 et
1882 2484 2006 2541 huic

417 2593 544 2634 cura
575 2581 901 2650 prospicere,
936 2590 993 2636 ut
1022 2589 1334 2651 parceretur
1358 2579 1571 2635 ossibus
1608 2577 1742 2646 suis,
1782 2578 1828 2633 si
1853 2576 2003 2649 juxta

417 2684 537 2724 eum
565 2669 786 2739 jaceret,
817 2671 969 2741 cujus
996 2671 1304 2741 sepulcrum
1334 2683 1494 2725 nemo
1519 2669 1763 2724 violaret.

487 2761 712 2818 CAPUT
750 2762 970 2817 Vlll.—
986 2762 1074 2818 10.
1101 2762 1357 2833 Martyres
1384 2761 1661 2832 sepultura:
1684 2775 1858 2813 curam
1882 2774 2004 2813 con-

418 2861 743 2923 lempserttnt.
771 2852 921 2908 Hunc
946 2852 1196 2908 affectum
1224 2860 1492 2922 martyres
1510 2849 1709 2905 Christi
1737 2864 1835 2919 pro
1864 2849 2004 2904 veri-

418 2951 525 2998 tate
553 2953 823 2999 certantes
846 2944 1091 2999 vicerunt
1118 2962 1132 2997 :
1161 2956 1261 2998 nec
1296 2942 1489 2997 mirum
1516 2941 1640 3012 quia
1664 2949 2002 3010 contempse-

418 3043 543 3089 runt
584 3035 727 3104 quod
765 3051 873 3090 non
912 3035 1124 3090 fuerant
1149 3044 1362 3105 peracta
1406 3042 1579 3089 morte
1621 3034 1870 3099 sensuri,
1910 3034 2001 3113 qui

418 3142 523 3182 non
552 3136 838 3197 potuerunt
864 3129 964 3193 eis,
1004 3142 1141 3199 quos
1166 3127 1409 3183 viventes
1444 3125 1764 3193 sentiebant,
1794 3126 2001 3182 crucia-

418 3218 564 3273 tibus
600 3219 757 3274 vinci.
802 3219 1016 3274 Poterat
1046 3219 1230 3290 utique
1258 3219 1433 3284 Deus,
1480 3217 1573 3288 qui
1619 3216 1828 3273 leonem
1872 3217 2003 3272 Pro-

419 3308 595 3379 pheta:
622 3323 838 3378 corpus,
867 3309 1010 3379 quod
1037 3309 1153 3379 ipse
1180 3308 1467 3375 occiderat,
1498 3308 1729 3363 ulterius
1747 3323 1856 3363 non
1883 3322 2005 3378 per-

420 3400 568 3454 misit
603 3400 883 3468 attingere,
927 3409 983 3455 et
1019 3399 1147 3457 fecit
1188 3400 1256 3455 de
1304 3408 1642 3471 peremptore
1686 3398 2001 3467 custodem;

419 3500 650 3563 poterat,
682 3492 923 3562 inquam,
949 3507 979 3547 a
1002 3506 1221 3548 suorum
1253 3491 1545 3547 interfectis
1570 3491 1882 3562 corporibus
1910 3505 2003 3546 ca-

420 3601 516 3641 nes
544 3584 734 3656 quibus
759 3584 970 3640 fuerant
1000 3585 1233 3655 projecta
1264 3584 1581 3656 prohibere;
1613 3592 1821 3654 poterat
1843 3593 1897 3640 et
1922 3585 2004 3657 ip-

417 3692 598 3731 sorum
625 3677 900 3732 hominum
924 3677 1400 3733 innumerabilibus
1423 3677 1596 3733 modis
1621 3687 1824 3733 terrere
1846 3677 2005 3732 smvi-

425 3770 576 3835 tiatn,
605 3784 673 3824 ne
709 3769 966 3825 cadavera
1000 3768 1305 3836 incendere,
1350 3785 1418 3825 ne
1462 3770 1669 3824 cineres
1693 3768 2001 3840 dispergere

424 3862 683 3917 auderent
730 3879 746 3916 :
808 3862 905 3917 sed
952 3861 1054 3917 hoc
1113 3877 1327 3933 quoque
1389 3862 1812 3932 experimentum
1865 3860 2003 3915 tnul-

420 3952 583 4023 tiplici
610 3954 853 4009 varietati
885 3953 1236 4009 tentationum
1275 3953 1467 4010 deesse
1500 3954 1517 3985 ‘
1550 3970 1657 4009 non
1685 3952 1889 4018 debuit,
1932 3967 2001 4008 ne

417 4048 668 4104 fortitudo
694 4049 1065 4114 confessionis,
1097 4065 1217 4120 quae
1253 4048 1566 4104 immanitati
1614 4046 2001 4118 persecutionis

419 4154 517 4209 pro
552 4141 793 4211 corporis
835 4140 1007 4195 salute
1047 4155 1155 4195 non
1193 4139 1444 4207 cederet,
1489 4155 1585 4211 pro
1625 4138 1854 4211 sepulcri
1902 4137 2002 4193 ho-

418 4246 550 4288 nore
583 4233 907 4302 trepidaret;
952 4242 1257 4303 postremo,
1304 4249 1373 4289 ne
1416 4232 1548 4288 ﬁdes
1591 4230 2000 4287 resurrectionis

416 4323 875 4392 eonsumptionem
903 4339 1186 4395 corporum
1218 4323 1551 4379 formidaret.
1580 4322 1889 4379 Debuerant
1913 4338 1999 4378 er-

416 4429 487 4484 go
534 4423 589 4468 et
618 4416 714 4469 ista
742 4416 994 4485 permitti,
1028 4428 1085 4470 ut
1124 4417 1286 4472 etiam
1326 4424 1448 4487 post
1494 4416 1610 4470 haec
1647 4415 1778 4470 tanti
1807 4415 1999 4470 horro-

416 4505 492 4560 ris
516 4507 538 4538 ³
562 4507 803 4576 exempla
830 4516 1093 4579 martyres
1122 4509 1173 4563 in
1199 4507 1395 4564 Christi
1422 4506 1760 4563 confessione
1788 4506 2000 4563 ferven-

419 4606 519 4662 tes,
552 4594 709 4666 hujus
735 4612 946 4668 quoque
976 4606 1139 4653 testes
1165 4598 1353 4653 ﬁerent
1391 4599 1653 4663 veritatis,
1688 4598 1739 4651 in
1771 4613 1872 4668 qua
1913 4597 1997 4653 di-

414 4689 674 4751 dicerant,
710 4702 804 4742 eos
846 4704 876 4743 a
914 4689 1105 4758 quibus
1145 4704 1240 4744 sua
1278 4704 1501 4760 corpora
1541 4689 1991 4755 interﬁcerentur,

414 4789 597 4851 postea
626 4777 755 4833 nihil
783 4777 979 4834 habere
1002 4779 1142 4849 quod
1170 4779 1403 4836 facerent
1427 4799 1441 4835 :
1467 4783 1715 4850 quoniam
1740 4779 1997 4850 quidquid

413 4872 637 4927 titortuis
682 4872 995 4941 corporibus
1038 4871 1293 4938 facerent,
1337 4874 1519 4944 utique
1565 4872 1694 4927 nihil
1737 4871 1990 4938 facerent,

413 4964 627 5034 quando
656 4963 709 5018 in
755 4978 918 5019 carne
958 4963 1104 5018 omni
1128 4964 1234 5018 vita
1256 4974 1497 5028 carente,
1526 4977 1628 5019 nec
1651 4962 1847 5031 aliquid
1873 4976 1997 5017 seno

415 5058 514 5110 tire
543 5064 722 5126 posset
750 5054 839 5125 qui
882 5052 1004 5109 inde
1032 5054 1297 5123 migravit,
1340 5069 1441 5109 nec
1476 5051 1676 5123 aliquid
1709 5051 1829 5107 inde
1872 5067 1998 5122 per-

410 5149 540 5202 dere
571 5147 660 5218 qui
684 5146 905 5203 creavit.
937 5145 1043 5201 Sed
1077 5145 1216 5200 inter
1249 5145 1363 5200 hch
1391 5161 1511 5214 quae
1543 5144 1739 5199 fiebant
1765 5143 1835 5199 de
1876 5159 1998 5199 cor-

412 5240 629 5309 poribus
661 5238 984 5303 occisorum,
1025 5252 1146 5291 cum
1178 5244 1439 5307 martyres
1464 5250 1527 5289 ea
1558 5250 1663 5288 non
1696 5243 1996 5289 metuentes

411 5345 600 5399 magna
628 5328 938 5383 fortitudine
967 5337 1305 5397 paterentur;
1332 5336 1509 5381 tamen
1535 5325 1675 5396 apud
1703 5324 1893 5380 fratres
1922 5325 1994 5379 lu-

409 5432 528 5474 ctus
555 5422 741 5489 ingens
768 5429 903 5484 erat,
932 5418 1073 5488 quod
1101 5417 1242 5471 nulla
1274 5417 1498 5471 dabatur
1524 5427 1759 5486 potestas
1784 5426 1997 5471 sancto-

413 5527 527 5565 rum
568 5508 1004 5579 funcribusjusta
1034 5507 1358 5577 persolvere,
1398 5524 1497 5564 nec
1533 5509 1740 5564 occulte
1781 5507 1991 5563 subtra-

474 5691 489 5718 ι
528 5685 635 5735 Had.
665 5692 764 5733 Am.
790 5691 842 5734 et
876 5688 976 5740 Fr,
1001 5680 1380 5742 experimentum
1402 5681 1737 5746 multiplicum
1776 5683 1991 5735 tentatio-

411 5761 523 5799 nam
541 5755 722 5797 deesse.
872 5807 895 5811 ,ν
930 5805 937 5811 ,
999 5801 1010 5811 ,
1148 5803 1158 5809 .

475 5819 488 5841 ²
524 5814 593 5860 sit:
616 5816 720 5857 Mss.
748 5816 797 5859 At
824 5805 964 5864 editi,
992 5801 1200 5853 honoris.

2124 472 2253 531 here
2271 474 2489 546 aliquid,
2514 476 2649 532 sicut
2672 478 2858 534 eadem
2884 484 3109 535 testatur
3130 478 3372 547 historia,
3398 483 3699 540 crudelium

2119 564 2403 620 custodum
2429 566 2620 637 vigilia:
2648 569 3022 638 permittebant
3044 570 3253 642 (Euseb.
3280 573 3415 631 Hist.
3444 574 3588 631 Eccl.
3611 577 3704 631 lib.

2118 656 2174 723 5,
2208 673 2321 728 cap.
2354 657 2443 730 1).
2476 659 2550 713 lta
2576 675 2700 716 cum
2731 660 2854 716 illos
2891 662 2981 733 qui
3008 663 3170 719 occisi
3197 663 3430 735 fuerant,
3476 667 3530 722 in
3569 667 3705 723 dila-

2118 750 2390 806 ceratione
2416 752 2779 810 membrorum
2807 769 3045 824 suorum,
3078 758 3131 813 in
3160 759 3581 832 conflagratione
3614 777 3707 817 os-

2117 841 2277 909 sium,
2311 843 2362 899 in
2403 842 2739 915 dispersione
2766 848 3029 916 cinerum,
3068 850 3284 908 miseria
3315 854 3460 909 nulla
3489 854 3705 909 contin-

2116 941 2301 1001 geret;
2326 933 2456 990 istos
2478 943 2653 991 tamen
2684 937 2773 1007 qui
2800 938 2932 994 nihil
2957 955 3144 996 eorum
3172 943 3403 1013 sepelire
3431 955 3702 1015 poterant,

2118 1038 2305 1094 magna
2323 1026 2688 1082 misericordia
2704 1029 3007 1097 cruciabat;
3023 1033 3147 1104 quia
3165 1034 3218 1088 in
3236 1035 3384 1090 nullo
3398 1036 3563 1093 modo
3579 1052 3707 1093 sen-

2120 1114 2402 1172 tientibus‘
2430 1117 2528 1188 ipsi
2552 1119 2784 1191 quodam
2803 1123 2964 1178 modo
2988 1125 3308 1193 sentiebant,
3328 1136 3383 1183 et
3402 1128 3490 1183 ubi
3504 1128 3617 1199 jam
3638 1130 3704 1185 il-

2118 1205 2288 1261 lorum
2302 1208 2449 1263 nulla
2460 1219 2575 1265 erat
2592 1212 2787 1281 passio,
2804 1224 2917 1269 erat
2931 1214 3153 1271 istorum
3170 1217 3363 1274 misera
3375 1234 3495 1275 com
3501 1222 3702 1291 passio.

2188 1298 2414 1355 CAPUT
2454 1299 2546 1355 IX.
2568 1331 2641 1341 —
2664 1303 2749 1359 M.
2779 1304 3012 1375 Opicium
3030 1308 3303 1379 sepultura:
3324 1325 3416 1365 cur
3436 1310 3705 1368 laudatum
3782 1356 3783 1363 η

2114 1392 2167 1445 in
2196 1392 2498 1463 Scripturis.
2541 1393 2843 1456 Secundum
2890 1398 3046 1454 istam
3089 1416 3251 1471 quam
3295 1401 3405 1459 dixi
3446 1404 3703 1461 miseram

2113 1484 2539 1554 compassionem
2567 1487 2853 1545 laudantur
2880 1491 2979 1557 illi,
3004 1500 3059 1548 et
3081 1508 3114 1548 a
3138 1507 3267 1564 rege
3292 1494 3455 1552 David
3481 1495 3706 1553 benedi-

2113 1584 2325 1643 cuntur,
2348 1578 2438 1648 qui
2460 1577 2635 1635 Sat'tlis
2654 1591 2709 1637 et
2729 1582 2972 1639 Jonatha:
2991 1584 3204 1641 ossibus
3221 1586 3386 1642 aridis
3409 1589 3703 1660 sepultum

2113 1667 2535 1725 misericordiam
2563 1673 2924 1741 praastiterunt
2953 1674 3039 1746 (ll
3063 1674 3192 1748 Reg.
3220 1692 3278 1746 ll,
3307 1678 3387 1747 5).
3417 1679 3549 1747 Qua:
3577 1689 3703 1736 tan-

2112 1756 2237 1814 dem
2280 1760 2644 1819 misericordia
2683 1774 2968 1836 praestatur
3008 1769 3140 1824 nihil
3178 1771 3571 1829 sentientibus?
3612 1777 3700 1831 An

2112 1848 2249 1906 forte
2277 1850 2379 1907 hoc
2407 1854 2765 1912 revocandum
2796 1866 2882 1915 est
2917 1860 2983 1913 ad
3021 1859 3166 1915 illam
3194 1863 3525 1932 opinionem,
3555 1865 3700 1937 quod

2112 1944 2377 2002 infernum
2397 1950 2419 1980 '
2442 1948 2658 2005 fluvium
2698 1951 2944 2023 insepulti
2971 1969 3077 2009 non
3101 1963 3348 2025 poterant
3365 1967 3701 2017 transmeare

2115 2037 2353 2107 (zEnet'd.
2382 2040 2469 2095 lib.
2499 2042 2564 2108 6,
2592 2058 2688 2099 vv.
2714 2044 2841 2110 527,
2869 2044 3037 2117 528)?
3058 2048 3212 2103 Absit
3237 2047 3339 2105 hoc
3362 2064 3395 2104 a
3421 2049 3527 2107 fide
3550 2051 3701 2107 chri-

2111 2130 2282 2183 stiana
2319 2146 2335 2183 :
2365 2130 2603 2201 alioquin
2643 2134 2875 2204 pessime
2902 2146 3081 2192 actum
3108 2147 3193 2193 est
3217 2154 3339 2195 cum
3381 2149 3526 2196 tanta
3555 2158 3701 2198 mar-

2112 2227 2291 2290 tyrum
2337 2223 2701 2293 multitudine,
2740 2241 2966 2297 quorum
3008 2243 3115 2285 non
3143 2240 3430 2301 potuerunt
3468 2247 3700 2305 corpora

2109 2313 2357 2382 sepeliri,
2400 2322 2457 2370 et
2495 2314 2756 2373 fallaciter
2780 2319 2861 2375 eis
2890 2318 3099 2376 Veritas
3123 2320 3288 2389 dixit,
3319 2322 3496 2379 Nolite
3524 2326 3703 2381 timere

2108 2419 2194 2459 eos
2216 2405 2306 2474 qui
2328 2420 2513 2476 corpus
2540 2408 2794 2478 occidunt,
2829 2419 2878 2465 et
2910 2420 3083 2482 postea
3114 2428 3218 2468 non
3246 2413 3428 2469 habent
3451 2416 3575 2486 quid
3613 2418 3701 2489 fa-

2108 2496 2277 2562 ciant;
2303 2497 2350 2553 si
2379 2498 2458 2554 eis
2486 2507 2632 2554 tanta
2657 2501 2795 2557 mala
2822 2500 2998 2559 facere
3036 2512 3343 2574 potuerunt,
3372 2507 3567 2577 quibus
3593 2508 3701 2563 im-

2110 2586 2422 2656 pedirentur
2437 2588 2504 2644 ad
2523 2592 2636 2645 loca
2649 2601 2896 2663 exoptata
2911 2595 3160 2652 transire.
3183 2596 3289 2652 Sed
3308 2598 3431 2669 quia
3459 2597 3562 2655 hoc
3579 2600 3702 2657 sine

2108 2679 2213 2734 ulla
2237 2679 2566 2740 dubitatione
2586 2682 2926 2741 falsissimum
2944 2696 3048 2757 est,
3071 2703 3171 2746 nec
3189 2689 3387 2762 aliquid
3405 2691 3561 2748 obest
3576 2693 3703 2749 ﬁde-

2107 2769 2248 2826 libus
2264 2783 2451 2845 negata
2467 2790 2651 2832 eorum
2672 2780 2986 2851 corporibus
3007 2783 3301 2853 sepultura,
3317 2799 3418 2841 nec
3428 2785 3633 2858 aliquid
3648 2786 3699 2843 si

2107 2861 2425 2921 esbibeatur
2446 2868 2747 2926 infidelibus
2777 2872 2996 2943 prodest
3023 2892 3038 2930 :
3064 2889 3162 2931 cur
3184 2891 3313 2949 ergo
3339 2878 3413 2934 illi
3441 2880 3535 2950 qui
3561 2880 3703 2936 Sau-

2107 2953 2214 3011 iem
2256 2966 2310 3012 et
2340 2958 2507 3016 illium
2535 2956 2651 3031 ejus
2680 2964 3023 3033 sepelierunt,
3053 2966 3476 3025 misericordiam
3505 2971 3702 3030 fecisse

2106 3044 2377 3117 dicuntur,
2409 3059 2464 3105 et
2499 3051 2569 3106 ob
2606 3052 2710 3108 hoc
2752 3069 2783 3108 a
2823 3069 2950 3126 rege
2993 3057 3082 3127 pio
3125 3058 3543 3128 benedicuntur;
3590 3063 3701 3120 nisi

2105 3139 2229 3208 quia
2258 3140 2394 3197 bene
2419 3141 2725 3199 afﬁciuntur
2752 3148 2915 3203 corda
2941 3149 3305 3206 miserantium
3325 3194 3341 3220 ,
3372 3153 3590 3224 quando
3632 3170 3699 3211 ea

2106 3229 2290 3286 dolent
2319 3233 2371 3287 in
2400 3230 2730 3291 mortuOrum
2760 3239 3074 3309 corporibus
3097 3241 3316 3310 alienis,
3347 3258 3467 3313 qua:
3495 3245 3592 3301 illo
3616 3244 3704 3302 af-

2106 3318 2271 3389 fectu,
2301 3338 2407 3393 quo
2440 3340 2600 3381 nemo
2639 3343 2867 3398 unquam
2906 3344 3125 3387 carnem
3153 3347 3304 3389 suam
3342 3334 3467 3390 odio
3509 3334 3699 3405 habet,

2107 3412 2296 3468 nolunt
2314 3413 2428 3470 ﬁeri
2448 3425 2568 3486 post
2583 3426 2808 3473 mortem
2830 3433 2982 3475 suam
3000 3423 3315 3492 corporibus
3328 3424 3459 3491 suis;
3477 3426 3700 3497 etquod

2106 3503 2212 3559 sibi
2240 3503 2483 3561 exhiberi
2513 3508 2701 3563 volunt
2727 3511 2941 3580 quando
2971 3515 3183 3569 sensuri
3227 3530 3334 3571 non
3378 3527 3538 3585 sunt,
3572 3521 3700 3577 aliis

2109 3609 2217 3649 non
2242 3595 2599 3653 sentientibus
2626 3610 2816 3655 curant
2842 3602 3096 3659 exhibere
3120 3604 3244 3660 dum
3278 3608 3379 3677 ipsi
3417 3610 3702 3669 sentiunt?

2175 3686 2402 3743 CAPUT
2429 3686 2574 3742 X.—
2593 3690 2680 3744 η.
2705 3690 2898 3747 Mortui
2916 3694 3122 3766 quidam
3146 3709 3413 3769 apparent,
3437 3710 3494 3755 ut
3510 3702 3606 3756 sibi
3620 3720 3701 3759 se-

2106 3780 2313 3848 pultura
2341 3779 2623 3850 prwbeatur
2644 3798 2664 3837 :
2682 3785 2933 3854 quomodo
2957 3787 3065 3842 haec
3084 3788 3191 3843 visa
3217 3790 3528 3862 contingant.
3555 3792 3698 3849 Nar-

2106 3878 2295 3926 rantur
2315 3873 2427 3928 visa
2454 3874 2719 3944 quasdam,
2752 3893 2872 3948 quae
2903 3879 3025 3936 huic
3060 3879 3403 3952 disputationi
3440 3900 3546 3939 non
3588 3902 3697 3942 ne-

2105 3960 2406 4032 gligentiam
2452 3964 2734 4023 vidcantur
2773 3969 2971 4026 inferre
3012 3976 3382 4043 quaestionem.
3426 3975 3703 4036 Feruntur

2105 4054 2305 4124 quippe
2330 4057 2528 4111 mortui
2567 4059 2809 4114 nonnulli
2836 4061 2920 4116 vel
2948 4062 2998 4116 in
3029 4065 3254 4133 somnis,
3284 4066 3369 4121 vel
3409 4067 3517 4124 alio
3554 4084 3697 4139 quo-

2104 4158 2332 4216 cumque
2360 4147 2522 4203 modo
2546 4152 2857 4222 apparuisse
2881 4154 3181 4212 viventibus
3202 4166 3363 4230 atque
3388 4159 3476 4215 ubi
3504 4176 3699 4219 eormn

2103 4252 2327 4308 corpora
2370 4239 2613 4310 jacereut
2669 4242 2939 4300 inhumata
2989 4248 3350 4307 nescientibus
3372 4292 3388 4319 ,
3449 4250 3702 4325 locisque

2104 4330 2419 4386 monstratis
2443 4331 2787 4391 admonuisse
2815 4345 2873 4391 ut
2900 4336 3000 4393 sibi
3029 4340 3300 4409 sepultura
3338 4358 3458 4413 quae
3497 4340 3702 4402 defue-

2104 4426 2191 4473 rat
2232 4420 2581 4489 pracberetur.
2628 4424 2755 4481 Haec
2791 4426 2837 4481 si
2880 4426 3013 4482 falsa
3050 4443 3171 4486 esse
3216 4432 3698 4505 responderimus,

2102 4520 2288 4565 contra
2333 4513 2685 4582 quorumdam
2727 4517 2925 4587 scripta
2957 4519 3227 4588 ﬁdelium,
3268 4532 3321 4578 et
3364 4534 3551 4581 contra
3594 4543 3701 4584 eo-

2105 4616 2224 4657 rum
2250 4617 2444 4659 sensus
2473 4606 2563 4676 qui
2594 4607 2717 4662 talia
2743 4608 2844 4664 sibi
2872 4611 3133 4668 accidisse
3157 4614 3495 4683 conﬁrmant,
3527 4619 3700 4692 impu-

2102 4692 2294 4750 denter
2344 4696 2530 4751 venire
2575 4697 2895 4755 videbimur.
2942 4701 3047 4758 Sed
3091 4706 3520 4775 respondendum
3568 4722 3661 4767 est
3685 4754 3703 4777 ,

2102 4800 2210 4840 non
2240 4785 2359 4842 ideo
2387 4787 2679 4856 putandum
2714 4804 2836 4846 esse
2872 4802 3113 4850 mortuos
3153 4796 3253 4851 ista
3289 4799 3525 4868 sentire,
3566 4804 3703 4872 quia

2104 4875 2221 4931 haec
2260 4877 2441 4934 dicere
2467 4879 2551 4933 vel
2580 4880 2817 4937 indicare
2842 4884 2928 4938 vel
2970 4895 3151 4955 petere
3189 4888 3437 4947 videntur
3462 4893 3515 4947 in
3547 4908 3709 4951 som-

2110 4968 2214 5023 nis.
2254 4968 2388 5024 Nant
2415 4978 2471 5024 et
2504 4971 2743 5028 viventes
2783 4985 3042 5045 apparent
3070 4993 3212 5049 sa-pe
3238 4981 3542 5040 viventibus
3566 4984 3710 5041 dor-

2102 5059 2425 5127 mientibus,
2463 5060 2588 5115 dum
2617 5077 2677 5117 se
2706 5064 2805 5133 ipsi
2836 5067 3078 5123 nesciant
3112 5068 3133 5100 ³
3174 5085 3435 5141 apparere
3478 5074 3592 5148 (a);
3644 5090 3709 5135 et

2102 5153 2171 5205 ab
2211 5152 2291 5206 eis
2333 5152 2447 5206 haac
2487 5168 2607 5223 qua:
2652 5155 3038 5213 sonmiaverint
3082 5160 3304 5217 audiunt
3348 5164 3705 5237 dicentibus,

2101 5242 2241 5313 quod
2268 5258 2362 5297 eos
2393 5244 2444 5297 in
2472 5245 2675 5299 somnis
2698 5258 2916 5315 agentes
2946 5250 3143 5321 aliquid
3185 5255 3266 5308 vel
3300 5255 3581 5327 loquentes
3608 5262 3707 5317 vi-

2102 5333 2297 5388 derint.
2341 5333 2395 5389 Si
2438 5349 2566 5406 ergo
2596 5352 2682 5391 me
2713 5349 2885 5407 potest
2930 5342 3122 5412 aliquis
3153 5346 3205 5399 in
3236 5351 3441 5405 somnis
3482 5351 3704 5423 videre,

2101 5425 2202 5480 sihi
2246 5425 2448 5496 aliquid
2488 5426 2630 5497 quod
2675 5426 2870 5485 factum
2914 5442 2996 5488 est
3036 5434 3380 5507 indicantem,
3406 5442 3491 5496 vel
3520 5444 3701 5502 etiam

2164 5565 2179 5596 ι
2217 5563 2353 5623 l-Iditi,
2378 5563 2573 5614 miseria
2595 5564 2881 5627 cruciabat;
2913 5568 3027 5629 quia
3048 5570 3180 5621 nullo
3200 5576 3344 5625 modo
3362 5575 3463 5629 illis
3485 5580 3708 5635 semitm—

2098 5624 2241 5701 tibus,
2261 5635 2390 5701 etc;;
2416 5627 2580 5701 minus
2596 5628 2725 5701 bene
2751 5630 3217 5701 etodinsscutientihus
3240 5644 3344 5687 Mss.

2164 5691 2183 5753 ξ
2216 5687 2318 5735 Sola
2337 5688 2443 5753 fere
2467 5688 2616 5737 editio
2634 5696 2742 5738 Lov.
2762 5727 2776 5750 ,
2796 5691 2990 5753 inferni.

2165 5749 2186 5781 ³
2219 5756 2290 5797 Er.
2317 5749 2461 5809 Lugd.
2488 5757 2605 5797 \‘en.
2632 5757 2761 5807 I.ov.,
2783 5749 3011 5805 nmium.
3078 5763 3134 5805 Μ.

2170 5812 2243 5866 (η)
2272 5820 2289 5854 \
2306 5811 2369 5861 id.
2394 5824 2654 5863 sermones
2675 5813 2767 5864 32:2
2790 5823 2842 5865 ct
2864 5815 2973 5867 5‘35.
