4078 6540
303 425 400 479 601

302 541 444 612 quod
475 539 712 596 futurum
739 548 821 596 est
847 538 1321 611 przenuntiantem;
1364 552 1485 593 cum
1515 533 1566 592 id
1608 550 1708 606 ego
1739 550 1895 606 pror-

302 648 398 688 sus
424 634 692 705 ignorem,
724 640 780 689 et
805 633 1024 687 omnino
1052 648 1155 687 non
1186 647 1367 687 curem
1387 672 1402 697 ,
1436 648 1541 686 non
1571 630 1744 686 solum
1770 628 1898 699 quid

309 726 400 782 ille
429 726 688 791 somniet,
718 723 814 781 sed
845 733 1022 779 utrum
1049 723 1349 779 dormiente
1377 737 1463 777 me
1490 721 1689 791 vigilet,
1720 736 1788 775 an
1812 720 1897 775 vi-

302 816 505 887 gilante
533 830 623 872 me
645 815 897 883 dormiat,
924 830 992 870 an
1029 830 1135 870 uno
1160 814 1460 885 eodemque
1497 822 1738 885 tempore
1766 811 1898 882 vigi-

304 908 479 961 lemus
514 907 677 962 ambo
713 907 828 962 sive
853 906 1204 973 dormiamus,
1249 905 1463 975 quando
1501 904 1593 961 ille
1630 905 1895 960 somnium

303 998 449 1052 videt
494 999 550 1053 in
581 1013 690 1069 quo
733 1014 821 1054 me
862 1000 1053 1053 videt:
1098 997 1226 1070 quid
1272 998 1464 1053 mirum
1504 998 1549 1053 si
1597 997 1897 1053 nescientes

309 1089 505 1143 mortui
528 1102 632 1143 nec
655 1088 753 1143 ista
782 1089 1096 1153 sentientes,
1125 1097 1305 1144 tamen
1331 1105 1362 1144 a
1383 1088 1687 1145 viventibus
1711 1087 1897 1142 viden-

307 1186 395 1233 tur
436 1180 489 1233 in
537 1179 765 1246 somnis,
803 1188 859 1235 et
897 1179 1097 1250 aliquid
1140 1179 1362 1245 dicunt,
1406 1179 1548 1250 quod
1584 1179 1920 1251 evigilantes.

307 1285 499 1325 verum
538 1285 661 1325 esse
688 1271 1045 1341 cognoscant?
1073 1270 1344 1342 Angelicis
1372 1270 1531 1342 igitur
1569 1271 1895 1341 operationi-

308 1364 409 1419 bus
439 1364 555 1419 fieri
583 1363 933 1426 crediderim,
975 1364 1090 1420 sive
1138 1364 1476 1435 permittatur
1502 1362 1753 1434 desuper,
1784 1362 1897 1419 sive

301 1454 577 1525 iubeatur,
604 1463 664 1509 ut
691 1454 891 1526 aliquid
918 1454 1100 1511 dicere
1136 1455 1205 1511 de
1240 1454 1560 1526 sepeliendis
1583 1455 1898 1526 corporibus

306 1545 421 1600 suis
444 1545 730 1600 videantur
761 1546 814 1601 in
853 1547 1093 1614 somnis,
1134 1561 1256 1602 cum
1302 1546 1355 1602 id
1402 1547 1613 1617 penitus
1657 1549 1898 1602 nesciant

307 1650 541 1705 quorum
580 1635 667 1691 illa
695 1645 820 1691 sunt
846 1650 1095 1707 corpora.
1137 1636 1193 1692 ld
1222 1645 1401 1693 autem
1429 1636 1715 1709 aliquando
1756 1636 1898 1691 utili-

308 1734 392 1781 ter
419 1726 481 1780 lit
503 1767 519 1793 ,
569 1726 682 1781 sive
708 1726 776 1782 ad
805 1727 1049 1782 vivorum
1078 1728 1464 1799 qualecumque
1504 1727 1784 1792 solatium,
1829 1727 1897 1782 ad

308 1832 446 1887 quos
470 1818 735 1886 pertinent
762 1817 839 1873 illi
862 1819 1080 1887 mortui,
1106 1834 1332 1890 quorum
1358 1827 1617 1891 apparent
1639 1819 1899 1890 imagines

306 1907 739 1976 somniantibus;
766 1909 882 1965 sive
908 1918 967 1965 ut
991 1910 1074 1964 his
1099 1909 1551 1967 admonitionibus
1574 1911 1756 1982 generi
1798 1910 1900 1965 hu-

304 2016 469 2057 mano
511 2003 801 2073 sepulturae
841 2003 1249 2060 commendetur
1287 2004 1591 2059 humanitas
1624 2020 1639 2058 :
1685 2019 1805 2074 quae
1834 2003 1899 2058 li-

300 2104 389 2150 cet
411 2093 682 2150 defunctis
712 2109 819 2150 non
856 2096 1164 2166 opituletur,
1206 2095 1468 2165 culpanda
1506 2104 1684 2151 tamen
1725 2094 1900 2151 irreli-

311 2187 565 2257 giositate
590 2187 893 2258 negligitur.
922 2187 1223 2258 Aliquando
1248 2197 1425 2243 autem
1464 2186 1744 2243 fallacibus
1768 2187 1897 2243 visis

308 2276 559 2333 homines
598 2278 615 2309 ⁸
662 2278 716 2332 in
755 2292 977 2349 magnos
1016 2278 1298 2333 mittuntur
1337 2291 1576 2342 errores,
1607 2291 1743 2348 quos
1770 2277 1897 2333 talia

307 2367 515 2438 perpeti
550 2368 758 2438 justum
809 2376 911 2424 est.
938 2367 1099 2425 Velut
1141 2369 1187 2423 si
1213 2369 1493 2440 quisquam
1520 2368 1699 2424 videat
1728 2367 1781 2422 in
1807 2383 1897 2424 so-

306 2462 474 2529 mnis,
502 2461 647 2533 quod
663 2461 868 2517 Encas
893 2461 1091 2518 vidisse
1112 2461 1253 2532 apud
1282 2461 1483 2518 inferos
1510 2462 1716 2532 poetica
1746 2460 1895 2517 falsi-

303 2562 416 2609 tate
440 2562 726 2609 narratur:
769 2562 826 2609 et
851 2554 903 2609 ei
946 2554 1241 2625 cujuspiam
1270 2567 1378 2608 non
1407 2553 1599 2623 sepulti
1641 2561 1899 2623 appareat

305 2644 505 2715 imago,
548 2645 900 2715 loquatnrque
937 2644 1061 2700 talia
1086 2686 1103 2711 ,
1150 2644 1327 2715 qualia
1372 2644 1541 2699 fertur
1579 2642 1657 2698 illi
1689 2644 1897 2699 locutus

303 2736 468 2793 fuisse
492 2738 773 2793 Palinurus
798 2735 1037 2812 (Δῐηείά.
1066 2735 1156 2791 lib.
1200 2737 1255 2803 ϐ,
1283 2751 1340 2791 v.
1367 2735 1620 2806 337-385)
1642 2751 1656 2800 ;
1679 2743 1735 2790 et
1771 2749 1895 2790 cum

304 2831 635 2902 evigilaverit
656 2871 674 2898 ,
721 2830 793 2886 ibi
834 2845 1030 2901 corpus
1059 2829 1176 2900 ejus
1202 2829 1466 2896 inveniat,
1496 2828 1583 2883 ubi
1606 2829 1788 2899 jacere
1814 2827 1898 2883 in-

304 2921 581 2976 humatum
609 2937 732 2978 cum
761 2922 1055 2977 somniaret
1080 2920 1302 2987 audivit,
1330 2920 1637 2977 admonitus
1660 2928 1716 2976 et
1740 2934 1898 2991 roga-

304 3023 391 3068 tus
428 3020 487 3067 ut
523 3012 778 3081 sepeliret
814 3012 1128 3079 inventum;
1177 3021 1233 3068 et
1274 3013 1399 3085 quia
1446 3012 1499 3068 id
1541 3027 1727 3068 verum
1774 3026 1897 3067 esse

302 3103 586 3173 comperit,
609 3103 794 3159 credat
818 3102 940 3160 ideo
962 3111 1208 3159 mortuos
1222 3103 1456 3174 sepeliri,
1480 3114 1540 3158 ut
1563 3118 1748 3159 eorum
1773 3104 1896 3160 ani-

302 3212 405 3252 ma:
434 3197 502 3252 ad
528 3197 644 3252 loca
671 3205 965 3265 transeant,
992 3196 1136 3253 unde
1160 3197 1549 3269 insepultorum
1578 3198 1788 3252 animas
1811 3196 1896 3253 in-

304 3287 455 3344 ferna
483 3288 755 3359 prohiberi
783 3290 902 3360 lege
926 3289 1248 3345 somniavit:
1276 3305 1456 3346 nonne
1479 3290 1579 3345 ista
1602 3288 1830 3346 credens
1848 3291 1893 3359 ³,

305 3381 591 3452 plurimum
620 3395 651 3434 a
679 3381 893 3436 tramite
921 3381 1159 3436 veritatis
1184 3379 1486 3436 exorbitat?

369 3473 602 3530 CAPUT
633 3473 723 3528 XI.
744 3504 818 3515 ——-
834 3474 921 3529 15.
960 3472 1197 3529 Visorum
1221 3474 1274 3529 in
1295 3473 1485 3529 somnis
1505 3472 1741 3544 exempla
1768 3473 1894 3531 duo.

308 3563 464 3620 Pater
486 3565 754 3637 defunctus
778 3575 990 3637 apparet
1023 3566 1153 3635 ﬁlio.
1191 3565 1500 3638 Augustinus
1532 3566 1643 3636 ipse
1682 3566 1735 3619 in
1773 3564 1899 3621 vivis

300 3676 457 3732 agens
482 3668 697 3730 apparet
715 3659 769 3713 in
791 3660 980 3714 somnis
1006 3656 1228 3728 Eulogio
1252 3659 1463 3724 rhetori,
1495 3667 1541 3713 et
1567 3659 1730 3713 locum
1756 3657 1899 3713 Cice-

301 3752 441 3807 ronis
466 3751 693 3821 exponit.
732 3748 822 3806 Sic
857 3758 1036 3805 autem
1074 3748 1356 3804 inﬁrmitas
1394 3750 1624 3804 humana
1651 3762 1773 3804 sese
1797 3747 1897 3803 ha-

302 3842 392 3897 bet
414 3883 432 3908 ,
458 3850 519 3898 ut
536 3857 659 3897 cum
690 3842 745 3896 in
770 3842 972 3897 somnis
1006 3840 1233 3912 quisque
1260 3840 1452 3895 viderit
1478 3849 1744 3895 mortuum
1768 3881 1783 3904 ,
1818 3838 1900 3909 ip-

302 3934 416 3988 sius
443 3934 678 3988 animam
708 3947 768 3988 se
790 3931 972 3988 videre
991 3932 1281 3987 arbitretur
1309 3946 1325 3997 ;
1356 3946 1477 3986 cum
1508 3939 1686 3986 autem
1714 3931 1897 3985 vivum

304 4026 555 4081 similiter
580 4026 951 4091 somniaverit,
990 4040 1096 4080 non
1134 4024 1251 4095 ejus
1278 4024 1511 4079 animam
1534 4065 1550 4089 ,
1578 4037 1753 4093 neque
1777 4037 1899 4078 cor-

303 4135 404 4193 pus
425 4160 443 4187 ,
491 4118 589 4175 sed
626 4118 859 4175 hominis
895 4118 1296 4173 similitudinem
1324 4117 1423 4173 sibi
1452 4118 1765 4188 apparuisse
1790 4129 1899 4171 non

302 4212 515 4268 dubitet
544 4228 559 4264 :
588 4210 742 4282 quasi
768 4226 873 4266 non
911 4211 1121 4282 possint
1161 4217 1216 4264 et
1240 4217 1575 4264 mortuorum
1621 4208 1897 4264 hominum

307 4303 495 4359 eodem
524 4301 685 4357 modo
709 4302 1059 4357 nescientium
1083 4341 1100 4369 ,
1131 4315 1236 4357 non
1261 4301 1483 4367 animm,
1524 4299 1619 4356 sed
1654 4299 1902 4355 similitu-

303 4393 461 4450 dines
490 4407 749 4463 apparere
776 4391 1186 4447 dormientibus.
1218 4391 1325 4447 Pro
1368 4404 1520 4447 certo
1541 4390 1562 4422 ³
1587 4431 1602 4457 ,
1632 4405 1753 4446 cum
1784 4389 1900 4445 Me-

306 4485 507 4543 diolani
531 4498 775 4540 essemus
799 4524 815 4551 ,
842 4482 1141 4538 audivimus
1163 4482 1306 4553 quod
1336 4496 1458 4537 cum
1481 4482 1722 4538 debitum
1748 4497 1902 4553 repe-

307 4586 515 4635 teretur
549 4591 580 4631 a
607 4575 835 4647 quodam
859 4614 877 4642 ,
903 4574 1142 4631 defuncti
1171 4574 1338 4644 patris
1364 4574 1612 4630 cautione
1650 4574 1855 4644 prolata
1881 4615 1898 4643 ,

306 4669 451 4741 quod
491 4668 603 4723 lilio
645 4667 915 4723 nesciente
955 4681 985 4721 a
1012 4676 1163 4737 patre
1182 4667 1294 4735 jam
1320 4664 1492 4721 fuerat
1533 4666 1898 4737 persolutum,

304 4759 615 4817 contristari
644 4757 805 4813 homo
822 4756 1135 4828 gravissime
1153 4757 1336 4826 empit,
1358 4764 1518 4826 atque
1542 4756 1725 4811 mirari
1758 4756 1901 4828 quod

305 4856 354 4910 ei
386 4864 541 4924 pater
565 4852 800 4907 moriens
825 4865 934 4906 non
954 4850 1148 4905 dixerit
1167 4848 1293 4920 quid
1313 4849 1566 4914 deberet,
1597 4865 1719 4905 cum
1746 4851 1903 4905 fecis-

306 4955 390 5000 set
424 4943 591 5001 etiam
620 4949 1018 4998 testamentum.
1048 4940 1198 4996 Tunc
1220 4940 1270 4996 ei
1292 4940 1450 4996 nimis
1474 4939 1633 4996 anxio
1658 4941 1905 5012 apparuit

308 5040 454 5095 idem
502 5046 653 5108 pater
697 5038 815 5106 ejus
848 5036 899 5090 in
940 5034 1181 5101 somnis,
1227 5042 1283 5090 et
1308 5032 1396 5088 ubi
1439 5043 1582 5089 esset
1625 5044 1905 5089 remutum

309 5148 414 5204 quo
440 5134 463 5163 ⁸
492 5132 581 5186 illa
625 5130 799 5185 cautio
824 5136 1046 5184 vacuata
1090 5126 1296 5192 fuerat,
1341 5125 1613 5180 iudicavit.
1658 5125 1776 5193 Quo
1817 5125 1902 5179 in-

307 5224 698 5294 ventnjuvenis
723 5232 885 5292 atque
906 5228 1223 5285 monstrato,
1254 5233 1361 5273 non
1390 5218 1561 5273 solum
1592 5216 1710 5272 falsi
1738 5216 1903 5273 debiti

305 5316 632 5373 calumniam
664 5312 1028 5385 prepulsavit,
1070 5310 1167 5367 sed
1196 5311 1354 5366 etiam
1382 5319 1661 5380 paternum
1704 5309 1907 5380 recepit

376 5496 392 5529 ι
428 5494 539 5561 eaq.
565 5502 668 5543 sm.
695 5500 748 5561 et
770 5499 868 5553 Exn,
887 5490 1190 5561 Iti__ltom_t'ne8-
1226 5559 1256 5561 η
1566 5549 1578 5561 .

380 5560 399 5593 ²
428 5557 539 5605 Bad.
567 5563 666 5604 Am.
695 5560 770 5604 Er.
798 5551 1081 5604 et'Vaticaui
1104 5554 1201 5603 duo
1224 5559 1350 5611 Mss,
1384 5563 1536 5600 nonne
1558 5551 1627 5601 ita
1650 5551 1869 5602 credens.

382 5619 403 5651 ³
430 5626 531 5667 Duo
554 5625 684 5677 Mss,
726 5626 878 5667 Porro
910 5622 1060 5667 certe.
1107 5621 1304 5678 septem
1345 5614 1444 5673 alii,
1472 5623 1652 5675 Porro;
1692 5615 1904 5674 omisso,

309 5688 455 5731 “fle.

376 5743 398 5773 δ
431 5742 541 5791 Bad.
571 5750 669 5790 Am.
697 5748 748 5806 ct_
771 5746 901 5806 l.ov.,
925 5738 1185 5806 repositum
1207 5739 1367 5806 quod.
1393 5737 1565 5806 Melius.
1582 5742 1655 5785 Er.
1682 5744 1734 5787 et
1776 5744 1906 5796 Mssa,

318 5812 566 5853 remutmn
588 5816 713 5865 quo;
738 5803 785 5851 id
807 5810 883 5852 est
916 5801 1148 5865 scriptum
1183 5815 1282 5862 quo
1320 5802 1400 5852 illa
1443 5801 1603 5852 cautio
1640 5809 1869 5851 revocata
1891 5836 1903 5859 ,

316 5868 415 5916 sive
441 5874 495 5917 ut
510 5867 591 5917 hic
604 5863 787 5915 dicitur
806 5899 822 5926 ,
847 5863 1043 5915 vacuata
1067 5863 1243 5914 fuerat.

1764 420 1964 476 LIBER
2006 418 2185 477 UNUS

3492 426 3602 483 602

2009 533 2418 606 chirographum
2443 578 2459 604 ,
2489 536 2634 608 quod
2682 546 2831 609 pater
2874 554 2980 594 non
3030 550 3338 609 receperat,
3384 544 3599 612 quando

2004 635 2087 682 est
2122 628 2387 697 persoluta
2427 630 2671 699 pecunia.
2699 631 2797 686 llic
2824 632 3001 703 itaque
3036 642 3248 702 putatur
3283 634 3462 690 anima
3493 636 3596 691 ho-

2003 717 2164 773 minis
2200 734 2381 775 curam
2418 721 2651 791 gessisse
2694 736 2793 792 pro
2837 722 2982 792 lilio,
3030 732 3086 779 et
3111 724 3179 780 ad
3218 740 3345 780 eum
3384 728 3599 784 venisse

2003 806 2379 876 dormientem,
2404 818 2461 865 ut
2484 810 2683 867 docens
2706 812 2849 882 quod
2878 813 3173 884 ignorabat,
3201 831 3231 871 a
3258 832 3447 888 magna
3469 833 3595 875 eum

2003 901 2247 957 molestia
2288 902 2559 960 liberaret.
2601 904 2707 961 Sed
2756 905 2945 961 eodem
2995 908 3112 977 ipso
3154 908 3322 967 ferme
3353 921 3596 982 tempore

2001 1008 2109 1065 quo
2129 993 2182 1049 id
2205 994 2502 1050 audivimus
2522 1036 2537 1063 ,
2581 996 2707 1052 item
2737 997 2889 1053 nobis
2909 999 3047 1068 apud
3075 999 3431 1058 Mediolanum
3454 1019 3590 1059 con-

2000 1086 2232 1153 stitutis,
2288 1084 2623 1160 Carthaginis
2666 1089 2849 1145 rhetor
2891 1090 3178 1162 Eulogius,
3226 1093 3315 1163 qui
3344 1109 3496 1151 meus
3538 1097 3595 1154 in

2002 1176 2191 1233 eadem
2220 1186 2337 1234 arte
2380 1179 2673 1251 discipulus
2694 1180 2813 1248 fuit,
2854 1183 2993 1237 sicut
3038 1182 3169 1237 mihi
3217 1183 3350 1252 ipse,
3383 1193 3597 1255 postca-

2000 1283 2158 1340 quam
2187 1271 2238 1325 in
2268 1270 2499 1326 Africam
2528 1274 2882 1329 remeavimus
2900 1316 2915 1341 ,
2959 1274 3181 1341 retulit,
3211 1291 3332 1332 cum
3364 1277 3594 1335 rhetori-

2000 1375 2095 1417 cos
2113 1361 2383 1419 Ciceronis
2403 1363 2570 1420 libros
2600 1364 2870 1434 discipulis
2890 1365 3003 1421 suis
3024 1366 3276 1433 traderet,
3304 1383 3595 1427 recensens

2000 1450 2283 1508 lectionem
2320 1469 2478 1524 quam
2514 1454 2770 1524 postridie
2817 1455 2991 1512 fuerat
3024 1458 3351 1525 traditurus,
3397 1476 3592 1530 quem-

2001 1541 2124 1597 dam
2152 1543 2326 1599 locum
2374 1543 2595 1600 offendit
2617 1545 2903 1601 obscurum
2953 1564 2967 1602 :
3005 1562 3114 1618 quo
3147 1564 3253 1603 non
3284 1549 3592 1620 intellecto,

2001 1634 2090 1689 vix
2138 1636 2308 1704 potuit
2344 1634 2581 1691 dormire
2610 1636 2916 1705 sollicitus;
2960 1653 3062 1710 qua
3109 1648 3265 1695 nocte
3306 1643 3594 1698 somnianti

2002 1739 2102 1795 ego
2130 1725 2207 1779 illi
2235 1725 2377 1795 quod
2403 1740 2509 1780 non
2534 1726 2862 1798 intelligebat
2888 1730 3110 1799 exposui
3142 1747 3157 1797 ;
3191 1731 3299 1786 imo
3320 1748 3427 1787 non
3454 1750 3554 1805 ego
3574 1775 3591 1800 ,

2002 1814 2095 1870 sed
2116 1815 2292 1887 imago
2316 1831 2457 1884 mea,
2480 1817 2753 1874 nesciente
2773 1834 2878 1886 me,
2897 1830 2952 1875 et
2975 1828 3084 1876 tam
3104 1821 3261 1893 longe
3277 1831 3423 1879 trans
3445 1841 3596 1882 mare

2000 1907 2197 1978 aliquid
2235 1908 2379 1963 aliud
2414 1909 2528 1965 sive
2568 1920 2792 1981 agente,
2832 1912 2946 1967 sive
2984 1913 3318 1982 somniante,
3359 1924 3415 1972 et
3458 1917 3595 1973 nihil

2000 1997 2071 2054 de
2098 1998 2239 2054 illius
2265 1999 2410 2055 curis
2445 2000 2667 2055 omnino
2698 2010 2940 2058 curante.
2980 2001 3260 2071 Quomodo
3289 2007 3416 2060 fiant
3442 2005 3543 2062 ista
3571 2050 3592 2076 ,

2001 2091 2185 2146 nescio
2237 2107 2253 2147 :
2304 2090 2400 2147 sed
2451 2092 2854 2163 quomodolibet
2900 2093 3070 2163 ﬁant,
3109 2111 3207 2151 cur
3246 2112 3351 2152 non
3400 2099 3593 2155 eodem

2000 2181 2163 2237 modo
2195 2182 2312 2237 fieri
2353 2182 2657 2249 credimus,
2701 2191 2761 2239 ut
2805 2184 2858 2240 in
2901 2186 3107 2242 somnis
3144 2187 3371 2258 quisque
3417 2189 3596 2246 videat

2001 2283 2269 2329 mortuum
2287 2315 2302 2340 ,
2336 2274 2607 2344 quomodo
2636 2275 2695 2330 lit
2722 2283 2783 2330 ut
2808 2274 2987 2332 videat
3010 2286 3067 2332 et
3085 2278 3263 2333 vivum
3284 2280 3308 2333 Ἰ
3332 2280 3595 2336 ambobus

2001 2369 2184 2440 utique
2222 2370 2619 2437 nescientibus,
2667 2387 2841 2442 neque
2883 2373 3193 2430 curantibus
3222 2375 3343 2445 quis
3375 2376 3458 2431 vel
3502 2375 3593 2432 ubi

2002 2459 2088 2515 vel
2115 2460 2328 2530 quando
2354 2476 2539 2516 eorum
2565 2462 2824 2532 imagines
2852 2465 3103 2520 somniet.

2070 2549 2299 2607 CAPUT
2319 2550 2434 2606 Xll.
2455 2581 2529 2592 —
2553 2553 2640 2608 14.
2678 2550 2799 2607 Visa
2814 2553 3239 2623 phreneticorum.
3271 2554 3443 2609 Visum
3464 2554 3596 2611 Cur-

1998 2658 2099 2697 ma:
2137 2643 2365 2699 curialis.
2410 2642 2613 2701 Similia
2661 2654 2787 2700 sunt
2834 2653 3015 2701 autem
3069 2646 3294 2701 somniis
3337 2646 3593 2704 nonnulla

1999 2733 2160 2789 etiam
2198 2735 2311 2790 visa
2352 2734 2677 2806 vigilantium
2702 2778 2717 2804 ,
2749 2737 2841 2807 qui
2871 2737 3111 2793 turbatos
3141 2737 3340 2794 habent
3367 2754 3589 2806 sensus,

1998 2823 2137 2879 sicut
2160 2823 2473 2893 phrenetici,
2495 2826 2581 2882 vel
2611 2841 2948 2899 quocumque
2967 2826 3202 2885 furentes
3228 2829 3389 2886 modo
3421 2847 3437 2884 :
3465 2847 3591 2887 nam

1998 2922 2054 2969 et
2095 2912 2197 2984 ipsi
2238 2915 2530 2985 loquuntur
2566 2931 2748 2972 secum
2776 2920 2927 2987 quasi
2964 2933 3090 2974 vere
3124 2920 3474 2989 praesentibus
3513 2921 3594 2976 lo-

1998 3015 2249 3075 quantur,
2279 3015 2334 3062 et
2363 3015 2469 3061 tam
2490 3022 2612 3062 cum
2632 3008 2944 3064 absentibus
2964 3024 3123 3080 quam
3153 3026 3277 3066 cum
3310 3013 3592 3081 praesenti-

1999 3093 2099 3151 hus
2119 3136 2135 3163 ,
2164 3112 2391 3167 quorum
2419 3098 2675 3170 imagines
2699 3108 2960 3167 cernunt,
2992 3101 3105 3157 sive
3132 3101 3372 3157 vivorum
3401 3104 3445 3170 ⁸,
3473 3103 3589 3158 sive

1998 3197 2352 3244 mortuorum.
2392 3190 2500 3246 Sed
2528 3192 2977 3260 quemadmodum
3008 3192 3045 3247 ii
3068 3193 3160 3264 qui
3188 3194 3393 3261 vivunt,
3420 3195 3489 3250 ab
3512 3195 3595 3251 eis

1998 3292 2060 3335 se
2081 3279 2271 3347 videri,
2300 3289 2493 3337 etcum
2509 3280 2589 3337 eis
2608 3296 2669 3338 se
2695 3283 2923 3353 colloqui
2951 3283 3226 3349 nesciunt;
3256 3299 3428 3355 neque
3448 3285 3593 3340 enim

1998 3386 2186 3428 revera
2213 3373 2312 3443 ipsi
2338 3373 2564 3442 adsunt,
2600 3384 2692 3429 aut
2714 3375 2814 3446 ipsi
2843 3375 3270 3432 sermocinantur
3292 3417 3309 3442 ,
3352 3375 3446 3432 sed
3475 3385 3593 3432 tur-

1999 3463 2139 3521 batis
2178 3465 2425 3522 sensibus
2463 3466 2707 3524 homines
2746 3467 2867 3523 talia
2896 3469 3007 3524 visa
3036 3468 3345 3540 imaginaria
3379 3470 3593 3541 patiun-

2002 3563 2087 3611 tur
2118 3575 2132 3611 :
2160 3571 2226 3612 eo
2251 3557 2410 3613 modo
2431 3566 2486 3613 et
2512 3558 2547 3613 ii
2572 3558 2661 3629 qui
2690 3574 2760 3614 ex
2788 3557 2889 3614 hac
2913 3558 3020 3614 vita
3048 3559 3342 3631 migrarunt
3361 3600 3377 3627 ,
3406 3560 3483 3615 sic
3509 3559 3595 3614 af-

2000 3649 2152 3705 fectis
2179 3648 2483 3705 hominibus
2514 3651 2762 3706 videntur
2789 3652 2939 3723 quasi
2968 3662 3261 3724 praesentes
3284 3693 3301 3721 ,
3332 3669 3452 3709 cum
3480 3655 3590 3711 sint

2000 3739 2283 3805 absentes,
2326 3750 2379 3796 et
2418 3750 2595 3796 utrum
2635 3743 2827 3814 aliquis
2854 3757 2950 3799 eos
2991 3744 3342 3816 imaginaliter
3376 3745 3591 3815 videat,

2000 3831 2220 3886 omnino
2249 3832 2570 3887 nescientes.

2072 3922 2164 3978 15.
2205 3920 2339 3978 Huic
2374 3922 2452 3977 rei
2488 3921 2662 3980 simile
2689 3929 2774 3978 est
2808 3922 2968 3978 etiam
2995 3922 3157 3991 illud,
3189 3938 3311 3981 cum
3347 3924 3594 3982 homines

1998 4014 2156 4070 altius
2184 4029 2342 4085 quam
2376 4013 2420 4068 si
2445 4014 2772 4081 dormirent,
2798 4015 3185 4072 subtrahuntur
3206 4018 3449 4088 corporis
3463 4033 3593 4074 sen-

2000 4106 2150 4163 sibus
2167 4147 2183 4174 ,
2212 4113 2267 4160 et
2292 4114 2620 4176 occupantur
2641 4106 2835 4163 talibus
2862 4107 3011 4162 visis.
3038 4108 3107 4163 Et
3145 4109 3226 4164 his
3252 4110 3393 4165 enim
3423 4126 3590 4181 appa-

2000 4206 2123 4255 rent
2150 4198 2403 4268 imagines
2442 4200 2683 4254 vivorum
2711 4210 2871 4271 atque
2909 4209 3241 4257 mortuorum
3274 4219 3289 4270 ;
3334 4203 3428 4259 sed
3465 4219 3587 4259 cum

2002 4290 2203 4347 fuerint
2229 4290 2475 4346 sensibus
2499 4290 2717 4359 redditi,
2743 4308 3105 4365 quoscumque
3131 4304 3371 4352 mortuos
3398 4296 3594 4353 vidisse

2003 4398 2063 4438 se
2090 4382 2321 4438 dixerint
2338 4425 2353 4448 ,
2374 4398 2503 4438 vere
2522 4398 2646 4439 cum
2666 4384 2744 4440 eis
2770 4385 2931 4442 fuisse
2954 4386 3246 4443 creduntur
3270 4406 3284 4445 :
3305 4404 3404 4444 nec
3423 4397 3594 4444 atten-

2003 4476 2163 4543 dunt,
2194 4478 2282 4548 qui
2298 4477 2426 4532 haec
2450 4478 2702 4546 audiunt,
2723 4479 2968 4536 similiter
2986 4480 3055 4536 ab
3081 4482 3161 4537 eis
3182 4481 3480 4537 absentium
3501 4493 3586 4537 at-

2005 4586 2110 4642 que
2157 4571 2509 4627 nescientium
2554 4572 2907 4643 quorumdam
2948 4574 3109 4629 etiam
3148 4574 3405 4644 imagines
3452 4574 3592 4629 visas

2005 4677 2126 4720 esse
2150 4664 2411 4720 vivorum.
2442 4664 2614 4720 Homo
2641 4665 2856 4736 quidam
2884 4665 3081 4722 Curma
3108 4666 3323 4722 nomine
3343 4669 3386 4733 ’,
3412 4666 3589 4720 muni-

2005 4756 2130 4826 cipii
2157 4756 2468 4822 Tulliensis,
2496 4758 2636 4828 quod
2661 4758 2890 4829 Hipponi
2915 4760 3211 4829 proximum
3240 4767 3323 4815 est
3341 4800 3358 4825 ,
3378 4758 3590 4815 curialis

2006 4863 2244 4920 pauper,
2274 4850 2361 4905 vix
2391 4850 2532 4905 illius
2558 4850 2659 4905 loci
2696 4850 3127 4907 duumviralitius
3171 4850 3251 4921 (a)
3286 4860 3339 4906 et
3382 4848 3589 4918 simpli-

2006 4942 2140 4998 citer
2169 4944 2488 5013 rusticanus,
2506 4958 2627 5000 cum
2657 4953 2962 5016 tegrotaret,
2992 4943 3198 5000 ablatus
3218 4959 3249 4998 a
3269 4941 3509 4999 sensibus
3540 4941 3585 5011 ⁸,

2073 5102 2091 5134 ι
2120 5108 2242 5165 pcto
2260 5109 2518 5165 Mss.,Nam
2546 5107 2593 5153 et
2610 5100 2722 5165 ipsi
2745 5098 3002 5165 loquwttur
3170 5112 3296 5165 ευηιΔ
3317 5111 3424 5149 uere
3456 5111 3590 5161 pra:—

2007 5162 2234 5233 sentibus,
2260 5160 2517 5233 loqutmtur
2556 5160 2701 5233 etiam
2723 5160 2834 5212 cunt
2875 5160 3143 5233 absentibus
3164 5160 3296 5225 quasi
3331 5173 3438 5211 cum
3458 5160 3590 5224 pra:-

2007 5223 2219 5287 sentibus
2240 5223 2443 5286 qttorum
2463 5223 2695 5287 imagines
2716 5232 2933 5287 cernunt.

2074 5288 2095 5317 ³
2128 5282 2471 5345 Bad.'etLov.,
2508 5282 2753 5336 (le—turma
2790 5284 2971 5335 (urina
2994 5283 3193 5334 neruine.
3236 5282 3431 5333 Etinl'ra
3471 5296 3589 5333 con-

2009 5354 2197 5409 stanter
2220 5347 2419 5406 habent,
2458 5344 2655 5397 Curina.
2689 5354 2743 5395 At
2894 5348 3075 5409 ubique
3095 5344 3417 5409 fere,_{?umta
3442 5357 3459 5394 :
3483 5346 3590 5407 qui-

2008 5408 2103 5457 bus
2142 5408 2301 5457 hacin
2324 5421 2381 5457 re
2419 5409 2733 5458 consentiunt
2752 5418 2850 5457 Am.
2881 5417 2933 5459 et
2956 5406 3046 5468 lui;
3072 5406 3158 5456 sed
3178 5406 3417 5457 editiones
3440 5406 3589 5456 etiam

2010 5472 2117 5542 ista:
2138 5469 2247 5542 duae
2278 5477 2414 5542 post,
2442 5480 2589 5520 Homo
2608 5468 2825 5542 quidam,
2851 5471 3030 5520 addunt
3050 5468 3112 5539 de
3136 5474 3296 5541 turma
3318 5480 3335 5517 :
3359 5468 3486 5542 quod
3506 5470 3591 5542 ab-

2013 5539 2091 5596 est
2110 5544 2136 5579 a
2159 5538 2264 5581 Mss.
2280 5530 2583 5595 'videturque
2620 5530 2885 5596 irrepsisse
2908 5546 2937 5582 e
2961 5532 3175 5593 margine
3191 5564 3207 5592 ,
3252 5531 3301 5579 in
3323 5530 3419 5595 qua
3463 5530 3589 5581 forte

2012 5594 2168 5642 fuerat
2190 5600 2486 5649 annotatum,
2523 5613 2545 5641 ι
2568 5601 2637 5643 ne
2658 5594 2844 5644 Cui-ma.
2868 5611 2891 5638 ι

2078 5656 2099 5687 ³
2121 5656 2194 5703 sic
2214 5656 2428 5717 potiores
2458 5663 2565 5706 Mss.
2592 5664 2649 5706 At
2670 5656 2807 5718 editi,
2832 5653 3001 5705 ablatis
3015 5650 3245 5704 sensibus.

2075 5739 2148 5803 (a)
2175 5737 2563 5803 mmmriralitius
2587 5741 2715 5791 idem
2729 5748 2866 5791 sonat
2888 5738 3012 5803 quod
3032 5735 3361 5803 duumviralis,
3383 5736 3473 5803 hoc
3489 5742 3586 5803 est,

2014 5795 2096 5863 qui
2120 5795 2473 5863 duuimiratum
2494 5805 2665 5863 gessit.
2692 5795 2928 5852 ltuumviﬁ
2955 5801 3255 5863 magistratus
3275 5795 3585 5860 municipales

2021 5861 2067 5926 ἐι
2084 5861 2406 5927 pellabantur,
2431 5861 2558 5927 qubd
2583 5868 2677 5916 duo
2704 5873 2887 5925 essent,
2907 5865 2971 5915 ait
2988 5862 3261 5913 Brisson'us.
