4078 6568
453 412 561 466 603

456 541 592 598 pene
633 532 872 579 mortuus
912 516 1077 590 jacuit
1099 516 1300 584 aliquot
1320 510 1509 566 diebus
1542 524 1556 562 :
1586 503 1930 598 tenuissimus
1958 497 2044 598 lla-

460 589 543 674 ins
574 618 626 671 in
658 613 893 678 naribus,
916 589 1010 679 qui
1041 622 1198 661 manu
1225 602 1438 658 admota
1466 609 1755 666 utcumque
1780 589 2052 648 sentieba-

465 719 548 761 tnr
585 716 639 761 et
675 712 792 759 erat
814 703 1062 771 exiguum
1094 695 1321 751 viventis
1351 692 1601 747 indicium
1634 690 1650 719 ι
1673 726 1689 752 ,
1734 682 1949 754 sepeliri
1993 688 2052 771 ut

459 797 757 852 exanimem
789 807 896 848 non
910 770 1153 846 isinebat.
1195 785 1381 841 Nullos
1407 792 1555 836 artus
1585 776 1867 837 movebat,
1908 770 2051 826 nulla

457 888 701 943 sumebat
737 885 987 939 alimenta
1019 898 1033 947 ;
1066 879 1199 934 nihil
1227 876 1428 940 oculis,
1457 870 1585 926 nihil
1617 868 1723 922 ullo
1757 865 1865 919 alio
1891 875 2053 916 sensu

465 976 709 1046 corporis
729 974 963 1044 qualibet
990 974 1218 1040 impacta
1247 964 1487 1021 molestia
1513 958 1795 1016 sentiebat.
1828 952 2055 1046 Videbat

460 1044 639 1124 tamen
669 1068 831 1121 multa
861 1066 1007 1119 velut
1035 1064 1088 1117 in
1109 1061 1313 1116 somnis
1332 1100 1347 1127 ,
1374 1071 1493 1128 quae
1525 1052 1736 1109 tandem
1764 1044 2053 1117 aliquando

462 1171 584 1232 post
617 1162 733 1216 dies
762 1159 1018 1229 plurimos
1046 1154 1199 1225 quasi
1226 1151 1481 1221 evigilans
1502 1189 1516 1212 ,
1545 1147 1655 1201 visa
1688 1141 1945 1197 narravit.
1980 1140 2056 1232 ᾼο

461 1230 692 1324 primum
713 1292 729 1316 ,
758 1265 887 1305 mox
919 1258 974 1303 ut
1017 1246 1226 1316 aperuit
1250 1242 1434 1298 oculos
1464 1257 1476 1293 :
1501 1238 1603 1293 Eat
1628 1235 1837 1305 aliquis,
1861 1230 2061 1324 inquit,

462 1320 529 1400 ad
558 1344 774 1398 domum
818 1339 1029 1396 Cnrmze
1072 1337 1204 1392 fabri
1241 1332 1487 1397 ferrarii,
1528 1338 1582 1385 et
1608 1328 1786 1382 videat
1828 1323 1955 1393 quid
1985 1320 2056 1375 ibi

460 1448 666 1508 agatur.
693 1433 811 1501 Quo
843 1446 967 1488 cum
1009 1432 1140 1485 itum
1179 1434 1357 1491 esset,
1389 1424 1637 1477 inventus
1677 1426 1760 1473 est
1800 1422 2056 1508 mortuus

464 1507 531 1584 eo
558 1534 866 1592 momento,
911 1538 1018 1593 quo
1056 1522 1157 1576 iste
1198 1517 1371 1573 fuerat
1398 1513 1642 1571 sensibus
1686 1507 1959 1571 redditus,
2002 1513 2059 1559 et

469 1635 606 1689 pene
632 1625 863 1681 amorte
903 1613 1190 1669 revixerat.
1230 1609 1384 1663 Tunc
1424 1602 1643 1659 intentis
1668 1599 1758 1671 qui
1796 1596 2059 1659 aderant,

467 1713 619 1767 illum
647 1708 885 1764 exhiberi
903 1707 1110 1777 jussum
1139 1717 1260 1758 esse
1285 1698 1498 1771 quando
1524 1698 1638 1767 ipse
1663 1694 1913 1748 dimissus
1942 1698 2025 1744 est
2043 1728 2058 1754 ,

469 1800 763 1865 indicavit;
809 1813 972 1868 seque
1016 1797 1123 1850 illic
1162 1793 1303 1849 unde
1348 1790 1584 1847 redierat
1630 1786 1764 1842 dixit
1805 1782 2059 1847 audisse,

469 1892 612 1963 quod
643 1905 744 1946 non
775 1889 971 1944 Curma
1000 1886 1249 1949 curialis,
1283 1882 1375 1938 sed
1407 1881 1601 1935 Curina
1638 1876 1789 1932 faber
1813 1873 2064 1929 ferrarius

466 1983 534 2038 ad
572 1983 687 2037 loca
725 1980 813 2035 illa
845 1987 1177 2037 mortuorum
1218 1980 1516 2045 praeceptus
1541 1969 1731 2025 fuisset
1754 1965 1969 2020 adduci.
2006 1963 2064 2017 lu

469 2076 574 2131 illis
608 2089 735 2143 ergo
756 2072 905 2138 visis,
930 2081 1180 2139 tauquam
1198 2067 1418 2123 somniis
1439 2064 1570 2129 suis,
1598 2063 1736 2116 inter
1755 2074 1848 2114 eos
1867 2060 1887 2090 ³
1913 2054 2066 2111 defu-

473 2175 649 2231 nctos,
663 2178 796 2234 quos
816 2161 1030 2217 videbat
1051 2174 1147 2229 pro
1167 2155 1480 2212 meritorum
1495 2150 1804 2209 diversitate
1828 2145 2063 2211 tractari,

467 2255 687 2326 agnovit
738 2253 897 2308 etiam
941 2248 1230 2306 nonnullos
1263 2260 1399 2315 quos
1440 2249 1666 2297 noverat
1703 2242 1873 2293 vivos.
1920 2236 2067 2315 Ipsos

472 2357 651 2402 autem
677 2360 802 2400 vere
826 2344 846 2375 ³
868 2342 1092 2397 forsitan
1131 2338 1478 2396 credidissem
1499 2377 1515 2401 ,
1573 2334 1619 2388 si
1659 2347 1766 2387 non
1797 2332 1934 2385 inter
1976 2328 2067 2383 illa

471 2437 623 2508 quasi
667 2434 871 2491 somnia
902 2448 996 2487 sua
1032 2431 1256 2486 vidisset
1299 2428 1461 2483 etiam
1492 2423 1751 2496 quosdam
1793 2421 1884 2491 qui
1928 2432 2071 2474 nunc

473 2544 642 2601 usque
667 2528 843 2584 adhuc
877 2527 1093 2591 vivunt,
1120 2523 1346 2578 clericos
1374 2520 1623 2575 videlicet
1649 2518 1857 2587 aliquos
1892 2513 2067 2584 regio-

475 2621 558 2675 nis
600 2635 747 2687 suae,
789 2634 819 2673 a
849 2632 1077 2687 quorum
1118 2615 1189 2670 ibi
1219 2612 1533 2685 presbytero
1559 2608 1798 2672 audivit,
1845 2614 1904 2660 ut
1930 2602 2071 2674 apud

475 2710 772 2781 Hipponem
805 2708 1169 2779 baptizaretur
1215 2720 1247 2758 a
1280 2719 1368 2759 me
1390 2742 1405 2768 ,
1446 2700 1588 2773 quod
1632 2708 1688 2755 et
1729 2700 1924 2752 factum
1952 2710 2073 2751 esse

476 2803 712 2857 dicebat.
759 2800 979 2856 Viderat
1009 2800 1187 2869 itaque
1230 2796 1287 2851 in
1317 2795 1406 2850 illa
1437 2793 1641 2848 visione
1668 2790 2073 2861 presbyterum,

475 2897 739 2959 clericos,
780 2909 867 2949 me
910 2894 1114 2963 ipsum,
1163 2889 1399 2945 nondum
1443 2887 1649 2943 scilicet
1687 2896 1961 2950 mortuos,
2015 2882 2071 2938 in

477 3002 579 3057 qua
610 2995 794 3056 postea
825 2984 957 3039 vidit
984 2993 1039 3040 et
1075 2990 1335 3036 mortuos.
1376 2977 1483 3033 Cur
1507 2993 1611 3033 non
1639 2976 1799 3031 etiam
1823 2974 1941 3029 illos
1967 2973 2075 3028 sic-

481 3091 542 3135 ut
585 3095 686 3134 nos
741 3078 939 3132 vidisse
976 3075 1254 3139 credatur,
1299 3083 1555 3141 utrosque
1591 3069 1795 3125 scilicet
1827 3067 2077 3122 absentes

477 3180 641 3240 atque
668 3168 971 3223 nescientes
1001 3182 1016 3231 ;
1058 3180 1121 3220 ac
1150 3180 1246 3234 per
1276 3163 1379 3218 hoc
1417 3179 1523 3217 non
1555 3162 1700 3229 ipsos
1719 3199 1734 3224 ,
1765 3159 1860 3215 sed
1887 3157 2077 3226 simili-

481 3260 694 3315 tudines
717 3273 905 3314 eorum
922 3299 935 3319 ,
968 3258 1105 3311 sicut
1127 3255 1291 3311 etiam
1321 3255 1557 3308 locorum
1584 3251 1758 3307 ?Nam
1784 3258 1839 3305 et
1859 3248 2076 3304 iundnm

482 3349 619 3405 vidit
639 3349 726 3405 ubi
747 3358 863 3402 erat
884 3348 971 3401 ille
997 3361 1118 3401 cum
1140 3345 1350 3400 clericis
1372 3343 1672 3414 presbyter,
1702 3350 1756 3397 et
1778 3340 2077 3411 Hipponem

484 3442 576 3497 ubi
617 3456 647 3494 a
688 3456 776 3496 me
815 3440 966 3510 quasi
995 3439 1294 3508 baptizatus
1325 3445 1409 3491 est
1441 3455 1453 3490 :
1486 3436 1540 3490 in
1573 3434 1767 3507 quibus
1798 3433 1929 3489 locis
1955 3448 2079 3503 pro-

485 3533 624 3587 fecto
649 3546 756 3585 non
780 3538 932 3596 erat,
964 3528 1177 3599 quando
1204 3528 1313 3581 illic
1344 3526 1445 3581 sibi
1475 3540 1597 3581 esse
1624 3524 1917 3580 videbatur.
1945 3522 2078 3579 Nam

484 3625 612 3697 quid
642 3624 714 3679 ibi
755 3632 1001 3694 ageretur
1020 3637 1088 3678 eo
1119 3630 1358 3689 tempore
1379 3662 1392 3685 ,
1423 3618 1693 3674 nesciebat
1727 3634 1741 3672 :
1770 3616 1912 3687 quod
1942 3630 2076 3685 pro-

484 3716 572 3770 cul
610 3714 774 3770 dubio
816 3714 1013 3781 sciret,
1044 3713 1088 3767 si
1122 3728 1249 3768 vere
1292 3711 1364 3765 ibi
1391 3718 1553 3767 esset.
1588 3709 1711 3764 Visa
1747 3716 1870 3764 sunt
1920 3708 2080 3777 igitur

487 3807 584 3860 ista
609 3846 624 3873 ,
653 3820 771 3873 qua:
799 3819 902 3857 non
933 3811 1321 3872 prmsentantur
1350 3799 1373 3831 ⁸
1400 3801 1454 3854 in
1488 3800 1616 3869 ipsis
1663 3798 1823 3853 rebus
1848 3806 1905 3851 ut
1931 3804 2078 3863 sunt,

486 3898 579 3957 sed
627 3897 682 3953 in
730 3896 1046 3969 quibusdam
1092 3911 1272 3952 rerum
1306 3892 1623 3964 imaginibus
1669 3890 2076 3945 adumbrantur.

488 3993 723 4062 Denique
766 3998 884 4061 post
912 3990 1078 4046 multa
1108 4003 1227 4058 qua:
1257 3987 1428 4052 vidit,
1468 3985 1629 4039 etiam
1672 3983 1724 4038 in
1774 3981 2078 4054 paradisum

486 4100 545 4140 se
596 4082 953 4138 introductum
1001 4094 1120 4135 esse
1151 4078 1418 4142 narravit,
1447 4075 1754 4144 dictumque
1791 4073 1891 4128 sibi
1917 4087 2037 4128 esse
2059 4114 2077 4138 ,

486 4189 606 4239 cum
636 4171 758 4226 inde
783 4170 1143 4226 dimitteretur
1169 4166 1437 4222 rediturus
1461 4164 1527 4221 ad
1556 4179 1685 4219 suos
1718 4180 1731 4217 :
1763 4162 1944 4227 Vade,
1978 4162 2078 4216 ba-

489 4264 689 4335 ptizare
715 4304 732 4329 ,
771 4263 816 4317 si
858 4263 942 4315 vis
966 4275 1087 4317 esse
1114 4260 1164 4313 in
1194 4259 1296 4313 isto
1322 4258 1440 4312 loco
1469 4257 1766 4312 beatorum.
1800 4252 1998 4309 Deinde
2024 4260 2082 4308 ut

489 4373 519 4406 a
564 4369 651 4408 me
680 4353 1041 4422 baptizaretur
1065 4350 1405 4416 admonitus,
1442 4347 1552 4419 jam
1589 4346 1785 4401 factum
1840 4361 1962 4400 esse
1987 4361 2078 4400 re-

495 4444 726 4513 spondit.
752 4443 846 4498 Cui
871 4459 1055 4498 rursus
1081 4443 1169 4498 ille
1196 4442 1285 4513 qui
1314 4457 1434 4497 cum
1462 4455 1527 4495 eo
1549 4438 2078 4511 loquebatur:Vade,

497 4537 666 4605 inquit
687 4576 701 4599 ,
732 4550 856 4590 vere
877 4534 1150 4605 baptizare
1180 4551 1194 4600 ;
1222 4549 1345 4589 nam
1377 4533 1507 4588 illud
1546 4532 1599 4587 in
1638 4533 1842 4587 visione
1878 4531 2078 4588 vidisti.

492 4629 623 4685 Post
653 4630 749 4684 ista
778 4628 1079 4696 convaluit,
1126 4629 1359 4698 perrexit
1389 4627 1707 4697 Hipponem.
1740 4626 1941 4681 Pascha
1968 4625 2080 4695 jam

490 4720 914 4790 propinquabat,
939 4720 1088 4775 dedit
1112 4733 1305 4775 nomen
1336 4718 1476 4773 inter
1504 4718 1640 4773 alios
1664 4716 2042 4787 Competentes
2062 4758 2079 4781 ,

488 4814 692 4882 pariter
735 4828 855 4869 cum
894 4812 1137 4883 plurimis
1194 4812 1495 4882 incognitus
1539 4810 1692 4865 nobis
1735 4825 1750 4873 ;
1794 4824 1895 4863 nec
1937 4809 2079 4862 illam

496 4903 621 4956 mihi
672 4903 925 4959 visionem
947 4944 962 4967 ,
993 4919 1091 4957 nec
1117 4902 1360 4972 cuiquam
1410 4912 1713 4955 nostrorum
1738 4899 1972 4954 iudicare
1992 4914 2083 4953 cu-

499 4997 650 5051 ravit.
682 4996 984 5065 Baptizatus
1014 5004 1098 5051 est
1117 4990 1137 5063 ,5
1164 4995 1393 5065 peractis
1423 4993 1611 5049 diebus
1643 4992 1843 5046 sanctis
1871 5006 2082 5045 remea-

497 5091 573 5143 vit
615 5087 678 5141 ad
718 5090 946 5158 propria.
989 5090 1209 5144 Biennio
1251 5088 1336 5143 vel
1378 5086 1609 5155 amplius
1652 5094 1951 5147 transacto,
1983 5098 2084 5153 ego

499 5186 686 5232 extincta
712 5178 1050 5247 haeceognovi
1076 5197 1088 5233 :
1122 5179 1292 5249 primo
1324 5194 1416 5248 per
1432 5175 1713 5248 quemdam
1743 5191 1919 5229 meum
1942 5174 2085 5244 ejus-

500 5286 600 5337 que
639 5270 863 5322 amicum
906 5270 957 5323 in
997 5271 1241 5325 convivio
1294 5284 1415 5324 meo
1443 5309 1459 5333 ,
1500 5267 1628 5321 dum
1672 5266 1914 5336 quaadam
1962 5266 2083 5319 talia

505 5363 842 5427 loqueremur
870 5359 1094 5417 :deinde
1120 5362 1284 5416 institi
1317 5375 1379 5415 ac
1406 5360 1505 5415 feci
1537 5369 1592 5414 ut
1621 5359 1736 5414 haec
1768 5357 1897 5412 mihi
1935 5373 2079 5427 prae-

574 5557 588 5586 ι
625 5551 1005 5619 t.ov.,i_ndirimn
1028 5555 1301 5619 quodittum
1336 5555 1546 5619 sepeliri.
1583 5557 1930 5618 Expunximus,
1953 5554 2082 5614 quod

503 5614 1067 5683 ﬂium,_quod_supertluo
1088 5616 1297 5683 additum
1323 5614 1433 5683 est,
1457 5633 1549 5666 nec
1571 5614 1817 5683 reperitur
1842 5618 1887 5665 iu
1915 5623 2019 5665 Mss.

575 5681 594 5748 ξ
629 5676 891 5748 liditi,_‘{uit
918 5676 1037 5724 inter
1055 5689 1147 5748 eos.
1175 5680 1333 5737 Abest,
1361 5680 1485 5748 (uit,
1514 5694 1540 5728 a
1578 5681 1797 5741 pluribus
1822 5689 1923 5727 uss.

577 5741 596 5768 ³
632 5744 679 5783 la
704 5737 863 5795 editis,
887 5748 994 5786 vere
1022 5745 1243 5788 mortuos.
1293 5737 1531 5789 neilutnlal
1561 5737 1669 5801 m,
1719 5749 1954 5801 nia/tuos,
1996 5754 2086 5791 nec

504 5811 589 5850 est
611 5804 656 5846 in
682 5806 784 5848 ms.

569 5869 595 5893 ι
632 5868 825 5910 sicitas.
854 5866 905 5909 At
931 5860 1062 5917 editi,
1085 5866 1390 5923 pra'stantur.

1236 397 1323 450 DE
1360 392 1545 448 CUR\
1588 388 1720 444 PRO
1760 379 2060 440 MOHTUIS
2099 376 2445 443 GEHENDA,
2490 377 2546 432 S.
2591 376 2958 433 AUGUSTINI

3643 380 3746 436 604

2155 509 2281 549 seus
2305 495 2416 563 ipse
2443 506 2701 560 narraret,
2731 494 3101 550 attestantibus
3124 495 3362 552 honestis
3381 497 3588 554 civibus
3613 501 3746 565 suis,

2155 596 2208 639 ct
2237 585 2303 640 de
2334 586 2558 641 mirabili
2584 586 2698 663 ejus
2724 585 3056 656 mgritudiue,
3090 596 3147 641 ιιι
3168 587 3395 657 jacuerit
3429 605 3566 658 pene
3603 605 3747 644 mor-

2159 686 2279 732 tuus
2307 694 2402 748 per
2431 679 2544 735 dies
2580 680 2871 749 plurimos,
2898 688 2953 735 et
2986 680 3053 735 de
3086 682 3176 735 illo
3217 684 3322 738 alio
3358 684 3556 742 Curma
3596 687 3751 743 fabro

2158 770 2379 825 ferrario
2398 812 2413 837 ,
2443 771 2583 842 quod
2616 775 3027 829 commemoravi
3056 778 3323 846 superius,
3353 788 3406 836 et
3430 781 3498 837 de
3524 783 3609 839 his
3635 799 3750 837 om-

2159 865 2314 919 nibus
2360 882 2479 936 qu:e
2515 882 2634 920 cum
2684 868 2808 920 milii
2840 869 3069 936 diceret,
3111 872 3270 925 etiam
3325 882 3451 929 tunc
3475 876 3543 930 ab
3573 876 3664 929 illo
3692 892 3753 931 se

2158 956 2370 1012 audisse
2398 957 2702 1013 recalebant
2725 968 2885 1029 atque
2920 960 3224 1019 firmabant.
3250 963 3608 1032 Quamobrem
3640 970 3752 1026 sieo

2158 1060 2217 1105 ut
2257 1051 2385 1106 vidit
2426 1051 2745 1124 baptismum
2775 1070 2930 1111 suum
2954 1097 2969 1121 ,
3009 1066 3062 1111 et
3104 1073 3190 1115 me
3218 1060 3425 1127 ipsum,
3458 1073 3513 1117 et
3552 1064 3753 1133 Hippo«

2160 1159 2283 1197 nem
2308 1184 2323 1207 ,
2362 1153 2416 1198 et
2446 1144 2718 1199 basilicam
2741 1188 2757 1210 ,
2796 1158 2851 1202 et
2894 1148 3260 1218 baptisterium
3285 1192 3300 1214 ,
3349 1168 3454 1207 non
3496 1154 3548 1209 in
3587 1157 3753 1212 rebus

2161 1235 2327 1304 ipsis,
2360 1236 2454 1291 sed
2499 1236 2550 1291 in
2576 1238 2893 1307 quibusdam
2933 1242 3371 1299 similitudinibus
3415 1262 3638 1311 rerum;
3680 1249 3751 1303 ita

2162 1335 2218 1381 et
2258 1327 2390 1381 alios
2435 1329 2695 1398 quosdam
2736 1331 2884 1386 vivos
2904 1374 2919 1398 ,
2949 1333 3152 1389 eisdem
3184 1337 3546 1392 nescientibus
3575 1339 3751 1394 vivis:

2231 1416 2457 1474 CAPUT
2484 1419 2619 1474 Xlll.
2642 1421 3050 1479 —-Mortuorum
3078 1429 3263 1482 animae
3294 1445 3395 1483 non
3415 1430 3661 1484 intersunt
3683 1447 3759 1484 re-

2163 1507 2255 1562 bus
2277 1509 2563 1564 viventium.
2596 1512 2703 1567 Cur
2727 1528 2831 1567 non
2862 1530 2990 1585 ergo
3016 1516 3088 1572 ita
3112 1526 3168 1573 et
3196 1517 3316 1574 illos
3342 1528 3585 1575 mortuos
3603 1561 3619 1587 ,
3645 1522 3756 1577 eis-

2164 1597 2285 1653 dem
2311 1600 2666 1656 nescientibus
2691 1604 2913 1659 mortuis
2940 1605 2964 1658 ?

2238 1690 2325 1744 l6.
2349 1690 2457 1745 Cur
2480 1708 2586 1745 non
2621 1693 2750 1747 istas
2775 1696 3112 1765 operationes
3136 1698 3403 1769 angelicas
3427 1701 3697 1757 credimus
3714 1705 3755 1770 ⁸,

2168 1797 2262 1851 per
2290 1781 2743 1852 dispensationem
2788 1789 3134 1856 providentiae
3166 1791 3259 1847 Dei
3299 1793 3437 1849 bene
3466 1797 3665 1850 utentis
3703 1807 3760 1852 et

2168 1872 2322 1928 bonis
2349 1883 2404 1929 et
2432 1876 2607 1943 malis,
2652 1879 2947 1935 secundum
2986 1882 3382 1939 inscrutabilem
3419 1886 3759 1942 altitudinem

2163 1963 2487 2034 judiciorum
2532 1970 2828 2035 suorum!
2876 1972 2989 2029 sive
3039 1973 3368 2030 instruantur
3422 1976 3547 2033 hinc
3602 1994 3761 2034 men-

2171 2067 2253 2113 tes
2280 2060 2617 2127 mortalium,
2646 2062 2757 2117 sive
2780 2062 3029 2125 fallantur
3055 2107 3069 2131 ,
3102 2067 3216 2122 sive
3240 2069 3619 2136 consolentur,
3646 2072 3764 2127 sive

2173 2158 2473 2207 terreantur
2515 2170 2529 2208 :
2562 2154 2697 2208 sicut
2717 2156 3000 2227 unicuique
3020 2161 3102 2214 vel
3130 2160 3414 2228 praebenda
3448 2170 3531 2216 est
3554 2162 3764 2217 miseri-

2172 2242 2352 2297 cordia
2375 2285 2389 2308 ,
2416 2244 2497 2299 vel
2536 2245 2816 2317 irr0ganda
2841 2249 3069 2305 vindicta
3086 2292 3102 2316 ,
3131 2251 3202 2307 ab
3234 2251 3327 2306 illo
3351 2253 3438 2307 cui
3460 2253 3769 2309 misericor-

2172 2334 2314 2389 diam
2344 2345 2399 2390 et
2421 2336 2679 2406 judicium
2710 2353 2818 2394 non
2845 2340 3072 2396 inaniter
3095 2352 3271 2398 cantat
3306 2342 3545 2399 Ecclesia
3572 2346 3590 2415 (
3619 2344 3763 2401 Psal.

2174 2444 2225 2491 c,
2256 2429 2344 2502 1).
2377 2429 2447 2485 Ut
2474 2431 2616 2487 volet
2639 2433 2865 2503 accipiat
2889 2437 3114 2504 quisque
3133 2435 3275 2506 quod
3302 2436 3494 2492 dicam.
3524 2437 3583 2493 Si
3604 2437 3768 2493 rebus

2174 2520 2463 2576 viventium
2513 2522 2833 2579 interessent
2884 2526 3077 2580 anima:
3123 2536 3456 2582 mortuorum
3488 2570 3505 2595 ,
3550 2536 3606 2584 et
3638 2529 3768 2598 ipsa

2175 2626 2274 2668 nos
2297 2655 2313 2679 ,
2345 2613 2560 2684 quando
2587 2630 2681 2671 eas
2710 2616 2984 2683 videmus,
3010 2618 3409 2689 alloquerentur
3436 2620 3488 2675 in
3527 2621 3768 2687 somnis;

2176 2713 2234 2760 ut
2261 2705 2330 2761 de
2354 2705 2473 2761 aliis
2512 2716 2713 2762 taceam
2737 2748 2753 2772 ,
2786 2724 2874 2765 me
2912 2710 3085 2779 ipsum
3123 2712 3207 2781 pia
3237 2721 3407 2767 mater
3437 2713 3584 2767 nulla
3614 2716 3773 2770 nocte

2177 2796 2492 2863 desereret,
2526 2814 2645 2868 qua:
2687 2809 2827 2858 terra
2856 2802 3097 2873 marique
3128 2812 3309 2859 secuta
3339 2812 3423 2860 est
3458 2814 3517 2859 ut
3556 2819 3771 2860 mecum

2177 2889 2401 2945 viveret.
2432 2890 2585 2947 Absit
2625 2893 2768 2948 enim
2810 2903 2867 2949 ut
2897 2893 3030 2950 facta
3070 2896 3141 2951 sit
3181 2896 3286 2951 vita
3313 2896 3548 2953 feliciore
3577 2899 3775 2954 crude—

2179 2982 2262 3048 lis,
2310 2999 2481 3054 usque
2509 2985 2645 3042 adeo
2687 2995 2745 3042 ut
2773 2987 2985 3058 quando
3022 2988 3221 3059 aliquid
3265 2990 3410 3060 angit
3444 3004 3539 3044 cor
3567 3005 3771 3054 meum,

2179 3090 2280 3131 nec
2328 3077 2531 3132 tristem
2579 3077 2747 3132 filium
2778 3080 3115 3147 consoletur,
3156 3096 3314 3151 quem
3354 3080 3541 3136 dilexit
3581 3081 3776 3147 unice,

2180 3184 2341 3238 quem
2369 3185 2641 3241 nunquam
2669 3172 2834 3226 voluit
2860 3180 3109 3228 maestum
3141 3172 3345 3228 videre.
3378 3172 3484 3228 Sed
3526 3172 3773 3242 profecto

2180 3260 2322 3331 quod
2356 3277 2509 3319 sacer
2544 3263 2787 3319 Psalmus
2813 3272 3088 3334 personat,
3118 3279 3305 3319 verum
3332 3272 3417 3320 est
3461 3283 3475 3319 :
3517 3263 3776 3329 Quoniam

2182 3364 2327 3425 pater
2364 3372 2503 3410 meus
2549 3365 2598 3410 et
2639 3368 2799 3411 mater
2825 3372 2937 3411 mea
2975 3358 3347 3425 dereliquerunt
3377 3374 3456 3412 me
3482 3400 3495 3423 ,
3522 3357 3775 3414 Dominus

2180 3457 2346 3501 autem
2370 3449 2643 3518 assumpsit
2672 3465 2752 3503 me
2772 3449 2790 3518 (
2813 3448 2960 3503 Psal.
2995 3465 3138 3513 xxvr,
3173 3449 3240 3505 10
3260 3448 3301 3520 ).
3325 3450 3381 3505 Si
3409 3465 3538 3521 ergo
3574 3450 3775 3506 dereli-

2180 3548 2411 3610 querunt
2448 3555 2547 3595 nos
2577 3553 2825 3610 parentes
2854 3542 3060 3609 nostri,
3094 3543 3363 3613 quomodo
3398 3542 3597 3597 nostris
3631 3543 3776 3597 curis

2183 3640 2235 3685 et
2263 3631 2425 3686 rebus
2455 3631 2718 3688 intersunt
2744 3633 2768 3687 ἲ
2793 3633 2849 3688 Si
2874 3642 3052 3688 autem
3083 3643 3330 3704 parentes
3357 3650 3460 3688 non
3487 3635 3774 3699 intersunt,

2183 3725 2272 3795 qui
2314 3734 2438 3780 sunt
2465 3726 2554 3780 alii
2584 3736 2920 3781 mortuorum
2961 3726 3051 3797 qui
3091 3729 3345 3782 noverint
3363 3726 3488 3797 quid
3513 3742 3735 3797 agamus
3757 3768 3773 3793 ,

2182 3815 2375 3887 quidve
2418 3817 2681 3887 patiamur
2708 3817 2733 3870 ?
2760 3817 2923 3872 Isaias
2960 3817 3218 3887 pmpheta
3246 3817 3376 3872 dicit
3406 3836 3418 3871 :
3458 3817 3533 3871 Tu
3558 3834 3613 3872 es
3645 3818 3777 3872 enim

2185 3918 2326 3981 pater
2350 3920 2515 3964 noster
2547 3927 2567 3976 ,°
2595 3911 2715 3980 quia
2736 3910 2991 3964 Abraham
3018 3911 3224 3964 nescivit
3252 3927 3342 3963 nos
3362 3952 3376 3975 ,
3405 3919 3452 3963 et
3480 3909 3652 3964 Israel
3678 3927 3777 3963 non

2183 4003 2413 4073 cognovit
2440 4019 2532 4057 nos
2560 4002 2709 4075 (lsai.
2740 4019 2862 4057 um
2882 4046 2896 4068 ,
2922 4002 3032 4075 i6).
3065 4003 3120 4059 Si
3152 4004 3279 4057 tanti
3302 4002 3629 4059 Patriarchze
3653 4003 3777 4074 quid

2184 4109 2307 4166 erga
2346 4094 2597 4163 populum
2635 4111 2700 4150 ex
2737 4094 2823 4149 his
2862 4104 3200 4166 procreatum
3227 4104 3475 4165 ageretur
3502 4096 3780 4165 ignorave-

2184 4195 2328 4252 runt,
2357 4185 2552 4255 quibus
2578 4186 2688 4242 Deo
2712 4186 3050 4242 credentibus
3071 4188 3301 4258 populus
3327 4188 3440 4257 ipse
3466 4186 3535 4242 de
3565 4187 3777 4243 illorum

2184 4279 2351 4347 stirpe
2382 4279 2675 4348 promissus
2701 4287 2783 4333 est
2824 4294 2839 4345 ;
2871 4279 3140 4349 quomodo
3181 4279 3374 4334 mortui
3412 4279 3657 4333 vivorum
3690 4295 3778 4335 re-

2185 4370 2283 4425 bus
2310 4380 2473 4439 atque
2514 4370 2721 4425 actibus
2758 4371 3145 4441 cognoscendis
3187 4371 3609 4441 adjuvandisque
3652 4372 3779 4425 mis-

2184 4472 2376 4517 centur
2404 4462 2427 4515 ?
2455 4461 2736 4528 Quomodo
2757 4462 2984 4517 dicimus
3009 4463 3088 4517 eis
3129 4462 3289 4517 fuisse
3316 4464 3616 4517 consultum
3636 4505 3649 4527 ,
3693 4465 3780 4534 qui

2185 4555 2431 4609 obierunt
2451 4564 2731 4625 antequam
2763 4555 3008 4609 venirent
3036 4555 3173 4609 mala
3195 4570 3315 4626 qua:
3336 4555 3549 4610 illorum
3577 4557 3780 4610 obitum

2185 4655 2470 4703 consecuta
2501 4658 2658 4713 sunt,
2685 4649 2730 4702 si
2756 4655 2810 4702 et
2840 4656 2961 4718 post
2989 4658 3214 4702 mortem
3246 4648 3485 4703 sentiunt
3504 4662 3782 4718 quaecum-

2186 4743 2357 4812 quein
2379 4742 2501 4796 vitae
2528 4741 2774 4796 humana:
2799 4741 3100 4795 calamitate
3116 4741 3136 4774 ⁸
3163 4741 3517 4809 contingunt?
3539 4742 3621 4795 An
3648 4742 3783 4796 forte

2188 4845 2287 4886 nos
2322 4831 2553 4885 errando
2582 4832 2681 4886 ista
2727 4831 2956 4886 dicimus
2976 4872 2991 4897 ,
3035 4839 3088 4885 et
3118 4829 3217 4884 hos
3246 4840 3493 4900 putamus
3534 4833 3781 4902 quietos,

2187 4937 2322 4991 quos
2358 4922 2591 4991 inquieta
2624 4922 2726 4975 vita
2758 4920 2997 4975 vivorum
3036 4921 3331 4975 sollicitat?
3370 4920 3506 4987 Quid
3534 4928 3619 4975 est
3655 4935 3785 4990 ergo

2188 5013 2329 5084 quod
2362 5014 2602 5084 piissimo
2627 5014 2737 5083 regi
2762 5012 2921 5067 Josiae
2944 5027 3039 5083 pro
3064 5027 3258 5081 magno
3292 5010 3552 5065 beneficio
3585 5012 3781 5080 promi-

2189 5110 2255 5164 sit
2281 5109 2419 5162 Deus
2438 5150 2451 5173 ,
2483 5106 2624 5175 quod
2651 5114 2794 5161 esset
2821 5114 2945 5161 ante
2971 5105 3292 5169 moriturus,
3320 5119 3387 5157 ne
3416 5103 3621 5158 videret
3644 5103 3782 5157 mala

2189 5218 2310 5273 qum
2334 5212 2558 5255 ventura
2590 5200 2663 5254 illi
2693 5200 2811 5254 loco
2835 5208 2891 5255 ct
2929 5199 3125 5270 populo
3153 5196 3497 5252 minabatur?
3526 5195 3659 5262 Quae
3693 5195 3783 5249 Dei

2191 5295 2352 5349 verba
2406 5295 2506 5348 ista
2557 5302 2681 5348 sunt
2734 5311 2746 5346 :
2798 5291 2925 5346 Hac
2954 5292 3073 5344 dicit
3101 5290 3352 5344 Dominus
3391 5287 3529 5342 Deus
3571 5287 3739 5342 Israel
3768 5302 3787 5341 :

2204 5388 2363 5441 Verba
2393 5403 2502 5439 utea
2531 5402 2643 5455 qua:
2671 5385 2890 5449 audisti,
2924 5393 2970 5437 et
2999 5383 3183 5436 veritus
3208 5399 3259 5436 es
3285 5399 3315 5433 a
3357 5380 3489 5451 facie
3516 5397 3626 5435 mea
3670 5396 3785 5433 cum

2193 5481 2401 5546 audisti,
2423 5495 2537 5540 qua:
2562 5480 2756 5532 locutus
2778 5494 2888 5531 sum
2910 5477 2973 5529 de
2998 5477 3093 5530 ista
3116 5477 3226 5529 loco
3247 5517 3261 5541 ,
3286 5485 3333 5527 et
3356 5475 3441 5543 qui
3468 5489 3782 5527 commoran-

2260 5735 2273 5765 ί
2313 5740 2439 5779 l‘nus
2464 5743 2492 5777 c
2518 5728 2750 5777 Vaticanis
2791 5733 2893 5774 Mss.
2916 5760 2929 5783 ,
2980 5722 3221 5773 credimus
3258 5719 3369 5783 ﬁeri
3405 5731 3492 5783 per
3540 5716 3786 5780 dispensa-

2244 5813 2386 5841 mem.

2244 5813 2260 5835 τ
2375 5828 2386 5841 .

2196 5807 2441 5905 “(immitis
2476 5867 2501 5901 ρ
2543 5860 2777 5900 \ttttrfams
2818 5856 2955 5908 Mss,
3004 5862 3051 5898 m
3098 5857 3192 5898 uta
3219 5857 3426 5896 humana
3476 5850 3784 5895 :atmnttmrs.
