4078 6520
240 395 346 451 605

238 517 318 561 tur
344 507 400 561 in
426 523 509 572 eo,
540 516 594 559 ut
621 504 881 561 deseratur
909 514 953 557 et
980 504 1032 557 in
1061 502 1324 557 maledicto
1344 502 1409 555 sit
1436 520 1454 567 ;
1480 512 1524 555 et
1551 501 1838 555 conscidiin

238 599 533 652 vestimenta
559 609 644 650 tua
662 640 678 662 ,
711 606 758 650 et
786 596 969 665 ﬂeuisti
999 596 1050 648 in
1078 603 1351 663 conspectu
1389 608 1497 646 meo
1519 634 1533 659 ,
1563 602 1609 645 et
1632 608 1723 663 ego
1748 609 1841 644 au-

238 690 342 743 divi
361 730 376 754 ,
409 687 544 741 dixit
577 686 829 740 Dominus
858 684 1069 740 sabaoth
1096 701 1116 737 :
1149 701 1249 737 non
1277 686 1349 737 sic
1370 725 1386 749 ,
1418 699 1529 737 ecce
1561 699 1651 753 ego
1679 699 1843 753 appo-

238 798 357 833 nant
389 790 437 833 te
470 779 539 832 ad
577 788 743 848 patres
773 787 885 831 tuos
910 819 924 840 ,
947 786 993 831 et
1015 775 1289 847 apponeris
1318 792 1434 828 cum
1471 791 1598 840 pace
1627 784 1713 838 ,'et
1739 791 1841 829 non

236 873 476 927 videbunt
498 870 631 925 oculi
658 871 731 923 tui
751 870 921 923 omnia
946 867 1082 921 mala
1102 884 1215 939 qua:
1235 884 1323 937 ego
1347 866 1533 921 induco
1561 867 1577 898 ¹
1601 867 1651 920 in
1674 866 1843 920 locum

239 964 404 1027 hunc,
426 971 475 1015 et
499 962 585 1025 qui
612 968 988 1014 commorantur
1010 961 1063 1013 in
1085 976 1142 1013 eo
1169 958 1257 1028 (1V
1290 955 1413 1028 Reg.
1444 973 1594 1023 xx",
1624 956 1839 1029 18-20).

239 1053 484 1108 Territus
524 1053 626 1107 iste
670 1051 763 1105 Dei
813 1050 1314 1104 comminationibus
1355 1048 1608 1113 ﬂeverat,
1642 1056 1696 1102 et
1747 1062 1844 1101 sua

239 1145 559 1200 vestimenta
588 1143 953 1207 eonsciderat;
973 1151 1027 1196 et
1057 1142 1117 1195 lit
1144 1141 1381 1196 omnium
1413 1140 1675 1194 malorum
1705 1138 1846 1193 futu-

241 1253 425 1292 rorum
466 1237 535 1291 de
566 1244 911 1307 properatum
952 1244 1123 1289 morte
1166 1248 1420 1296 securus,
1452 1231 1593 1302 quod
1639 1233 1711 1286 ita
1755 1248 1844 1288 re-

242 1330 526 1398 quieturus
568 1336 712 1391 esset
753 1328 806 1381 in
850 1342 1012 1397 pace,
1049 1335 1102 1379 ut
1137 1325 1227 1379 illa
1262 1326 1441 1379 omnia
1474 1340 1578 1379 non
1614 1323 1842 1378 videret.

242 1419 317 1476 lbi
363 1435 494 1489 ergo
533 1428 659 1473 sunt
699 1420 919 1488 spiritus
960 1417 1334 1473 defunctorum
1358 1459 1373 1483 ,
1405 1418 1493 1472 ubi
1524 1432 1631 1471 non
1662 1416 1847 1471 vident

242 1527 597 1582 quzecumque
626 1520 855 1580 aguntur
894 1518 987 1563 aut
1016 1509 1275 1565 eveniunt
1319 1509 1371 1563 in
1403 1509 1502 1563 ista
1532 1509 1637 1563 vita
1668 1507 1845 1562 homi-

244 1603 422 1657 nibus.
454 1601 735 1670 Quomodo
762 1616 888 1670 crgo
916 1600 1095 1656 vident
1123 1600 1356 1655 tumulos
1398 1614 1524 1655 suos
1544 1641 1559 1665 ,
1591 1611 1683 1653 aut
1715 1615 1840 1654 cor-

245 1709 375 1764 pora
420 1710 548 1757 sua,
583 1702 755 1747 utrum
787 1692 994 1761 abjecta
1029 1692 1277 1760 jaceant,
1306 1706 1375 1745 an
1411 1690 1661 1759 sepulta?
1697 1691 1846 1755 Quo-

245 1784 411 1838 modo
447 1784 714 1837 intersunt
745 1782 975 1836 miseriae
1012 1782 1287 1847 vivorum,
1334 1794 1456 1835 cum
1495 1780 1578 1834 vel
1608 1795 1703 1835 sua
1746 1778 1847 1847 ipsi

247 1876 387 1930 mala
416 1874 719 1945 patiantur,
753 1873 796 1928 si
845 1873 965 1927 talia
1001 1872 1192 1927 merita
1218 1880 1604 1927 contraxerunt
1637 1888 1652 1937 ;
1685 1871 1764 1924 vel
1794 1871 1846 1925 in

248 1982 381 2039 pace
425 1968 796 2036 requiescant,
829 1966 969 2020 sicut
1011 1964 1136 2019 huic
1163 1965 1325 2020 Josiae
1368 1965 1691 2035 promissum
1730 1973 1845 2031 est,

250 2062 339 2117 ubi
391 2061 530 2115 mala
573 2060 677 2115 ulla
722 2075 823 2114 nec
866 2058 1113 2128 patiendo
1144 2073 1243 2114 nec
1272 2057 1648 2127 compatiendo
1690 2058 1851 2112 susti-

252 2163 411 2208 neant
440 2193 455 2219 ,
508 2152 715 2206 liberati
761 2151 830 2205 ab
856 2151 1104 2204 omnibus
1148 2150 1301 2205 malis
1343 2166 1462 2220 qua:
1508 2140 1850 2220 patiendo‘et

249 2243 660 2313 compatieudo,
693 2258 813 2297 cum
848 2241 934 2296 hic
962 2242 1234 2306 viverent,
1269 2240 1648 2295 sustinebant?

327 2335 554 2391 CAPUT
593 2334 736 2390 XIV.
779 2363 855 2375 —
892 2334 979 2387 17.
1024 2332 1250 2403 Objectio
1283 2332 1522 2385 adversus
1564 2330 1848 2401 superiora.

253 2428 461 2484 Dixerit
496 2428 690 2496 aliquis
722 2445 735 2480 :
779 2424 835 2481 Si
866 2425 1010 2480 nulla
1038 2433 1122 2480 est
1162 2424 1388 2479 mortuis
1430 2437 1557 2478 cura
1583 2422 1652 2476 de
1680 2421 1848 2489 vivis,

249 2519 523 2592 quomodo
556 2520 643 2573 ille
667 2517 817 2572 dives
845 2517 933 2587 qui
957 2515 1098 2587 apud
1129 2514 1331 2569 inferos
1359 2513 1726 2583 torquebatur,
1759 2527 1852 2567 ro-

250 2612 411 2685 gabat
430 2611 699 2666 Abraham
724 2618 949 2680 patrem,
975 2617 1033 2663 ut
1058 2609 1296 2663 mitteret
1322 2607 1578 2661 Lazarum
1602 2605 1670 2660 ad
1694 2605 1851 2675 quiu-

250 2718 357 2773 que
386 2702 578 2757 fratres
606 2715 735 2756 suos
778 2699 1014 2755 nondum
1044 2708 1303 2761 mortuos,
1335 2707 1390 2753 et
1418 2705 1599 2767 ageret
1622 2711 1743 2751 cum
1773 2696 1852 2751 eis

253 2812 324 2851 ne
368 2797 617 2850 venirent
646 2802 702 2849 et
730 2794 829 2864 ipsi
859 2793 909 2847 in
934 2791 1181 2848 eumdem
1222 2799 1611 2847 tormentorum
1639 2790 1854 2845 locum?

251 2886 360 2942 Sed
378 2884 638 2956 numquid
656 2886 775 2955 quia
803 2884 905 2939 hoc
922 2883 1010 2939 ille
1030 2882 1179 2937 dives
1205 2881 1358 2947 dixit,
1378 2881 1499 2936 ideo
1519 2879 1645 2951 quid
1662 2879 1855 2936 fratres

252 2988 474 3048 agerent
500 2978 586 3032 vel
623 2975 748 3046 quid
796 2983 1104 3045 paterentur
1130 2974 1224 3028 illo
1263 2981 1528 3042 tempore,
1558 2970 1748 3027 scivit?
1778 2971 1853 3026 Ita

254 3070 329 3123 illi
356 3067 455 3123 fuit
480 3083 605 3123 cura
636 3067 703 3122 de
740 3066 902 3132 vivis,
935 3065 1179 3136 quamvis
1219 3064 1344 3133 quid
1370 3072 1593 3134 agerent
1635 3062 1854 3117 omnino

253 3163 519 3224 nesciret;
552 3160 998 3231 quemadmodum
1036 3166 1120 3213 est
1156 3158 1310 3212 nobis
1338 3173 1466 3212 cura
1508 3157 1576 3212 de
1606 3156 1852 3223 mortuis,

252 3255 497 3327 quamvis
522 3254 649 3324 quid
675 3261 833 3323 agant
854 3254 1036 3322 utique
1058 3250 1377 3305 nesciamus.
1401 3248 1533 3303 Nam
1561 3249 1604 3302 si
1628 3248 1758 3303 nihil
1787 3247 1856 3303 de

253 3346 483 3403 mortuis
503 3360 834 3409 curaremus,
862 3358 967 3397 non
992 3342 1172 3411 utique
1197 3356 1295 3411 pro
1319 3340 1424 3395 illis
1447 3340 1555 3394 Deo
1583 3338 1855 3408 supplica-

251 3453 459 3495 remus.
488 3436 725 3503 Denique
749 3435 1019 3489 Abraham
1044 3447 1143 3487 nec
1160 3431 1420 3487 Lazarum
1441 3431 1606 3497 misit,
1635 3440 1690 3485 et
1711 3430 1858 3500 Moy-

252 3548 348 3587 sen
365 3533 387 3562 '
412 3545 477 3585 ac
504 3528 801 3600 Prophetas
830 3526 916 3581 hic
941 3541 1034 3582 eos
1057 3525 1255 3580 habere
1280 3524 1585 3594 respondit,
1610 3539 1744 3593 quos
1764 3538 1859 3577 au-

251 3624 372 3679 dire
403 3622 683 3686 deberent,
713 3629 771 3675 ut
800 3620 865 3675 ad
894 3620 984 3675 illa
1013 3618 1270 3690 supplicia
1310 3632 1417 3672 non
1448 3618 1710 3671 venirent.
1756 3616 1857 3673 Ubi

254 3728 445 3769 rursus
490 3713 725 3768 occurrit
750 3710 1019 3783 quomodo
1047 3708 1176 3781 quid
1203 3709 1291 3763 hic
1315 3717 1562 3778 ageretur
1588 3706 1857 3761 Abraham

255 3816 411 3875 pater
438 3806 553 3875 ipse
582 3804 873 3868 nesciebat,
908 3802 996 3858 ubi
1025 3800 1226 3855 sciebat
1255 3814 1374 3854 esse
1397 3798 1615 3870 Moysen
1644 3808 1698 3852 et
1725 3797 1860 3852 Pro-

254 3900 484 3969 phetas,
513 3897 565 3952 id
609 3905 722 3962 est,
771 3896 935 3950 libros
963 3909 1147 3950 eorum
1168 3934 1183 3959 ,
1211 3891 1405 3963 quibus
1451 3890 1691 3945 homines
1733 3888 1862 3943 obe-

256 3991 455 4047 diendo
484 3998 745 4044 tormenta
772 3986 976 4042 iul‘erna
1002 3986 1023 4017 ⁸
1046 3986 1306 4040 evitarent
1331 4003 1344 4038 :
1374 3982 1462 4037 ubi
1491 3980 1718 4050 denique
1757 3996 1855 4033 no-

254 4092 409 4137 verat
439 4081 656 4134 divitem
702 4079 848 4134 illum
880 4078 930 4132 in
960 4076 1187 4139 deliciis,
1217 4089 1506 4146 pauperem
1537 4088 1665 4127 vero
1695 4070 1859 4124 Laza-

258 4189 379 4228 rum
411 4173 465 4226 in
505 4171 776 4225 laboribus
815 4168 1196 4239 doloribusque
1235 4168 1452 4222 vixisse.
1484 4165 1617 4220 Nam
1665 4175 1718 4218 et
1758 4164 1862 4218 hoc

260 4265 334 4321 illi
357 4266 435 4319 ait
457 4284 474 4317 -.
505 4262 780 4329 Memento,
815 4262 911 4331 ﬁli,
943 4260 1060 4330 quia
1088 4259 1356 4330 percepisti
1382 4259 1511 4312 bona
1535 4258 1588 4311 in
1620 4257 1721 4310 vita
1752 4264 1860 4323 tua,

259 4358 493 4412 [uisurus
538 4365 703 4408 autem
749 4354 906 4407 mala.
948 4352 1161 4408 Sciebat
1187 4367 1314 4422 ergo
1358 4350 1494 4413 luce.
1526 4364 1644 4419 qua:
1685 4348 1865 4418 utique

256 4448 399 4518 apud
428 4447 596 4509 vivos,
629 4460 733 4499 non
775 4443 913 4513 apud
954 4451 1192 4496 mortuos
1218 4450 1363 4511 gesta
1407 4440 1633 4494 fuerant.
1664 4437 1863 4492 Verum

260 4553 370 4592 non
401 4551 524 4591 cum
567 4544 854 4605 agerentur
883 4533 939 4587 in
966 4532 1102 4586 vivis
1125 4573 1140 4597 ,
1187 4531 1282 4586 sed
1311 4530 1391 4585 eis
1427 4528 1652 4584 mortuis
1696 4528 1867 4597 potuit

265 4630 471 4686 Lazaro
505 4626 775 4682 indicante
802 4639 1129 4695 cognoscere
1149 4664 1164 4690 ,
1204 4639 1272 4678 nc
1298 4622 1486 4677 falsum
1517 4620 1588 4677 sit
1614 4619 1757 4690 quod
1790 4620 1866 4674 ait

266 4723 525 4794 propheta
544 4764 558 4785 ,
590 4720 846 4773 Abraham
876 4718 1078 4772 nescivit
1108 4732 1219 4770 nos.

334 4814 567 4872 CAPUT
606 4812 719 4868 XV.
748 4842 821 4853 —
850 4811 936 4866 18.
970 4809 1162 4863 Mortui
1191 4808 1442 4880 quomodo
1462 4806 1622 4860 sciant
1647 4804 1770 4875 quid
1786 4804 1867 4858 hic

263 4919 469 4981 agatur.
497 4903 729 4960 Proinde
753 4903 1024 4958 fatendum
1051 4910 1135 4956 est
1154 4900 1360 4955 nescire
1385 4898 1598 4969 quidem
1624 4906 1865 4951 mortuos

264 5001 391 5072 quid
422 5000 507 5053 hic
538 5006 748 5068 agatur,
779 4995 874 5050 sed
897 4994 1021 5049 dum
1050 4993 1136 5048 hic
1165 4991 1340 5061 agitur
1368 5008 1380 5043 :
1414 4998 1596 5059 postea
1624 5003 1751 5044 vero
1775 5004 1868 5043 au-

264 5093 382 5147 dire
412 5091 480 5144 ab
511 5091 590 5144 eis
619 5089 707 5158 qui
739 5087 864 5140 hinc
893 5085 960 5140 ad
999 5100 1093 5139 eos
1132 5082 1408 5137 moriendo
1450 5089 1712 5152 pergunt;
1759 5095 1867 5135 non

263 5184 482 5253 quidem
515 5181 713 5243 omnia,
744 5178 838 5233 sed
863 5193 982 5247 qua:
1009 5175 1257 5230 sinuntur
1284 5174 1541 5237 indicare,
1568 5170 1655 5240 qui
1682 5171 1869 5225 sinun-

266 5284 351 5327 tur
380 5273 544 5327 ctiam
576 5271 673 5324 ista
712 5269 1053 5330 meminisse;
1086 5274 1141 5321 et
1177 5281 1296 5335 qua:
1337 5264 1487 5329 illos,
1516 5262 1707 5332 quibus
1754 5261 1869 5314 haec

267 5365 526 5427 iudicant,
560 5371 773 5431 oportet
815 5360 1019 5414 audire.
1053 5358 1281 5413 Possunt
1312 5363 1366 5411 et
1410 5354 1477 5407 ab
1509 5353 1746 5423 Angelis,
1778 5352 1865 5421 qui

266 5461 429 5512 rebus
458 5472 578 5526 qua:
608 5464 836 5524 aguntur
875 5452 981 5517 hic,
1014 5459 1211 5522 praesto
1241 5456 1359 5502 sunt
1385 5486 1399 5509 ,
1443 5444 1627 5499 audire
1668 5443 1867 5512 aliquid

267 5549 499 5615 mortui,
541 5545 684 5617 quod
724 5556 1153 5614 unumquemque
1196 5541 1405 5595 illorum
1449 5536 1633 5591 audire
1672 5535 1869 5590 debere

334 5689 351 5718 ί
388 5684 494 5734 Sola
519 5683 629 5733 fere
664 5682 816 5731 editio
847 5687 980 5739 l.ov.,
1007 5678 1254 5730 inducam.

334 5751 353 5781 ⁸
394 5733 478 5798 sic
505 5750 643 5809 juxta
671 5744 797 5809 Bad._
826 5752 942 5809 Am._
970 5733 1046 5789 'Er.
1093 5749 1144 5791 et
1176 5740 1448 5809 _[:lerosque
1498 5733 1861 5795 manuscriptos.

334 5755 353 5781 '
394 5755 469 5798 Sic
505 5755 643 5809 juxta
671 5755 776 5793 Bau.
826 5755 924 5791 .Itm.
974 5755 1046 5789 ter.
1093 5755 1144 5791 et.

272 5811 378 5873 [nrc
408 5820 641 5874 luztu'ttnt
687 5804 831 5863 misit,
969 5755 1202 5873 Moysen}

338 5874 359 5903 ⁸
390 5871 496 5920 Sola
522 5871 671 5921 editio
696 5876 823 5928 l.ov.,
854 5865 1045 5927 inferni.

1674 387 1871 442 LIBER
1915 387 2115 445 UNUS.

3442 404 3547 459 606

1944 503 2146 572 judicat
2169 506 2252 560 cui
2278 518 2465 563 cuncta
2487 510 2724 580 subjecta
2754 522 2898 569 sunt.
2920 512 3031 570 Nisi
3052 516 3196 572 enim
3224 527 3404 573 essent
3428 520 3540 574 Aa-

1948 597 2053 667 geli
2084 600 2172 669 qui
2215 612 2432 669 possent
2473 604 2731 661 interesse
2760 616 2813 661 et
2843 608 3083 663 vivorum
3124 619 3174 665 et
3208 617 3556 668 mortuorum.

1949 689 2101 754 locis,
2133 706 2239 745 non
2264 691 2485 748 dixisset
2512 695 2765 752 Dominus
2780 696 2937 752 Jesus
2962 716 2974 752 :
2999 698 3219 771 Contigit
3241 713 3408 755 autem
3434 719 3544 755 mo-

1947 782 1993 834 ri
2017 783 2219 853 inepem
2240 784 2408 850 illum,
2439 795 2486 840 et
2514 788 2706 856 auferri
2732 788 2792 842 ab
2820 789 3027 859 Angelis
3052 792 3105 845 in
3134 794 3300 846 sinum
3325 794 3545 848 Aera/ta

1954 872 2101 947 (Luc.
2134 891 2243 942 xvi,
2269 876 2474 947 92-29).
2502 878 2653 933 Nunc
2673 894 2801 950 ergo
2830 881 2934 947 hic,
2960 896 3100 936 nunc
3127 883 3194 937 ibi
3218 900 3338 939 esse
3358 894 3550 954 potue-

1950 977 2104 1027 runt.
2139 969 2227 1038 qui
2268 968 2391 1023 hinc
2430 969 2557 1026 illuc
2592 987 2750 1042 quem
2797 972 2938 1028 Deus
2982 975 3148 1030 voluit
3189 977 3540 1032 abstulerunt.

1950 1059 2182 1115 Possunt
2229 1063 2389 1117 etiam
2433 1064 2651 1133 spiritus
2692 1073 3027 1120 mortuorum
3076 1069 3247 1139 aliqua
3297 1086 3414 1139 quae
3458 1070 3546 1127 hic

1886 1210 1888 1213 τ
1949 1161 2177 1221 aguntur
2205 1169 2325 1221 qua:
2354 1156 2715 1210 necessarium
2742 1166 2825 1212 est
2848 1173 2944 1213 eos
2982 1174 3140 1213 nosse
3162 1200 3175 1225 ,
3205 1169 3259 1215 et
3281 1176 3415 1230 quos
3445 1177 3543 1217 ne-

1950 1244 2240 1298 cessarium
2270 1255 2351 1299 est
2378 1261 2439 1300 ea
2489 1248 2688 1302 nosse‘
2717 1289 2733 1313 ,
2786 1263 2896 1303 non
2943 1251 3115 1305 solum
3164 1254 3432 1322 praeterita
3465 1255 3543 1307 vel

1951 1336 2256 1404 prmsentia,
2298 1352 2484 1392 verum
2514 1340 2676 1395 etiam
2709 1338 2885 1395 futura
2913 1340 3112 1411 Spiritu
3146 1342 3237 1397 Dei
3273 1344 3546 1400 revelante

1950 1441 2276 1496 cognoscere
2305 1446 2319 1484 :
2347 1430 2486 1485 sicut
2510 1447 2616 1486 non
2637 1447 2827 1488 omnes
2854 1432 3117 1498 homines,
3149 1434 3241 1489 sed
3264 1434 3546 1503 Propheta:

1951 1517 2077 1573 dum
2118 1520 2202 1575 hic
2227 1520 2470 1577 viverent
2511 1527 2925 1594 cognoscebant,
2961 1541 3059 1581 nec
3089 1528 3186 1598 ipsi
3216 1528 3417 1595 omnia,
3450 1529 3547 1584 sed

1951 1624 2071 1678 qua:
2112 1610 2216 1665 illis
2255 1627 2375 1667 esse
2418 1614 2702 1670 revelanda
2740 1618 2833 1672 Dei
2876 1618 3207 1687 providentia
3252 1620 3544 1690 judicabat.

1953 1700 2083 1755 Mitti
2112 1717 2326 1772 quoque
2351 1703 2418 1758 ad
2448 1705 2595 1760 vivos
2615 1708 2823 1777 aliquos
2844 1724 2910 1763 ex
2934 1710 3182 1776 mortuis,
3210 1711 3347 1765 sicut
3370 1726 3401 1765 e
3422 1725 3551 1765 con-

1953 1794 2118 1848 trario
2138 1795 2332 1851 Paulus
2356 1813 2424 1852 ex
2445 1799 2581 1853 vivis
2605 1800 2656 1854 in
2690 1801 2993 1870 paradisum
3020 1813 3202 1872 raptus
3230 1815 3339 1870 eSt,
3369 1804 3548 1859 divina

1952 1885 2223 1956 Scriptura
2256 1900 2478 1946 testatur
2508 1892 2575 1966 (ll
2615 1892 2734 1947 Cor.
2777 1911 2874 1961 xu,
2904 1894 2983 1965 2).
3016 1896 3149 1952 Nam
3180 1897 3394 1952 Samuel
3429 1913 3551 1965 pro-

1952 1979 2110 2048 pheta
2140 1981 2420 2040 del'unctus
2446 1986 2567 2040 vivo
2595 1986 2741 2042 Sauli
2774 1988 2933 2042 etiam
2966 1990 3077 2059 regi
3106 1989 3275 2043 futura
3304 1991 3551 2060 prtedixit

1958 2071 2015 2142 (l
2045 2071 2172 2143 Reg.
2220 2090 2405 2141 xxvm,
2440 2075 2608 2145 7-l9)
2646 2096 2659 2131 :
2691 2079 2933 2149 quamvis
2967 2081 3207 2136 nonnulli
3239 2098 3345 2137 non
3377 2083 3549 2153 ipsum

1954 2161 2120 2220 fuisse
2149 2167 2239 2235 qui
2268 2169 2529 2237 potuisset
2572 2172 2792 2239 magicis
2822 2173 3024 2227 artibus
3050 2173 3295 2238 evocari,
3326 2174 3419 2230 sed
3447 2175 3552 2228 ali-

1954 2273 2112 2327 quem
2143 2261 2386 2328 Spiritum
2416 2272 2522 2315 tam
2550 2264 2703 2317 malis
2729 2265 2980 2332 operibus
3003 2274 3384 2335 congruentem
3410 2266 3552 2321 illius

1954 2348 2261 2402 existiment
2280 2350 2685 2407 similitudinem
2712 2352 2967 2419 ﬁgurasse
2994 2354 3074 2425 (a)
3106 2373 3119 2409 :
3144 2371 3263 2409 cum
3295 2356 3430 2410 liber
3452 2356 3556 2409 Ee-

1955 2435 2305 2503 clesiasticus,
2332 2456 2492 2510 quem
2522 2440 2676 2495 Jesus
2702 2442 2841 2496 ﬁlius
2867 2443 3052 2497 Siraeh
3080 2444 3358 2513 scripsisse
3389 2445 3553 2498 tradi-

1956 2536 2060 2594 tur,
2088 2538 2143 2584 et
2178 2541 2396 2602 propter
2422 2532 2617 2603 eloquii
2658 2535 2968 2588 nonnullam
3009 2535 3412 2590 similitudinem
3450 2535 3552 2590 Sa-

1957 2620 2185 2676 lomonis
2214 2625 2587 2693 pronuntiatur
2618 2624 2712 2697 (b),
2736 2628 3006 2681 contineat
3037 2629 3087 2681 in
3121 2628 3275 2682 laude
3309 2638 3547 2699 patrum,

1956 2716 2096 2783 quod
2142 2715 2357 2772 Samuel
2397 2719 2556 2772 etiam
2610 2730 2852 2774 mortuus
2897 2720 3297 2791 prophetaverit
3344 2719 3549 2791 (Eccli.

1957 2822 2105 2871 XLVI,
2135 2806 2247 2878 23).
2279 2807 2386 2864 Sed
2431 2809 2474 2863 si
2504 2809 2628 2864 huic
2671 2810 2807 2865 libro
2836 2826 2898 2865 ex
2952 2811 3295 2867 Hebrteorum
3326 2811 3468 2883 (quia
3500 2814 3553 2868 in

1957 2912 2143 2952 eorum
2170 2913 2278 2953 non
2306 2899 2410 2971 est)
2436 2916 2642 2956 canone
2680 2902 3096 2967 contradicitur;
3127 2902 3255 2973 quid
3281 2903 3348 2957 de
3376 2903 3556 2974 Moyse

1957 2990 2152 3047 dicturi
2178 3009 2385 3061 sumus,
2415 2994 2503 3064 qui
2531 3003 2677 3049 certe
2703 3005 2758 3050 et
2781 2995 2834 3049 in
2868 2996 3281 3049 Deuteronomio
3311 3005 3556 3051 mortuus

1960 3081 2136 3155 (Deut.
2172 3100 2367 3151 xxxiv,
2389 3085 2469 3155 5),
2494 3094 2549 3140 et
2577 3086 2629 3140 in
2659 3086 2951 3157 Evangelio
2977 3101 3099 3140 cum
3128 3086 3270 3151 Elia,
3301 3086 3389 3157 qui
3414 3102 3559 3140 mor-

1962 3185 2083 3230 tuus
2108 3190 2213 3231 non
2260 3186 2376 3243 est,
2410 3178 2604 3249 legitur
2637 3178 2951 3249 apparuisse
2990 3177 3292 3234 viventibus
3321 3178 3339 3249 (
3366 3177 3555 3233 Matth.

1959 3284 2102 3332 xvu,
2131 3269 2230 3340 5)?

2031 3358 2258 3417 CAPUT
2296 3360 2433 3416 XVI.
2461 3392 2536 3403 —
2561 3360 2629 3417 l9
2680 3361 2937 3434 Martyres
2970 3364 3147 3418 adesse
3172 3364 3431 3418 nonnullis
3459 3363 3557 3417 ad-

1953 3452 2219 3523 juvandis.
2248 3453 2509 3518 Quomodo
2536 3463 2784 3525 martyres
2812 3455 2979 3509 adsint
3009 3454 3432 3525 periclitantibus,
3464 3472 3561 3509 ne-

1960 3553 2046 3616 gat
2066 3561 2120 3599 se
2143 3561 2291 3614 posse
2308 3544 2538 3614 delinire.
2564 3546 2699 3601 Hinc
2723 3554 2776 3602 et
2799 3546 2885 3601 illa
2912 3546 3135 3601 solvitur
3158 3548 3401 3617 qurestio.
3425 3563 3562 3618 quo-

1962 3636 2124 3691 modo
2152 3644 2415 3707 martyres
2441 3637 2571 3706 ipsis
2596 3637 2872 3693 beneﬁciis
2896 3653 3015 3708 qua:
3036 3638 3232 3693 dantur
3258 3639 3557 3703 orantibus,

1963 3727 2201 3783 indicant
2228 3743 2289 3783 se
2314 3728 2574 3783 interesse
2600 3729 2761 3785 rebus
2783 3729 3053 3795 humanis,
3082 3730 3126 3784 si
3147 3731 3389 3785 nesciunt
3412 3720 3561 3784 mor-

1967 3819 2038 3873 tui
2065 3818 2192 3889 quid
2218 3827 2378 3889 agant
2402 3818 2532 3873 vivi.
2557 3818 2674 3874 Non
2699 3820 2843 3875 enim
2868 3820 2998 3874 solis
3020 3820 3401 3875 beneﬁciorum
3432 3819 3562 3877 elle-

1965 3911 2160 3976 ctibus,
2196 3925 2383 3965 verum
2411 3912 2571 3966 etiam
2603 3909 2736 3980 ipsis
2773 3910 3046 3964 hominum
3090 3910 3396 3980 aSpectibus
3424 3924 3559 3965 con-

1966 4000 2226 4057 fessorem
2267 4003 2579 4072 apparuisse
2606 4001 2839 4057 Felicem
2857 4043 2872 4067 ,
2895 4002 3047 4071 cujus
3073 4001 3445 4071 inquilinatum
3472 4002 3561 4071 pie

1966 4093 2203 4163 diligis',
2248 4107 2368 4147 cum
2401 4108 2431 4147 a
2464 4093 2715 4147 Barbaris
2748 4092 2879 4147 Nola
2910 4100 3330 4162 Oppugnaretur,
3356 4091 3565 4145 audivi-

1965 4201 2106 4251 mus,
2131 4201 2235 4241 non
2276 4186 2492 4241 incertis
2519 4186 2844 4251 rumoribus,
2868 4186 2961 4241 sed
2993 4186 3218 4241 testibus
3244 4186 3429 4241 certis.
3461 4184 3563 4240 Ve-

1967 4294 2085 4334 rum
2115 4278 2213 4332 ista
2234 4276 2489 4332 divinitus
2519 4277 2857 4343 exhibentur,
2890 4278 3046 4347 longe
3071 4277 3226 4332 aliter
3250 4291 3408 4347 quam
3439 4290 3562 4330 sese

1968 4369 2129 4425 habet
2166 4370 2395 4424 usitatus
2438 4369 2572 4424 ordo
2607 4369 2827 4440 singulis
2871 4378 3236 4424 creaturarum
3279 4365 3564 4436 generibus

1969 4465 2272 4519 attributus.
2301 4464 2414 4517 Non
2441 4464 2582 4518 enim
2610 4463 2733 4532 quia
2761 4463 2812 4517 in
2843 4463 3024 4516 vinum
3049 4472 3207 4532 aqua,
3237 4475 3358 4515 cum
3388 4458 3561 4513 voluit

1971 4556 2247 4623 Dominus,
2272 4566 2493 4628 repente
2517 4571 2773 4612 conversa
2803 4567 2882 4611 est
2906 4554 3086 4627 (Joan.
3116 4570 3174 4618 tt,
3202 4552 3279 4625 9),
3314 4552 3434 4608 ideo
3456 4566 3564 4606 non

1970 4648 2230 4704 debemus
2254 4691 2268 4713 ,
2300 4648 2429 4719 quid
2459 4663 2594 4718 aqua
2634 4648 2809 4703 valeat
2850 4648 2901 4701 in
2933 4648 3320 4702 elementorum
3374 4643 3567 4697 ordine

1971 4740 2207 4810 proprio,
2235 4740 2303 4794 ab
2328 4741 2480 4795 istius
2507 4740 2671 4794 divini
2703 4740 2881 4809 operis
2904 4739 3121 4793 raritate
3145 4739 3228 4791 vel
3255 4736 3430 4805 potius
3452 4735 3567 4787 siu-

1970 4832 2252 4901 gularitate
2278 4830 2589 4885 discernere
2621 4848 2633 4885 :
2666 4846 2765 4885 nec
2805 4832 3057 4899 quoniam
3102 4829 3335 4882 Lazarus
3379 4839 3564 4879 resur-

1973 4926 2110 4980 texit
2149 4923 2274 4996 (Id.
2318 4940 2397 4990 xi,
2429 4923 2499 4977 44
2520 4922 2562 4993 ),
2595 4923 2715 4977 ideo
2745 4932 2985 4976 mortuus
3015 4920 3189 4975 omnis
3217 4916 3426 4987 quando
3456 4917 3568 4971 vult

1973 5018 2172 5087 surgit,
2200 5025 2293 5070 aut
2318 5031 2384 5071 eo
2419 5016 2581 5069 modo
2625 5015 2886 5069 exanimis
2915 5028 2943 5064 a
2976 5014 3205 5070 vivente.
3235 5007 3506 5078 quomodo
3537 5023 3568 5061 a

1973 5109 2223 5177 vigilante
2243 5108 2515 5162 dormiens
2541 5109 2821 5161 excitatur.
2851 5105 2952 5158 Alii
2976 5111 3099 5158 sunt
3120 5102 3471 5155 lmmanarum
3509 5102 3571 5153 li-

1973 5200 2131 5254 mites
2153 5214 2353 5264 rerum,
2377 5199 2477 5251 alia
2495 5197 2793 5252 divinarum
2818 5196 2966 5265 signa
2993 5194 3284 5256 virtutum;
3313 5190 3416 5244 alia
3444 5200 3570 5245 sunt

2039 5422 2054 5452 ί
2091 5421 2161 5468 sic
2178 5419 2538 5481 praastaatiores
2561 5427 2665 5468 Mss.
2693 5426 2748 5469 At
2771 5417 2908 5477 editi,
2931 5423 2977 5467 et
3000 5428 3111 5481 quae
3131 5413 3457 5466 accesserim
3472 5429 3565 5465 non

1974 5489 2044 5535 est
2059 5495 2137 5532 eos
2161 5494 2253 5530 non
2270 5493 2421 5529 nosse.

2039 5547 2059 5614 ξ
2094 5550 2203 5614 nov.
2222 5578 2237 5601 ,
2258 5540 2539 5614 apparuisse
2562 5541 2751 5614 ﬁlicem
2786 5540 2965 5614 civibus
2987 5539 3059 5591 vel
3082 5537 3329 5614 inmtilinis
3462 5549 3568 5614 a_se

1976 5604 2163 5656 dilectis
2195 5600 2397 5655 :miuus
2437 5600 2571 5654 bene
2593 5614 2644 5655 et
2667 5604 3020 5655 reluctantibus
3052 5600 3196 5653 ριιίιῖω
3219 5602 3325 5651 aliis
3364 5600 3419 5650 et
3463 5600 3568 5661 ι-Ιυ-

1976 5671 2144 5718 risaue
2169 5675 2276 5717 Mss.

2020 5682 2453 5849 3(itliev‘ildsf.supra,
2483 5728 2567 5777 lib.
2602 5729 2631 5779 2
2662 5729 2720 5779 ad
2754 5732 2863 5783 Sim:
2884 5727 3123 5783 licianum,
3158 5733 3333 5790 qurest.
3370 5722 3395 5772 4

2065 5789 2090 5839 b
2140 5797 2168 5837 tl
2197 5798 2396 5839 Retraet.
2426 5806 2528 5849 cap.
2572 5792 2617 5849 4;
2671 5801 2715 5841 et
2756 5793 2817 5841 de
2856 5793 3070 5841 Doctrina
3107 5791 3382 5847 christiana,

2065 5784 2168 5901 (7)8"
2197 5784 2396 5901 neti-Lact.
2426 5784 2528 5853 cap.
2572 5792 2617 5853 4;
2671 5801 2715 5841 et
2756 5793 2817 5841 de
2856 5793 3070 5841 Doctrina
3107 5784 3382 5847 Christiana,
3410 5786 3490 5835 lib.
3513 5784 3564 5845 2,

2065 5875 2085 5899 ν.
2146 5867 2233 5901 .n.
2289 5870 2336 5901 ο.

1979 5868 2085 5913 cap.
2112 5867 2161 5912 δ,
2187 5867 2233 5901 n.
2264 5867 2336 5903 to.
