4078 6564
495 438 599 493 607

497 564 616 618 quae
657 546 984 610 naturaliter,
1013 543 1115 596 alia
1141 558 1258 611 qum
1285 536 1596 594 mirabiliter
1621 534 1756 590 ﬁunt
1791 548 1806 585 :
1836 526 2081 601 quamvis

498 650 551 693 et
579 647 780 692 natura:
810 636 946 689 Deus
971 633 1109 688 adsit
1145 641 1202 686 ut
1227 630 1328 697 sit,
1359 638 1414 685 et
1450 627 1720 682 miraculis
1761 633 1950 680 natura
1976 634 2080 674 non

500 729 653 784 desit.
684 726 802 782 Non
843 726 1001 796 igitur
1030 724 1149 779 ideo
1187 721 1475 793 putandum
1516 726 1597 773 est
1641 717 1880 772 vivorum
1922 711 2085 766 rebus

498 820 761 889 quoslibet
796 818 1057 873 interesse
1084 829 1239 886 posse
1264 812 1568 873 defunctos,
1591 806 1842 877 quoniam
1869 802 2085 874 quibus-

499 910 622 964 dam
661 908 914 965 sanandis
953 906 1043 962 vel
1082 903 1394 975 adjuvandis
1432 910 1694 972 martyres
1727 896 1960 951 adsunt:
1991 891 2087 947 sed

502 1000 623 1056 ideo
650 1001 829 1071 potius
856 998 1255 1069 intelligendum
1300 1004 1384 1051 est
1422 992 1564 1065 quod
1600 1006 1697 1061 per
1722 989 1956 1044 divinam
1992 1001 2090 1056 po-

503 1088 725 1143 tentiam
750 1097 1015 1159 martyres
1050 1088 1293 1143 vivorum
1336 1084 1495 1139 rebus
1522 1083 1806 1144 intersunt,
1836 1077 2089 1147 quoniam

505 1178 743 1233 defuncti
772 1195 871 1249 per
896 1188 1141 1234 naturam
1167 1176 1437 1249 propriam
1462 1174 1704 1230 vivorum
1731 1170 1890 1227 rebus
1920 1170 2089 1224 inter-

507 1284 628 1325 esse
654 1285 760 1324 non
786 1280 1027 1340 possunt.

574 1359 667 1413 20.
707 1359 1021 1430 Quanquam
1044 1358 1141 1413 ista
1162 1357 1385 1429 qumstio
1405 1357 1548 1412 vires
1572 1352 1934 1424 intelligentim
1958 1365 2094 1406 mea:

507 1449 707 1516 vincit,
740 1448 1185 1519 quemadmodum
1210 1447 1537 1518 opitulentur
1575 1454 1840 1516 martyres
1868 1443 1935 1497 iis
1960 1456 2094 1512 quos

508 1554 605 1608 per
632 1553 726 1595 eos
755 1546 962 1594 certum
987 1548 1069 1594 est
1095 1538 1367 1609 adjuvari;
1398 1548 1576 1592 utrum
1608 1536 1708 1606 ipsi
1739 1549 1836 1605 per
1864 1547 1925 1588 se
1951 1532 2095 1601 ipsos

506 1628 683 1683 adsint
712 1641 818 1683 uno
846 1638 1085 1699 tempore
1110 1638 1218 1683 tam
1248 1627 1474 1683 diversis
1495 1627 1656 1691 locis,
1688 1634 1744 1681 et
1785 1634 1929 1679 tanta
1958 1624 2098 1678 inter

509 1736 570 1775 se
596 1720 984 1790 longinquitate
1000 1720 1267 1788 discretis,
1294 1720 1408 1776 sive
1425 1719 1515 1775 ubi
1535 1727 1660 1774 sunt
1682 1733 1867 1774 eorum
1895 1730 2100 1771 memo—

510 1812 605 1865 riae
628 1852 644 1878 ,
688 1813 801 1867 sive
830 1822 1028 1883 preter
1070 1827 1193 1867 suas
1228 1812 1518 1867 memorias
1553 1811 1873 1880 ubicumque
1911 1807 2100 1863 adesse

521 1902 824 1957 sentiuntur
849 1920 863 1957 :
893 1917 960 1956 au
992 1902 1121 1973 ipsis
1146 1903 1199 1958 in
1227 1903 1346 1958 loco
1374 1902 1487 1958 suis
1528 1902 1739 1957 meritis
1770 1913 2008 1971 congruo
2032 1897 2101 1952 ab

510 1992 656 2047 omni
684 1992 987 2047 mortalium
1013 1993 1421 2049 conversatione
1448 1991 1689 2057 remotis,
1717 1999 1770 2047 et
1803 2000 1979 2045 tamen
2007 2004 2103 2060 ge-

512 2083 765 2138 neraliter
789 2083 1068 2139 orantibus
1095 2099 1193 2155 pro
1221 2084 1524 2154 indigentiis
1549 2083 1941 2153 supplicantum
1968 2082 2101 2151 (sic-

514 2185 573 2230 ut
602 2191 702 2231 nos
729 2190 949 2232 oramus
979 2191 1075 2247 pro
1111 2178 1334 2231 mortuis
1354 2218 1369 2242 ,
1401 2176 1593 2247 quibus
1619 2176 1800 2246 utique
1825 2190 1931 2230 non
1961 2190 2104 2245 pra:-

513 2276 813 2335 seutamur,
848 2284 947 2325 nec
975 2270 1065 2325 ubi
1103 2270 1211 2325 sint
1237 2270 1321 2325 vel
1349 2269 1475 2340 quid
1504 2278 1662 2340 agant
1687 2268 1930 2337 scimus),
1962 2268 2104 2323 Deus

514 2358 857 2429 omnipotens
882 2360 974 2430 qui
1010 2369 1096 2416 est
1136 2361 1334 2431 ubique
1376 2376 1644 2431 praesens,
1676 2376 1778 2417 nec
1817 2369 2105 2415 concretus

516 2449 693 2517 nobis,
744 2466 845 2506 nec
890 2462 1131 2508 remotus
1173 2467 1205 2506 a
1249 2452 1437 2517 nobis,
1470 2451 1765 2507 exaudiens
1807 2460 2104 2521 martyrum

515 2557 702 2611 preces
722 2584 737 2607 ,
767 2558 863 2612 per
898 2544 1136 2614 angelica
1170 2544 1467 2599 ministeria
1508 2559 1889 2615 usquequaque
1915 2543 2107 2599 diﬂ'usa

518 2634 751 2703 praebeat
775 2634 1079 2691 hominibus
1107 2636 1207 2691 ista
1237 2636 1425 2691 solatia
1445 2674 1462 2701 ,
1491 2635 1684 2706 quibus
1713 2636 1766 2690 in
1796 2634 1955 2705 hujus
1984 2634 2107 2690 vitae

517 2728 731 2782 miseria
773 2727 975 2798 judicat
1022 2744 1144 2784 esse
1189 2727 1515 2798 praebenda;
1550 2738 1605 2784 et
1648 2743 1867 2784 suorum
1916 2727 2107 2783 merita

517 2828 811 2891 ntartyrum
844 2821 935 2876 ubi
960 2821 1092 2888 vult,
1116 2820 1328 2892 quando
1352 2822 1484 2890 vult,
1518 2821 1792 2892 quomodo
1816 2820 1961 2888 vult,
1988 2835 2107 2874 ma-

518 2913 768 2985 ximeque
811 2930 908 2987 per
948 2930 1134 2970 eorum
1179 2915 1486 2980 memorias,
1515 2914 1767 2985 quoniam
1818 2913 1922 2968 hoc
1963 2912 2112 2968 novit

517 3006 775 3075 expedire
800 3006 956 3061 nobis
976 3006 1044 3062 ad
1073 3005 1441 3062 aedificandam
1466 3005 1623 3060 fidem
1643 3004 1866 3072 Christi,
1892 3019 1989 3075 pro
2016 3020 2111 3060 cu-

514 3098 604 3167 jus
641 3098 719 3153 illi
754 3098 1095 3155 confessione
1122 3107 1249 3153 sunt
1282 3098 1446 3168 passi,
1480 3097 1709 3153 mirabili
1730 3106 1892 3167 atque
1922 3096 2113 3152 ineffa-

521 3191 613 3248 bili
644 3200 912 3262 potestate
939 3206 1003 3247 ac
1028 3190 1267 3247 bonitate
1292 3189 1654 3246 commendet.
1680 3190 1788 3245 Res
1815 3190 1930 3244 lucc
1954 3188 2115 3244 altior

521 3292 606 3340 est
630 3298 788 3354 quam
814 3290 873 3338 ut
898 3298 929 3338 a
970 3298 1058 3339 me
1084 3283 1252 3354 possit
1278 3282 1464 3353 attingi
1491 3324 1506 3349 ,
1535 3290 1589 3338 et
1615 3282 1917 3338 abstrusior
1951 3297 2110 3353 quam

522 3381 634 3428 uta
665 3388 753 3429 me
787 3373 961 3429 valeat
984 3374 1307 3444 perscrutari
1334 3392 1346 3428 :
1377 3383 1431 3429 et
1457 3373 1578 3429 ideo
1604 3373 1729 3445 quid
1761 3374 1952 3429 horum
1982 3374 2116 3429 duo-

524 3478 643 3519 rum
671 3463 760 3529 sit,
788 3479 855 3518 an
883 3479 1010 3519 vero
1033 3463 1279 3519 fortassis
1314 3474 1599 3535 utrumque
1624 3464 1711 3530 sit,
1744 3471 1803 3519 ut
1829 3464 2115 3535 aliquando

530 3558 629 3610 ista
656 3554 784 3609 fiant
810 3570 903 3624 per
926 3555 1095 3627 ipsam
1121 3556 1460 3626 praesentiam
1484 3564 1799 3627 martyrum,
1829 3556 2115 3626 aliquando

531 3661 628 3713 per
667 3644 898 3717 Angelos
938 3646 1290 3717 suscipientes
1320 3660 1603 3716 personam
1636 3654 1948 3717 martyrum,
1979 3646 2116 3703 dell-

524 3735 641 3792 nit-e
666 3753 770 3791 non
800 3737 1011 3803 audeo;
1044 3737 1255 3793 mallem
1279 3752 1309 3792 a
1333 3737 1627 3794 scientibus
1654 3737 1752 3792 ista
1778 3738 2114 3808 perquirere.

527 3828 708 3897 Neque
736 3828 877 3884 enim
904 3844 1065 3885 nemo
1091 3829 1279 3900 estqui
1308 3829 1422 3884 lucc
1442 3828 1594 3892 sciat,
1619 3844 1725 3883 non
1743 3829 1832 3899 qui
1855 3830 1955 3884 sibi
1979 3830 2118 3887 seire

524 3917 831 3975 videaturet
846 3920 1048 3975 neseiat
1064 3937 1077 3973 :
1092 3919 1232 3975 dona
1252 3920 1394 3975 enim
1411 3919 1505 3975 Dei
1526 3928 1670 3983 sunt,
1692 3920 1774 3974 his
1795 3920 1918 3987 alia,
1940 3928 1996 3974 ct
2013 3921 2117 3977 illis

526 4015 626 4064 alia
648 4010 941 4082 largientis,
965 4011 1259 4067 secundum
1285 4010 1622 4080 Apostolum,
1647 4011 1738 4081 qui
1762 4010 1891 4066 dicit
1911 4012 2118 4067 unicui-

525 4115 631 4169 que
659 4100 773 4155 dari
803 4101 1283 4158 manifestationem
1312 4101 1544 4172 Spiritus
1568 4100 1636 4156 ad
1663 4101 1943 4157 utilitatem
1972 4119 1985 4154 :
2015 4102 2119 4156 Alii

524 4192 729 4261 quidem
747 4234 763 4259 ,
800 4192 1009 4262 inquit,
1041 4193 1197 4248 datur
1223 4210 1312 4264 per
1336 4192 1586 4264 Spiritum
1627 4210 1792 4248 sermo
1818 4195 2118 4266 rapientur;

527 4282 619 4335 alii
640 4299 803 4336 sermo
828 4285 1049 4338 scientia:
1075 4285 1352 4339 secundum
1385 4284 1614 4339 eumdem
1641 4285 1891 4355 Spiritum
1914 4304 1933 4352 ;
1972 4286 2119 4341 alteri

528 4381 695 4425 autem
721 4373 847 4441 ﬁdes
868 4374 919 4427 in
938 4374 1113 4429 eodem
1138 4376 1376 4446 Spiritu;
1398 4377 1545 4430 alteri
1570 4376 1778 4431 donatio
1801 4379 2119 4433 curationum

528 4463 581 4515 in
611 4478 711 4517 uno
739 4457 974 4535 Spiritu;
1000 4466 1088 4519 alii
1116 4467 1431 4537 operationes
1467 4468 1744 4534 virtutum;
1779 4469 1870 4522 alii
1900 4470 2120 4539 prophe-

529 4555 601 4607 tia
625 4570 644 4618 ;
672 4556 763 4609 alii
788 4556 1084 4626 dijudicatio
1111 4559 1412 4628 spirituum;
1456 4561 1547 4614 alii
1579 4577 1763 4631 genera
1793 4561 2118 4631 linguarum;

527 4645 619 4700 alii
643 4646 986 4717 interpretatio
1011 4666 1317 4704 sermonum.
1349 4649 1534 4705 Omnia
1561 4660 1731 4705 autem
1756 4652 1862 4705 haec
1881 4662 2120 4720 operatur

529 4752 663 4790 unus
702 4746 852 4807 atque
889 4738 1022 4792 idem
1052 4738 1313 4810 Spiritus,
1343 4742 1570 4796 dividens
1609 4743 1819 4813 prapria
1854 4744 2121 4815 unicuique

529 4837 677 4897 prout
706 4828 809 4882 uult
834 4827 875 4901 (Ι
901 4828 1019 4884 Cor.
1053 4846 1152 4895 xu,
1185 4831 1349 4901 7-H).
1378 4831 1579 4887 Horum
1604 4833 1842 4887 omnium
1870 4834 2120 4902 spiritua-

528 4916 656 4972 lium
687 4917 948 4973 donorum
968 4961 984 4988 ,
1016 4936 1137 4991 quae
1174 4923 1618 4978 commemoravit
1646 4924 1935 4993 Apostolus
1955 4967 1970 4991 ,
1998 4926 2118 4980 cui-

528 5024 756 5079 cumque
781 5010 902 5065 data
931 5022 1013 5068 est
1037 5012 1346 5084 dijudicatio
1386 5014 1703 5085 spirituum,
1740 5014 1857 5085 ipse
1893 5016 1997 5071 scit
2020 5017 2119 5073 ista

529 5103 668 5158 sicut
687 5105 902 5160 scienda
934 5115 1079 5161 sunt.

600 5198 826 5255 CAPUT
864 5200 1027 5256 XVII.
1059 5231 1128 5242 ——
1154 5201 1245 5257 21.
1278 5200 1358 5255 De
1396 5200 1599 5256 Joanne
1640 5202 1907 5256 monacho.
1936 5202 2117 5258 Talem

531 5288 693 5345 fuisse
739 5292 1062 5347 credendum
1113 5304 1197 5350 est
1249 5294 1397 5349 illum
1445 5294 1704 5349 Joannem
1760 5295 2115 5360 monachum,

532 5393 690 5446 quem
714 5379 783 5434 de
807 5380 929 5435 belli
959 5383 1128 5438 civilis
1151 5392 1345 5439 eventu
1372 5387 1545 5455 major
1568 5385 1902 5441 Theodosius
1926 5401 2120 5441 consu-

534 5469 634 5523 luit
680 5470 1010 5541 imperator:
1045 5474 1271 5532 habebat
1309 5478 1505 5547 quippe
1551 5479 1713 5534 etiam
1761 5479 2115 5549 prophetiam.

534 5558 716 5629 Neque
748 5562 889 5615 enim
928 5564 1161 5635 singulos
1188 5568 1393 5637 singula
1425 5584 1703 5625 munerum
1744 5570 1990 5637 istorum,
2022 5572 2118 5626 sed

536 5650 692 5703 etiam
722 5656 871 5720 plura
899 5668 1061 5707 unum
1086 5654 1284 5713 habere
1312 5675 1469 5729 posse
1493 5676 1599 5715 non
1629 5663 1859 5732 ambigo.
1886 5664 2120 5719 Joannes

538 5757 664 5813 ergo
698 5744 816 5809 iste,
842 5744 1069 5816 quadam
1108 5750 1328 5805 muliere
1354 5754 1749 5823 religiosissima
1785 5756 2120 5828 impatienter

537 5850 656 5890 cum
687 5834 864 5893 videre
892 5836 1158 5911 cupiente,
1187 5851 1343 5913 atque
1366 5853 1419 5899 ut
1450 5844 1552 5901 hoc
1574 5846 1881 5917 impetraret
1901 5865 1995 5919 per
2015 5864 2118 5905 ma-

1026 430 1113 485 DE
1151 428 1335 484 CURA
1377 422 1509 478 PRO
1547 416 1845 475 MORTUIS
1882 411 2231 476 GERENDA,
2273 409 2331 465 S.
2375 406 2739 464 AUGUSTINI
2795 407 2999 462 LIBER
3040 406 3239 464 UNUS.

3668 407 3780 464 608

2188 523 2346 576 ritum
2389 534 2543 576 suum
2588 520 2930 576 vehementer
2978 521 3239 587 instante,
3280 537 3402 579 cum
3446 521 3540 578 ille
3581 523 3782 590 nollet,

2188 610 2441 680 quoniam
2486 609 2536 665 id
2573 625 2841 680 nunquam
2869 612 3186 681 permiserat
3217 610 3469 668 feminis:
3497 611 3668 679 Vade,
3698 612 3782 666 in-

2190 702 2328 771 quit,
2355 700 2442 757 dic
2464 701 2615 756 uxori
2646 707 2771 765 tum,
2802 700 3002 756 videbit
3027 717 3114 757 me
3140 712 3295 758 nocte
3324 703 3588 774 proxima,
3611 703 3707 758 sed
3731 704 3783 761 ia

2191 791 2415 846 somnis.
2444 791 2512 845 Et
2541 790 2737 846 factum
2773 800 2857 846 est
2884 809 2897 845 :
2925 793 3237 863 monuitque
3266 793 3409 847 illam
3433 792 3689 863 quidquid
3722 794 3785 847 fi-

2192 882 2373 939 delem
2396 883 2731 955 conjugatam
2764 884 2967 939 moneri
2992 884 3292 954 oportebat.
3315 886 3446 953 Quae
3473 902 3595 942 cum
3621 884 3785 955 evigio

2194 976 2375 1043 lasset,
2403 978 2563 1032 talem
2591 992 2649 1031 se
2678 976 2873 1033 vidisse
2898 976 3168 1034 hominem
3191 979 3280 1034 Dei
3302 979 3416 1034 viro
3434 994 3553 1043 suo,
3573 978 3787 1048 qualem

2197 1064 2286 1120 ille
2321 1080 2444 1121 eum
2484 1074 2727 1133 noverat,
2753 1075 2809 1121 et
2836 1066 2963 1137 quid
2991 1067 3061 1122 ab
3102 1067 3194 1123 illo
3229 1067 3476 1134 audierit,
3507 1067 3784 1123 indicavit.

2196 1156 2296 1223 Qui
2330 1156 2433 1212 hoc
2471 1157 2540 1212 ab
2580 1157 2659 1213 eis
2693 1159 2974 1228 comperit,
3015 1159 3201 1214 retulit
3238 1159 3388 1224 mihi,
3422 1160 3505 1214 vir
3530 1161 3709 1230 gravis
3736 1169 3790 1214 et

2196 1248 2413 1314 nobilis,
2452 1258 2506 1305 et
2547 1248 2890 1320 dignissimus
2930 1249 3098 1305 credi.
3136 1251 3241 1307 Sed
3279 1250 3325 1306 si
3361 1251 3510 1305 illum
3544 1261 3789 1307 sanctum

2199 1340 2516 1394 monachum
2560 1341 2674 1410 ipse
2713 1340 2988 1408 vidissem,
3016 1341 3162 1411 quia,
3194 1342 3333 1397 sicut
3361 1341 3551 1409 fertur,
3586 1344 3791 1414 patien-

2200 1430 2403 1486 tissime
2442 1431 2864 1502 interrogabatur
2890 1441 2946 1487 et
2984 1433 3376 1503 sapientissime
3408 1433 3787 1504 respondebat,

2198 1520 2509 1589 qutesissem
2540 1520 2608 1575 ab
2635 1535 2702 1576 eo
2722 1520 2864 1591 quod
2885 1520 2951 1575 ad
2982 1522 3139 1577 istam
3165 1522 3393 1593 pertinet
3414 1524 3789 1593 quaestionem,

2202 1620 2376 1665 utrum
2406 1612 2519 1683 ipse
2542 1612 2609 1667 ad
2642 1613 2786 1668 illam
2816 1614 3066 1669 feminam
3101 1614 3337 1671 venisset
3375 1616 3429 1670 in
3462 1617 3703 1684 somnis,
3740 1617 3793 1672 id

2201 1710 2304 1767 est,
2329 1703 2548 1772 spiritus
2568 1703 2685 1773 ejus
2710 1705 2762 1758 in
2782 1703 2959 1776 efligie
2976 1707 3216 1776 corporis
3235 1706 3342 1774 sui,
3366 1708 3505 1762 sicut
3528 1722 3628 1763 nos
3648 1708 3795 1778 ipsos

2204 1792 2258 1847 in
2296 1793 2472 1865 efllgie
2504 1795 2747 1864 corporis
2788 1797 2956 1852 nostri
2997 1797 3357 1864 somniamus;
3384 1814 3452 1854 an
3494 1799 3613 1869 ipso
3651 1800 3797 1856 aliud

2203 1894 2413 1954 agente,
2453 1885 2561 1954 vel,
2594 1886 2637 1941 si
2682 1886 3001 1955 dormiebat,
3028 1888 3171 1944 aliud
3210 1890 3531 1959 somniante,
3558 1891 3672 1946 sive
3701 1908 3798 1962 per

2204 1976 2488 2046 angelum,
2527 1975 2647 2031 sive
2688 1992 3030 2048 quocumque
3076 1979 3182 2034 alio
3230 1980 3391 2036 modo
3444 1981 3498 2036 in
3549 1982 3797 2038 mulieris

2207 2067 2420 2121 somnio
2450 2067 2570 2121 talis
2596 2066 2733 2143 facta
2760 2068 2831 2123 sit
2846 2068 3014 2135 visio;
3036 2078 3196 2140 atque
3224 2070 3277 2126 id
3305 2069 3562 2138 futurum,
3596 2082 3653 2127 ut
3681 2072 3799 2143 ipse

2206 2159 2563 2228 promitteret,
2595 2161 2890 2232 prophetiae
2914 2161 3113 2232 Spiritu
3148 2164 3416 2220 revelante
3444 2165 3795 2236 praesciverit.

2209 2249 2264 2304 Si
2295 2248 2437 2304 enim
2468 2249 2583 2320 ipse
2612 2250 2852 2307 interfuit
2880 2253 3187 2318 somnianti,
3219 2254 3447 2311 mirabili
3486 2257 3655 2328 gratia
3695 2256 3801 2311 uti-

2208 2355 2312 2410 que
2349 2340 2402 2396 id
2443 2343 2639 2411 potuit,
2676 2358 2783 2398 non
2812 2353 3035 2411 natura;
3068 2356 3123 2401 et
3151 2347 3243 2401 Dei
3271 2362 3513 2413 munere,
3538 2363 3644 2405 non
3678 2364 3801 2419 pro-

2211 2434 2325 2504 pria
2364 2434 2631 2491 facultate.
2667 2436 2723 2493 Si
2752 2448 2930 2493 autem
2970 2438 3087 2508 ipso
3114 2438 3256 2494 aliud
3286 2450 3500 2512 agente,
3531 2442 3647 2497 sive
3672 2441 3803 2497 dor—

2212 2526 2410 2582 miente
2450 2535 2506 2583 et
2543 2530 2672 2584 visis
2712 2531 2831 2585 aliis
2873 2542 3154 2604 occupato,
3190 2550 3312 2590 eum
3342 2534 3536 2591 mulier
3575 2535 3711 2590 vidit
3749 2536 3803 2591 in

2212 2620 2452 2686 somnis;
2484 2622 2722 2691 profecto
2755 2625 2861 2681 tale
2894 2626 3093 2696 aliquid
3135 2625 3331 2682 factum
3361 2635 3463 2693 est,
3490 2629 3647 2698 quale
3674 2628 3806 2684 illud

2214 2720 2299 2767 est
2326 2712 2468 2782 quod
2496 2712 2551 2767 in
2579 2714 2802 2770 Actibus
2825 2717 3205 2787 Apostolorum
3234 2718 3477 2788 legimus,
3510 2718 3599 2773 ubi
3620 2718 3806 2774 Domi-

2214 2819 2315 2859 nus
2335 2803 2491 2858 Jesus
2513 2805 2745 2876 loquitur
2760 2808 2979 2863 Ananire
3000 2808 3068 2865 de
3087 2808 3272 2876 Saulo,
3294 2819 3348 2866 et
3374 2811 3572 2866 indicat
3592 2811 3643 2867 ei
3664 2811 3809 2883 quod

2214 2894 2404 2951 Saulus
2429 2896 2559 2952 vidit
2583 2898 2649 2952 ad
2674 2913 2734 2954 se
2755 2900 3056 2956 venientem
3082 2901 3365 2969 Ananiam,
3388 2916 3513 2957 cum
3538 2901 3642 2957 hoc
3662 2904 3808 2957 Ana-

2216 2987 2330 3043 uias
2360 2988 2472 3057 ipse
2501 2990 2731 3045 nesciret
2760 2990 2913 3063 (Act.
2944 3008 3018 3059 Ix,
3044 2993 3211 3051 Ill-l5
3234 2993 3275 3064 ).
3302 2993 3590 3062 Quodlibet
3618 2993 3810 3049 horum

2216 3077 2345 3132 mihi
2373 3079 2723 3149 responderet
2754 3081 2845 3137 ille
2868 3082 3028 3137 homo
3057 3076 3182 3150 Dei,
3209 3094 3266 3139 et
3291 3083 3359 3139 de
3387 3085 3716 3155 martyribus
3744 3085 3811 3141 ab

2217 3168 2309 3224 illo
2348 3184 2623 3241 pergerem
2665 3187 2925 3242 quaerere,
2957 3182 3131 3228 utrum
3162 3174 3262 3244 ipsi
3291 3173 3467 3229 adsint
3496 3176 3549 3229 in
3580 3176 3805 3241 somnis,

2217 3261 2302 3315 vel
2328 3276 2665 3333 quocumque
2693 3264 2800 3319 alio
2820 3264 2980 3319 modo
2997 3264 3297 3321 videntibus
3317 3280 3412 3321 eos
3437 3266 3490 3321 in
3515 3281 3617 3337 qua
3642 3266 3811 3337 figura

2218 3355 2517 3421 voluerint;
2544 3363 2599 3411 et
2628 3356 2859 3413 maxime
2888 3357 3101 3428 quando
3126 3357 3194 3412 ab
3222 3358 3302 3413 eis
3330 3372 3390 3413 se
3420 3357 3658 3429 torqueri
3700 3358 3813 3414 dat-

2220 3460 2408 3501 moues
2435 3446 2488 3501 in
2516 3445 2821 3504 hominibus
2842 3449 3184 3514 confitentur,
3210 3458 3263 3505 et
3283 3458 3469 3520 rogant
3498 3464 3595 3503 eos
3616 3459 3675 3504 ut
3695 3465 3813 3520 par-

2219 3546 2344 3594 eant
2381 3538 2484 3594 sibi
2508 3557 2521 3594 :
2549 3554 2617 3594 an
2660 3540 2761 3595 ista
2803 3541 2929 3596 fiant
2958 3542 3053 3597 Dei
3082 3552 3213 3596 nqu
3241 3558 3336 3612 per
3364 3542 3633 3613 angelicas
3661 3554 3815 3611 pote-

2221 3640 2406 3699 states,
2450 3631 2502 3686 iu
2546 3631 2804 3694 honorem
2844 3632 3469 3703 commendationemque
3505 3642 3816 3688 sanctorum

2219 3723 2287 3778 ad
2319 3723 2605 3779 utilitatem
2632 3723 2929 3792 hominum,
2952 3726 3058 3782 illis
3083 3726 3137 3783 in
3166 3740 3375 3782 summa
3400 3726 3581 3797 quiete
3604 3726 3814 3797 positis,

2221 3825 2276 3871 et
2314 3817 2381 3872 ad
2420 3816 2529 3873 alia
2569 3818 2729 3889 longe
2767 3819 2987 3875 meliora
3017 3820 3128 3875 visa
3156 3818 3470 3874 vacantibus
3509 3833 3756 3875 seorsum
3785 3835 3816 3873 a

2222 3910 2398 3977 nobis,
2435 3912 2818 3982 orantibusque
2860 3928 2959 3983 pro
3000 3912 3173 3968 nobis.
3203 3911 3335 3967 Nam
3362 3911 3649 3967 Mediolani
3678 3910 3818 3982 apud

2222 4012 2440 4059 sanctos
2471 4004 2774 4060 Protasium
2814 4016 2869 4061 et
2905 4005 3217 4062 Gervasium
3248 4015 3532 4079 martyres,
3562 4021 3819 4077 expresso

2224 4097 2464 4163 nomine,
2492 4097 2630 4153 sicut
2657 4096 3032 4153 defunctorum
3073 4113 3207 4170 quos
3240 4098 3431 4154 eodem
3473 4098 3636 4153 modo
3673 4114 3820 4153 eom-

2223 4189 2615 4257 memorabant,
2644 4190 2821 4247 adhuc
2850 4193 3028 4246 vivum
3058 4191 3333 4247 daemones
3357 4191 3668 4261 episcopum
3692 4206 3816 4246 con-

2224 4280 2509 4335 fitebantur
2543 4282 2906 4349 Ambrosium,
2935 4290 3097 4353 atque
3125 4291 3186 4338 ut
3228 4282 3331 4338 sibi
3370 4290 3616 4353 parceret
3655 4282 3817 4338 obse-

2222 4370 2464 4435 crahant,
2514 4371 2608 4426 illo
2654 4372 2796 4427 aliud
2839 4382 3053 4443 agente,
3082 4381 3243 4443 atque
3270 4372 3371 4429 hoc
3407 4387 3529 4428 cum
3569 4381 3819 4443 ageretur

2223 4463 2443 4519 omnino
2503 4465 2799 4521 nesciente.
2857 4466 2938 4520 Au
2990 4481 3120 4521 vero
3175 4465 3462 4535 aliquando
3505 4480 3601 4536 per
3648 4466 3817 4537 ipsam

2224 4555 2563 4624 praesentiam
2594 4567 2888 4628 martyrum
2913 4555 3062 4623 ﬁant,
3091 4556 3191 4612 ista
3217 4556 3503 4627 aliquando
3530 4572 3627 4626 per
3645 4560 3821 4626 Ange-

2225 4645 2432 4709 lorum;
2465 4656 2520 4701 et
2557 4655 2734 4701 utrum
2767 4648 2990 4717 possint,
3018 4648 3101 4702 vel
3139 4647 3332 4718 quibus
3360 4648 3526 4717 signis
3554 4648 3761 4717 possint
3788 4664 3819 4703 a

2225 4739 2380 4794 nobis
2409 4739 2515 4795 duo
2556 4741 2655 4796 ista
2690 4740 2956 4806 discerni;
2986 4755 3052 4795 an
3081 4756 3140 4795 ea
3182 4740 3383 4796 sentire
3420 4756 3484 4795 ac
3524 4740 3817 4811 dijudicare

2227 4848 2335 4887 non
2359 4833 2548 4899 valeat,
2582 4834 2683 4888 nisi
2710 4834 2799 4904 qui
2829 4833 2991 4889 habet
3018 4833 3147 4888 illud
3176 4833 3374 4888 donum
3403 4847 3499 4903 per
3526 4833 3619 4887 Dei
3644 4832 3819 4904 Spiri-

2226 4933 2336 4979 tum
2366 4926 2691 4980 dividentem
2722 4928 2935 4997 propria
2964 4928 3249 4997 unicuique
3277 4937 3432 4997 prout
3460 4927 3572 4981 vult
3599 4945 3613 4981 :
3645 4928 3818 4982 disse-

2225 5025 2369 5071 reret
2392 5017 2542 5082 mihi,
2565 5027 2623 5071 ut
2644 5018 2896 5084 arbitror,
2924 5019 3039 5090 ipse
3062 5018 3295 5075 Joannes
3320 5018 3436 5075 haec
3455 5020 3657 5087 omnia,
3683 5020 3819 5075 sicut

2224 5110 2451 5174 vellem;
2485 5118 2542 5163 ut
2565 5119 2656 5165 aut
2684 5126 2749 5165 eo
2775 5110 3002 5166 docente
3034 5110 3319 5177 discerem,
3347 5120 3402 5166 et
3424 5127 3486 5166 ea
3516 5127 3637 5181 qua:
3668 5111 3821 5166 audi-

2226 5216 2339 5255 rem
2374 5217 2497 5256 vera
2534 5210 2590 5257 et
2616 5212 2763 5257 certa
2793 5218 2912 5259 esse
2940 5217 3356 5273 cegnoscerem;
3384 5214 3477 5259 aut
3504 5218 3603 5275 ego
3631 5205 3820 5259 crede-

2226 5310 2339 5349 rem
2374 5311 2493 5365 qure
2530 5296 2791 5351 nescirem
2812 5338 2826 5361 ,
2860 5298 2950 5351 illo
2977 5297 3189 5352 dicente
3218 5312 3337 5368 qua:
3365 5298 3546 5352 sciret.
3577 5296 3731 5364 Quod
3773 5297 3816 5351 si

2226 5385 2357 5440 mihi
2385 5386 2606 5441 forsitan
2631 5387 2697 5442 de
2718 5396 2900 5442 sancta
2922 5388 3192 5458 Scriptura
3224 5387 3574 5458 responderet
3593 5403 3656 5443 ac
3675 5389 3819 5442 dice-

2226 5490 2329 5547 ret,
2356 5481 2550 5536 Altiora
2577 5493 2625 5535 te
2649 5498 2712 5536 ne
2739 5482 3017 5553 qua'sieris,
3048 5492 3095 5535 et
3127 5484 3339 5553 fortiora
3379 5490 3426 5535 te
3464 5501 3531 5535 ne
3562 5492 3818 5536 scrutatus

2226 5574 2421 5644 fueris;
2447 5575 2536 5628 sed
2558 5590 2672 5645 qua:
2701 5574 2940 5643 prwcepit
2970 5574 3058 5626 tibi
3087 5572 3355 5637 Dominus,
3380 5572 3471 5626 illa
3500 5573 3665 5642 cogita
3690 5588 3816 5626 sem-

2228 5683 2314 5734 per
2344 5664 2364 5737 (
2398 5665 2556 5720 Eccli.
2589 5682 2664 5730 Ill,
2692 5664 2837 5733 22);
2880 5665 2932 5720 id
2975 5666 3135 5721 etiam
3178 5672 3451 5736 gratanter
3492 5663 3813 5732 acciperem.

2227 5758 2341 5813 Non
2374 5759 2515 5814 cnim
2548 5774 2740 5828 parvus
2767 5768 2850 5813 est
2877 5759 3097 5825 fructus,
3125 5759 3169 5812 si
3200 5758 3374 5827 aliqua
3404 5755 3632 5812 obscura
3658 5765 3713 5808 et
3739 5754 3811 5807 iu-

2232 5861 2396 5917 ccrtp,
2428 5867 2546 5923 quin
2575 5849 3031 5922 comprehendere
3061 5862 3167 5907 non
3194 5847 3450 5916 valemus,
3474 5846 3677 5902 clarum
3708 5844 3813 5899 sal-
3838 5836 3849 5849 ’
