4018 6502
1062 434 1197 443 -ρη
1235 433 1245 439 η
1384 430 1427 437 σν-
1458 428 1573 438 ς-ιρ
1634 428 1641 433 .
1661 433 1680 440 ,ρ
1699 431 1736 440 _
1756 426 1843 439 τος-ς
1889 432 1894 435 μ
1926 424 1941 431 ο
2003 425 2019 428 κ
2058 422 2167 429 ρν--σιι
2188 421 2209 427 α.
2230 422 2257 426 «γ
2284 420 2365 427 ανὴρ
2390 420 2425 426 -ο
2446 422 2469 423 νγ
2546 420 2551 423 ς
2592 419 2667 424 -ηοή
2720 419 2765 425 με-»
2788 418 2813 423 ε·-
2856 417 2897 422 νο
2919 419 3288 428 ---.-.ρ“-αο-.”μ
3457 420 3532 427 --σο
3574 415 3597 423 ν
3626 416 3653 424 *⁷
3682 418 3689 419 ί

549 444 640 453 _.~-_
674 441 916 457 -w.->—.-—~
1285 449 1292 452 ,
2554 450 2682 457 ___,.
2724 448 3004 458 ...ν’-..-
3389 447 3692 456 ---ν

703 460 1649 479 ————.——————_
1869 450 2545 464 -____-—————a—
2691 450 2702 457 ι

1118 556 1262 671 s.
1337 460 2092 668 Δπιιῖιιι
2164 460 3083 655 Δπαυετῖιπ

729 914 1191 1134 DE
1428 910 1613 1125 P

1666 752 1669 761 '
1691 735 2202 803 HIPPONENSIS
2242 732 2592 795 EPISCOPI

1682 829 3561 1125 ATIENTIA

1530 1176 2009 1355 LIBER
2102 1238 2512 1348 U‘NU‘S
2578 1239 2703 1347 (α).

1796 1441 2483 1482 «660——

568 1562 800 1623 Prlncipio
817 1558 1067 1623 distinguit
1089 1554 1377 1623 Augustinus
1400 1551 1681 1623 patientiam
1701 1560 1868 1623 veram
1890 1545 2528 1623 afalsa.‘l_iot;tatur.deinde
2550 1545 2616 1623 ad.
2632 1557 2742 1623 eam

2838 1556 2881 1594 te
2902 1556 3019 1593 vera
3043 1550 3137 1602 est,
3174 1556 3264 1606 per
3282 1556 3430 1606 quam
3467 1557 3556 1606 pro
3588 1550 3777 1606 aeterna

508 1605 1083 1674 vit-aI-etﬂeitvueiaiiiore
1106 1605 1229 1665 mala
1251 1605 1564 1668 suﬂ‘eruntur,
1590 1612 1867 1674 patientiam
1891 1607 2295 1674 amplectendam.
2331 1614 2477 1657 Docet
2518 1616 2763 1669 postremo
2786 1605 2909 1656 hanc
2948 1605 3194 1670 patientiae
3219 1605 3590 1666 virtutem,’uou
3630 1605 3778 1655 liberi

507 1670 691 1735 arbitrii
712 1670 908 1741 viribus,
935 1680 1020 1730 sed
1044 1679 1217 1729 divina:
1241 1677 1410 1739 gratiae
1431 1670 1667 1737 adiutorio
1690 1670 1996 1722 tribuendam
2022 1681 2154 1717 esse.

580 1811 803 1868 CAPUT
824 1807 1102 1864 PRIMUM.
1120 1806 1259 1859 —L
1292 1803 1547 1857 Patientia
1576 1800 1670 1854 Dei
1694 1800 1871 1869 qualis.
1902 1798 2081 1852 Virtus

508 1906 671 1962 animi
689 1919 807 1974 qua:
835 1900 1090 1956 Patientia
1115 1898 1326 1958 dicitur,
1356 1905 1462 1949 tam
1491 1910 1736 1964 magnum
1760 1891 1856 1947 Dei
1882 1891 2080 1945 donum

507 2006 609 2063 est,
636 2005 692 2051 ut
718 1996 873 2048 etiam
897 1992 1057 2061 ipsius
1078 1990 1166 2059 qui
1197 1987 1347 2042 nobis
1366 2002 1484 2041 eam
1512 1985 1754 2055 largitur,
1778 1998 1879 2052 qua
1911 1981 2081 2035 malos

508 2097 565 2142 ut
602 2086 934 2155 corrigantur
976 2088 1285 2149 exspectat,
1332 2076 1579 2147 patientia
1622 2073 1957 2143 prmdicetur.
2005 2072 2081 2126 lla

505 2178 748 2247 quamvis
772 2176 908 2228 Deus
935 2172 1065 2227 nihil
1088 2170 1192 2239 pati
1223 2168 1389 2238 possit
1421 2169 1461 2233 ⁸,
1490 2165 1741 2236 patientia
1772 2178 1897 2219 vero
1925 2178 1956 2216 a
1986 2178 2079 2232 pa-

508 2266 687 2321 tiendo
715 2278 908 2319 nomen
934 2260 1219 2329 acceperit,
1249 2258 1534 2328 patientem
1564 2264 1741 2309 tamen
1776 2254 1941 2308 Deum
1971 2267 2081 2308 non

507 2357 667 2413 modo
716 2355 942 2410 ﬁdeliter
989 2352 1291 2415 credimus,
1357 2363 1541 2403 verum
1590 2347 1752 2402 etiam
1800 2344 2084 2400 salubriter

505 2449 837 2505 confitemur.
869 2444 974 2499 Sed
1007 2444 1100 2498 Dei
1143 2440 1393 2511 patientia
1438 2439 1610 2511 qualis
1637 2446 1691 2493 et
1733 2447 1928 2507 quanta
1972 2436 2080 2503 sit,

506 2554 663 2610 quem
693 2537 820 2591 nihil
861 2535 1146 2606 patientem
1166 2574 1182 2599 ,
1217 2547 1314 2587 nec
1339 2540 1515 2586 tamen
1546 2530 1907 2599 impatientem
1929 2568 1944 2593 ,
1978 2527 2084 2581 imo

506 2633 663 2686 etiam
694 2628 1131 2700 patientissimum
1168 2626 1393 2681 dicimus
1412 2665 1429 2689 ,
1454 2624 1631 2678 verbis
1658 2623 1923 2691 explicare
1964 2620 2084 2691 quis

507 2721 711 2792 possit?
738 2718 1019 2773 lnell‘abilis
1045 2726 1127 2771 est
1164 2730 1289 2784 ergo
1313 2714 1399 2768 illa
1430 2714 1679 2783 patientia
1709 2714 1753 2777 ³,
1782 2713 1917 2767 sicut
1939 2711 2084 2765 zelus

508 2813 623 2879 ejus
643 2853 655 2876 ,
687 2811 822 2865 sicut
852 2810 926 2863 ira
956 2808 1070 2877 ejus
1089 2847 1104 2872 ,
1127 2814 1180 2861 et
1204 2806 1248 2859 si
1276 2804 1401 2873 quid
1426 2802 1725 2871 hujusmodi
1747 2812 1849 2857 est.
1881 2801 2010 2855 Nam
2039 2801 2081 2855 si

483 2912 755 2971 tauquam
785 2910 965 2953 nostra
993 2899 1091 2952 ista
1110 2896 1430 2966 cogitemus,
1465 2894 1519 2948 in
1549 2894 1641 2948 illo
1664 2894 1805 2948 nulla
1829 2902 1971 2947 sunt.
1995 2893 2086 2947 Ni-

508 2991 579 3045 hil
609 2990 753 3047 euim
794 2991 984 3044 horum
1030 3002 1127 3040 nos
1170 2988 1285 3041 sine
1328 2984 1572 3039 molestia
1613 2983 1913 3038 sentimus:
1949 2982 2087 3035 absit

506 3091 683 3137 autem
732 3090 789 3135 ut
832 3078 1209 3148 impassibilem
1252 3076 1345 3131 Dei
1394 3083 1637 3128 naturam
1683 3074 1885 3143 perpeti
1926 3072 2084 3127 ullam

506 3174 803 3228 molestiam
832 3171 1176 3240 suspicemur.
1205 3168 1353 3223 Sicut
1394 3175 1571 3221 autem
1599 3167 1739 3220 zelat
1767 3166 1882 3220 sine
1906 3165 2085 3234 aliquo

507 3265 674 3319 livore
694 3305 707 3327 ,
738 3262 982 3316 irascitur
1003 3261 1116 3314 sine
1142 3258 1312 3327 aliqua
1340 3258 1737 3328 perturbatione
1755 3297 1771 3320 ,
1804 3246 2087 3310 miseretur

508 3359 627 3412 sine
667 3357 843 3425 aliquo
868 3353 1084 3417 dolore,
1115 3352 1337 3421 paenitet
1380 3365 1503 3405 eum
1553 3350 1669 3405 sine
1712 3348 1934 3417 alicujus
1976 3361 2088 3401 suae

510 3447 786 3518 pravitatis
810 3442 1142 3500 correctione
1172 3458 1184 3495 :
1219 3442 1287 3495 ita
1313 3449 1395 3495 est
1431 3440 1637 3509 patiens
1679 3439 1793 3495 sine
1819 3437 1923 3492 ulla
1962 3452 2086 3508 pas-

510 3540 680 3593 sione.
714 3536 861 3591 Nunc
888 3536 1064 3602 itaque
1092 3532 1319 3587 humana
1364 3532 1644 3602 patientia,
1692 3546 1851 3601 quam
1897 3546 2088 3600 capere

509 3642 791 3698 possumus
809 3667 825 3693 ,
856 3632 911 3680 et
939 3624 1135 3679 habere
1161 3622 1416 3678 debemus
1436 3663 1450 3686 ,
1473 3621 1764 3692 cujusmodi
1793 3623 1896 3688 sit,
1922 3638 2088 3693 quan-

512 3729 622 3773 tum
665 3717 919 3773 Dominus
960 3715 1175 3780 tribuit,
1220 3722 1273 3769 et
1311 3722 1570 3783 quantum
1615 3713 1811 3783 patitur
1856 3713 2088 3769 brevitas

511 3808 784 3879 praesentis
809 3805 1068 3859 sermonis
1087 3803 1383 3873 expediam.

578 3897 802 3954 (ZAPUT
841 3896 904 3951 ll.
929 3926 1001 3937 —
1023 3894 1077 3949 2.
1108 3893 1363 3949 Patientia
1402 3903 1537 3947 recta
1576 3910 1806 3965 quamam
1843 3903 1891 3948 et
1936 3911 2086 3965 quant

514 3992 673 4045 utilis.
715 3988 975 4045 Patientia
1005 3986 1263 4052 hominis,
1294 4001 1410 4055 qua:
1441 3993 1584 4040 recta
1615 3994 1697 4040 est
1722 3995 1878 4056 atque
1904 3986 2087 4041 lauda-

510 4084 637 4138 bilis
682 4091 734 4136 ct
770 4079 1029 4135 vocabulo
1056 4079 1210 4149 digna
1239 4078 1486 4143 virtutis,
1531 4092 1596 4133 ea
1645 4077 1951 4147 perhibetur
1985 4095 2086 4149 qua

515 4190 666 4243 atquo
691 4173 868 4226 animo
893 4172 1031 4226 mala
1059 4172 1375 4234 toleramus,
1408 4184 1474 4223 ne
1516 4170 1694 4224 animo
1733 4171 1913 4241 iniquo
1950 4171 2088 4226 bona

516 4266 826 4321 deseramus
846 4263 888 4329 ⁸,
920 4279 1014 4332 per
1042 4277 1159 4331 qua:
1186 4260 1252 4315 ad
1282 4261 1497 4315 meliora
1522 4262 1913 4331 perveniamus.
1939 4262 2087 4329 Qua-

515 4364 732 4427 propter
753 4354 1088 4423 impatientes
1115 4351 1240 4407 dum
1270 4350 1407 4406 mala
1438 4352 1544 4420 pati
1585 4353 1803 4420 nolunt,
1838 4368 1940 4407 non
1968 4354 2087 4407 effi-

514 4450 660 4503 ciunt
690 4457 744 4500 ut
773 4462 800 4499 a
830 4446 981 4499 malis
1008 4452 1278 4508 eruantur,
1312 4442 1407 4497 sed
1447 4452 1506 4497 ut
1543 4445 1679 4498 mala
1708 4445 1945 4514 graviora
1989 4461 2086 4515 pa-

514 4538 731 4593 tiantur.
761 4535 1034 4591 Patienles
1057 4542 1229 4589 autem
1266 4534 1352 4603 qui
1395 4534 1529 4587 mala
1570 4536 1775 4590 malunt
1802 4551 1906 4589 non
1938 4551 2086 4591 com-

518 4626 777 4684 mittendo
819 4624 987 4691 ferre,
1036 4638 1192 4694 quam
1236 4640 1341 4678 non
1384 4623 1604 4679 ferendo
1645 4626 2008 4695 committere,
2034 4637 2089 4683 et

513 4720 707 4775 leviora
757 4717 954 4771 faciunt
1004 4730 1124 4785 qua:
1153 4712 1177 4745 ⁸
1212 4728 1308 4783 per
1343 4714 1649 4784 patientiam
1696 4717 1989 4787 patiuntur,
2034 4728 2089 4774 et

513 4812 692 4883 pejora
723 4807 954 4865 evadunt
997 4805 1187 4876 quibus
1230 4820 1324 4875 per
1362 4806 1738 4875 impatientiam
1778 4822 2085 4878 mergeren-

2191 1805 2279 1851 tur
2309 1797 2349 1849 ί.
2383 1796 2527 1851 Bona
2554 1813 2680 1851 vero
2702 1807 2899 1853 interna
2930 1806 2985 1853 et
3011 1812 3199 1867 magna
3227 1812 3332 1853 non
3363 1795 3624 1867 perdunt,
3653 1794 3780 1850 dum

2187 1887 2342 1943 malis
2380 1889 2763 1958 temporalibus
2810 1889 3165 1958 brevibusque
3208 1904 3315 1943 non
3352 1888 3553 1943 cedunt
3596 1905 3611 1942 :
3649 1902 3781 1957 quo-

2188 1981 2331 2034 niam
2364 1998 2464 2035 non
2492 1990 2610 2035 sunt
2637 1982 2899 2052 condignae
2928 1982 3182 2050 passiones
3211 1981 3364 2050 hujus
3389 1980 3653 2050 temporis,
3678 1979 3777 2032 sic-

2188 2079 2246 2125 ut
2285 2072 2567 2140 Apostolus
2616 2072 2780 2135 dicit,
2811 2073 2880 2125 ad
2907 2076 3138 2143 futuram
3163 2072 3377 2142 gloriam
3403 2087 3517 2142 qua:
3544 2070 3783 2124 revelabi-

2189 2170 2271 2216 tur
2297 2162 2350 2215 in
2378 2163 2517 2215 nobis
2557 2162 2729 2233 (Rom.
2759 2178 2879 2227 vnt,
2912 2161 3025 2232 18).
3056 2161 3125 2216 Et
3149 2163 3341 2218 iterum
3384 2162 3459 2215 ait
3488 2178 3501 2214 :
3534 2159 3685 2225 Quod
3711 2170 3781 2214 est

2189 2253 2466 2322 temporale
2492 2263 2540 2307 et
2569 2254 2674 2307 leve
2700 2252 3037 2307 tribulationis
3061 2262 3246 2307 nostra:
3269 2294 3285 2317 ,
3333 2253 3388 2305 in
3430 2251 3782 2306 incredibilem

2190 2344 2397 2397 modum
2417 2355 2663 2399 (sternunt
2683 2346 2861 2418 gloria
2880 2346 3077 2417 pondus
3095 2355 3332 2416 operatur
3354 2345 3496 2400 nobis
3523 2346 3544 2377 ⁸
3574 2343 3644 2415 (ll
3663 2343 3780 2399 Cor.

2191 2449 2272 2501 iv,
2304 2434 2416 2499 17).

2259 2522 2485 2579 CAPUT
2528 2522 2613 2578 Ill.
2640 2554 2716 2567 —
2740 2524 2795 2579 3.
2825 2523 3080 2578 Patientia
3103 2524 3391 2595 iniquorum
3434 2535 3647 2595 quanta.
3696 2523 3779 2578 ln-

2191 2625 2434 2672 tueamur
2456 2631 2582 2687 ergo
2601 2658 2616 2682 ,
2646 2616 2960 2683 charissimi,
2994 2624 3188 2686 quanta
3222 2617 3274 2670 in
3304 2616 3573 2671 laboribus
3601 2624 3658 2671 et
3683 2615 3779 2669 do-

2188 2709 2388 2765 loribus
2416 2708 2658 2763 homines
2678 2708 2807 2763 dura
2840 2709 3171 2775 sustineant,
3215 2724 3312 2777 pro
3348 2708 3510 2763 rebus
3546 2724 3681 2777 quas
3702 2709 3780 2762 vi-

2190 2805 2325 2859 tiose
2347 2804 2605 2873 diligunt,
2638 2810 2693 2858 ct
2724 2811 2922 2873 quanto
2947 2816 3005 2856 se
3030 2801 3112 2855 his
3138 2800 3406 2857 feliciores
3433 2800 3544 2855 fieri
3574 2810 3779 2871 putant,

2189 2904 2338 2951 tanto
2370 2895 2633 2951 infelicius
2662 2896 3064 2964 concupiscunt.
3111 2893 3317 2960 Quanta
3349 2908 3447 2964 pro
3472 2893 3621 2947 falsis
3644 2893 3781 2948 divi-

2191 2987 2277 3041 tiis
2301 2995 2516 3057 ,quanta
2546 3001 2644 3057 pro
2672 2986 2820 3040 vanis
2846 2984 3153 3051 honoribus,
3175 2994 3369 3054 quanta
3402 2999 3496 3053 pro
3524 2984 3781 3039 ludicris'

2190 3077 2561 3132 sll'ectionibus
2606 3076 3049 3147 periculosissima
3079 3086 3133 3131 et
3158 3074 3533 3130 molestissima
3578 3076 3783 3146 patien-

2192 3168 2396 3222 tissime
2434 3168 2763 3223 tolerantur!
2796 3166 3075 3231 Pecuniaa,
3122 3166 3343 3237 gloriae,
3374 3165 3605 3221 lascivia:
3631 3168 3772 3237 cupi.

2191 3257 2291 3312 dos
2332 3258 2574 3313 videmus
2595 3299 2609 3323 ,
2651 3266 2709 3313 ut
2736 3258 2801 3313 ad
2829 3256 3132 3312 desiderata
3164 3257 3505 3327 perveniant,
3542 3257 3781 3328 adeptis-

2191 3362 2297 3419 que
2337 3362 2441 3400 non
2472 3356 2718 3413 careant,
2746 3347 2916 3413 soles,
2945 3346 3144 3401 imbres
3163 3388 3177 3412 ,
3208 3346 3419 3416 glacies,
3450 3346 3645 3402 fluctus
3670 3388 3687 3412 ,
3729 3359 3782 3403 et

2194 3439 2669 3508 procellosissimas
2700 3446 3043 3507 tempestates
3062 3478 3077 3503 ,
3117 3452 3304 3507 aspera
3334 3446 3388 3493 et
3418 3438 3619 3493 incerta
3664 3440 3779 3495 bel-

2193 3532 2365 3587 lorum
2392 3572 2407 3599 ,
2436 3531 2744 3586 immanium
2787 3531 3058 3602 plagarum
3091 3531 3258 3597 ictus,
3302 3539 3357 3586 et
3395 3532 3611 3587 vulnera
3654 3531 3781 3587 hor-

2192 3626 2355 3681 renda
2376 3667 2392 3693 ,
2423 3640 2527 3680 non
2558 3624 2850 3680 inevitabili
2882 3623 3226 3687 necessitate,
3264 3624 3358 3678 sed
3394 3624 3644 3694 culpabili
3684 3640 3781 3678 vo-

2197 3716 2402 3771 luntate
2466 3715 2727 3786 perferre.
2776 3714 2973 3771 Verum
3019 3714 3103 3770 hze
3147 3715 3305 3771 licita:
3350 3714 3580 3786 quodam
3626 3717 3782 3771 modo

2191 3810 2442 3865 videntur
2472 3810 2713 3863 insaniae.

2267 3902 2491 3959 CAPUT
2517 3900 2607 3956 IV.
2636 3932 2709 3943 —
2730 3899 2858 3955 Haec
2880 3916 2911 3953 a
2934 3900 3076 3954 vanis
3099 3898 3359 3953 laudatur.
3387 3898 3630 3969 Namque
3655 3915 3779 3953 ava-

2192 3994 2348 4059 ritia,
2400 3992 2659 4056 ambitio,
2712 3992 2949 4057 luxuria,
2993 3999 3047 4045 ct
3075 3991 3343 4045 variorum
3388 3990 3779 4046 oblectamenta

2194 4083 2460 4148 ludorum,
2482 4083 2583 4137 nisi
2618 4092 2833 4151 prepter
2853 4083 2941 4136 illa
2971 4081 3175 4136 facinus
3211 4082 3422 4150 aliquod
3448 4082 3779 4147 admittatur,

2194 4174 2307 4229 sive
2337 4172 2591 4243 ﬂagitium
2634 4172 2776 4242 quod
2804 4172 3006 4243 legibus
3045 4172 3355 4242 prohibetur
3376 4172 3657 4237 humanis,
3688 4190 3784 4245 pu-

2194 4274 2374 4319 tantur
2402 4263 2469 4318 ad
2500 4264 2853 4318 innocentiam
2880 4265 3147 4335 pertinere
3181 4281 3193 4317 :
3223 4264 3329 4318 imo
3358 4264 3518 4318 etiam
3550 4264 3641 4334 qui
3667 4266 3783 4322 sine

2192 4356 2379 4410 fraude
2402 4355 2739 4425 cujusquam,
2763 4363 2854 4409 aut
2884 4369 2977 4423 pro
3008 4354 3248 4409 habenda
3285 4356 3367 4410 vel
3408 4356 3655 4425 augenda
3685 4374 3781 4425 pe.

2193 4449 2347 4502 cuuia
2370 4489 2386 4514 ,
2412 4456 2503 4501 aut
2526 4461 2625 4516 pro
2644 4446 2998 4517 adipiscendis
3023 4447 3106 4501 vel
3137 4447 3428 4501 retinendis
3458 4449 3772 4514 honoribus.

2192 4547 2283 4592 aut
2318 4539 2369 4591 in
2400 4552 2569 4606 agone
2605 4536 2859 4591 certando
2902 4550 2996 4590 seu
3028 4537 3303 4600 venando,
3335 4554 3427 4592 seu
3458 4539 3779 4596 theatricum

2192 4629 2388 4700 aliquid
2422 4629 2772 4699 plausibiliter
2799 4628 3100 4683 exhibendo
3130 4643 3347 4698 magnos
3383 4630 3595 4687 labores
3626 4632 3784 4685 dolo-

2192 4736 2383 4791 resque
2419 4721 2728 4790 pertulerit,
2758 4735 2943 4789 parum
2978 4728 3061 4774 est
3102 4720 3243 4789 quod
3282 4722 3520 4790 populari
3552 4723 3785 4778 vanitate

2196 4814 2359 4868 nullis
2386 4812 2889 4883 reprehensionibus
2913 4812 3213 4879 cohibetur,
3245 4812 3338 4867 sed
3371 4814 3588 4884 insuper
3615 4818 3785 4871 extol-

1692 4936 1978 4976 ADIONITIO
2007 4940 2085 4978 PP.
2126 4942 2600 4983 BENEDICTINORUI.

572 5016 709 5064 Liber
728 5014 791 5079 de
805 5014 1046 5079 Patientia
1068 5012 1342 5079 recensitos
1365 5018 1442 5079 est
1462 5012 1511 5060 in
1545 5018 1651 5079 Mss.
1673 5010 1924 5079 Gallicanis
1944 5015 2245 5079 quindecim;
2291 5016 2565 5079 Colbertino
2584 5054 2599 5077 ,
2616 5016 2888 5079 Sorbonieo,
2912 5017 3166 5077 Victorino,
3192 5019 3528 5079 Augustinensi
3552 5025 3791 5069 Erenuta-

510 5090 618 5125 rum
652 5077 845 5139 majoris
881 5082 1151 5139 conventus
1189 5075 1465 5139 Parisiensis
1484 5108 1500 5133 ,
1542 5074 1873 5139 Listerciensi,
1920 5083 1949 5139 tt

1955 5078 2331 5148 egio-montensi
2353 5113 2368 5137 ,
2402 5078 2730 5148 Floriacensi,
2757 5078 3127 5148 \‘indocinensi,
3146 5078 3426 5148 Pratellensi
3445 5115 3460 5137 ,
3483 5083 3789 5148 Michaelino,

514 5136 843 5207 andoenensi,
861 5137 1195 5207 Divioneitsis.
1222 5137 1417 5207 Benigni
1436 5170 1450 5194 ,
1492 5136 1825 5207 andegavensi
1847 5144 1890 5185 s.
1910 5136 2081 5207 Albini,
2108 5142 2305 5207 vtetensi
2329 5136 2371 5188 s'.
2395 5139 2619 5207 Arnulphi
2644 5172 2660 5197 ,
2687 5145 2739 5187 et
2780 5140 2947 5207 codice
2970 5136 3175 5207 abhatia:
3209 5142 3384 5190 Casalis
3422 5136 3698 5202 Benedicti;
3742 5136 3789 5192 in

513 5200 727 5267 immanis
746 5208 951 5267 quatuor
972 5197 1278 5247 bibliothecae
1301 5200 1550 5267 Vaticanre.
1574 5199 1884 5267 cumquihus
1908 5201 2053 5248 etiam
2070 5197 2273 5252 'collatae
2308 5208 2422 5250 sunt.
2444 5197 2686 5251 lectiones
2708 5201 2950 5250 variantes
2972 5201 3270 5263 Belgicorum
3287 5210 3494 5265 quatuor
3529 5211 3638 5253 Mss.
3664 5197 3789 5267 qum

514 5260 738 5307 viderunt
758 5259 1093 5317 Lovanienses,
1120 5272 1309 5309 necnon
1334 5259 1569 5321 primariae
1589 5259 1829 5308 editiones
1851 5266 1923 5308 Er.
1950 5268 2001 5309 et
2024 5267 2131 5311 Lov.

579 5362 1085 5439 Comparavt'mus
1107 5369 1403 5439 praeterea
1431 5380 1529 5421 eas
1560 5380 1763 5421 omnes
1789 5361 2089 5423 editiones
2122 5363 2311 5425 initio
2339 5365 2511 5424 Retr.
2542 5372 2595 5421 et
2619 5360 2904 5424 Confess.
2945 5370 2992 5423 t.
3024 5364 3082 5437 1,
3108 5373 3499 5427 memoratas.
3588 5368 3677 5429 M.

576 5506 591 5532 ²
630 5497 885 5562 Duodecim
896 5504 1031 5562 Mss,
1049 5496 1169 5562 nihil
1188 5499 1303 5562 mali
1325 5499 1425 5562 pati
1449 5498 1609 5558 possit.

577 5564 597 5593 ¹
632 5560 715 5609 Hic
736 5558 959 5607 undecim
1112 5560 1308 5618 addunt,
1325 5558 1426 5609 non
1448 5568 1604 5609 tmnen
1626 5560 1776 5610 nulla.

577 5624 597 5655 ³
632 5629 740 5670 Lov.
766 5631 875 5686 cum
890 5626 1187 5686 uno_tantum
1211 5629 1311 5681 Ms,
1335 5634 1422 5671 nec
1446 5621 1604 5671 annuo
1629 5621 1791 5686 iniquo
1812 5625 1931 5675 bona
1955 5626 2084 5676 dest-

517 5684 745 5733 deramus
768 5693 784 5729 :
809 5681 968 5728 minus
988 5681 1137 5728 bene.

577 5746 599 5775 ⁸
632 5751 761 5800 Lov.,
799 5754 942 5804 quam
966 5750 1089 5798 ςηω.
1116 5742 1284 5801 Abest,
1309 5755 1451 5806 quam
1469 5780 1482 5798 ,
1515 5745 1576 5792 ab
1601 5744 1742 5796 editis
1762 5747 1867 5797 aliis
1910 5758 1958 5798 et
1982 5756 2085 5797 Mss.

578 5829 651 5891 (α)
675 5828 883 5887 scriptus
900 5822 1023 5872 forte
1048 5830 1160 5871 ante
1184 5836 1359 5873 annum
1380 5825 1485 5873 418.

2259 5504 2276 5575 ξ
2310 5508 2553 5575 [incussa
2822 5514 2933 5575 quea
2955 5517 3041 5575 per
3062 5504 3409 5569 impatimtiam
3430 5520 3748 5563 morerentur.

2257 5564 2445 5674 ἓξὲξ,
2470 5564 2521 5613 in
2561 5564 2710 5614 nobis.
2750 5564 2933 5625 Abest,
2955 5564 3059 5627 'in,
3099 5564 3289 5630 ausa,
3327 5578 3427 5621 ets
3452 5586 3614 5636 graeco
3640 5583 3780 5625 textu

2196 5634 2419 5686 Apostoti.

2263 5687 2281 5718 ⁸
2318 5690 2517 5737 \‘aticani
2542 5687 2637 5737 duo
2653 5694 2781 5747 Mss,
2810 5686 3026 5740 lubricis.
