4078 6502
327 427 431 485 623

327 546 452 600 litur
482 542 733 598 laudibus
759 560 772 595 :
798 540 1048 606 Quoniam
1080 539 1339 600 laudatur,
1370 537 1507 591 sicut
1534 539 1789 606 scriptum
1810 543 1910 600 est,

328 648 561 710 peccator
598 638 652 689 in
690 634 953 690 desideriis
997 633 1180 686 anima:
1220 647 1325 685 suae
1363 628 1538 696 (Psal.
1585 646 1659 698 ιι,
1705 629 1783 699 5).
1826 628 1921 683 Vis

327 732 469 787 enim
492 728 884 784 desideriorum
908 726 1031 782 facit
1057 725 1391 781 tolerantiam
1421 724 1659 778 laborum
1691 731 1746 778 et
1771 722 1921 777 dolo-

326 837 443 877 ruiu
478 838 490 873 :
522 830 577 874 et
608 834 765 874 nemo
794 819 895 872 nisi
922 832 1018 888 pro
1046 831 1112 872 eo
1136 815 1274 884 quod
1304 814 1554 879 delectat,
1589 824 1781 884 sponte
1802 827 1920 866 sus-

330 911 463 981 cipit
493 911 638 966 ferre
684 908 826 980 quod
856 908 1077 964 cruciat.
1111 906 1216 962 Sed
1245 907 1380 973 istze,
1402 915 1460 960 ut
1484 905 1593 960 dixi
1615 948 1629 969 ,
1659 904 1919 975 cupidita-

322 1015 437 1068 tes,
478 1014 699 1074 pr0pter
726 1016 859 1073 quas
886 999 1174 1071 explendas
1200 1000 1290 1070 qui
1322 999 1400 1054 eis
1439 998 1704 1069 ﬂagrant,
1750 998 1918 1053 multa

321 1095 453 1148 dura
480 1104 536 1150 et
564 1094 755 1149 acerba
797 1092 1184 1163 patientissime
1222 1091 1519 1158 sustinent,
1552 1090 1711 1145 licitae
1734 1087 1920 1144 existi-

321 1195 540 1241 mantur
575 1185 888 1255 legibusque
913 1198 1205 1239 concessae.

392 1279 480 1332 CA
492 1278 625 1334 PUT
646 1278 686 1331 γ
697 1320 709 1333 .
722 1308 795 1317 -
810 1278 862 1332 4.
885 1276 1130 1330 Immanis
1147 1275 1414 1330 tolerantia
1432 1274 1663 1329 Catilina;-
1679 1290 1737 1327 ac
1754 1274 1917 1328 latro-

318 1388 462 1423 num.
485 1370 621 1438 Quid
652 1370 793 1439 quod
809 1370 967 1425 etiam
992 1384 1086 1439 pro
1111 1370 1308 1439 apertis
1338 1370 1647 1435 sceleribus,
1668 1384 1771 1422 non
1788 1377 1914 1421 utea

318 1462 567 1529 puniant,
586 1460 685 1517 sed
708 1470 765 1515 ut
786 1468 1113 1531 perpetrent,
1145 1460 1307 1514 multa
1336 1459 1578 1514 homines
1604 1458 1915 1529 gravissima

313 1551 635 1621 perferunt?
654 1551 844 1607 Nonne
861 1551 927 1606 de
946 1550 1172 1622 quodam
1198 1551 1525 1605 nobilissimo
1549 1552 1731 1620 patriae
1749 1549 1917 1619 parri-

313 1642 432 1696 cida
463 1642 797 1697 szecularium
823 1641 1122 1696 litterarum
1150 1641 1438 1711 loquuntur
1470 1650 1740 1703 auctores,
1774 1639 1913 1710 quod

313 1732 539 1798 famem,
560 1734 724 1798 sitim,
746 1732 911 1804 frigus
928 1732 1067 1788 ferre
1093 1741 1327 1803 poterat,
1358 1733 1578 1803 ejusque
1594 1743 1913 1800 eratcorpus

310 1822 768 1893 patiensinedite,
802 1823 1019 1894 algoris,
1039 1824 1229 1894 vigilia:
1248 1865 1264 1890 ,
1293 1838 1451 1893 supra
1481 1839 1637 1893 quam
1668 1824 1911 1893 cuiquam

307 1914 573 1969 credibile
597 1923 681 1969 est
710 1914 975 1986 (Sallust.,
1007 1913 1155 1969 Catil.
1188 1931 1300 1986 cap.
1324 1915 1420 1986 5)?
1444 1915 1580 1981 Quid
1602 1915 1668 1970 de
1695 1914 1913 1971 latroni-

314 2004 421 2059 bus
446 2004 645 2068 dicam,
672 2019 900 2074 quorum
942 2021 1130 2060 omnes
1156 2006 1173 2037 ⁸
1204 2020 1324 2060 cum
1356 2005 1672 2061 insidiantur
1700 2003 1913 2060 viatori-

309 2097 433 2162 bus,
453 2106 640 2153 noctes
659 2098 1336 2167 perpetiunturinsomnes,
1364 2107 1522 2169 atque
1548 2109 1604 2152 ut
1635 2088 1911 2153 transeun-

312 2199 400 2245 tes
416 2190 688 2259 excipiant
720 2190 1051 2255 innocentes,
1067 2188 1166 2243 sub
1200 2189 1434 2259 qualibet
1467 2190 1587 2245 caeli
1626 2190 1910 2258 aSperitate

308 2290 607 2336 nocentem
634 2281 872 2334 animum
902 2295 1200 2351 corpusque
1228 2280 1502 2350 deligunt?
1530 2280 1754 2349 Quidam
1780 2297 1909 2336 vero

304 2385 503 2427 eorum
537 2372 764 2425 invicem
792 2366 1041 2442 torquere
1071 2370 1438 2442 perhibentur,
1474 2372 1543 2425 ita
1571 2381 1627 2425 ut
1654 2373 1913 2428 exercita-

304 2465 386 2519 tio
415 2472 604 2519 contra
638 2478 823 2534 ptenas
859 2463 989 2518 nihil
1015 2464 1173 2518 distet
1195 2479 1223 2517 a
1256 2465 1447 2534 poenis.
1478 2463 1594 2519 Non
1621 2464 1761 2519 enim
1796 2474 1911 2519 tan-

304 2566 421 2611 tum
462 2556 707 2611 fortassis
745 2556 1121 2611 excruciantur
1145 2570 1174 2609 a
1209 2555 1389 2626 judice
1437 2563 1496 2609 ut
1540 2569 1569 2608 a
1606 2555 1907 2611 dolentibus

302 2648 508 2702 veritas
539 2647 857 2718 inquiratur,
901 2655 1157 2717 quantum
1185 2662 1213 2699 a
1241 2646 1351 2700 Suis
1377 2646 1538 2701 sociis
1566 2656 1621 2699 ut
1647 2661 1675 2700 a
1707 2647 1910 2716 patien-

302 2741 453 2795 tibus
497 2755 607 2793 non
654 2739 908 2808 prodatur
935 2739 976 2791 ’.
1018 2738 1086 2793 Et
1114 2747 1289 2793 tamen
1328 2738 1383 2793 in
1425 2737 1507 2792 his
1536 2738 1781 2793 omnibus
1809 2739 1909 2793 mi-

310 2831 482 2887 randa
510 2840 594 2886 est
620 2832 800 2901 potius
825 2846 983 2901 quam
1014 2831 1278 2885 laudanda
1315 2831 1566 2901 patientia
1613 2850 1626 2886 :
1671 2832 1779 2885 imo
1808 2845 1908 2887 nec

308 2922 558 2977 miranda
588 2938 687 2978 nec
716 2922 975 2977 laudanda
1001 2964 1017 2990 ,
1064 2938 1183 2992 qua:
1213 2924 1354 2978 nulla
1393 2933 1474 2978 est
1499 2940 1513 2989 ;
1546 2923 1639 2979 sed
1667 2923 1907 2978 miranda

300 3015 523 3080 duritia,
560 3015 803 3086 neganda
836 3016 1085 3086 patientia
1117 3034 1131 3070 :
1161 3015 1291 3071 nihil
1318 3028 1494 3072 autem
1525 3016 1631 3071 illic
1653 3016 1773 3087 jure
1794 3017 1910 3071 latt-

298 3108 544 3163 dandum
565 3151 579 3173 ,
614 3108 745 3163 nihil
773 3110 973 3163 utiliter
999 3109 1311 3164 imitandum
1342 3109 1401 3175 8;
1434 3119 1685 3181 tantoque
1710 3113 1906 3167 rectius

300 3202 511 3271 majore
541 3199 806 3270 supplicio
828 3199 1047 3271 dignum
1069 3200 1392 3271 judicaveris
1418 3202 1676 3269 animum,
1705 3214 1905 3273 quanto

300 3292 479 3362 magis
521 3291 665 3345 vitiis
710 3290 890 3345 subdit
936 3291 1286 3347 instrumenta
1323 3293 1599 3347 virtutum.
1644 3293 1904 3349 Patientia

298 3397 490 3437 eomes
531 3390 617 3455 est
657 3383 967 3452 sapientiae,
1012 3399 1118 3440 non
1162 3383 1359 3440 famula
1407 3386 1901 3457 concupiscentiae:

298 3474 562 3544 patientia
614 3476 784 3530 amica
830 3484 911 3530 est
956 3474 1111 3531 bona:
1140 3477 1483 3533 conscientiae
1508 3518 1523 3546 ,
1553 3492 1659 3533 non
1692 3478 1903 3534 inimica

297 3567 647 3623 innocentiae.

368 3660 613 3722 CAPUT.
632 3660 722 3715 Vl.
753 3690 825 3702 -
849 3662 903 3717 5.
938 3660 1245 3717 Patientiam
1270 3680 1438 3719 veram
1476 3681 1509 3720 a
1557 3667 1691 3737 falsa
1717 3666 1903 3720 distin-

296 3753 410 3825 guit
436 3768 594 3807 causa
621 3753 864 3824 patiendi.
896 3753 1029 3808 Cum
1060 3770 1188 3825 ergo
1218 3756 1414 3811 videris
1444 3771 1764 3827 quemquam
1806 3772 1903 3827 pa-

297 3848 502 3900 tienter
526 3843 724 3915 aliquid
754 3846 884 3914 pati,
915 3846 1019 3901 noli
1049 3849 1304 3902 continuo
1330 3847 1549 3903 laudare
1571 3849 1900 3918 patientiam,

295 3950 462 4005 quam
515 3949 623 3989 non
653 3935 888 3991 OStendit
922 3936 1022 3992 nisi
1069 3951 1230 3993 causa
1272 3938 1529 4008 patiendi.
1559 3939 1782 4006 Quando
1811 3940 1901 3995 illa

298 4028 441 4082 bona
468 4035 573 4092 est,
605 4036 731 4082 tunc
759 4028 858 4083 ista
889 4044 1013 4083 vera
1052 4038 1135 4084 est
1168 4047 1182 4083 :
1211 4030 1423 4100 quando
1450 4031 1539 4085 illa
1571 4047 1675 4085 nou
1706 4032 1902 4103 pollui-

294 4128 386 4174 tur
416 4118 711 4189 cupiditate
732 4163 747 4187 ,
776 4128 902 4175 tunc
931 4136 961 4175 a
992 4122 1221 4177 falsitate
1249 4123 1348 4177 ista
1380 4124 1739 4195 distinguitur.
1762 4124 1898 4181 Cum

294 4226 437 4267 vero
472 4212 561 4265 illa
597 4219 811 4266 tenetur
838 4212 890 4267 in
930 4213 1153 4269 crimine
1173 4257 1187 4279 ,
1219 4224 1345 4269 tunc
1372 4215 1531 4285 hujus
1557 4218 1779 4272 multum
1811 4234 1902 4273 er-

295 4314 453 4358 ratur
498 4303 552 4357 in
603 4303 841 4359 nomine.
870 4304 982 4359 Non
1011 4307 1155 4360 enim
1200 4308 1336 4361 sicut
1362 4323 1550 4364 omnes
1595 4311 1683 4380 qui
1727 4312 1905 4365 sciunt

295 4403 426 4449 sunt
476 4395 764 4465 participes
808 4397 1075 4463 scientiae,
1133 4398 1207 4453 ita
1258 4414 1446 4455 omnes
1493 4400 1583 4469 qui
1634 4400 1903 4470 patiuntur

297 4496 430 4541 sunt
475 4486 764 4556 participes
812 4488 1082 4556 patientia:
1127 4504 1142 4541 :
1188 4489 1283 4544 sed
1321 4490 1415 4561 qui
1458 4492 1706 4560 passione
1756 4502 1903 4546 recte

301 4588 555 4644 utuntur,
589 4578 641 4632 hi
669 4579 938 4648 patientize
962 4579 1187 4636 veritate
1218 4580 1521 4647 laudantur,
1547 4582 1598 4636 hi
1632 4582 1902 4652 patientia:

297 4685 530 4727 munere
556 4679 901 4724 coronamur.

369 4761 608 4817 CAPUT
634 4761 742 4816 Vll.
763 4791 837 4801 —
856 4763 909 4817 6.
940 4761 1047 4817 Pro
1071 4774 1259 4818 aeterna
1286 4766 1447 4818 salute
1473 4775 1664 4834 quanta
1692 4764 1905 4834 sufferre

299 4855 487 4909 debent
520 4854 623 4923 pii,
662 4854 705 4908 si
737 4864 876 4907 tanta
905 4871 997 4925 pro
1036 4856 1302 4925 temporali
1331 4856 1432 4909 vita
1466 4857 1730 4927 patiuntur
1755 4859 1899 4910 mali.

301 4945 428 5000 Non
466 4946 654 4999 anima
679 4954 875 4999 tantum
896 4988 910 5012 ,
943 4946 1029 5000 sed
1055 4946 1153 5017 ipsi
1174 4962 1369 5016 quoque
1395 4948 1597 5017 corpori
1623 4947 1904 5001 consulitur

299 5041 516 5115 ferendo
541 5048 751 5094 mortem
780 5049 827 5095 et
852 5039 1071 5093 dolores.
1100 5038 1478 5096 Verumtamen
1504 5056 1623 5095 cum
1651 5056 1751 5112 pro
1780 5040 1902 5095 libi-

301 5136 543 5197 dinibus,
590 5132 676 5187 vel
719 5133 880 5187 etiam
919 5132 1230 5197 sceleribus,
1263 5147 1385 5187 cum
1412 5132 1642 5203 denique
1672 5148 1769 5204 pro
1799 5135 1899 5188 ista

303 5226 593 5301 temporali
621 5226 727 5281 vita
755 5240 819 5281 ac
848 5226 1016 5280 salute
1044 5226 1209 5280 multa
1240 5226 1483 5281 homines
1510 5225 1776 5280 horrenda
1805 5226 1903 5279 mi-

307 5323 556 5381 rabiliter
586 5318 883 5383 sull'erunt;
909 5317 1039 5371 satis
1070 5332 1167 5372 nos
1192 5317 1478 5371 admonent
1510 5326 1703 5387 quanta
1734 5316 1901 5371 sull'e-

307 5415 475 5471 renda
504 5414 612 5467 sint
638 5426 737 5482 pro
762 5410 868 5465 vita
898 5410 1035 5463 bona
1054 5450 1069 5474 ,
1098 5418 1154 5463 ut
1182 5411 1342 5464 etiam
1372 5417 1555 5478 postea
1588 5409 1755 5477 possit
1782 5422 1902 5463 esse

306 5518 538 5570 a'terna,
570 5511 625 5559 et
662 5503 780 5557 sine
809 5501 919 5555 ullo
946 5501 1203 5570 temporis
1239 5500 1489 5563 termino,
1520 5500 1636 5553 sine
1662 5498 1903 5553 utilitatis

309 5603 467 5657 ullius
492 5598 817 5655 detrimento
841 5611 964 5650 vera
986 5594 1236 5651 felicitate
1261 5610 1469 5651 secura.
1500 5592 1756 5648 Dominus
1786 5593 1859 5646 sit
1883 5633 1899 5658 ,

374 5778 391 5808 ι
427 5782 549 5823 ires
570 5778 756 5822 tantum
788 5778 916 5829 uss,
938 5770 1019 5833 qui
1040 5782 1219 5821 armes.

374 5839 395 5871 ⁸
430 5840 501 5884 sic
526 5843 633 5895 Mss.
663 5841 714 5882 Al.
733 5834 867 5895 editi.
893 5834 1177 5895 prodantur.

376 5899 399 5932 ³
430 5894 653 5945 nonnulli
676 5902 804 5955 aliis,
830 5890 1125 5945 laudandum
1152 5893 1230 5944 ubi
1253 5893 1372 5944 nihil
1396 5892 1573 5943 utiliter
1593 5890 1895 5943 imitandum.

1234 420 1318 476 DE
1358 418 1737 476 PATIENTIA.
1774 419 1829 476 S.
1862 418 2224 477 AUGUSTINI
2254 420 2456 476 LIBER
2489 421 2689 479 UNUS.

3522 431 3619 484 σέι

2032 535 2100 619 In
2140 547 2300 591 vestra
2348 538 2590 608 patientia
2632 541 2947 611 possidebitis
2990 544 3186 599 animos
3236 553 3424 599 vestras
3470 546 3620 620 (Luc.

2030 630 2317 715 “1.19):
2351 649 2458 688 non
2506 636 2613 701 ait,
2663 637 2816 692 villas
2864 649 3101 705 vestras,
3150 640 3333 695 laudes
3381 652 3620 704 vestras,

2030 724 2267 803 luxurias
2307 726 2546 805 vestras;
2587 729 2680 783 sed
2704 772 2717 795 ,
2760 732 2956 786 animas
2985 743 3193 788 vestras.
3224 734 3276 788 Si
3304 750 3433 804 ergo
3473 744 3618 789 tanta

2027 814 2214 870 sull‘ert
2240 804 2795 888 animant-possideat
2820 822 2960 875 unde
2985 832 3204 893 pereat,
3237 834 3431 893 quanta
3461 823 3623 879 debet

2027 906 2255 961 sull'erre
2287 922 2352 961 ne
2376 909 2595 978 pereat?
2623 909 2827 965 Deinde
2848 952 2861 974 ,
2895 922 2951 965 ut
2979 913 3104 967 illud
3132 914 3305 968 dicam
3329 915 3469 985 quod
3502 915 3621 969 cul-

2025 996 2203 1067 pabile
2228 1008 2337 1052 non
2370 1008 2488 1064 est,
2517 1002 2560 1054 si
2593 1010 2736 1055 tanta
2766 1002 2953 1057 sullert
2978 1018 3076 1072 pro
3105 1006 3277 1059 salute
3305 1008 3481 1060 carnis
3506 1021 3623 1060 suae

2027 1088 2168 1143 inter
2211 1104 2401 1145 manus
2446 1092 2740 1145 secantium
2789 1092 2903 1147 sive
2946 1094 3211 1148 urentium
3252 1096 3615 1158 medicorum,

2025 1189 2223 1250 quanta
2249 1180 2407 1236 debet
2437 1182 2661 1239 sullerre
2705 1199 2803 1254 pro
2838 1184 3015 1239 salute
3059 1198 3154 1239 sua
3187 1187 3203 1218 ¹
3232 1187 3372 1241 inter
3412 1188 3618 1241 furores

2025 1271 2384 1338 quorumlibet
2428 1269 2981 1331 inimicoruthum
3031 1276 3258 1344 medici,
3309 1292 3378 1331 ne
3424 1286 3618 1346 corpus

2024 1363 2304 1427 moriatur,
2346 1378 2443 1432 per
2467 1379 2652 1434 pinnas
2679 1367 2888 1435 corpori
2918 1368 3239 1432 consulant;
3277 1369 3478 1422 inimici
3518 1371 3617 1421 au-

2026 1459 2132 1505 tem
2204 1467 2391 1535 poenas
2441 1462 2495 1508 et
2544 1464 2772 1509 mortem
2829 1458 3043 1527 corpori
3096 1458 3503 1523 comminando,
3540 1462 3617 1511 "ut

2021 1544 2197 1598 anima
2224 1553 2277 1599 et
2306 1560 2502 1616 corpus
2529 1546 2580 1600 iu
2611 1547 2853 1617 gehenna
2876 1550 3150 1604 occidatur
3176 1550 3470 1619 impellant.

2042 1636 2486 1719 “7.erta'nqttam
2504 1648 2557 1694 et
2584 1640 2679 1709 ipsi
2705 1643 2914 1711 corpori
2941 1651 3065 1697 tunc
3095 1642 3458 1711 providentius
3482 1648 3618 1697 eou-

2019 1718 2315 1811 sulat‘ur,’si
2340 1724 2810 1802 tem‘poralis‘sa‘lus
2835 1735 2951 1804 ejus
2972 1751 3068 1805 pro
3085 1737 3286 1805 justitia
3303 1738 3615 1791 contemna-

2004 1822 2107 1902 tor
2130 1864 2143 1886 ,
2171 1830 2225 1877 et
2253 1826 2423 1893 pinna"
2442 1824 2527 1878 vel
2564 1826 2845 1892 morsejus
2869 1827 3259 1896 patientissime
3288 1843 3385 1897 pro
3408 1826 3610 1897 justitia

1993 1908 2324 1968 'suﬂ'eratur.
2374 1914 2448 1970 De
2493 1906 2736 1985 corporis
2778 1917 2975 1988 quippe
3015 1918 3527 1989 redemptionequre
3559 1917 3612 1973 in

2014 2004 2122 2060 fine
2162 2005 2332 2059 futura
2361 2014 2479 2073 est,
2514 2008 2756 2078 loquitur
2791 2010 3115 2079 Apostolus,
3139 2010 3237 2065 ubi
3271 2011 3387 2064 ait:
3423 2009 3487 2064 Et
3513 2008 3611 2081 ip'si

2016 2098 2069 2151 in
2084 2100 2458 2169 nobismetipsis
2477 2100 2873 2172 ingemiscimus,
2895 2100 3216 2172 adoptionem
3238 2103 3495 2171 filiorum’
3525 2118 3614 2155 ex-

2014 2199 2297 2259 spectantes
2353 2192 2745 2261 redemptionem
2770 2196 3003 2262 corporis’
3025 2195 3200 2248 nostri.
3236 2192 3437 2248 Deinde
3484 2190 3614 2247 sub-

1986 2286 1993 2291 ‘
2009 2280 2187 2350 junxit
2219 2298 2231 2335 :
2266 2282 2373 2353 Spe
2402 2283 2537 2336 enim
2578 2284 2707 2338 salvi
2742 2286 2866 2356 facti
2908 2301 3103 2341 sumus.
3152 2285 3282 2356 Spes
3305 2296 3471 2340 autem
3497 2300 3612 2354 qua

2013 2373 2209 2429 videtur
2232 2416 2248 2440 ,
2298 2392 2398 2429 non
2427 2385 2500 2429 est
2527 2392 2640 2447 spes
2667 2392 2687 2430 :
2708 2377 2845 2446 quod
2870 2378 3006 2431 enim
3044 2377 3195 2431 videt‘
3216 2376 3330 2447 quis
3348 2418 3362 2442 ,
3401 2377 3525 2445 quid
3562 2386 3610 2430 et

2011 2474 2182 2533 sperat
2212 2465 2271 2518 "i
2301 2466 2365 2520 Si
2405 2475 2572 2519 autem
2607 2467 2744 2536 quod
2784 2483 2888 2521 non
2928 2468 3153 2521 uidemus
3189 2476 3451 2536 speramus
3475 2507 3490 2533 ,
3519 2482 3610 2536 per

2015 2557 2308 2627 patientiam
2335 2567 2683 2626 exspectamus
2709 2556 2884 2629 (Rom.
2913 2568 3029 2623 vni,
3056 2557 3271 2628 23-25).

2082 2643 2308 2702 CAPUT
2332 2645 2464 2701 Vlll.
2494 2676 2568 2689 —
2596 2645 2869 2702 Patientia:
2890 2658 3011 2701 usus
3031 2649 3085 2701 in
3121 2648 3299 2703 animo
3322 2656 3370 2701 et
3404 2648 3460 2701 in
3488 2664 3603 2702 cer-

2013 2755 2153 2810 pore.
2180 2738 2313 2794 Cum
2343 2755 2471 2811 ergo
2501 2749 2751 2808 torquent
2776 2741 2948 2812 aliqua
2980 2742 3141 2806 mala,
3170 2740 3267 2797 sed
3296 2756 3403 2796 non
3420 2750 3608 2797 extor-

2012 2839 2177 2899 quent
2220 2844 2383 2899 Opera
2408 2830 2549 2885 mala
2570 2871 2585 2895 ,
2629 2846 2737 2886 non
2766 2832 2939 2886 solum
2970 2832 3147 2887 anima
3176 2848 3274 2902 per
3299 2832 3606 2901 patientiam

2012 2919 2344 2990 possidetur;
2398 2936 2585 2976 verum
2634 2924 2794 2977 etiam
2839 2937 2959 2977 cum
3002 2939 3096 2993 per
3133 2921 3451 2994 patientiam
3483 2924 3609 2980 eor-

2008 3025 2113 3080 pus
2139 3009 2310 3082 ipsum
2334 3012 2400 3067 ad
2430 3021 2640 3083 tempus
2664 3013 2916 3084 afﬂigitur
2945 3014 3027 3069 vel
3054 3014 3424 3082 amittitur,‘iu
3444 3024 3606 3085 aiter:

2012 3116 2134 3156 nam
2181 3103 2522 3159 stabilitatem
2570 3104 2902 3174 salutemque
2952 3105 3275 3171 resumitur,
3306 3114 3379 3159 et
3416 3105 3467 3160 ei
3513 3117 3612 3175 per

2010 3193 2253 3249 dolorem
2290 3202 2345 3249 et
2389 3205 2617 3250 mortem
2660 3188 2983 3251 inviolabilis
3023 3197 3225 3250 sanitas
3253 3204 3309 3250 et
3338 3194 3461 3251 felix
3500 3196 3604 3257 im-

2008 3286 2308 3341 mortalitas
2352 3296 2712 3356 comparatur.
2757 3287 2909 3344 Unde
2953 3287 3213 3343 Dominus
3238 3288 3393 3344 .lesus
3421 3289 3485 3343 ad
3511 3302 3609 3360 pa-

1999 3364 2250 3433 tientiam
2289 3379 2581 3435 exhortans
2621 3390 2883 3453 martyres
2909 3396 3065 3449 suos,
3105 3382 3264 3438 etiam
3298 3383 3462 3454 ipsius
3481 3397 3607 3437 cor-

2007 3470 2157 3539 poris
2214 3468 2575 3541 integritatem
2630 3471 2863 3526 futuram
2917 3472 3033 3527 sine
3084 3473 3440 3543 cujusquam,
3499 3488 3607 3528 non

2010 3561 2185 3617 dicam
2214 3563 2461 3630 membri,
2495 3562 2588 3618 sed
2616 3564 2791 3632 capilli
2818 3564 3127 3630 amissione,
3158 3566 3419 3635 promisit.
3446 3566 3609 3619 Amen

2010 3653 2125 3706 dico
2150 3653 2289 3707 vobis
2313 3695 2328 3720 ,
2372 3654 2577 3723 inquit,
2616 3654 2834 3724 capillus
2877 3656 3061 3724 capitis
3106 3657 3257 3709 vestri
3286 3672 3387 3709 non
3430 3656 3607 3726 peribit

2014 3742 2165 3814 (Luc.
2193 3758 2309 3809 XXI,
2345 3741 2455 3815 18).
2485 3743 2555 3799 Ut
2577 3746 2827 3814 quoniam
2856 3762 3000 3799 nemo
3031 3762 3272 3817 unquam,
3302 3746 3439 3801 sicut
3468 3749 3609 3813 Apo-

2008 3835 2179 3889 stolus
2203 3834 2363 3900 dicit,
2397 3851 2599 3888 carnem
2624 3852 2771 3889 suam
2797 3836 2914 3889 odio
2939 3835 3114 3889 habuit
3144 3836 3361 3908 (Ep/tes.
3392 3854 3458 3903 v,
3485 3838 3603 3910 29),

2010 3928 2179 3998 magis
2210 3927 2370 3982 homo
2412 3928 2584 3983 ﬁdelis
2628 3945 2721 3998 per
2750 3929 3056 3999 patientiam
3088 3946 3247 4000 quam
3288 3946 3385 4001 per
3429 3932 3602 4002 impa-

2011 4020 2249 4074 tientiam
2299 4036 2396 4089 pro
2444 4028 2584 4075 statu
2631 4037 2741 4075 suae
2773 4024 2952 4076 carnis
2996 4022 3268 4093 invigilet,
3317 4034 3371 4079 et
3417 4023 3607 4079 futuras

2009 4112 2425 4181 incorruptionis
2455 4112 2807 4167 inaestimabili
2835 4114 2985 4169 lucro
3000 4114 3329 4184 quantalibet
3343 4114 3458 4185 ejus
3474 4130 3608 4185 pra:-

2007 4206 2176 4259 sentia
2204 4204 2397 4257 damna
2427 4213 2756 4274 compenset.

2080 4296 2135 4350 8.
2162 4294 2417 4363 Quamvis
2442 4305 2619 4349 autem
2649 4296 2899 4366 patientia
2927 4296 3096 4352 virtus
3124 4298 3194 4352 sit
3230 4299 3393 4354 animi
3419 4340 3435 4365 ,
3479 4308 3606 4370 par-

2008 4388 2103 4442 tim
2148 4398 2325 4444 tamen
2356 4390 2613 4445 ea‘utitur
2636 4391 2847 4445 animus
2888 4391 2941 4445 in
2983 4406 3044 4448 se
3071 4392 3188 4462 ipso
3210 4435 3223 4457 ,
3254 4396 3442 4463 partim
3475 4409 3604 4448 vero

2009 4480 2061 4534 in
2099 4495 2327 4551 corpore
2366 4496 2485 4536 suo.
2533 4481 2589 4536 ln
2621 4495 2681 4537 se
2720 4483 2835 4552 ipso
2864 4482 3027 4537 utitur
3057 4485 3341 4553 patientia,
3390 4486 3603 4556 quando

2010 4570 2179 4626 illmso
2210 4580 2264 4626 et
2306 4572 2507 4627 intacto
2540 4586 2765 4642 corpore
2803 4574 3002 4642 aliquid
3044 4574 3186 4645 quod
3218 4591 3324 4630 non
3355 4576 3606 4647 expediat

2008 4664 2094 4719 vel
2124 4680 2227 4719 non
2255 4664 2479 4729 deceat,
2528 4664 2707 4721 facere
2735 4675 2825 4721 aut
2853 4664 3033 4721 dicere
3059 4668 3381 4736 quibuslibet
3409 4666 3602 4720 adver-

2009 4758 2255 4812 sitatibus
2284 4766 2376 4811 aut
2404 4756 2738 4813 fteditatibus
2769 4773 2945 4812 rerum
2976 4773 3074 4813 seu
3100 4758 3383 4813 verborum
3416 4757 3604 4811 Stimu-

2010 4851 2074 4905 lis
2103 4851 2350 4907 incitatur
2375 4849 2430 4918 ’⁵,
2474 4859 2529 4907 et
2559 4852 2820 4921 patienter
2864 4852 3002 4905 mala
3029 4851 3207 4905 omnia
3250 4850 3479 4916 tolerat,
3528 4865 3599 4909 no

2009 4946 2125 5015 ipse
2150 4945 2277 4999 mali
2303 4944 2499 5013 aliquid
2525 4959 2688 5015 opere
2714 4944 2796 4997 vel
2824 4958 2918 4997 ore
2940 4943 3258 4996 committat.

2080 5039 2307 5096 CAPUT
2350 5038 2440 5093 IX.
2482 5070 2555 5081 —
2596 5036 2854 5092 Patientia
2882 5037 3060 5089 animi.
3103 5035 3204 5089 Per
3234 5034 3371 5089 hanc
3397 5034 3603 5104 patien-

2012 5132 2136 5186 tiam
2183 5132 2544 5195 sustinemus,
2591 5130 2751 5185 etiam
2798 5126 2921 5180 dum
2965 5140 3193 5195 corpore
3236 5124 3351 5178 sani
3390 5139 3600 5191 sumus,

2008 5222 2150 5293 quod
2195 5221 2333 5275 inter
2378 5220 2536 5290 hujus
2577 5218 2759 5274 saeculi
2805 5215 3055 5272 scandala
3101 5214 3372 5270 beatitudo
3420 5226 3606 5271 nostra

2009 5314 2254 5369 dill'ertur
2287 5332 2300 5368 :
2331 5312 2470 5367 unde
2511 5311 2709 5366 dictum
2736 5317 2817 5364 est
2850 5307 2991 5379 quod
3021 5308 3181 5378 paulo
3210 5318 3333 5362 ante
3360 5324 3607 5364 commc-

2011 5407 2214 5462 morari
2236 5449 2251 5473 ,
2296 5407 2357 5462 Si
2391 5406 2526 5475 quod
2559 5422 2659 5459 non
2684 5404 2908 5457 videmus
2946 5418 3209 5473 speramus
3230 5446 3243 5467 ,
3286 5420 3374 5473 per
3408 5406 3610 5475 patim-

2012 5502 2134 5554 tiam
2169 5508 2536 5569 exspectamus.
2587 5495 2696 5551 liae
2734 5495 2988 5567 patientia
3020 5504 3238 5551 sanctus
3278 5497 3440 5552 David
3474 5512 3605 5553 eois.

2077 5705 2092 5737 ί
2128 5701 2245 5751 Editi
2262 5700 2506 5756 omittunt,
2530 5708 2619 5759 pro
2640 5695 2796 5747 salute
2819 5709 2924 5746 sua.
2952 5695 3237 5759 nestitultur
3262 5708 3323 5745 ex
3353 5703 3463 5746 Mss.

2074 5771 2095 5797 ³
2130 5772 2177 5813 ιιι
2204 5763 2364 5819 editis,
2391 5755 2602 5823 [illorum
2628 5758 2733 5809 Dei.
2761 5759 2923 5823 Abest,
2955 5755 3058 5823 net,
3081 5771 3107 5806 a
3131 5764 3236 5805 Mss.

2075 5828 2096 5863 ³
2128 5832 2203 5874 Fr.
2230 5817 2374 5887 Lugd.
2391 5817 2521 5889 'ven.
2545 5829 2673 5872 ιον..
2698 5818 2818 5889 quid
2839 5825 2999 5889 sp’rat
3114 5827 3167 5889 ξι,

2077 5892 2098 5921 δ
2131 5896 2259 5948 Mss,
2277 5876 2361 5937 seu
2376 5883 2623 5936 uerborum
2646 5876 2784 5943 quasi
2806 5876 3010 5931 stbitulis
3032 5876 3279 5930 imitatur.
