4018 6504
492 409 595 464 (illi

492 525 735 583 viclantis
774 518 1063 594 opprobria
1105 513 1390 581 toleravit,
1440 521 1491 567 et
1533 525 1652 565 cum
1701 506 1852 563 facile
1896 512 2077 578 posset

496 618 711 681 ulcisci,
760 630 865 670 non
922 610 1098 668 solum
1133 623 1239 664 non
1277 605 1435 671 fecit,
1481 616 1666 657 verum
1694 608 1750 655 et
1790 598 1949 654 alium
1980 609 2077 667 pro

494 724 555 766 se
592 707 860 763 dolentem
896 708 1328 768 commotumque
1351 691 1681 764 compescuit
1718 688 1786 761 (ll
1806 688 1934 759 Reg.
1963 700 2073 753 1m,

493 798 687 869 δήεις
735 804 791 850 et
828 800 1142 866 potestatem
1185 788 1387 859 regiam
1432 782 1599 854 magis
1636 779 1875 835 adhibuit
1900 776 2079 848 prohi-

493 891 704 957 bendo,
746 903 905 959 quam
949 881 1249 941 exercendo
1295 877 1581 934 vindictam
1630 876 1671 927 ί.
1725 871 1907 942 Neque
1953 880 2077 925 tunc

490 982 604 1053 ejus
631 993 825 1050 corpus
865 978 1047 1047 aliquo
1088 972 1278 1028 morbo
1328 968 1663 1038 afﬁigebatur
1701 972 1796 1053 aut
1829 962 2073 1053 vulnere,

489 1071 585 1128 sed
613 1068 927 1125 humilitatis
955 1075 1164 1134 tempus
1193 1058 1581 1132 agnoscebatur
1599 1097 1615 1123 ,
1658 1068 1723 1109 ac
1760 1052 2029 1109 ferebatur
2054 1052 2075 1083 ⁸

489 1167 737 1220 voluntas
786 1160 920 1226 Dei,
973 1165 1189 1229 propter
1239 1167 1400 1225 quam
1458 1147 1848 1220 patientissimo
1894 1144 2077 1199 animo

494 1251 794 1310 amaritudo
837 1246 1178 1305 contumeliae
1224 1242 1523 1298 bibebatur.
1575 1238 1721 1293 Hanc
1766 1234 2075 1307 patientiam

497 1346 756 1403 Dominus
780 1340 998 1407 docuit,
1022 1336 1235 1410 quando
1262 1332 1542 1390 commotis
1565 1331 1587 1362 ³
1604 1329 1925 1385 zizaniorum
1952 1341 2078 1397 per-

498 1438 757 1494 mixtione
816 1432 986 1490 servis
1015 1470 1032 1497 ,
1075 1438 1130 1486 et
1182 1425 1482 1483 volentibus
1518 1438 1581 1479 ea
1617 1422 1868 1492 colligere
1890 1460 1906 1486 ,
1947 1417 2081 1474 dixit

496 1527 839 1600 respondisse
880 1520 1347 1596 patremfamilias,
1399 1517 1568 1574 Sinite
1612 1525 1822 1585 utraque
1861 1526 2081 1568 crescere

495 1637 655 1693 usque
675 1619 745 1674 ad
776 1633 982 1673 messem
1011 1613 1226 1685 (Matth.
1256 1628 1353 1667 xm
1372 1653 1388 1678 ,
1421 1609 1534 1680 '50).
1569 1607 1793 1679 Oportet
1816 1605 1958 1661 enim
1983 1618 2080 1674 pa.

500 1712 693 1768 tienter
747 1709 903 1774 ferri,
941 1706 1083 1779 quod
1134 1704 1445 1761 festinanter
1491 1715 1598 1756 non
1646 1705 1855 1769 oportet
1880 1734 1881 1737 η
1905 1695 2081 1751 aufer-

499 1802 567 1857 ri.
622 1800 792 1871 Hnjus
827 1806 883 1855 et
925 1797 1040 1868 ipse
1072 1794 1337 1866 patientiae
1361 1790 1584 1863 prtebuit
1620 1799 1675 1845 et
1700 1784 2083 1843 demonstravit

498 1892 804 1964 exemplum
828 1932 846 1959 ,
899 1887 1114 1960 quando
1158 1894 1284 1941 ante
1329 1883 1633 1956 passionem
1686 1877 1927 1949 corporis
1973 1875 2079 1945 sui,

499 1984 823 2055 discipulum
856 1979 879 2013 ⁸
907 1978 1098 2036 ludam
1147 1975 1454 2048 priusquam
1502 1970 1809 2027 ostenderet
1861 1966 2082 2022 tradito-

499 2090 637 2141 rem,
664 2072 882 2145 pertulit
905 2070 1080 2126 furem
1108 2068 1286 2140 (Joan.
1320 2080 1415 2129 xu,
1443 2063 1497 2129 6,
1520 2071 1569 2116 et
1591 2075 1706 2127 χιιι,
1727 2058 1851 2129 29);
1882 2066 1935 2113 et
1957 2066 2081 2112 ante

495 2167 921 2238 experimentum
950 2160 1280 2218 vinculorum
1308 2167 1365 2213 et
1391 2155 1566 2212 crucis
1588 2163 1643 2209 et
1670 2151 1857 2207 mortis
1879 2192 1895 2218 ,
1928 2149 2080 2205 labiis

495 2257 613 2328 ejus
632 2255 836 2312 dolosis
866 2269 970 2309 non
1000 2250 1212 2322 negavit
1233 2246 1475 2304 osculum
1502 2244 1647 2316 pacis
1678 2240 1889 2314 (Matth.
1920 2254 2076 2305 xxvi,

494 2347 611 2419 29).
643 2346 769 2401 [hac
798 2343 976 2400 omnia
996 2383 1013 2408 ,
1057 2350 1114 2397 et
1137 2340 1183 2397 si
1210 2354 1313 2411 qua
1341 2338 1444 2392 alia
1466 2344 1729 2406 suntquae
1757 2345 2083 2388 commemo-

497 2451 619 2493 rare
642 2436 856 2507 longum
885 2442 989 2501 est,
1018 2430 1088 2488 ad
1106 2447 1231 2487 eum
1252 2426 1519 2501 patientia:
1544 2425 1762 2482 modum
1790 2424 2077 2496 pertinent,

494 2545 602 2601 quo
624 2529 835 2584 animus
862 2541 969 2582 non
991 2539 1087 2580 sua
1114 2529 1352 2595 peccata,
1379 2517 1477 2575 sed
1502 2531 1852 2589 quaecumque
1877 2513 2082 2569 extrin-

494 2638 654 2680 secus
678 2621 816 2678 mala
840 2619 1101 2691 patienter
1123 2613 1351 2673 sustinet
1373 2611 1428 2668 in
1457 2625 1519 2667 se
1543 2609 1661 2681 ipso
1683 2649 1699 2676 ,
1732 2622 1831 2665 suo
1862 2618 2081 2678 prorsus

490 2729 720 2785 corpore
732 2712 923 2768 illaesa.

566 2802 793 2862 CAPUT
830 2802 901 2858 X.
939 2830 1013 2842 —
1062 2796 1321 2853 Patientia
1367 2794 1423 2849 in
1469 2790 1687 2847 externis
1728 2787 2076 2844 incommodis.

506 2896 731 2968 Utraque
759 2893 997 2965 patientia
1033 2891 1089 2946 in
1114 2886 1449 2959 Martyribus.
1492 2882 1763 2937 Patientia:
1786 2881 1951 2952 majus
1970 2895 2082 2934 cer-

498 3000 669 3045 tamen
691 2986 893 3042 diabolo
916 2984 1167 3039 miente.
1192 2980 1342 3036 Alius
1366 2985 1451 3033 est
1476 2983 1654 3030 autem
1684 2971 1951 3044 patientia:
1976 2984 2084 3026 mo-

497 3080 638 3145 dus,
681 3091 788 3148 quo
825 3074 965 3131 idem
1008 3072 1123 3143 ipse
1152 3069 1363 3125 animus
1389 3078 1740 3137 quaecumque
1783 3061 2005 3117 molesta
2030 3068 2084 3116 et

495 3169 677 3241 gravia
706 3167 761 3222 in
794 3165 880 3221 sui
905 3161 1147 3234 corporis
1175 3158 1514 3231 passionibus
1543 3154 1774 3225 perfert;
1818 3168 1922 3208 non
1947 3153 2084 3208 sicut

502 3260 652 3317 stulti
680 3259 761 3315 vel
785 3256 1001 3327 maligni
1023 3253 1268 3309 homines
1285 3293 1301 3319 ,
1328 3258 1551 3322 propter
1578 3243 1919 3317 adipiscenda
1949 3259 2082 3299 vana

496 3353 585 3409 vel
611 3350 818 3407 scelera
851 3343 1241 3419 perpetranda;
1281 3340 1377 3398 sed
1421 3340 1559 3395 sicut
1582 3354 1613 3393 a
1640 3336 1866 3392 Domino
1892 3334 2083 3391 deﬁni-

499 3452 612 3498 tum
628 3448 729 3505 est,
752 3447 955 3509 propter
963 3435 1212 3509 justitiam
1230 3430 1445 3503 (Matth.
1462 3444 1519 3496 v,
1536 3428 1646 3499 10).
1666 3426 1902 3497 Utroque
1926 3423 2084 3481 modo

500 3532 671 3590 sancti
700 3540 963 3601 martyres
985 3532 1344 3584 certaverunt.
1372 3521 1502 3577 Nam
1522 3530 1576 3577 et
1595 3518 1875 3589 impiorum
1899 3531 2086 3588 oppro-

507 3624 636 3680 nriis
662 3620 883 3678 saturati
911 3626 1069 3683 sunt,
1098 3615 1187 3671 ubi
1215 3614 1429 3669 animus
1456 3626 1684 3683 corpore
1710 3610 1909 3665 intacto
1933 3623 2085 3680 quas.

501 3716 626 3771 dam
668 3712 830 3769 veluti
877 3711 1057 3783 plagas
1089 3722 1214 3765 suas
1253 3707 1458 3777 integer
1484 3702 1751 3770 sustinet;
1794 3711 1851 3758 et
1882 3702 1934 3757 in
1962 3716 2084 3757 cor-

508 3805 729 3878 poribus
760 3802 920 3858 vincti
946 3809 1072 3857 sunt
1090 3841 1108 3869 ,
1140 3797 1332 3855 inclusi
1359 3803 1516 3862 sunt,
1541 3794 1681 3851 fame
1704 3808 1770 3849 ac
1797 3793 1885 3848 siti
1907 3792 2084 3849 affecti

506 3907 668 3963 sunt,
701 3895 825 3952 torti
859 3901 1022 3961 sunt,
1064 3890 1197 3948 secti
1220 3897 1373 3957 sunt,
1422 3887 1659 3945 dilaniati
1687 3894 1841 3953 sunt,
1881 3884 2085 3942 incensi

502 3996 631 4043 sunt
651 4028 668 4052 ,
712 3985 959 4042 trucidati
986 3992 1111 4039 sunt
1137 4000 1151 4039 :
1180 3990 1236 4038 et
1265 3982 1461 4053 pietate
1501 3979 1760 4035 immobili
1787 3979 1809 4011 ⁸
1834 3976 2086 4033 subdide-

505 4088 632 4136 runt
656 4079 767 4134 Deo
790 4086 1044 4143 mentem,
1069 4090 1193 4132 cum
1222 4081 1535 4144 paterentur
1559 4072 1612 4127 in
1638 4086 1802 4128 carne
1828 4070 2086 4143 quidquid

507 4168 807 4239 exquirenti
830 4165 1129 4224 crudelitati
1157 4164 1300 4220 venit
1326 4162 1378 4218 in
1404 4171 1661 4219 mentem.

579 4259 636 4316 9.
666 4258 835 4329 Majus
858 4272 987 4312 sane
1015 4255 1285 4327 patientia:
1307 4252 1577 4309 certamen
1605 4262 1717 4321 est,
1741 4252 1953 4325 quando
1979 4269 2085 4309 non

496 4349 735 4405 visibilis
768 4349 1013 4404 inimicus
1039 4344 1407 4417 persequendo
1442 4353 1602 4414 atque
1644 4344 1913 4401 saeviendo
1939 4352 2090 4415 urget

505 4440 561 4495 in
582 4440 751 4507 nefas,
783 4439 871 4511 qui
898 4438 1071 4509 palam
1099 4445 1154 4492 et
1177 4445 1360 4507 aperte
1385 4451 1417 4490 a
1447 4450 1553 4491 non
1576 4437 1942 4491 consentiente
1971 4435 2088 4491 vin-

504 4541 661 4586 catur
685 4547 702 4597 ;
726 4529 821 4586 sed
847 4528 959 4601 ipse
979 4527 1245 4590 diabolus,
1270 4527 1360 4597 qui
1386 4526 1547 4581 etiam
1577 4541 1671 4596 per
1697 4526 1833 4580 ﬁlios
1863 4525 2089 4581 inﬁdeli-

515 4624 674 4691 tatis,
715 4631 964 4693 tanquam
993 4635 1087 4691 per
1110 4632 1206 4673 sua
1241 4632 1363 4672 vasa
1389 4656 1405 4681 ,
1449 4618 1584 4671 ﬁlios
1614 4616 1745 4671 lucis
1775 4616 2090 4686 insequitur,

514 4731 610 4789 per
633 4730 691 4770 se
712 4714 882 4784 ipsum
907 4710 1146 4767 occultus
1171 4709 1464 4779 impugnat,
1512 4706 1780 4763 saaviendo
1806 4708 2009 4763 instans
2032 4716 2091 4762 ut

507 4814 693 4865 contra
722 4806 888 4861 Deum
918 4802 1008 4858 ﬁat
1029 4798 1230 4871 aliquid
1255 4800 1337 4855 vel
1365 4798 1595 4855 dicatur.

586 4895 816 4954 CAPUT
844 4895 1024 4951 XL—
1061 4892 1319 4949 Patientia
1350 4892 1511 4947 sancti
1545 4890 1667 4947 Job.
1712 4891 1895 4949 Talem
1942 4892 2089 4948 illum

513 4989 614 5049 Job
640 4996 853 5045 sanctus
882 4995 1131 5058 expertus
1150 4994 1263 5052 est,
1285 4993 1507 5055 utraque
1533 4985 1821 5040 tentatione
1846 4994 2087 5052 vexatus,

514 5081 608 5137 sed
638 5082 691 5138 in
720 5090 943 5152 utraque
967 5078 1143 5134 stabili
1174 5077 1443 5147 patientia:
1481 5076 1674 5131 robore
1701 5088 1755 5131 et
1778 5079 1944 5133 armis
1976 5078 2091 5147 pie-

512 5175 637 5229 tatis
671 5172 917 5227 invictus.
958 5171 1093 5227 Nam
1126 5171 1271 5241 prius
1299 5169 1465 5225 illzeso
1500 5183 1727 5239 corpore
1750 5179 1940 5225 cuncta
1969 5185 2090 5240 qua:

514 5264 740 5320 habebat
766 5263 964 5329 amisit,
986 5272 1044 5318 ut
1066 5263 1275 5319 animus
1293 5271 1419 5318 ante
1443 5276 1553 5317 sua:
1573 5261 1747 5316 carnis
1772 5262 2087 5330 cruciatum,

572 5457 590 5489 ί
625 5452 868 5504 Casalinus
899 5463 1001 5514 Ms,
1033 5458 1301 5507 exseratdo
1323 5456 1599 5507 vindictam.

578 5519 600 5549 ⁸
632 5514 736 5563 sola
761 5516 907 5566 editio
929 5523 1062 5578 ων..
1084 5518 1398 5578 referebatur.

578 5579 601 5610 ³
627 5583 763 5643 tom,
803 5577 994 5638 quando
1036 5577 1343 5629 come
1366 5581 1445 5629 de.
1483 5586 1579 5641 πει-η
1604 5579 1795 5643 quando
1811 5588 2089 5632 commotus.

512 5639 817 5698 Castigantur
843 5651 904 5687 ex
931 5647 1034 5688 ms.

512 5761 541 5811 ὁ
573 5701 605 5810 ἶ
634 5697 855 5747 Gallicani
890 5707 1085 5762 septem
1105 5706 1239 5762 Mss,
1284 5699 1767 5753 diabotmn.\'aticani
1805 5712 1907 5755 trcs
1988 5704 2093 5756 dia—

544 5774 572 5811 o
594 5773 664 5808 us.

544 5773 588 5811 Ol
594 5773 648 5808 ηε
654 5796 664 5806 .

574 5823 597 5856 ³
630 5820 869 5871 cessimus
898 5831 959 5872 Ms
984 5868 997 5885 ,
1022 5818 1195 5884 pietate
1226 5819 1531 5875 immobilem.

1617 388 1703 444 DE
1744 383 2132 451 PATIENTIA,
2172 380 2233 439 S.
2271 383 2641 443 AUGUSTINI

3671 381 3774 439 616

2184 505 2472 562 subtractis
2500 508 2663 564 rebus
2681 520 2814 578 quas
2838 505 3013 577 magni
3042 501 3278 577 pendere
3301 503 3550 561 homines
3576 504 3774 570 solent,

2179 595 2551 669 frangeretur,
2595 608 2650 655 et
2690 599 2949 655 adversus
2989 599 3155 653 Deum
3204 598 3509 668 loqueretur
3546 597 3769 668 aliquid,

2178 686 2264 744 his
2311 691 2521 747 amissis
2572 701 2789 762 propter
2850 707 2971 762 qua:
3035 691 3182 746 illum
3227 691 3406 747 colere
3465 690 3771 762 putabatur.

2178 780 2472 836 Percussus
2500 792 2581 836 est
2609 783 2768 837 etiam
2793 783 3033 837 omnium
3053 781 3225 838 subita
3257 782 3489 839 orbitate
3515 782 3770 850 ﬁliorum,

2180 879 2239 926 ut
2265 886 2399 940 quos
2438 872 2743 942 singillatim
2774 882 3118 943 susceperat,
3164 873 3323 927 simul
3352 873 3627 944 perderet,
3655 882 3773 930 tan-

2180 977 2337 1033 quam
2359 978 2544 1018 eorum
2571 963 2928 1020 numerositas
2946 1004 2964 1032 ,
2992 978 3098 1018 non
3127 964 3270 1020 unde
3293 963 3520 1020 felicitas
3548 979 3775 1020 ornare-

2182 1059 2268 1107 tur
2312 1052 2613 1120 exstiterit,
2657 1053 2753 1108 sed
2798 1052 2938 1109 unde
2980 1053 3260 1109 calamitas
3309 1063 3617 1125 augeretur.
3672 1054 3772 1111 Ubi

2180 1152 2356 1198 autem
2394 1144 2491 1222 ista
2535 1159 2820 1215 perpessus
2859 1144 2911 1199 in
2945 1144 3056 1200 Deo
3083 1159 3182 1201 suo
3225 1147 3421 1200 mansit
3457 1146 3769 1212 immobilis,

2181 1233 2297 1303 ejus
2321 1233 2515 1289 afﬁxus
2539 1244 2621 1290 est
2646 1235 2903 1290 voluntati
2929 1276 2946 1301 ,
2980 1251 3140 1307 quem
3180 1251 3288 1291 non
3317 1247 3501 1307 posset
3525 1238 3773 1295 amittere

2181 1325 2283 1381 nisi
2314 1326 2527 1395 propria
2568 1327 2875 1393 voluntate;
2924 1335 2979 1382 et
3013 1342 3110 1398 pro
3151 1327 3216 1382 iis
3245 1343 3366 1398 quae
3393 1329 3624 1398 perdidit
3649 1345 3770 1384 eum

2182 1416 2271 1486 qui
2299 1416 2517 1472 abstulit
2543 1419 2738 1484 tenuit,
2784 1419 2835 1473 in
2876 1434 2983 1490 quo
3027 1419 3293 1476 inveniret
3330 1421 3471 1492 quod
3498 1438 3769 1493 nunquam

2184 1508 2399 1578 periret.
2441 1508 2621 1579 Neque
2659 1510 2801 1565 enim
2843 1509 2932 1565 ille
2970 1509 3264 1565 abstulerat
3288 1512 3379 1581 qui
3408 1513 3640 1568 nocendi
3672 1514 3770 1569 ha-

2183 1598 2298 1654 buit
2323 1600 2647 1655 voluntatem
2669 1640 2684 1667 ,
2715 1599 2807 1656 sed
2834 1600 2924 1656 ille
2949 1601 3042 1671 qui
3069 1601 3288 1658 dederat
3316 1611 3660 1673 potestatem.

2252 1690 2476 1748 CAPUT
2505 1691 2620 1747 XII.
2646 1722 2717 1733 -
2750 1691 2850 1747 Job
2878 1694 3075 1748 cautior
3100 1693 3319 1750 Adamo.
3354 1695 3657 1766 Aggressus
3685 1707 3771 1755 est

2183 1783 2429 1839 inimicus
2469 1794 2523 1840 et
2563 1800 2797 1855 corpus,
2847 1798 2946 1841 nec
2988 1801 3053 1841 ea
3093 1802 3213 1857 qua
3256 1786 3459 1843 homini
3504 1791 3769 1848 extrinse-

2182 1889 2277 1931 cus
2306 1875 2550 1941 inerant,
2603 1876 2697 1931 sed
2738 1875 2911 1946 ipsum
2936 1876 3046 1947 jam
3090 1878 3359 1934 hominem
3391 1879 3444 1936 in
3470 1895 3574 1950 qua
3601 1884 3771 1952 potuit

2184 1976 2336 2037 parte
2378 1968 2660 2037 percussit.
2704 1968 2747 2023 A
2775 1968 2950 2039 capite
2991 1983 3162 2040 usque
3197 1969 3264 2024 ad
3310 1970 3472 2041 pedes
3513 1973 3771 2031 ardebant

2182 2057 2396 2114 dolores
2416 2099 2431 2124 ,
2463 2058 2740 2113 scatebant
2759 2072 3000 2125 vermes,
3028 2059 3207 2115 sanies
3229 2059 3502 2117 deﬂuebat
3536 2081 3551 2118 :
3583 2080 3768 2121 mane-

2182 2147 2275 2203 bat
2299 2148 2350 2202 in
2382 2149 2519 2217 putri
2561 2162 2786 2218 corpore
2821 2148 3030 2204 animus
3074 2148 3317 2220 integer,
3366 2151 3769 2225 horrendosque

2182 2240 2449 2296 cruciatus
2498 2240 2675 2297 carnis
2717 2240 3147 2297 contabescentis
3189 2241 3436 2296 inviolata
3480 2243 3675 2313 pietate
3716 2255 3772 2302 et

2183 2332 2488 2402 incorrupta
2509 2331 2766 2403 patientia
2790 2330 3111 2401 perferebat.
3144 2330 3344 2388 Aderat
3367 2349 3501 2388 uxor
3520 2375 3536 2401 ,
3564 2350 3665 2391 nec
3693 2335 3771 2392 fe-

2187 2420 2343 2479 rebat
2365 2437 2521 2493 opem
2546 2422 2779 2494 aliquam
2803 2422 2920 2479 viro
2937 2464 2953 2488 ,
2984 2422 3078 2478 sed
3106 2424 3160 2478 in
3190 2423 3357 2479 Deum
3388 2423 3773 2495 blasphemiam

2182 2513 2517 2585 suggerebat.
2541 2512 2658 2569 Non
2687 2514 2829 2569 enim
2854 2528 2973 2569 eam
2998 2512 3262 2581 diabolus,
3292 2529 3415 2570 cum
3445 2518 3609 2573 etiam
3634 2518 3773 2575 ﬁlios

2180 2606 2531 2675 abstulisset,
2582 2616 2834 2678 tanquam
2882 2607 3111 2664 nocendi
3141 2608 3420 2680 imperitus
3447 2611 3771 2682 reliquerat;

2183 2714 2305 2770 qua:
2330 2708 2593 2770 quantum
2621 2707 2767 2755 esset
2796 2700 3098 2756 necessaria
3131 2703 3382 2758 tentatori
3400 2746 3416 2770 ,
3442 2703 3555 2774 jam
3582 2705 3638 2760 in
3668 2706 3772 2761 Eva

2182 2792 2441 2847 didicerat
2467 2790 2621 2862 (Gen.
2652 2807 2708 2848 ιιι
2730 2832 2746 2857 ,
2779 2792 2911 2863 1-6).
2966 2792 3074 2848 Sed
3117 2793 3279 2849 modo
3313 2795 3538 2851 alterum
3580 2797 3771 2863 Adam,

2182 2899 2341 2954 quem
2366 2898 2462 2955 per
2483 2882 2763 2940 mulierem
2788 2892 3036 2955 caperet,
3071 2900 3177 2939 non
3219 2884 3516 2942 invenerat.
3558 2888 3777 2945 Cautior

2183 2973 2285 3030 fuit
2328 2976 2430 3031 iste
2477 2976 2530 3030 in
2558 2975 2836 3032 doloribus
2858 3016 2875 3044 ,
2922 2991 3081 3046 quam
3111 2976 3202 3032 ille
3229 2976 3284 3032 in
3312 2979 3622 3035 nemoribus
3646 2998 3660 3035 :
3688 2980 3777 3039 ille

2187 3066 2360 3121 victus
2383 3074 2468 3121 est
2496 3065 2548 3120 in
2588 3064 2824 3131 deliciis,
2871 3066 2977 3121 iste
3019 3066 3147 3121 vicit
3180 3067 3233 3122 in
3262 3068 3466 3138 pmnis;
3502 3071 3778 3127 consensit

2184 3158 2273 3215 ille
2296 3158 2725 3225 oblectamentis,
2762 3173 2868 3213 non
2894 3159 3057 3214 cessit
3082 3159 3183 3215 iste
3208 3162 3509 3217 tormentis.
3536 3162 3778 3221 Aderant

2184 3260 2241 3308 et
2258 3251 2437 3319 amici,
2465 3265 2570 3306 non
2594 3258 2651 3305 ut
2669 3250 2719 3305 in
2740 3251 2895 3306 malis
2918 3249 3348 3319 consolarentur,
3373 3253 3469 3310 sed
3492 3263 3552 3309 ut
3573 3256 3774 3312 malum

2185 3342 2607 3414 suspicarentur.
2637 3341 2820 3413 Neque
2844 3343 2987 3398 enim
3012 3358 3135 3399 eum
3157 3348 3247 3415 qui
3276 3354 3421 3401 tanta
3450 3348 3774 3418 patiebatur,

2186 3431 2525 3488 innocentem
2557 3447 2678 3489 esse
2705 3433 3030 3500 credebant,
3077 3451 3176 3491 nec
3218 3436 3428 3492 tacebat
3450 3452 3641 3494 eorum
3670 3440 3777 3495 lin-

2185 3539 2287 3595 gua
2327 3525 2469 3595 quod
2518 3525 2661 3580 illius
2699 3524 3027 3581 conscientia
3070 3541 3175 3581 non
3224 3527 3499 3595 habebat;
3537 3538 3599 3583 ut
3639 3531 3777 3587 inter

2188 3617 2453 3673 immanes
2478 3617 2746 3673 cruciatus
2768 3618 3011 3688 corporis
3033 3659 3051 3686 ,
3080 3619 3241 3675 etiam
3263 3619 3409 3676 falsis
3433 3622 3646 3679 animus
3674 3639 3781 3679 caa-

2187 3705 2404 3762 deretur
2428 3707 2752 3778 opprobriis.
2778 3710 2849 3763 At
2872 3708 2962 3763 ille
2989 3709 3259 3766 sustinens
3284 3710 3337 3766 in
3356 3725 3521 3768 carne
3558 3712 3779 3769 dolores

2187 3814 2313 3855 suos
2336 3841 2353 3867 ,
2400 3800 2455 3855 in
2481 3800 2645 3856 corde
2688 3815 2905 3856 errores
2947 3800 3194 3867 alienos,
3233 3802 3477 3874 conjugis
3514 3806 3775 3877 corripie-

2187 3894 2280 3951 bat
2305 3894 2664 3965 insipientiam
2683 3936 2699 3962 ,
2728 3895 2932 3951 amicos
2957 3893 3185 3951 docebat
3212 3895 3529 3967 sapientiam
3549 3938 3566 3966 ,
3598 3914 3778 3955 serva-

2187 3984 2278 4039 bat
2312 3983 2505 4054 ubique
2526 3984 2853 4053 patientiam.

2259 4076 2485 4132 CAPUT
2513 4075 2654 4131 Xlll.
2684 4106 2757 4118 —
2800 4076 2887 4133 10.
2918 4077 3246 4148 Impatientia
3272 4077 3661 4133 Donatistarum
3684 4079 3778 4134 sibi

2188 4184 2370 4222 manus
2414 4166 2730 4235 aﬂ'erentium
2755 4208 2771 4234 ,
2824 4169 3029 4238 quando
3063 4186 3097 4223 a
3132 4169 3407 4226 Catholicis
3455 4182 3775 4243 queruntur.

2190 4258 2343 4314 Hunc
2369 4257 2675 4313 intueantur
2693 4299 2709 4325 ,
2749 4260 2837 4329 qui
2865 4259 2965 4314 sibi
2996 4260 3243 4331 ingerunt
3270 4267 3500 4317 mortem
3521 4302 3537 4327 ,
3565 4262 3781 4332 quando

2190 4358 2504 4422 quaeruntur
2524 4350 2592 4406 ad
2623 4351 2822 4416 vitam;
2869 4359 2926 4406 et
2965 4351 3067 4406 sibi
3105 4351 3393 4408 auferendo
3433 4363 3776 4423 praesentem,

2190 4441 2456 4512 abnegant
2485 4449 2541 4497 et
2568 4440 2816 4497 futuram.
2855 4441 2959 4511 Qui
2986 4442 3033 4497 si
3058 4443 3125 4498 ad
3152 4442 3424 4499 Christum
3451 4445 3777 4515 negandum,

2191 4534 2276 4589 vel
2301 4534 2497 4605 aliquid
2517 4544 2701 4589 contra
2718 4535 2976 4602 justitiam
3000 4534 3321 4603 faciendum,
3344 4536 3484 4592 sicut
3502 4538 3616 4592 veri
3648 4554 3782 4593 mar-

2193 4632 2357 4696 tyres,
2380 4633 2716 4695 cogerentur,
2739 4625 2918 4680 omnia
2939 4626 3114 4696 potius
3140 4626 3402 4695 patienter
3428 4626 3591 4692 ferre,
3621 4644 3778 4699 quam

2194 4715 2297 4771 sibi
2339 4714 2681 4785 impatienter
2707 4726 2937 4772 mortem
2968 4715 3167 4772 inferre
3194 4716 3513 4773 debuerant.
3551 4720 3707 4787 Quod
3736 4721 3779 4774 si

2194 4805 2564 4877 fugiendorum
2605 4806 2866 4862 malorum
2906 4821 3067 4863 causa
3107 4816 3251 4864 recte
3279 4807 3394 4864 ﬁeri
3430 4820 3654 4880 posset,
3682 4811 3782 4867 Joh

2194 4906 2409 4952 sanctus
2450 4912 2510 4953 se
2543 4896 2657 4967 ipse
2687 4897 3012 4969 perimeret,
3064 4905 3124 4953 ut
3153 4907 3294 4954 tanta
3339 4900 3477 4953 mala
3519 4900 3572 4954 in
3621 4901 3782 4957 rebus

2194 4988 2326 5052 suis,
2350 4987 2401 5041 in
2426 4987 2545 5043 ﬁliis
2575 4989 2716 5054 suis,
2755 4988 2807 5043 in
2834 4989 3090 5044 membris
3118 4989 3249 5056 suis,
3292 4989 3572 5046 diabolica:
3598 4992 3787 5047 crude-

2195 5080 2357 5135 litatis
2380 5078 2657 5150 et’fugeret.
2686 5080 2801 5135 Non
2832 5089 3008 5137 autem
3036 5081 3179 5137 fecit.
3207 5083 3362 5138 Absit
3392 5084 3535 5138 enim
3563 5093 3623 5139 ut
3650 5085 3703 5139 in
3728 5101 3788 5141 se

2194 5170 2551 5225 committeret
2588 5171 2701 5241 ipse
2737 5171 2819 5225 vir
2846 5173 3091 5241 sapiens,
3132 5173 3273 5244 quod
3313 5189 3413 5230 nec
3440 5176 3635 5233 mulier
3660 5193 3790 5247 sug-

2194 5260 2358 5331 gessit
2383 5260 2664 5330 insipiens.
2703 5261 2836 5327 Quia
2863 5263 2983 5317 etsi
3012 5264 3383 5334 suggessisset,
3406 5267 3599 5322 merito
3619 5276 3674 5322 et
3700 5267 3789 5323 hic

2196 5351 2326 5407 illud
2346 5352 2599 5420 audisset,
2624 5354 2765 5423 quod
2784 5354 2984 5409 audivit
3004 5356 3336 5426 suggerendo
3355 5356 3748 5428 blasphemiam
3770 5376 3785 5412 :

2196 5441 2391 5498 Locuta
2425 5460 2475 5498 es
2500 5454 2737 5513 tanquam
2770 5462 2873 5499 una
2905 5462 2967 5500 ea:
2991 5447 3339 5518 insipientibus
3366 5449 3680 5504 mulieribus.
3726 5450 3789 5505 Si

2199 5536 2330 5589 bona
2352 5536 2662 5603 suscepimus
2691 5536 2754 5590 de
2778 5554 2931 5591 manu
2961 5537 3188 5604 Domini,
3231 5540 3368 5594 ntala
3398 5557 3498 5594 non
3517 5542 3786 5595 sustinebi-

2196 5642 2309 5679 mus
2354 5624 2497 5693 (Job.
2527 5642 2578 5690 ι,
2609 5642 2682 5692 ιι,
2713 5626 2869 5698 etc.)?
2923 5629 2987 5683 Et
3032 5630 3144 5699 ipse
3176 5631 3191 5660 ¹
3222 5630 3419 5700 quippe
3471 5633 3785 5702 patientiam

2199 5717 2551 5790 perdidisset,
2582 5720 2695 5774 sive
2724 5721 3143 5791 blasphemando
3166 5766 3181 5795 ,
3225 5725 3364 5781 sicut
3401 5724 3488 5781 illa
3520 5726 3781 5796 voluerat,

2265 5830 2282 5859 ί
2319 5834 2496 5878 a’ovcm
2518 5835 2646 5889 Mss,
2673 5836 2724 5880 Et
2757 5830 2924 5893 ipsam.
