4018 6510
288 452 378 508 δη
1697 465 1893 526 LIBER
1934 472 2129 539 UNUS.

282 569 381 623 sive
404 582 457 622 se
476 565 854 633 interficiendo,
876 570 1018 639 quod
1044 586 1139 627 nec
1160 572 1245 627 illa
1271 589 1399 631 ausa
1420 575 1594 634 fuerat
1630 582 1831 649 dicere,

281 666 551 713 moreretur
580 674 592 711 :
619 666 779 728 alque
817 668 962 715 esset
999 661 1135 717 inter
1161 663 1279 719 illos
1305 665 1373 721 de
1411 668 1603 736 quibus
1630 670 1831 728 dictum

276 758 347 801 est
368 790 383 815 ,
422 747 504 802 Vw
536 749 598 801 iis
618 750 704 819 qui
733 751 1059 819 perdiderunt
1082 756 1372 823 patientiam
1405 759 1590 829 (Eccli.
1618 779 1677 825 ιι.
1703 766 1828 836 16)!

278 853 323 890 et
348 846 549 907 augeret
578 840 750 907 potius
775 856 932 910 quam
963 843 1211 900 evaderet
1239 861 1425 917 pennas
1445 891 1458 915 ,
1485 851 1573 921 qui
1602 863 1720 922 post
1747 857 1828 912 sui

274 931 492 999 corporis
521 939 765 1001 mortem,
797 934 911 988 sive
934 934 1000 990 ad
1025 935 1477 1009 blaspltemorum,
1501 944 1614 1001 sive
1642 946 1707 1001 ad
1735 947 1830 1003 ho-

274 1021 558 1078 micidarum
580 1062 595 1088 ,
635 1024 720 1078 vel
752 1025 909 1079 etiam
944 1027 1060 1095 plus
1084 1044 1241 1098 quam
1283 1033 1664 1100 parricidarum
1698 1053 1827 1109 sup-

272 1114 407 1182 plicia
434 1123 723 1182 raperetur.
770 1114 827 1170 Si
852 1117 994 1172 enim
1025 1120 1284 1188 parricida
1316 1137 1382 1178 eo
1410 1126 1719 1183 sceleratior
1743 1141 1827 1185 est

269 1222 410 1274 quam
438 1207 655 1276 quilibet
680 1208 941 1264 homicida
959 1252 974 1276 ,
1017 1212 1136 1281 quia
1175 1229 1281 1268 non
1305 1224 1505 1272 tantum
1534 1218 1821 1288 hominem,

270 1312 433 1351 verum
454 1298 607 1353 etiam
631 1302 984 1371 propinquum
1016 1310 1205 1371 necat;
1248 1306 1409 1377 inque
1447 1309 1578 1379 ipsis
1609 1314 1824 1381 parrici-

267 1388 355 1449 dis,
388 1399 577 1457 quanto
605 1391 1034 1462 propinqttiorem
1074 1396 1296 1467 quisque
1337 1403 1644 1468 percmerit,
1680 1413 1824 1458 tanto

262 1480 506 1547 judicatur
538 1481 859 1536 immanior:
892 1484 1007 1539 sine
1042 1486 1203 1540 dubio
1233 1488 1385 1558 pejor
1421 1499 1502 1545 est
1530 1495 1619 1562 qui
1650 1510 1706 1548 se
1734 1510 1824 1551 oe-

264 1569 413 1632 ‹ί‹Ιὶι;
463 1564 582 1637 quia
633 1585 790 1624 nemo
830 1579 912 1625 est
946 1572 1147 1628 homini
1187 1590 1246 1631 se
1290 1577 1407 1648 ipso
1456 1582 1818 1652 propinquior.

264 1657 382 1723 Quid
404 1674 526 1729 ergo
553 1660 731 1714 miseri
755 1660 987 1725 faciunt,
1018 1664 1105 1732 qui
1133 1680 1252 1718 cum
1283 1675 1340 1721 et
1378 1667 1464 1723 hic
1492 1670 1703 1727 sibimet
1731 1673 1815 1727 in—

261 1762 451 1819 gestas,
504 1759 557 1804 et
601 1759 788 1819 postea
847 1766 951 1805 non
1005 1754 1176 1807 solum
1226 1755 1511 1824 impietatis
1564 1760 1820 1816 adversus

263 1840 433 1904 Detuu,
462 1840 552 1895 sed
582 1842 744 1895 etiam
779 1842 944 1911 ipsius
973 1858 1128 1912 quam
1159 1845 1209 1898 in
1238 1860 1297 1900 se
1326 1860 1674 1904 exercuerunt
1699 1866 1819 1906 cru-

259 1930 470 1985 delitatis
516 1930 667 1985 luant
708 1932 913 1987 debitas
952 1949 1137 2004 pcenas
1161 1977 1175 1999 ,
1225 1935 1441 2006 insuper
1482 1952 1723 2009 quarunt
1764 1952 1818 1998 et

258 2034 522 2092 martyrum
549 2024 792 2094 glorias?
818 2039 937 2079 cum
963 2027 1169 2080 etiamsi
1193 2043 1287 2097 pro
1315 2043 1443 2084 vero
1457 2029 1651 2086 Christi
1680 2035 1818 2088 testi-

254 2113 416 2165 Ittonio
446 2114 876 2181 persecutionem
909 2124 1247 2184 paterentur,
1276 2126 1329 2173 et
1352 2133 1411 2175 se
1437 2119 1812 2190 interﬁcerent,

255 2217 313 2256 ne
352 2202 541 2273 aliquid
583 2219 614 2258 a
643 2207 1073 2274 persecutoribus
1127 2218 1434 2277 paterentur
1462 2253 1477 2278 ,
1520 2222 1664 2268 recte
1709 2214 1829 2269 illis.

249 2294 520 2362 diceretur,
577 2295 670 2352 Vw
692 2298 753 2353 iis
789 2299 873 2368 qui
919 2299 1244 2369 perdiderunt
1284 2304 1614 2373 patientiam!
1663 2304 1811 2375 Qtto-

249 2384 392 2438 modo
428 2386 565 2440 enim
603 2386 813 2457 justum
857 2390 872 2420 ¹
916 2390 1191 2458 praemium
1243 2392 1505 2461 patientiae
1549 2394 1807 2463 redditur,

246 2476 284 2530 si
312 2486 357 2531 et
393 2477 673 2546 impatiens
705 2479 880 2548 passio
921 2480 1244 2535 coronatur?
1285 2483 1391 2537 Aut
1428 2485 1695 2554 quomodo
1724 2486 1807 2541 in.

246 2569 769 2639 noeettsjttdit-abitur
788 2611 803 2635 ,
832 2571 916 2625 cui
940 2571 1139 2626 dictum
1165 2583 1270 2639 est,
1306 2574 1494 2645 Diliges
1524 2578 1808 2646 proximum

245 2670 375 2713 tuum
399 2664 525 2716 sicut
550 2673 597 2716 te
623 2664 793 2731 ipsum
830 2663 1042 2736 (Matth.
1070 2681 1185 2731 XIX,
1217 2666 1347 2735 l9),
1392 2667 1439 2721 si
1464 2667 1804 2725 homicidium

242 2754 503 2807 committit
543 2754 595 2807 in
641 2768 706 2809 se
746 2754 898 2824 ipso,
940 2754 1082 2825 quod
1120 2758 1452 2813 committere
1495 2760 1807 2829 prohibetur

240 2842 286 2897 in
312 2846 583 2913 proximo?

299 2934 512 2992 CAPUT
550 2935 694 2991 XIV.
721 2967 795 2978 —
838 2939 926 2993 Η.
970 2936 1228 2993 Patientia
1268 2939 1533 2996 bonorum.
1576 2943 1805 3000 Audiant

238 3039 351 3095 ergo
370 3028 528 3081 sancti
557 3026 627 3082 de
654 3026 943 3097 Scriptttris
972 3032 1170 3085 sanctis
1201 3039 1460 3100 prmeepta
1486 3033 1754 3101 patientia:
1786 3050 1799 3087 :

236 3115 364 3181 Fili,
413 3122 654 3173 accedens
712 3121 781 3172 ad
826 3121 1109 3174 servitutem
1166 3120 1294 3187 Dei,
1352 3133 1429 3175 sta
1488 3124 1542 3177 in
1600 3126 1802 3196 justitia

236 3212 277 3255 ct
301 3205 499 3270 timore,
532 3214 575 3257 et
624 3220 861 3274 prtepara
902 3206 1125 3258 animum
1162 3216 1299 3259 tuam
1334 3208 1401 3259 ad
1440 3211 1756 3263 tentationcnt
1782 3225 1802 3265 :

234 3292 437 3360 deprime
462 3310 550 3348 cor
578 3305 725 3347 tuum
743 3335 759 3360 ,
784 3306 826 3347 et
853 3295 1075 3359 sustine;
1112 3306 1166 3347 ut
1205 3306 1395 3349 crescat
1427 3298 1481 3351 in
1520 3300 1800 3355 novissimis

234 3383 322 3436 vita
341 3394 443 3438 tua.
467 3383 634 3438 Omne
654 3386 791 3454 quod
810 3384 896 3438 tibi
918 3387 1257 3455 supervenerit
1276 3388 1463 3457 accipe,
1490 3400 1536 3443 et
1556 3390 1609 3443 in
1629 3392 1802 3446 dolore

231 3478 404 3530 sustine
421 3518 436 3543 ,
459 3488 507 3531 et
535 3478 590 3531 in
622 3478 912 3531 humilitate
941 3486 1028 3531 tua
1056 3479 1347 3548 patientiam
1373 3479 1517 3535 habe.
1549 3481 1800 3549 Quoniam

233 3566 275 3618 in
300 3568 407 3637 igne
434 3570 685 3635 probatur
725 3584 906 3621 aurum
932 3577 977 3621 et
1001 3578 1297 3638 argentum,
1327 3569 1553 3625 homines
1580 3588 1695 3627 vero
1721 3591 1798 3628 re-

231 3661 464 3727 ccptibiles
484 3662 539 3714 in
559 3661 765 3714 camino
788 3659 1153 3714 humiliationis
1174 3659 1363 3730 (Eccli.
1387 3677 1453 3727 tt,
1486 3663 1631 3732 1-5).
1654 3664 1721 3717 Ει
1746 3665 1796 3718 in

233 3748 333 3802 loco
357 3749 461 3803 alio
483 3750 680 3820 legitur
708 3767 721 3802 :
754 3748 859 3805 Fili
881 3791 896 3816 ,
929 3766 991 3804 ne
1009 3750 1217 3819 deﬁcias
1242 3750 1295 3804 in
1320 3751 1590 3822 disciplina
1616 3753 1795 3812 Domi-

230 3842 302 3902 ni,
328 3857 482 3911 neque
510 3843 746 3915 {aligeris
773 3858 884 3895 cum
909 3842 974 3895 ab
1009 3843 1100 3896 illo
1133 3843 1433 3913 increparis.
1472 3843 1632 3910 Quem
1664 3847 1796 3900 enim

230 3932 375 4003 diligit
403 3931 676 3999 Dominus,
704 3933 912 4002 corripit
935 3951 953 4000 ;
974 3933 1200 4003 ﬂagellat
1224 3942 1391 3986 autem
1413 3951 1609 3989 onmem
1634 3937 1796 4004 ﬁlium

227 4043 354 4096 quem
369 4030 545 4101 recipit
567 4028 755 4102 (Prov.
775 4045 854 4095 Ill,
877 4030 933 4084 ll
956 4040 1006 4083 et
1024 4028 1134 4099 12).
1158 4027 1308 4095 Quod
1332 4029 1417 4083 hic
1442 4029 1670 4099 positum
1692 4038 1793 4093 est,

228 4119 371 4184 [ilium
390 4137 536 4190 quem
563 4122 777 4189 recipit;
797 4119 899 4174 hoc
930 4119 983 4173 in
1014 4133 1172 4189 supra
1197 4119 1340 4174 dicto
1362 4119 1667 4173 testimonio
1688 4128 1791 4182 est,

226 4209 432 4266 homines
465 4210 805 4283 receptibiles.
844 4208 956 4265 Iloc
982 4211 1126 4265 enim
1151 4210 1352 4279 justum
1375 4216 1488 4276 est,
1517 4218 1577 4265 ut
1603 4209 1695 4279 qui
1724 4209 1792 4265 de

224 4301 429 4370 ptistina
457 4304 716 4360 felicitate
745 4303 972 4374 paradisi
1005 4312 1221 4374 propter
1259 4312 1627 4358 contumacem
1657 4303 1793 4358 deli-

222 4394 405 4449 ciarum
458 4395 827 4466 appetentiam
875 4394 1080 4449 dimissi
1125 4409 1351 4457 sumus,
1396 4408 1493 4464 per
1539 4392 1790 4447 humilem

222 4486 571 4541 molestiarum
620 4486 931 4557 patientiam
975 4485 1295 4554 recipiantur
1341 4502 1353 4538 :
1398 4483 1613 4554 fugaces
1652 4484 1790 4538 mala

222 4574 471 4647 faciendo,
503 4577 739 4634 reduces
762 4576 899 4630 mala
922 4576 1204 4645 patiendo;
1234 4575 1304 4629 ibi
1328 4585 1514 4631 contra
1531 4575 1789 4645 justitiam

221 4666 459 4725 facientes
477 4709 494 4736 ,
519 4670 613 4724 hic
642 4684 743 4740 pro
767 4668 972 4737 justitia
998 4667 1282 4737 patientes.

278 4759 499 4817 CAPUT
526 4759 649 4814 XV.
668 4759 844 4813 -12.
869 4756 1121 4812 Patientia
1141 4773 1241 4811 non
1260 4756 1390 4810 venit
1408 4772 1473 4811 ex
1492 4756 1634 4810 liberi
1657 4756 1795 4810 urbi.

220 4852 291 4902 trii
313 4854 496 4907 viribus
511 4894 525 4917 ,
546 4851 639 4906 sed
660 4867 723 4906 ea:
743 4851 913 4905 divino
939 4850 1215 4920 adjutorio.
1236 4847 1355 4905 'Sed
1384 4864 1509 4904 vera
1538 4849 1791 4918 patientia

219 4957 322 5010 qum
348 4944 506 5015 hujus
536 4955 626 5001 est
643 4944 863 4998 nomine
889 4942 1046 5011 digna
1074 4941 1302 5003 virtutis,
1326 4940 1671 5010 quaerendum
1708 4948 1791 4995 est

218 5034 345 5088 unde
370 5044 637 5090 sumatur.
671 5034 806 5089 Sunt
846 5032 989 5089 enim
1028 5032 1117 5102 qui
1156 5047 1275 5086 eam
1316 5032 1550 5085 tribuant
1588 5031 1790 5085 vit-ibus

217 5126 491 5180 voluntatis
514 5127 789 5190 humanae,
818 5140 925 5178 non
950 5139 1082 5194 quas
1112 5123 1307 5177 habent
1332 5137 1395 5176 ex
1418 5122 1599 5176 divino
1632 5121 1788 5187 adjuo

219 5219 369 5278 torio,
397 5217 493 5271 sed
534 5231 673 5286 quas
707 5231 771 5271 es
810 5215 977 5269 libero
1014 5213 1256 5268 arbitrio.
1288 5214 1449 5267 Error
1476 5223 1656 5267 autem
1689 5212 1789 5266 iste

218 5310 467 5376 superbus
491 5318 579 5363 est
612 5326 625 5361 :
656 5323 840 5361 eorum
867 5315 951 5362 est
973 5307 1116 5361 enim
1147 5306 1236 5375 qui
1264 5303 1553 5370 abundant,
1578 5304 1644 5359 de
1672 5305 1788 5374 qui-

216 5399 305 5454 bus
328 5401 523 5455 dicitur
548 5401 605 5454 in
631 5399 839 5453 Psalmo
873 5415 885 5450 :
918 5396 1259 5467 Opprobrium
1284 5398 1354 5450 eis
1380 5396 1467 5467 qui
1490 5396 1747 5448 abundant
1770 5436 1785 5459 ,

218 5500 258 5543 et
283 5493 532 5563 despcctio
553 5491 784 5560 superbis
808 5487 977 5561 (Psal.
1000 5504 1163 5551 (svnt,
1188 5487 1262 5558 4).
1292 5486 1406 5540 Νοιι
1427 5501 1555 5555 ergo
1581 5496 1663 5540 est
1688 5488 1789 5540 ista

220 5585 444 5649 patientia
476 5599 800 5654 pauperum,
831 5595 948 5650 qua:
988 5597 1087 5633 non
1120 5581 1245 5645 perit
1269 5580 1319 5632 in
1346 5587 1587 5631 veternum
1617 5576 1788 5649 (Psal.

221 5687 293 5737 ιι,
323 5675 430 5745 19).
464 5675 528 5728 lli
576 5674 722 5728 enim
760 5686 1018 5742 pauperes
1060 5672 1128 5724 ab
1167 5670 1257 5723 illo
1292 5683 1410 5723 eam
1448 5667 1609 5721 divite
1650 5667 1791 5721 acci-

224 5767 374 5834 piunt,
403 5766 489 5820 cui
512 5764 715 5819 dicitur
734 5803 749 5829 ,
782 5761 915 5816 Deus
944 5776 1081 5815 meus
1102 5776 1151 5816 es
1175 5770 1257 5825 tu,
1285 5758 1519 5830 quoniam
1548 5757 1788 5813 bonorum

277 5878 293 5909 ⁸
326 5885 388 5927 tta
417 5886 524 5925 uss.
554 5884 611 5923 Αι
635 5875 769 5928 mliti,
802 5877 939 5919 insto.

455 5954 735 6014 PATROL.
788 5951 909 6011 XL.

3412 508 3513 567 6I8

1947 604 2166 681 meorum
2187 608 2285 647 non
2312 612 2422 666 eges
2445 598 2612 670 (Psal.
2642 619 2724 671 xv,
2748 610 2836 677 2);
2859 622 2887 662 a
2915 625 3020 681 quo
3044 624 3127 670 est
3145 628 3306 674 omne
3324 617 3503 677 datum

1940 679 2312 783 optimumnet
2334 700 2493 744 omne
2519 690 2715 750 donum
2752 679 3039 767 perfectum
3068 704 3274 775 (Jacobi
3292 724 3339 776 ι,
3373 712 3502 783 t7);

1938 768 2003 864 ad
2026 785 2182 840 quem
2204 774 2397 832 clamat
2427 794 2625 850 egenus
2651 794 2704 840 et
2730 802 2950 859 pauper,
2984 768 3085 864 qui.
3100 797 3278 855 laudat
3311 768 3505 859 nomen

1941 857 2052 927 ejus
2075 900 2090 926 ,
2120 871 2172 917 et
2200 865 2430 933 petendo
2450 909 2466 935 ,
2492 874 2779 940 quaerendo
2800 917 2815 943 ,
2840 857 3132 951 pulsando,
3162 887 3291 944 dicit
3322 908 3336 944 :
3369 857 3504 949 Deus

1936 963 2075 1003 meus
2094 990 2109 1015 ,
2134 953 2269 1021 eripe
2296 971 2374 1009 me
2398 957 2462 1012 de
2485 976 2638 1015 ntanu
2672 970 2983 1037 peccatoris,
3012 982 3057 1026 et
3086 975 3148 1028 de
3166 993 3316 1033 manu
3345 982 3502 1053 legent

1936 1045 2282 1105 prwtereuntis
2309 1056 2357 1101 et
2395 1049 2553 1121 iniqui
2584 1070 2604 1107 :
2627 1059 2866 1125 quoniam
2902 1070 2954 1114 tu
2986 1079 3037 1117 es
3079 1069 3318 1135 patientia
3357 1045 3498 1141 nica,

1936 1127 2167 1196 Domine,
2196 1150 2309 1205 spes
2333 1154 2444 1192 utea
2469 1156 2500 1193 a
2523 1143 2777 1210 iuventute
2804 1165 2914 1204 mea
2945 1127 3111 1221 (Psal.
3138 1173 3261 1223 ιιι,
3293 1160 3327 1216 4
3352 1167 3399 1216 et
3418 1127 3497 1235 5):

1935 1216 2020 1272 Isti
2051 1231 2227 1277 autem
2255 1227 2344 1295 qtti
2374 1228 2665 1299 abundant,
2688 1244 2741 1289 et
2762 1251 2920 1307 egere
2938 1216 3003 1295 ad
3026 1243 3188 1299 Deum
3212 1216 3501 1321 dedignan;

1934 1317 2045 1374 tur,
2076 1326 2142 1367 ne
2170 1313 2356 1371 abillo
2392 1320 2654 1389 accipiant
2690 1339 2870 1380 veram
2917 1332 3257 1403 patientiam,-
3300 1313 3369 1393 de
3402 1355 3497 1397 sua

1932 1398 2061 1453 falsa
2080 1400 2368 1471 gloriantes
2383 1448 2398 1474 ,
2426 1411 2705 1466 consilium
2732 1415 2903 1485 inopis
2924 1398 3125 1476 volunt
3148 1398 3497 1495 confundere,

1926 1492 2174 1558 quoniam
2210 1494 2469 1554 Dominus
2505 1513 2630 1571 spes
2657 1503 2774 1572 ejus
2802 1516 2883 1561 est
2914 1508 3084 1577 (Psal.
3118 1529 3242 1581 xm,
3283 1516 3361 1587 6).
3390 1492 3497 1574 Nec

1927 1582 2205 1638 attendunt
2224 1600 2343 1641 cum
2368 1588 2611 1646 homines
2642 1603 2799 1662 sunt,
2823 1606 2878 1652 et
2898 1615 3028 1666 suae,
3054 1601 3102 1655 id
3124 1613 3224 1669 est,
3251 1582 3494 1662 humana-

1926 1674 2183 1731 voluntati
2211 1686 2412 1734 tantum
2443 1682 2697 1751 tribuunt,
2732 1687 2783 1741 itt
2807 1688 2933 1743 illud
2962 1707 3019 1745 se
3046 1692 3316 1752 incurrere
3351 1701 3491 1768 quod

1924 1763 2177 1832 scriptum
2202 1776 2288 1822 est
2316 1787 2328 1822 :
2360 1768 2666 1827 Maledictus
2691 1778 2852 1831 onmis
2880 1781 2968 1849 qui
3003 1798 3145 1851 spem
3172 1801 3318 1839 suam
3355 1763 3496 1858 ponit

1923 1853 1975 1906 in
1999 1854 2199 1911 homine
2220 1857 2431 1930 (Jerem.
2456 1878 2589 1930 xvn,
2621 1862 2700 1937 5).
2726 1866 2873 1924 Unde
2894 1871 3098 1928 etiamsi
3127 1875 3203 1930 eis
3222 1853 3494 1949 contingat

1922 1953 1979 1996 ut
2007 1943 2182 2015 aliqua
2212 1947 2342 2002 dura
2372 1958 2428 2004 et
2448 1966 2665 2022 aspera,
2691 1957 2776 2011 vel
2816 1972 2884 2013 ne
2921 1960 3236 2030 displiceant
3263 1943 3494 2023 homini—

1920 2032 2047 2101 bus,
2080 2037 2161 2092 vel
2190 2054 2257 2094 ne
2280 2042 2522 2109 graviora
2556 2046 2850 2114 patiantur,
2878 2052 2961 2105 vel
3001 2053 3101 2108 sibi
3140 2056 3397 2125 placeudo
3436 2060 3490 2115 et

1918 2126 2144 2183 amando
2164 2133 2627 2203 praesumptionem
2650 2152 2800 2192 suam
2820 2180 2835 2206 ,
2858 2142 3042 2197 eadem
3073 2144 3185 2215 ipsa
3213 2151 3490 2218 superbis-

1918 2216 2050 2272 sima
2088 2221 2358 2279 voluntate
2396 2226 2721 2295 sustineant;
2752 2230 2853 2286 hoc
2881 2233 2986 2289 illis
3008 2216 3294 2293 dicendum
3316 2251 3400 2296 est
3422 2242 3491 2297 de

1918 2307 2191 2378 patientia,
2220 2314 2360 2382 quod
2380 2314 2449 2371 de
2474 2318 2731 2386 sapientia
2752 2321 2938 2378 beatus
2963 2324 3189 2383 Iacobus
3216 2334 3486 2400 apostolus

1914 2396 2043 2453 dicit
2068 2416 2082 2452 :
2112 2400 2235 2456 Non
2258 2413 2332 2457 est
2356 2405 2452 2459 ista
2472 2408 2722 2477 sapientia
2748 2411 3009 2468 desursum
3038 2396 3374 2487 descendens;
3399 2423 3489 2477 sed

1916 2497 2129 2557 terrena,
2159 2494 2395 2549 animalis
2417 2537 2431 2561 ,
2470 2499 2718 2554 diabolica
2740 2501 2942 2571 (Jacobi
2964 2520 3040 2571 ttt,
3076 2506 3184 2577 15).
3214 2508 3321 2564 Cur
3342 2513 3485 2568 enim

1914 2592 2021 2634 non
2048 2581 2118 2634 sit
2140 2583 2488 2653 superborum
2513 2584 2645 2642 falsa
2667 2590 2942 2659 patientia,
2972 2594 3104 2649 sicut
3131 2599 3484 2668 superborum

1911 2676 1996 2725 est
2025 2670 2152 2725 falsa
2180 2674 2435 2743 sapientia
2461 2676 2579 2748 (a)?
2602 2680 2644 2733 Α
2673 2695 2779 2749 quo
2806 2691 2889 2737 est
2912 2692 3089 2740 autem
3118 2703 3241 2743 vera
3270 2691 3483 2761 sapien-

1912 2761 2005 2825 tia,
2031 2761 2101 2815 ab
2126 2762 2217 2818 illo
2243 2774 2324 2819 est
2346 2775 2402 2820 et
2429 2783 2551 2822 vera
2576 2771 2845 2838 patientia.
2877 2773 3008 2829 Huic
3030 2777 3171 2831 enim
3194 2789 3372 2835 cantat
3394 2782 3484 2838 ille

1910 2838 2099 2919 Spiritu
2129 2868 2326 2924 pauper
2359 2873 2371 2909 :
2404 2854 2513 2910 Deo
2541 2861 2762 2930 subjecta
2788 2872 2860 2915 est
2884 2864 3054 2919 anima
3078 2883 3220 2936 utea,
3243 2873 3481 2940 quoniam

1909 2941 1971 2994 ab
1991 2942 2100 3011 ipso
2128 2953 2203 2997 est
2230 2945 2473 3013 patientia
2497 2964 2607 3002 mea
2633 2948 2798 3018 (Psal.
2829 2967 2915 3007 ut
2933 2994 2949 3021 ,
2980 2953 3057 3026 6).

1978 3031 2203 3089 CAPUT
2223 3033 2340 3090 XVI
2350 3078 2362 3091 .
2381 3067 2451 3076 —
2465 3038 2549 3093 15.
2567 3037 2794 3109 Objectio
2812 3058 2830 3096 :
2846 3059 2937 3097 cur
2954 3046 3225 3103 voluntatis
3240 3050 3366 3105 vires
3380 3068 3480 3107 non

1907 3120 2155 3189 suﬁiciunt
2182 3124 2250 3176 ad
2279 3126 2571 3193 patiendum
2597 3145 2687 3196 pro
2703 3131 2928 3200 justitia,
2950 3134 3078 3190 sicut
3099 3153 3191 3207 pro
3210 3140 3477 3210 injustitia.

1904 3210 2012 3268 Sed
2043 3215 2365 3286 respondent
2408 3226 2463 3273 et
2490 3218 2778 3289 loquuntur
2816 3223 3055 3281 dicentes
3088 3245 3100 3281 :
3140 3226 3197 3283 Si
3234 3232 3480 3288 voluntas

1908 3303 2141 3361 hominis
2167 3307 2283 3361 sine
2309 3307 2420 3363 ullo
2448 3308 2541 3363 Dei
2568 3308 2834 3379 adjutorio
2862 3314 3063 3371 viribus
3091 3316 3245 3373 liberi
3270 3322 3474 3377 arbitrii

1908 3403 2015 3449 tam
2046 3395 2210 3450 multa
2239 3397 2420 3466 gravia
2446 3407 2501 3454 et
2527 3398 2793 3456 horrenda
2821 3403 3038 3473 perfert,
3063 3407 3175 3463 sive
3198 3408 3251 3464 in
3271 3411 3473 3477 animo,

1905 3485 2019 3541 sive
2045 3487 2097 3541 in
2122 3501 2366 3557 corpore,
2392 3498 2448 3544 ut
2473 3493 2709 3547 mortalis
2737 3496 2858 3549 vitae
2878 3496 3036 3565 hujus
3062 3508 3118 3554 et
3144 3512 3476 3570 peccatorum

1905 3576 2258 3634 delectatione
2285 3580 2620 3650 perfruatur;
2649 3599 2746 3639 cur
2770 3601 2876 3655 non
2896 3589 3086 3645 eodem
3110 3593 3269 3649 modo
3287 3596 3473 3652 cadent

1906 3667 2017 3737 ipsa
2044 3669 2288 3725 voluntas
2314 3670 2544 3728 hominis
2572 3674 2772 3730 eisdem
2803 3678 3002 3734 viribus
3043 3681 3197 3738 liberi
3229 3686 3434 3742 arbitrii
3455 3721 3472 3751 ς

1906 3772 2010 3812 non
2045 3758 2114 3812 ad
2162 3760 2265 3815 hoc
2307 3771 2622 3831 exspectans
2662 3779 2721 3819 se
2763 3765 3012 3823 divinitus
3053 3770 3325 3840 adjuvari,
3375 3778 3470 3831 sed

1902 3847 2003 3901 sibi
2029 3848 2255 3902 naturali
2282 3851 2631 3919 possibilitate
2656 3852 2926 3911 sufficiens
2946 3892 2963 3921 ,-
2988 3859 3245 3931 quidquid
3271 3863 3472 3921 laboris

1904 3940 1990 3994 vel
2018 3938 2220 3995 doloris
2245 3941 2502 4012 ingeritur
2522 3984 2537 4009 ,
2579 3960 2673 4015 pro
2697 3946 2895 4015 jttstitia
2921 3958 2974 4003 et
3002 3950 3109 4005 vita
3148 3962 3344 4009 interna
3380 3967 3475 4026 pas

1905 4030 2219 4087 tientissime
2256 4034 2519 4088 sustinet?
2558 4037 2638 4089 An
2676 4048 2836 4101 vero,
2866 4038 3139 4109 inquiunt,
3170 4044 3357 4100 idonea
3388 4058 3471 4102 est

1904 4121 2202 4193 iniquorum
2230 4124 2491 4189 voluntas,
2524 4125 2634 4180 Deo
2661 4142 2764 4181 non
2792 4127 3093 4197 adjuVante,
3126 4141 3182 4187 ut
3208 4148 3266 4189 se
3287 4135 3383 4205 ipsi
3416 4137 3471 4192 itt

1902 4213 2219 4268 cruciatibus
2246 4227 2343 4283 pro
2370 4214 2675 4284 iniquitate,-
2702 4226 2757 4272 et
2780 4227 3063 4289 antequam
3094 4222 3162 4275 ah
3188 4224 3305 4280 aliis
3345 4241 3467 4282 cru-

1900 4304 2111 4360 cientur
2129 4346 2144 4370 ,
2172 4314 2491 4370 exerceant;
2531 4306 2719 4362 idonea
2745 4319 2827 4363 est
2855 4309 3102 4366 Voluntas
3127 4329 3304 4370 moras
3343 4319 3468 4375 vita

1901 4393 2057 4463 hujus
2084 4394 2373 4448 amantium
2398 4436 2413 4459 ,
2446 4404 2502 4449 ιιι
2531 4396 2640 4451 Deo
2675 4412 2781 4451 non
2810 4398 3124 4468 adjuvattte,
3155 4403 3292 4459 inter
3319 4415 3465 4461 atro-

1899 4484 2113 4539 cissima
2139 4491 2193 4537 et
2230 4483 2385 4555 longa
2414 4494 2669 4540 tormenta
2698 4487 2749 4541 in
2787 4488 3065 4545 mendacio
3088 4506 3466 4566 perseverent,

1901 4590 1968 4631 ne
1992 4589 2084 4629 sua
2112 4573 2345 4630 facinora
2371 4577 2684 4632 confitentes
2703 4617 2717 4643 ,
2740 4577 3027 4647 jubeantur
3046 4584 3249 4651 occidi;
3282 4596 3336 4641 et
3361 4601 3470 4647 non

1898 4678 1983 4722 est
2010 4666 2195 4721 idonea
2226 4666 2492 4736 justorum
2524 4669 2767 4725 voluntas
2786 4710 2803 4736 ,
2834 4672 2933 4726 nisi
2970 4672 3048 4728 eis
3078 4675 3216 4731 vires
3240 4677 3470 4749 desuper

1898 4766 2278 4827 suggerantur,
2309 4758 2573 4828 quaslibet
2599 4771 2815 4828 pinnas,
2844 4763 2927 4817 vel
2966 4762 3132 4833 ipsius
3163 4766 3357 4823 decore
3379 4769 3464 4839 ju-

1898 4848 2079 4913 stitiaa,
2109 4848 2194 4903 vel
2221 4855 2432 4903 aeternae
2453 4850 2575 4904 vitte
2602 4864 2782 4906 amore
2809 4851 3079 4920 perferre?

1966 4937 2192 4994 CAPUT
2229 4938 2392 4993 XVII.
2419 4968 2490 4980 —-
2510 4940 2598 4994 Η.
2628 4940 2830 4996 Salutio
2861 4958 2881 4997 :
2910 4943 3106 5013 iniquos
3143 4944 3376 5003 duritiem
3404 4967 3474 5010 εει

1896 5028 2170 5097 cupiditate
2188 5068 2203 5095 ,
2230 5028 2341 5097 pios
2382 5029 2727 5099 fortitudinem
2764 5048 2827 5084 ex
2856 5032 3100 5087 charitate
3129 5036 3328 5093 habere.
3356 5039 3462 5095 Pa-

1897 5120 2084 5173 tientia:
2110 5120 2255 5187 falsa:
2278 5120 2455 5189 suﬁicit
2482 5121 2710 5174 voluntas
2738 5122 2978 5188 humana,
3002 5140 3102 5178 non
3127 5137 3294 5181 autem
3314 5142 3463 5187 certe.

1898 5211 1995 5278 Qui
2026 5211 2141 5265 haec
2168 5209 2390 5276 dicunt,
2422 5227 2528 5265 non
2561 5211 2859 5281 intelligunt
2892 5222 2947 5268 et
2972 5228 3236 5286 quemque
3260 5219 3468 5291 iniquo—

1897 5315 2015 5354 rum
2043 5307 2188 5353 tanto
2213 5313 2331 5353 esse
2367 5299 2434 5353 ad
2467 5312 2813 5371 qumcumque
2853 5303 2989 5357 mala
3029 5305 3343 5374 perferenda
3370 5312 3466 5366 du-

1897 5392 2092 5445 riorem
2113 5431 2128 5455 ,
2159 5399 2356 5460 quanto
2382 5392 2435 5446 in
2462 5407 2526 5447 eo
2551 5393 2721 5463 major
2747 5404 2829 5449 est
2858 5396 3117 5465 cupiditas
3163 5403 3379 5470 mundi;
3410 5417 3466 5461 et

1896 5495 2158 5551 quemque
2188 5481 2453 5550 justorum
2499 5490 2644 5537 tanto
2686 5498 2806 5539 esse
2848 5484 2915 5540 ad
2944 5502 3291 5561 qumcumque
3327 5498 3466 5549 mala

1900 5572 2206 5641 perferenda
2230 5572 2525 5641 fortiorem,
2548 5582 2747 5645 quanto
2776 5576 2830 5632 in
2854 5593 2918 5634 eo
2938 5587 3023 5634 est
3044 5581 3215 5652 major
3233 5584 3466 5642 charitss

1962 5747 2033 5818 (tr)
2053 5751 2325 5809 Cypr'aaus,
2352 5749 2397 5796 in
2432 5748 2517 5798 lib.
2549 5749 2612 5799 de
2644 5757 2768 5801 Bono
2800 5754 3045 5813 patientia:
3071 5768 3082 5802 :
3118 5773 3139 5800 tt
3161 5757 3203 5804 Si
3226 5758 3474 5818 sapiertid:

1908 5808 2041 5856 «illi;
2080 5808 2193 5857 ma
2227 5824 2323 5857 non
2376 5820 2477 5870 est,
2527 5824 2636 5861 esse
2683 5828 2778 5861 non
2802 5808 2982 5875 'potcst
3025 5823 3077 5866 et
3118 5830 3236 5867 vera

1910 5884 1931 5912 ι
1955 5877 2034 5916 La.
2063 5888 2082 5911 ὴ
2700 5957 2993 6035 (i'ingt.j
