4078 6536
526 477 628 530 διε

526 594 637 647 Dei.
671 589 776 643 Sed
817 587 1076 657 cupiditas
1124 582 1306 637 mundi
1355 581 1561 635 initium
1594 580 1754 633 habet
1779 595 1843 633 ex
1888 578 2110 632 arbitrio

525 683 828 744 voluntatis,
864 692 1200 748 progressum
1224 692 1287 729 ex
1316 673 1647 744 jucunditate
1674 672 1982 739 voluptatis,
2018 672 2109 724 lir-

528 782 851 825 inamcutum
883 787 945 823 ex
978 768 1186 822 vincolo
1216 764 1618 820 consuetudinis
1648 781 1659 816 :
1685 762 1922 817 Charitas
1942 772 2109 814 autem

525 862 619 919 Dei
642 859 827 925 ili/fusa
848 868 918 912 est
947 858 998 910 in
1020 857 1254 909 cordibus
1285 855 1489 917 nostris,
1517 868 1621 906 non
1644 853 1825 920 utique
1845 868 1908 904 ex
1932 851 2107 912 nobis,

524 952 615 1005 sed
646 969 732 1021 per
755 951 1005 1020 Spiritum
1033 958 1261 1001 sanctum
1287 947 1374 1015 qui
1401 947 1549 998 datus
1576 955 1647 997 est
1684 944 1824 997 nobis
1850 943 2022 1014 (llam.
2053 958 2107 1006 v,

534 1046 613 1111 5).
642 1042 869 1096 Proinde
896 1041 964 1093 ab
993 1042 1083 1095 illo
1115 1050 1195 1093 est
1225 1039 1474 1108 patientia
1501 1038 1797 1107 justorum,
1830 1052 1924 1106 per
1951 1050 2109 1104 quem

524 1136 836 1190 diffunditur
876 1134 1112 1189 Charitas
1157 1148 1346 1187 eorum
1378 1133 1415 1183 ί.
1444 1130 1611 1197 Quam
1642 1130 1954 1184 cliaritatem
2001 1128 2114 1180 lan-

526 1231 661 1281 dans
688 1237 845 1296 atque
867 1224 1250 1281 commendans
1273 1223 1580 1292 Apostolus,
1612 1222 1750 1275 inter
1776 1228 1967 1273 eastern
1994 1218 2111 1286 ejus

528 1321 662 1370 bona
690 1319 821 1375 dixit
848 1332 965 1371 eam
1006 1325 1060 1370 et
1097 1325 1286 1369 cuncta
1312 1314 1559 1368 suITerre.
1592 1312 1860 1377 Charitas,
1905 1310 2109 1379 inquit,

527 1408 851 1478 magnanima
900 1418 991 1461 cst.
1042 1409 1105 1460 Et
1150 1407 1309 1477 paulo
1356 1416 1475 1475 post
1518 1406 1593 1458 ait
1636 1422 1649 1455 :
1694 1403 1882 1456 Omnia
1932 1402 2111 1456 tolerat

526 1508 541 1567 ι
568 1498 581 1551 |
608 1498 724 1552 Cor.
755 1514 866 1561 xm,
893 1498 928 1551 4
949 1508 995 1549 et
1022 1497 1099 1565 7).
1130 1497 1337 1562 Quanto
1364 1510 1491 1565 ergo
1519 1494 1687 1562 major
1715 1501 1797 1547 est
1833 1492 1883 1545 in
1914 1490 2111 1545 sanctis

524 1590 760 1643 charitas
801 1590 917 1652 Dei,
956 1598 1101 1643 tanto
1137 1588 1304 1657 magis
1345 1604 1440 1656 pro
1480 1602 1545 1639 co
1581 1585 1722 1654 quod
1760 1586 2023 1654 diligitur,
2057 1592 2107 1636 et

524 1690 722 1748 quanto
760 1680 929 1747 nmjor
968 1690 1049 1733 est
1093 1679 1143 1732 in
1188 1678 1555 1748 peccatoribus
1595 1677 1856 1745 cupiditas
1896 1674 2107 1737 mundi,

528 1779 675 1822 tzmto
700 1770 868 1838 magis
899 1784 995 1837 pro
1021 1784 1085 1821 eo
1113 1767 1253 1836 quod
1289 1767 1715 1831 concupiscitur,
1758 1764 1937 1819 omnia
1981 1764 2111 1817 tole-

526 1870 728 1914 rantur.
754 1862 830 1913 Ac
859 1876 951 1929 per
979 1860 1077 1913 hoc
1106 1859 1227 1913 inde
1258 1868 1339 1913 est
1368 1857 1616 1926 patientia
1646 1872 1767 1911 vera
1802 1856 2066 1925 justorum
2092 1896 2107 1917 ,

527 1952 668 2007 unde
703 1963 783 2006 est
828 1953 879 2006 in
924 1954 1003 2007 eis
1040 1952 1272 2007 charitas
1315 1950 1442 2013 Dei;
1488 1958 1542 2003 et
1582 1949 1704 2003 inde
1732 1958 1814 2002 est
1858 1947 2107 2017 patientia

529 2046 658 2098 falsa
699 2045 1034 2113 iniquorum,
1079 2044 1218 2097 unde
1256 2051 1343 2095 εει
1387 2042 1437 2095 in
1480 2042 1559 2094 eis
1596 2040 1857 2109 cupiditas
1903 2037 2105 2092 mundi.

528 2135 753 2204 Propter
772 2135 911 2204 quod
932 2134 1061 2188 dicit
1084 2133 1317 2189 Joannes
1345 2132 1631 2201 Apostolus
1664 2148 1677 2183 :
1713 2129 1885 2183 Nolite
1904 2130 2112 2198 diligere

527 2226 770 2277 ntundum
791 2267 806 2290 ,
837 2241 925 2277 nec
951 2242 1013 2278 ea
1050 2240 1163 2293 qua:
1193 2225 1245 2276 in
1271 2238 1458 2276 tnuuao
1485 2232 1622 2275 sunt.
1654 2221 1715 2275 Si
1739 2221 1854 2292 quis
1878 2221 2111 2273 dilexerit

524 2314 807 2380 mundum,
836 2314 1037 2367 dilectio
1066 2311 1238 2367 Patris
1268 2330 1367 2365 non
1410 2321 1483 2365 est
1527 2312 1581 2364 in
1617 2312 1728 2379 ipso
1763 2326 1782 2363 :
1818 2311 1935 2379 quia
1965 2326 2112 2363 onme

523 2405 659 2469 quod
685 2405 736 2457 in
763 2405 949 2457 mundo
974 2414 1067 2469 est,
1100 2403 1507 2473 concupiscentia
1532 2402 1700 2456 carnis
1723 2411 1818 2467 est,
1844 2411 1891 2455 et
1920 2416 2109 2453 concu-

524 2497 764 2565 piscentia
804 2497 1104 2561 oculorum,
1135 2508 1179 2549 et
1202 2497 1407 2549 ambitio
1444 2496 1618 2549 steculi
1636 2513 1653 2559 ;
1682 2510 1793 2566 quae
1821 2511 1919 2547 non
1948 2504 2018 2547 est
2048 2509 2111 2547 ea:

522 2585 701 2649 Putre,
724 2587 811 2640 sed
838 2604 899 2639 ea:
919 2587 1107 2639 mundo
1127 2596 1197 2639 est
1230 2585 1281 2655 (Ι
1305 2584 1462 2638 Joan.
1488 2602 1545 2650 ιι,
1577 2586 1643 2640 15
1663 2594 1709 2637 ει
1732 2586 1841 2655 16).
1867 2584 1990 2637 llaec
2016 2583 2111 2653 igi-

522 2688 607 2730 tur
645 2678 1076 2746 concupiscentia
1122 2693 1240 2747 qua:
1288 2694 1391 2731 non
1441 2686 1525 2731 est
1564 2692 1630 2731 ex
1675 2676 1867 2740 Patre,
1908 2674 2001 2729 sed
2041 2690 2111 2733 ex

522 2772 719 2825 mundo
738 2814 753 2835 ,
781 2780 979 2841 quanto
1011 2771 1167 2824 fuerit
1197 2771 1248 2824 iu
1293 2770 1510 2823 homine
1537 2768 1908 2823 vehementior
1936 2779 1985 2821 et
2016 2782 2107 2821 ar-

519 2863 730 2916 dentior
752 2903 765 2925 ,
801 2873 946 2914 tanto
990 2863 1048 2915 lit
1086 2862 1310 2930 quisque
1356 2875 1450 2927 pro
1480 2874 1545 2911 eo
1573 2858 1711 2928 quod
1743 2857 2103 2926 concupiscit,

518 2953 757 3005 omnium
788 2952 1151 3005 molestiarum
1175 2950 1525 3018 dolorumque
1551 2948 1856 3017 patientior.
1882 2947 2104 3013 Idcirco,

518 3043 653 3102 sicut
688 3058 845 3111 supra
877 3042 1139 3105 diximus,
1180 3056 1284 3095 nou
1312 3049 1394 3094 est
1419 3041 1516 3093 ista
1544 3038 1791 3107 patientia
1828 3037 2104 3091 desursum

518 3132 849 3187 descendens
896 3148 909 3183 :
954 3131 1202 3199 patientia
1248 3146 1375 3184 vero
1418 3130 1622 3197 piorum
1666 3128 1944 3181 desursum
1988 3138 2107 3197 est,

518 3224 849 3279 descendens
872 3240 901 3277 a
936 3224 1090 3277 l’atre.
1117 3223 1397 3277 luminum.
1434 3222 1609 3291 Itaque
1642 3222 1725 3275 illa
1754 3230 1960 3276 terrena
1992 3230 2104 3291 est,

520 3320 616 3372 ista
658 3317 923 3381 cades-tis;
970 3316 1057 3369 illa
1088 3316 1333 3369 animalis
1353 3357 1368 3381 ,
1393 3315 1491 3367 ista
1514 3314 1840 3383 Spiritualis;
1874 3313 1960 3367 illa
1985 3314 2103 3368 dia—

519 3409 685 3463 bolica
705 3448 720 3472 ,
754 3407 853 3461 ista
894 3406 1102 3460 deitica.
1134 3406 1398 3471 Quoniam
1425 3403 1854 3473 concupiscentia
1873 3444 1886 3468 ,
1915 3419 2019 3473 qua
2049 3404 2107 3457 lit

519 3509 574 3552 ut
606 3506 885 3567 peccantes
918 3497 1093 3549 omnia
1126 3497 1465 3565 pertinaciter
1496 3496 1782 3564 patiantur,
1814 3511 1877 3549 ex
1908 3494 2105 3549 mundo

514 3600 633 3654 est;
670 3590 901 3643 charitas
936 3600 1148 3653 autem,
1179 3603 1279 3655 qua
1307 3587 1365 3640 lit
1400 3598 1454 3640 ut
1480 3597 1625 3641 recte
1664 3587 1902 3642 viventes
1927 3588 2103 3640 omnia

515 3683 723 3736 fortiter
750 3682 1035 3750 patiantur,
1054 3696 1117 3733 ex
1144 3680 1253 3733 Deo
1273 3687 1373 3733 est.
1396 3678 1596 3733 Etideo
1616 3679 1687 3732 illi
1719 3677 1867 3732 falsa:
1895 3678 2102 3748 patien-

516 3774 603 3825 tia:
632 3778 805 3841 potest
833 3772 949 3825 sine
985 3771 1249 3840 adjutorio
1282 3770 1371 3823 Dei
1403 3770 1648 3823 voluntas
1685 3769 1914 3822 humana
1948 3768 2103 3822 sulti-

514 3880 671 3929 cere;
702 3872 845 3918 tanto
866 3862 1068 3927 durior,
1091 3871 1290 3931 quanto
1315 3862 1584 3929 cupidior;
1614 3870 1753 3915 eteo
1777 3860 2105 3915 tolerabilius

515 3957 653 4010 mala
675 3958 941 4010 sustinens
962 3995 976 4016 ,
1004 3970 1108 4023 quo
1137 3954 1248 4023 ipsa
1284 3952 1339 4006 Iit
1370 3952 1519 4022 pejor
1548 3969 1560 4004 :
1596 3952 1718 4006 huic
1742 3960 1920 4006 autem
1944 3992 1959 4016 ,
1984 3966 2103 4021 qua:

513 4063 638 4101 vera
664 4048 913 4117 patientia
936 4055 1037 4111 est,
1063 4044 1181 4099 ideo
1202 4045 1444 4099 voluntas
1471 4043 1721 4109 humana,
1748 4042 1846 4097 nisi
1874 4042 2105 4111 desuper

514 4142 693 4209 adjuta
732 4150 786 4195 et
820 4140 1141 4193 inllnnmata
1162 4178 1177 4202 ,
1206 4153 1311 4191 non
1341 4135 1560 4201 sufﬁcit,
1583 4135 1705 4205 quia
1726 4134 1954 4203 Spiritus
1976 4149 2103 4188 san-

515 4242 635 4285 ctus
652 4241 736 4286 est
760 4232 893 4301 ignis
910 4232 1053 4299 ejus;
1075 4244 1180 4298 quo
1199 4228 1299 4283 nisi
1321 4242 1545 4282 accensa
1572 4228 1755 4297 diligat
1779 4225 2104 4295 impassibile

516 4327 714 4379 bonum
737 4366 749 4389 ,
779 4322 917 4377 ferre
949 4337 1051 4376 nou
1085 4328 1257 4390 potest
1285 4319 1425 4389 quod
1456 4320 1648 4389 patitur
1678 4317 1897 4371 malum.

586 4416 812 4470 CAPU'I‘
851 4414 1034 4469 XVIII.
1062 4443 1133 4453 —-—
1170 4414 1258 4467 15.
1301 4411 1367 4465 Ut
1404 4411 1624 4464 charitas
1664 4427 1726 4464 ea:
1763 4409 1903 4474 Deo,
1931 4410 2002 4464 ita
2041 4428 2104 4465 ea:

518 4510 626 4578 ipso
660 4507 897 4575 patientia
926 4521 1039 4557 veru
1073 4519 1186 4571 qua:
1216 4511 1385 4555 manat
1419 4518 1450 4554 a
1488 4503 1750 4554 tltaritate.
1780 4501 1928 4557 Sicut
1958 4503 2100 4557 enim

515 4601 691 4655 divina
721 4607 980 4653 testantur
1008 4596 1237 4665 eloquia,
1274 4594 1407 4648 Deus
1428 4595 1647 4648 charitas
1672 4604 1775 4659 est,
1806 4604 1853 4648 et
1876 4595 1962 4664 qui
1989 4612 2101 4648 ma-

516 4703 600 4746 net
628 4693 679 4743 in
718 4690 962 4743 clmritnte
985 4729 999 4754 ,
1026 4705 1078 4741 in
1111 4687 1213 4739 Deo
1246 4696 1411 4738 manet
1436 4727 1450 4751 ,
1480 4696 1525 4738 et
1568 4686 1704 4740 Leus
1729 4688 1779 4739 in
1808 4686 1897 4739 illo
1937 4697 2102 4740 manet

514 4784 558 4854 (1
578 4782 713 4837 Joan
762 4798 836 4843 iv,
875 4782 984 4852 I6).
1010 4780 1260 4847 Quisquis
1286 4794 1414 4847 ergo
1436 4778 1708 4833 contendit
1736 4778 1917 4833 haberi
1946 4794 2102 4849 posse

517 4877 608 4929 Dei
635 4874 943 4929 cll'triialcttt
977 4874 1092 4926 sine
1122 4872 1212 4925 Dei
1242 4871 1525 4939 adjutorio,
1556 4872 1678 4941 quid
1710 4871 1852 4925 aliud
1876 4881 2100 4927 conten-

514 4971 628 5035 dit,
675 4968 773 5021 nisi
817 4966 994 5021 haberi
1041 4967 1204 5019 Deum
1252 4980 1407 5034 posse
1439 4965 1553 5017 sine
1583 4966 1726 5017 lteo?
1765 4966 1892 5031 Quis
1923 4976 2097 5019 autem

517 5064 622 5117 hoc
648 5064 789 5117 dicat
812 5062 1187 5125 Christianus,
1208 5060 1353 5131 quod
1376 5059 1561 5114 nullus
1584 5058 1769 5115 dicere
1787 5060 1986 5114 audeat
2008 5058 2099 5115 in.

518 5157 1021 5212 saniisiExsulians
1042 5172 1172 5226 ergo
1200 5153 1341 5224 apud
1413 5154 1738 5223 Apostolum
1788 5166 1937 5214 vera,
1983 5152 2096 5222 pia,

520 5249 803 5315 Ildelisque
827 5250 1110 5317 patientia,
1135 5248 1267 5301 dicit
1290 5262 1383 5301 ore
1416 5255 1735 5300 sanctorum
1758 5247 1778 5276 ²
1808 5262 1820 5296 :
1850 5244 1980 5308 Quis
2002 5262 2097 5299 nos

518 5354 605 5405 sep
616 5338 784 5390 arabit
810 5356 841 5391 a
860 5340 1119 5393 :ltnritate
1134 5339 1372 5395 Christi?
1399 5336 1723 5392 Tribulatio?
1738 5354 1805 5390 an
1824 5337 2100 5407 angustia?

521 5446 588 5481 an
619 5432 940 5495 persecutio?
970 5448 1037 5482 an
1068 5434 1231 5500 {ames
1251 5435 1275 5487 ?
1298 5449 1364 5485 an
1404 5433 1648 5485 auditas?
1676 5448 1741 5484 an
1774 5430 2099 5498 periculum?

521 5539 589 5573 an
606 5520 814 5588 gladius
832 5524 856 5574 ἶ)
873 5524 1007 5575 sicut
1022 5525 1275 5591 scriptum
1291 5535 1387 5589 est,
1412 5525 1551 5589 Quia
1568 5533 1782 5591 propter
1806 5536 1855 5575 te
1873 5523 2097 5591 morti/io

522 5628 708 5665 cantur
729 5622 839 5665 tota
856 5614 959 5671 die.
974 5615 1209 5679 deputati
1232 5633 1413 5670 sumus
1434 5620 1568 5671 sicut
1585 5635 1701 5672 oves
1728 5619 1973 5673 victimar.
1996 5615 2097 5671 Sed

480 5734 487 5741 ι
525 5704 577 5757 in
594 5705 674 5756 Itis
705 5706 941 5757 omnibus
969 5708 1378 5773 superrincimus
1401 5726 1491 5777 per
1512 5728 1630 5764 eum
1648 5711 1738 5780 qui
1759 5710 1941 5765 dilexit
1962 5728 2054 5764 nos
2075 5725 2095 5764 .°

596 5840 610 5904 ξ
637 5840 738 5888 Duo
760 5838 855 5904 Mss
881 5836 966 5904 ,in
990 5834 1405 5904 cordibuscorum

591 5902 610 5931 ’
631 5901 875 5951 tLasaEiuus
900 5902 967 5949 Ms
996 5934 1010 5957 ,
1029 5900 1261 5959 patientia
1292 5909 1563 5951 sanctorum
1585 5900 1717 5955 dicit.

1657 465 1739 519 DE
1780 460 2162 524 PATIENTIA,
2204 460 2260 515 S.
2302 458 2667 514 AL’CUSTINI

3698 461 3804 516 εει

2217 591 2324 630 non
2355 590 2448 642 per
2485 590 2609 637 nos,
2638 573 2729 628 sed
2760 590 2847 643 per
2878 590 2989 627 eum
3013 574 3097 642 qui
3132 573 3307 627 dilexit
3332 591 3443 629 nos.
3477 575 3679 632 Deinde
3708 594 3799 633 se-

2216 667 2395 737 quitur
2414 676 2467 718 ct
2493 665 2750 733 adjungit,
2784 665 2958 718 Certus
2987 682 3099 718 sum
3124 667 3276 727 enim,
3307 667 3427 735 quia
3452 685 3611 736 neque
3639 687 3798 734 mors,

2216 772 2371 825 neque
2397 757 2519 817 vita,
2548 772 2705 823 neque
2728 757 2895 825 angeli
2917 797 2931 817 ,
2962 772 3119 823 neque
3143 756 3455 824 principatus
3476 798 3489 821 ,
3521 775 3680 827 neque
3709 777 3802 827 po-

2216 855 2413 898 testates
2434 884 2450 908 ,
2477 862 2633 913 neque
2655 846 2921 913 prwseutia
2942 887 2955 908 ,
2980 862 3133 914 neque
3153 849 3347 915 futura,
3378 864 3536 915 neque
3558 849 3800 911 altitudo,

2217 954 2371 1006 neque
2435 937 2779 1007 profundum,
2827 953 2985 1003 neque
3037 946 3265 989 creatura
3318 939 3421 991 alia
3478 942 3661 1008 poterit
3712 959 3801 994 nos

2214 1046 2451 1098 separare
2503 1046 2534 1080 a
2585 1029 2828 1081 clmritute
2877 1026 3006 1091 Dei,
3049 1044 3162 1099 qua:
3213 1040 3285 1082 est
3337 1031 3389 1083 in
3432 1029 3633 1085 Clu-isto
3675 1032 3802 1086 Jesu

2216 1120 2435 1175 Domino
2465 1132 2633 1174 nostro
2664 1121 2837 1189 (Rom.
2862 1136 2951 1173 vnl
2971 1160 2985 1184 ,
3019 1120 3228 1189 55-59).
3262 1121 3384 1175 lla-c
3410 1132 3489 1176 est
3512 1122 3601 1175 illa
3628 1125 3803 1176 chari-

2214 1222 2293 1265 tas
2329 1211 2456 1277 Dei,
2486 1228 2603 1281 qua:
2642 1210 2832 1278 di/fusa
2874 1222 2945 1265 est
2989 1213 3039 1264 in
3081 1212 3313 1265 cordibus
3339 1215 3525 1267 nostris
3552 1230 3569 1266 :
3601 1232 3706 1267 non
3738 1232 3800 1269 cit

2217 1303 2369 1355 nobis
2394 1344 2409 1368 ,
2437 1301 2530 1356 sed
2571 1319 2658 1371 per
2695 1302 2944 1371 Spiritum
2974 1313 3204 1355 sanctum
3244 1304 3329 1372 qui
3359 1304 3505 1357 datus
3533 1314 3605 1357 est
3636 1306 3799 1357 nobis.

2216 1393 2472 1446 Malorum
2512 1400 2688 1447 autem
2734 1393 3165 1462 concupiscentia,
3198 1402 3596 1462 propterquam
3640 1396 3693 1448 in
3725 1398 3804 1449 eis

2215 1494 2296 1537 est
2326 1484 2451 1537 falsa
2477 1484 2746 1551 patientia,
2770 1500 2869 1537 non
2891 1493 2961 1536 cst
2990 1500 3053 1536 ex
3080 1483 3251 1549 l’atre,
3280 1485 3415 1539 sicut
3439 1486 3568 1539 dicit
3589 1499 3801 1554 aposto-

2215 1573 2298 1627 lus
2327 1574 2561 1627 Joannes
2580 1615 2593 1637 ,
2627 1574 2716 1626 sed
2740 1590 2801 1626 ex
2831 1574 3017 1627 mundo
3042 1584 3133 1628 est.

2286 1664 2507 1719 CAPUT
2532 1664 2672 1717 XIX.
2692 1695 2760 1703 —
2783 1666 2865 1718 16.
2885 1664 2946 1718 Si
2971 1666 3218 1733 cupiditas
3235 1682 3295 1719 ea:
3317 1667 3527 1732 mundo,
3550 1677 3801 1734 quomodo

2215 1769 2277 1808 ex
2300 1754 2522 1807 humana
2546 1754 2814 1808 voluntate.
2847 1755 2995 1822 Quod
3034 1757 3145 1825 quis
3174 1773 3274 1809 non
3295 1758 3357 1809 sit
3376 1774 3438 1811 ea:
3462 1759 3672 1823 mundo,
3702 1778 3801 1813 non

2216 1857 2409 1900 natura:
2427 1856 2517 1913 est,
2548 1846 2635 1900 sed
2661 1848 2856 1918 gratim.
2887 1847 2983 1901 llic
3011 1847 3151 1901 dicet
3173 1847 3398 1917 aliquis:
3426 1850 3478 1903 Si
3501 1865 3569 1904 ex
3604 1853 3765 1903 mund
3787 1870 3801 1899 ι

2214 1949 2297 1995 εει
2334 1940 2759 2009 concupiscentia
2800 1940 3083 2005 malorum,
3131 1955 3226 2009 per
3266 1958 3424 2010 quam
3467 1944 3525 1995 Iit
3566 1953 3624 1997 ut
3664 1946 3797 1997 mala

2215 2032 2390 2085 omnia
2422 2047 2517 2100 pro
2552 2048 2615 2085 eo
2642 2030 2786 2101 quod
2829 2031 2896 2083 ab
2931 2031 3033 2085 illis
3070 2033 3463 2101 concupiscitur
3493 2035 3755 2102 perferant
3782 2077 3796 2097 ,

2214 2138 2322 2192 quo
2353 2123 2511 2176 modo
2553 2139 2615 2175 ex
2660 2138 2843 2175 eorum
2888 2121 3080 2176 dicitur
3126 2124 3429 2177 voluntate?
3468 2124 3627 2191 Quasi
3674 2142 3800 2179 vero

2216 2231 2320 2268 non
2344 2225 2391 2268 et
2425 2215 2521 2284 ipsi
2552 2230 2616 2268 cx
2648 2214 2846 2267 mundo
2872 2214 2998 2279 sint,
3026 2230 3145 2268 cum
3177 2214 3244 2268 ah
3274 2216 3353 2269 eis
3378 2215 3612 2286 diligitur
3642 2234 3797 2270 muns

2213 2308 2313 2362 dus
2333 2350 2348 2374 ,
2378 2308 2594 2361 deserto
2622 2322 2687 2361 eo
2717 2308 2731 2338 ¹
2764 2324 2857 2377 per
2885 2323 3043 2376 quem
3080 2308 3249 2360 factus
3274 2317 3355 2361 est
3392 2308 3643 2362 mundus.
3674 2310 3799 2362 Ser-

2213 2401 2351 2453 viunt
2379 2399 2519 2454 enim
2547 2408 2790 2451 creatura:
2816 2398 2980 2468 potius
2999 2415 3148 2467 quam
3172 2396 3417 2464 Creatori,
3441 2400 3525 2469 qui
3554 2410 3623 2452 est
3648 2400 3797 2453 bene-

2212 2491 2378 2544 dictus
2402 2491 2453 2543 in
2481 2490 2668 2543 swcula
2690 2489 2865 2561 (liam.
2891 2505 2903 2542 I
2926 2530 2940 2555 ,
2969 2489 3084 2559 ΞΒ).
3118 2490 3239 2544 Sive
3275 2489 3453 2559 itaque
3489 2492 3674 2544 mundi
3706 2510 3797 2542 ιιι-

2213 2580 2401 2635 cabulo
2459 2579 2691 2635 Joannes
2751 2580 3024 2649 apostolus
3076 2579 3363 2634 dilectores
3421 2581 3797 2648 signiticmcrit

2214 2672 2428 2735 mundi,
2457 2672 2701 2725 voluntas
2735 2687 2854 2741 qum
2888 2686 2952 2724 ex
2990 2670 3119 2739 ipsis
3147 2679 3228 2724 est
3251 2712 3265 2735 ,
3299 2672 3480 2741 utique
3506 2688 3571 2725 es
3602 2675 3798 2727 mundo

2212 2772 2293 2817 est
2326 2780 2338 2815 :
2366 2763 2477 2818 sive
2520 2762 2701 2816 mundi
2737 2762 2951 2817 nomine
2988 2763 3182 2816 coelum
3222 2772 3275 2816 ει
3316 2773 3509 2817 terram
3550 2774 3605 2818 et
3648 2783 3793 2835 qttzr-

2210 2870 2437 2923 cumque
2475 2854 2526 2907 in
2561 2854 2639 2908 eis
2675 2863 2830 2917 sunt,
2866 2856 2966 2907 hoc
3000 2861 3107 2917 est,
3149 2854 3451 2908 universam
3484 2859 3795 2925 complexus

2210 2947 2280 3001 sit
2316 2955 2644 3013 creaturam,
2676 2946 2919 3000 voluntas
2951 2945 3129 3013 procul
3161 2944 3320 2998 dubio
3355 2957 3648 3013 creatum,
3683 2964 3795 3017 qua!

2211 3054 2317 3093 non
2341 3050 2423 3093 est
2441 3037 2730 3103 Creatoris,
2754 3054 2817 3093 ex
2844 3038 3042 3092 mundo
3065 3046 3166 3092 est.
3194 3038 3417 3108 Propter
3437 3040 3580 3109 quod
3609 3042 3796 3095 talibus

2210 3132 2467 3186 Dominus
2495 3131 2624 3185 dicit
2654 3150 2665 3185 :
2711 3130 2806 3185 Vos
2847 3131 2906 3185 de
2936 3130 3171 3185 deorsum
3197 3132 3342 3196 estis,
3368 3149 3458 3201 ego
3494 3132 3557 3185 de
3595 3150 3792 3187 sursum

2208 3240 2316 3277 sum
2334 3238 2352 3277 :
2370 3238 2455 3277 vos
2475 3224 2537 3277 de
2562 3223 2655 3277 ltoc
2676 3223 2861 3276 mundo
2882 3223 3018 3288 estis,
3035 3239 3124 3293 ego
3146 3240 3245 3276 non
3265 3240 3374 3276 sum
3398 3225 3461 3277 de
3489 3224 3585 3277 hoc
3610 3226 3795 3277 mundo

2210 3315 2386 3386 (Joan.
2416 3332 2504 3370 vm
2525 3357 2540 3381 ,
2571 3316 2687 3385 25).
2728 3315 2998 3385 Apostolis
3022 3324 3198 3369 autem
3226 3314 3354 3370 dicit
3385 3333 3399 3369 :
3435 3316 3495 3369 Si
3522 3316 3587 3368 de
3610 3318 3795 3370 mundo

2209 3410 2301 3462 ltoc
2322 3410 2512 3475 essetis,
2542 3410 2759 3462 mundus
2780 3408 2914 3478 quod
2932 3424 3081 3461 suum
3102 3417 3174 3461 est
3195 3407 3445 3478 diligeret.
3473 3408 3581 3463 Sed
3606 3426 3673 3463 ne
3698 3408 3794 3461 sibi

2208 3502 2435 3570 amplius
2461 3509 2801 3570 arrogarent,
2834 3514 2992 3569 quam
3020 3514 3204 3553 eorum
3237 3514 3484 3553 mensura
3521 3503 3793 3569 poscebat,

2208 3601 2262 3646 et
2303 3592 2404 3647 hoc
2442 3590 2586 3661 quod
2626 3606 2719 3645 eos
2760 3606 2864 3644 non
2905 3606 3023 3645 esse
3065 3589 3193 3643 dixit
3222 3606 3284 3643 ex
3320 3590 3519 3645 mundo
3544 3632 3561 3655 ,
3592 3601 3795 3643 natura:

2209 3692 2456 3754 putarent
2475 3696 2615 3748 esse,
2636 3695 2739 3735 non
2761 3681 2944 3751 gratia:
2964 3698 2977 3734 :
2995 3681 3127 3745 Quia
3148 3698 3283 3747 vero,
3304 3682 3494 3750 inquit,
3522 3683 3585 3734 de
3608 3684 3793 3733 mundo

2208 3793 2308 3830 non
2329 3776 2466 3840 estis,
2489 3774 2575 3829 sed
2601 3790 2692 3844 ego
2717 3774 2843 3843 elegi
2861 3789 2947 3827 vos
2968 3773 3030 3826 de
3055 3774 3264 3839 mundo,
3290 3784 3556 3843 propterea
3583 3775 3690 3826 odit
3714 3790 3794 3826 ros

2208 3866 2427 3919 mundus
2465 3864 2577 3935 (ld.
2610 3880 2713 3930 xv,
2748 3864 2860 3933 I9).
2895 3864 3034 3934 Ergo
3064 3863 3130 3918 de
3164 3864 3362 3917 mundo
3390 3874 3545 3918 erant
3571 3866 3591 3895 ²
3627 3884 3639 3918 :
3676 3881 3793 3917 nam

2208 3967 2265 4012 ut
2293 3956 2360 4011 de
2390 3955 2588 4010 mundo
2616 3971 2720 4011 non
2748 3966 2926 4010 essent
2946 3997 2959 4019 ,
2992 3954 3146 4009 electi
3175 3965 3299 4008 sunt
3324 3953 3389 4009 de
3411 3955 3631 4009 mundo.

2276 4047 2502 4104 CAPUT
2541 4046 2859 4102 XX.—I7.
2900 4044 3095 4101 Electio
3134 4047 3314 4117 gratia:
3343 4048 3583 4115 prazvenit
3624 4050 3794 4099 omnia

2206 4142 2383 4195 merita
2429 4140 2579 4194 bona.
2631 4139 2809 4194 Gratia
2847 4140 2934 4193 dat
2979 4140 3195 4204 merita,
3238 4156 3340 4193 non
3388 4139 3577 4192 meritis
3622 4139 3791 4192 datur.

2208 4233 2460 4287 Prwvenit
2484 4232 2657 4302 ﬁdem.
2690 4232 2835 4287 lianc
2864 4241 3043 4287 autem
3080 4232 3396 4287 electionem
3441 4248 3548 4287 non
3587 4248 3791 4303 prame-

2207 4328 2444 4383 dentium
2488 4328 2539 4381 in
2589 4328 2741 4383 bonis
2774 4327 3027 4398 operibus
3067 4326 3400 4392 meritorum,
3446 4327 3539 4381 sed
3575 4329 3797 4382 electio-

2209 4435 2330 4474 ucm
2355 4419 2540 4489 gratia:
2568 4418 2941 4473 demonstrans
2969 4417 3275 4486 Apostolus,
3304 4418 3382 4471 sic
3412 4419 3583 4487 inquit
3612 4437 3625 4470 :
3655 4417 3721 4471 Et
3743 4419 3793 4471 iu

2208 4510 2303 4563 Itoc
2331 4519 2553 4579 tempore
2595 4508 2823 4577 reliquia:
2859 4525 2949 4578 per
2993 4508 3284 4561 electionem
3318 4510 3497 4579 gratia:
3537 4510 3693 4563 salva:
3717 4511 3796 4577 fa-

2206 4611 2302 4654 cta:
2324 4610 2460 4655 sunt.
2496 4600 2559 4655 Si
2585 4610 2754 4653 autem
2784 4601 2967 4670 gratia,
2992 4601 3105 4670 jam
3136 4617 3234 4653 non
3278 4616 3340 4655 ea:
3366 4604 3637 4672 operibus;
3666 4605 3792 4655 alio-

2207 4691 2327 4759 quin
2354 4691 2518 4759 gratia
2534 4690 2647 4760 jam
2676 4707 2775 4743 non
2802 4700 2873 4744 est
2899 4692 3061 4760 gratia
3094 4689 3268 4761 (Rom.
3303 4707 3353 4745 XI
3377 4734 3391 4758 ,
3427 4693 3460 4747 5
3486 4704 3532 4746 et
3560 4693 3639 4763 6).
3677 4695 3795 4748 Il.rc

2206 4791 2289 4835 est
2317 4780 2507 4835 electio
2531 4780 2736 4850 gratim,
2776 4781 2825 4834 id
2852 4791 2952 4844 est,
2983 4781 3177 4836 electio
3203 4797 3305 4851 qua
3337 4799 3430 4852 per
3458 4784 3549 4837 Dei
3572 4788 3793 4855 gratiam

2208 4870 2453 4925 homines
2481 4872 2763 4941 eliguntur.
2805 4871 2927 4925 llmc
2962 4882 3063 4931 est,
3094 4872 3331 4942 inquam,
3361 4874 3554 4928 electio
3590 4877 3790 4945 gratim,

2206 4978 2307 5031 qua
2358 4961 2534 5015 omnia
2583 4962 2719 5015 bona
2767 4961 2954 5015 merita
2998 4964 3392 5031 praeveniuntur
3439 4964 3695 5020 humana.
3740 4966 3793 5019 Si

2204 5055 2346 5108 enim
2377 5054 2497 5108 ntlis
2527 5054 2682 5107 bonis
2714 5054 2916 5108 meritis
2940 5055 3115 5119 datur,
3143 5055 3255 5125 jam
3283 5073 3387 5110 non
3420 5059 3585 5126 gratis
3618 5058 3791 5117 datur.

2205 5147 2297 5199 sed
2337 5145 2515 5199 debita
2553 5146 2813 5212 redditur,
2863 5160 2927 5200 ac
2968 5161 3065 5216 per
3106 5148 3207 5201 hoc
3249 5164 3353 5202 non
3410 5164 3536 5202 vero
3578 5151 3793 5204 nomine

2202 5236 2371 5304 gratia
2411 5245 2781 5305 nuncupatur;
2818 5235 2905 5289 ubi
2933 5252 3137 5300 merces,
3171 5238 3308 5291 sicut
3335 5237 3473 5291 idem
3503 5238 3633 5293 dicit
3664 5256 3793 5307 apo-

2203 5324 2391 5386 stolus,
2418 5342 2520 5379 non
2544 5326 2822 5395 imputatur
2851 5326 3124 5379 secundum
3145 5327 3382 5397 gratiam,
3408 5331 3497 5380 sed
3517 5332 3794 5381 secundum

2202 5416 2420 5469 debitum
2451 5415 2561 5489 (Id.
2607 5431 2678 5483 iv,
2711 5416 2786 5487 4).
2834 5416 2888 5471 Si
2928 5425 3103 5471 autem
3148 5426 3203 5470 ut
3233 5432 3356 5471 vera
3398 5418 3469 5471 sit
3504 5420 3694 5487 gratia,
3741 5419 3790 5471 id

2202 5518 2304 5571 est,
2332 5507 2580 5577 gratuita,
2623 5508 2753 5561 nihil
2782 5507 2983 5562 invenit
3014 5508 3064 5560 in
3096 5508 3334 5575 homine,
3364 5508 3447 5562 cui
3482 5514 3672 5563 merito
3701 5510 3791 5563 de-

2202 5600 2422 5664 beatur;
2458 5600 2598 5669 quod
2630 5601 2765 5656 bene
2796 5600 3106 5671 intelligitur
3142 5610 3195 5655 et
3240 5601 3293 5655 iu
3334 5618 3399 5656 co
3424 5603 3565 5672 quod
3594 5603 3790 5657 dictum

2266 5780 2279 5808 ί
2318 5777 2433 5826 ωιιί
2457 5812 2472 5836 ,
2519 5776 2791 5843 deserentes
2828 5790 2960 5828 eum.
2987 5787 3043 5843 _A_t
3078 5787 3191 5843 Mss.
3212 5812 3240 5843 ,Α
3274 5778 3462 5829 deserto
3486 5794 3540 5830 co
3570 5793 3587 5828 :
3614 5788 3787 5843 pi'a‘tet

2202 5854 2345 5887 utnnn
2374 5846 2634 5887 uetensem
2658 5840 2892 5898 codicem,
2915 5841 2996 5902 qui
3016 5841 3181 5899 habet,
3206 5840 3451 5890 deserente
3470 5855 3542 5891 eo.

2263 5904 2281 5928 ‘
2316 5909 2443 5957 Ima,
2470 5911 2562 5948 non
2580 5909 2732 5951 erant.
2762 5904 2925 5964 Abest,
2944 5915 3055 5963 twn,
3079 5906 3141 5951 ab
3160 5906 3238 5953 Er.
3258 5910 3309 5952 et
3327 5913 3354 5950 a
3380 5902 3599 5963 pluribus
3623 5911 3727 5953 διώ.
