4078 6512
335 368 429 424 εει
1761 351 1942 408 ΙΛΒΕΙ

2052 349 2201 410 NUS.

333 496 438 552 est,
472 483 582 539 Pro
609 478 770 537 nihilo
794 478 960 534 salvos
985 480 1140 551 [acies
1175 493 1261 532 eos
1290 474 1461 550 (Psal.
1491 489 1580 540 LV,
1608 472 1664 542 8)
1694 490 1707 526 :
1740 468 1920 542 prole-

334 585 424 631 etc
439 575 554 645 ipsa
580 572 674 628 dat
699 572 909 636 merita,
939 585 1049 626 nou
1077 567 1286 624 meritis
1305 567 1480 622 datur.
1505 564 1770 622 Praevenit
1798 575 1928 632 ergo

335 669 498 724 etiam
546 665 729 730 tidem,
776 681 843 720 ex
885 678 990 735 qua
1033 662 1214 718 omnia
1255 661 1395 717 bona
1438 673 1602 731 opera
1647 657 1923 727 incipiunt.

336 759 514 816 Justus
559 760 716 825 enim,
761 757 899 812 sicut
939 755 1196 826 scriptum
1238 763 1340 819 est,
1388 769 1451 808 ea
1487 751 1590 821 ﬁde
1630 751 1748 806 vivit
1786 748 1933 820 (lla-

338 853 446 907 bac.
484 867 543 916 u,
579 849 659 921 4).
706 849 876 904 Porro
909 859 1090 903 autem
1135 846 1305 918 gratia
1347 861 1452 900 non
1501 843 1673 899 solum
1714 841 1934 912 adjuvat

341 944 554 1012 iustum,
576 955 763 996 verum
793 941 953 996 etiam
976 938 1231 1010 justiﬁcat
1257 936 1498 1008 impium.
1530 935 1597 991 Et
1625 933 1744 990 ideo
1769 932 1932 990 etiam

343 1047 458 1088 rum
501 1031 716 1102 adjuvat
749 1029 976 1100 justum,
1009 1037 1062 1084 et
1108 1026 1321 1083 videtur
1359 1025 1475 1096 ejus
1515 1023 1721 1080 meritis
1756 1021 1926 1088 reddi,

343 1140 436 1181 nec
455 1125 534 1180 sic
564 1123 760 1180 desinit
787 1137 910 1178 esse
939 1120 1109 1192 gratia
1133 1136 1148 1186 ;
1175 1118 1428 1189 quoniam
1467 1116 1520 1172 id
1546 1103 1762 1186 adjuvat
1789 1113 1932 1197 quod

345 1220 449 1290 ipsa
492 1227 574 1274 est
607 1216 816 1288 largita.
867 1214 1094 1284 Propter
1131 1212 1272 1270 hanc
1313 1210 1494 1281 itaque
1535 1208 1782 1280 gratiam,
1813 1220 1934 1278 qua:

337 1321 529 1368 runcta
580 1311 722 1366 bona
769 1308 956 1365 merita
999 1306 1229 1361 humana
1275 1302 1554 1375 praecedit,
1601 1316 1708 1357 non
1757 1299 1930 1356 solum

344 1405 583 1464 Christus
611 1403 678 1458 ab
707 1402 886 1472 impiis
913 1400 1124 1456 occisus
1163 1408 1270 1465 est,
1299 1411 1486 1452 verum
1516 1395 1678 1450 etiam
1717 1409 1810 1465 pro
1837 1393 1932 1447 im-

342 1495 436 1563 piis
465 1502 692 1548 mortuus
738 1501 810 1548 est
837 1489 1012 1562 (Rom.
1049 1505 1102 1556 v,
1148 1487 1226 1558 6).
1261 1487 1328 1543 Et
1364 1495 1651 1556 antequam
1695 1497 1936 1538 morere-

343 1595 445 1654 tur,
477 1602 583 1642 non
622 1585 807 1656 utique
831 1584 1020 1654 justus,
1067 1580 1159 1637 sed
1182 1579 1556 1650 justilicandos
1598 1577 1755 1648 elegit
1783 1577 1931 1646 Apo-

340 1678 526 1741 stolus,
574 1677 768 1747 quibus
804 1677 898 1742 ait,
941 1673 1053 1745 Ego
1081 1689 1168 1727 vos
1194 1672 1258 1726 de
1303 1671 1492 1726 mumlo
1541 1670 1689 1741 elegi.
1730 1667 1935 1736 Quibus

341 1769 482 1824 enim
513 1766 669 1834 dixit,
701 1765 781 1821 De
823 1765 1014 1820 mundo
1058 1781 1159 1818 non
1197 1763 1348 1828 estis;
1394 1771 1448 1817 et
1493 1777 1558 1817 ne
1589 1770 1836 1832 putarent
1875 1775 1936 1815 se

341 1875 614 1930 nunquam
641 1859 805 1915 fuisse
840 1857 908 1914 de
934 1855 1155 1922 tnundo,
1199 1872 1322 1910 mox
1359 1853 1583 1920 addidit,
1613 1853 1702 1909 sed
1734 1868 1824 1924 ego
1850 1869 1938 1909 eos

341 1951 404 2005 de
439 1951 632 2005 mundo
668 1950 842 2020 elegi:
866 1948 1106 2020 profecto
1144 1956 1201 2003 ut
1229 1946 1297 2003 de
1344 1945 1543 2002 mundo
1585 1961 1690 2000 non
1731 1955 1934 2012 essent,

329 2042 510 2114 ipsius
545 2042 598 2096 in
633 2057 726 2097 eos
765 2039 1031 2096 electione
1068 2038 1319 2096 collatum
1345 2046 1449 2094 est.
1474 2037 1738 2104 Quocirca
1766 2037 1811 2093 si
1837 2051 1938 2108 per

341 2147 492 2188 suam
511 2131 794 2201 justitiam,
827 2147 932 2186 non
958 2145 1052 2200 per
1076 2129 1303 2201 gratiam
1323 2128 1441 2199 ejus
1459 2128 1805 2199 eligerentur,
1829 2141 1936 2184 non

343 2224 411 2280 de
439 2222 639 2279 mundo
664 2223 819 2279 electi
850 2231 1064 2277 essent:
1089 2220 1341 2292 quoniam
1371 2219 1440 2276 de
1470 2218 1670 2274 mundo
1689 2217 1802 2289 jam
1830 2232 1939 2274 non

343 2322 548 2382 essent,
591 2313 634 2368 si
656 2313 766 2384 jam
789 2312 919 2383 justi
947 2319 1152 2367 essent.
1182 2308 1386 2366 Deinde
1414 2309 1460 2364 si
1498 2317 1784 2380 propterea
1813 2314 1940 2362 sunt

343 2406 522 2475 electi,
560 2405 682 2476 quia
705 2405 816 2476 jam
848 2404 977 2474 justi
1021 2411 1204 2469 erant;
1237 2401 1339 2474 ipsi
1369 2400 1575 2473 priores
1607 2403 1718 2470 jam
1759 2399 1940 2456 Domi-

347 2517 476 2557 num
524 2500 818 2572 elegerant.
859 2499 990 2566 Quis
1031 2497 1175 2553 enim
1219 2502 1400 2568 potest
1437 2509 1558 2550 esse
1591 2493 1789 2563 justus,
1837 2492 1938 2547 nisi

345 2593 594 2665 eligendo
617 2591 918 2664 justitiam?
949 2589 1096 2645 Finis
1124 2599 1292 2644 autent
1321 2589 1448 2660 legis
1479 2588 1729 2651 Christus,
1760 2587 1829 2640 ad
1852 2587 1940 2652 iu-

347 2687 540 2740 stitiam
578 2684 716 2738 omni
751 2684 976 2739 credenti
1013 2681 1124 2754 (Id.
1153 2699 1208 2750 ι,
1239 2682 1321 2752 4).
1363 2681 1464 2748 Qui
1490 2683 1656 2754 [actus
1699 2690 1772 2734 est
1800 2678 1943 2735 nobis

348 2779 599 2845 sapientia
627 2794 658 2832 a
686 2777 811 2844 Deo,
842 2787 889 2832 et
922 2777 1146 2848 justitia,
1187 2785 1238 2830 et
1272 2759 1626 2844 sanctiﬁcatio,
1663 2783 1710 2830 et
1741 2775 1942 2830 redem-

350 2869 457 2939 ptio
482 2885 502 2924 :
525 2879 601 2936 ut,
623 2869 1047 2940 quemadmodum
1077 2868 1320 2936 scriptum
1348 2876 1437 2931 est,
1466 2865 1565 2932 Qui
1591 2866 1858 2937 gloriatur,
1891 2865 1944 2921 in

351 2959 574 3014 Domino
606 2959 851 3031 glorietur
883 2957 927 3026 (l
959 2956 1080 3014 Cor.
1111 2973 1148 3025 I,
1179 2957 1268 3022 50,
1299 2957 1409 3027 51).
1444 2956 1557 3026 Ipse
1584 2966 1664 3011 est
1690 2972 1817 3028 ergo
1847 2971 1944 3010 no-

350 3061 459 3105 stra
474 3049 701 3122 justitia.

423 3140 652 3198 CAPUT
676 3139 820 3196 XXI.
839 3171 910 3180 -—
933 3139 1018 3196 I8.
1061 3138 1252 3195 Gratia:
1273 3150 1318 3193 et
1345 3140 1466 3207 ﬁdei
1487 3139 1621 3194 dono
1644 3139 1794 3194 etiam
1815 3139 1948 3194 anti-

347 3236 439 3305 qui
466 3245 584 3290 ante
601 3234 995 3289 incarnationem
1016 3233 1285 3303 justi/irati
1315 3249 1451 3287 sunt.
1497 3233 1624 3288 Sine
1648 3232 1751 3302 [ide
1773 3233 1947 3289 nullus

350 3345 578 3399 unquam
588 3329 761 3400 justus
785 3329 904 3399 fuit.
933 3327 1081 3384 Unde
1102 3337 1156 3383 et
1182 3329 1385 3398 antiqui
1404 3328 1533 3396 justi
1551 3329 1947 3396 auteincarna—

353 3421 554 3474 tionem
585 3419 782 3488 ,Verbi,
832 3420 884 3474 in
938 3419 1039 3475 hac
1083 3419 1186 3475 lide
1227 3419 1450 3485 Christi,
1499 3428 1555 3474 ct
1601 3419 1654 3474 in
1695 3418 1797 3475 bac
1820 3435 1946 3476 vera

347 3511 578 3580 justitia,
624 3510 767 3581 quod
812 3519 894 3565 est
937 3510 1093 3566 nobis
1139 3509 1408 3577 Christus,
1459 3509 1738 3580 justilicati
1780 3521 1944 3574 sunt;

352 3601 458 3656 hoc
481 3600 765 3658 credentes
795 3601 1025 3656 futurum
1048 3601 1190 3672 quod
1219 3616 1316 3656 nos
1335 3601 1605 3657 credimus
1628 3601 1826 3658 factum
1857 3613 1950 3658 :et

350 3693 456 3762 ipsi
483 3692 653 3763 gratia
694 3677 824 3746 salvi
861 3691 986 3747 lacti
1015 3707 1111 3761 per
1136 3690 1317 3758 ﬁdem,
1346 3706 1453 3746 non
1485 3707 1550 3747 ex
1583 3707 1642 3747 sc
1672 3692 1821 3763 ipsis,
1853 3693 1948 3749 sed

350 3785 453 3840 Dei
481 3782 658 3849 dono;
709 3798 814 3838 non
859 3799 930 3838 ex
961 3783 1235 3852 operibus,
1281 3798 1349 3838 ne
1395 3781 1533 3837 forte
1561 3783 1948 3840 extollerentur

352 3873 576 3947 (Epltes.
611 3891 668 3939 ιι,
696 3876 750 3941 8,
777 3873 855 3946 9).
886 3875 1030 3929 Bona
1052 3875 1248 3944 quippe
1272 3889 1435 3944 opera
1463 3889 1648 3928 eorum
1677 3891 1782 3930 nou
1805 3891 1945 3947 prte-

352 3977 618 4022 venerunt
655 3965 1078 4020 misericordiam
1103 3965 1217 4031 Dei,
1243 3965 1337 4020 sed
1362 3965 1644 4021 subsecuta
1672 3976 1813 4021 sunt.
1844 3967 1946 4037 Ι[)›ἰ

351 4061 557 4130 quippe
600 4058 905 4124 audierunt,
950 4058 1050 4129 ipsi
1090 4057 1622 4143 scripserunt'longe
1663 4069 1949 4130 antequam

353 4154 604 4209 Christus
650 4153 883 4209 venisset
931 4153 981 4207 iu
1031 4166 1232 4208 carne:
1264 4151 1545 4206 Miserebor
1587 4153 1667 4206 cui
1719 4154 1951 4208 misertus

352 4262 464 4310 ero,
506 4253 553 4299 et
587 4243 978 4299 misericordiam
1009 4242 1258 4314 prwstabo
1282 4243 1364 4297 cui
1393 4244 1681 4298 misericors
1708 4244 1874 4314 fuero.
1908 4245 1950 4300 Ε

352 4336 554 4408 quibus
585 4335 677 4390 Dei
708 4335 908 4400 verbis,
939 4344 1086 4390 tanto
1113 4344 1233 4406 post
1274 4335 1550 4405 apostolus
1579 4335 1776 4391 Paulus
1805 4337 1949 4392 dice—

354 4439 462 4493 ret,
492 4428 660 4500 Igitur
693 4445 793 4483 non
820 4429 1027 4483 uolentis
1055 4444 1213 4500 neque
1241 4429 1508 4496 currentis,
1537 4429 1628 4484 sed
1667 4429 1951 4484 miserantis

354 4531 431 4576 cst
471 4519 562 4573 Dei
591 4519 786 4590 (Exod.
818 4536 1007 4583 xxxtu,
1040 4520 1126 4585 i9,
1161 4529 1208 4573 et
1240 4520 1390 4574 Rom.
1419 4536 1494 4585 ιιι,
1529 4520 1622 4584 15,
1657 4519 1772 4588 I6).
1805 4521 1953 4591 Ipso—

355 4629 478 4667 rum
509 4611 669 4667 ctiam
706 4627 806 4665 vox
833 4620 918 4666 est
944 4611 1100 4682 longe
1129 4620 1416 4682 antequam
1441 4611 1690 4668 Christus
1716 4614 1952 4669 venisset

356 4704 411 4758 in
451 4718 614 4758 earne
639 4720 652 4754 :
681 4701 821 4758 Deus
853 4719 1016 4768 meus,
1053 4704 1400 4758 misericordia
1439 4705 1550 4775 ejus
1575 4707 1842 4775 praeveniet
1874 4723 1952 4761 me

357 4793 531 4864 (Psul.
558 4811 701 4860 Lvtn,
730 4792 838 4866 II).
866 4794 1146 4862 Quomodo
1171 4805 1348 4850 autem
1389 4807 1609 4866 possent
1640 4798 1802 4852 alieni
1829 4815 1952 4855 esse

355 4901 386 4938 ει
417 4885 522 4940 lide
546 4872 765 4949 Clu-isti,
790 4902 1016 4954 quorum
1045 4885 1306 4941 cbaritate
1331 4887 1491 4941 etiam
1521 4888 1675 4942 nobis
1704 4905 1954 4959 prauum-

359 4976 520 5030 tiatus
547 4983 627 5030 est
653 4975 932 5042 Christus;
965 4976 1082 5030 sine
1125 4975 1278 5045 cujus
1307 4975 1411 5030 lide
1441 4977 1720 5047 quisquam
1755 4989 1956 5034 morta-

359 5067 490 5121 lium
528 5082 626 5122 uec
651 5066 770 5131 fuit,
805 5083 901 5122 nec
924 5075 1026 5133 est,
1069 5081 1168 5122 nec
1194 5082 1314 5122 esse
1340 5067 1623 5138 aliquando
1655 5069 1846 5138 poterit
1867 5070 1953 5138 ju-

357 5159 513 5215 stus?
551 5160 607 5215 Si
651 5176 781 5230 ergo
819 5161 930 5230 jam
957 5161 1086 5231 justi
1135 5177 1164 5215 a
1193 5161 1408 5217 Christo
1446 5161 1772 5230 eligerentur
1809 5164 1953 5234 Apo-

359 5254 502 5315 stoIi,
529 5255 676 5323 prius
695 5253 842 5308 illum
870 5255 970 5324 ipsi
991 5254 1299 5324 elegissent,
1325 5261 1383 5307 ut
1400 5253 1527 5322 justi
1549 5253 1670 5324 eligi
1699 5265 1950 5324 possent;

358 5345 479 5414 quia
507 5346 623 5401 sine
650 5345 740 5402 illo
771 5345 900 5416 justi
932 5363 1050 5400 esse
1094 5361 1198 5400 non
1227 5355 1466 5414 possent.
1505 5345 1612 5400 Sed
1641 5361 1746 5401 non
1777 5346 1846 5400 ita
1880 5346 1954 5401 la-

359 5450 501 5493 etum
533 5449 617 5494 est
649 5457 662 5492 :
696 5440 808 5508 ipse
844 5439 1041 5508 quippe
1073 5438 1178 5491 illis
1209 5437 1301 5500 ait,
1345 5435 1466 5490 Non
1495 5452 1579 5490 vos
1613 5453 1690 5490 me
1714 5437 1951 5508 elegistis,

360 5531 447 5586 sed
474 5548 566 5602 ego
593 5548 678 5586 vos
700 5531 851 5601 elegi.
877 5530 1028 5586 Unde
1067 5528 1197 5584 dicit
1241 5529 1513 5600 apostolus
1543 5527 1796 5593 Joannes,
1832 5527 1954 5583 Non

355 5626 490 5696 quod
517 5623 842 5678 dilexerimus
873 5623 1058 5690 Deum,
1085 5623 1174 5678 sed
1198 5625 1318 5694 quia
1353 5624 1460 5694 ipse
1489 5623 1628 5692 prior
1654 5622 1828 5676 dilexit
1862 5640 1952 5675 nos

358 5718 397 5788 (Ι
426 5720 585 5771 Joan.
617 5733 689 5783 Iv,
721 5717 828 5786 IO).
1001 5782 1006 5786 η

452 5809 684 5864 CAPUT
724 5807 887 5864 XXII.
920 5840 989 5848 -—
1020 5807 1100 5862 I9.
1143 5806 1271 5862 Ante
1312 5807 1490 5877 gratia:
1539 5800 1946 5862 electioncmin-

3533 350 3638 412 69.2

2030 471 2162 540 just:
2201 484 2392 524 omnes.
2418 467 2571 538 Quod
2599 483 2720 525 cum
2768 469 2836 524 ita
2874 469 2964 536 sit,
3003 469 3125 540 quid
3154 480 3237 526 est
3264 469 3426 527 homo
3469 481 3626 528 utens

2039 558 2096 614 in
2121 557 2222 615 hac
2247 559 2355 615 vita
2388 559 2604 631 prepria
2627 558 2920 624 voluntate,
2943 571 3232 632 antequam
3271 562 3431 634 eligat
3456 573 3509 620 et
3539 565 3625 620 di-

2037 648 2168 720 ligat
2212 650 2398 716 Deum,
2451 651 2553 705 ttisi
2594 651 2824 722 injustus
2862 661 2916 708 et
2957 653 3188 723 impius?
3217 653 3354 722 Quid
3390 665 3500 722 est,
3549 657 3631 712 in-

2037 756 2220 811 quam,
2251 740 2413 796 homo
2437 742 2696 799 aberrans
2718 758 2748 798 a
2770 743 3022 800 Creatore
3050 755 3315 812 creatura,
3345 747 3444 802 nisi
3471 747 3635 805 Crea-

2041 843 2124 890 tor
2143 834 2260 906 ejus
2295 851 2501 892 memor
2529 835 2598 894 sit
2620 836 2738 907 ejus
2765 835 2937 910 (Psal.
2971 854 3082 905 VIII,
3114 836 3195 911 5),
3227 849 3282 895 et
3322 839 3481 912 eligat
3506 858 3630 898 eum

2039 928 2228 997 gratis,
2259 937 2314 984 et
2341 928 2525 1000 diligat
2557 929 2757 1000 gratis?
2783 930 2917 996 Quia
2946 931 3058 1001 ipse
3087 947 3192 986 non
3235 940 3410 1002 potest
3433 935 3632 1003 eligere

2041 1019 2128 1075 Vel
2165 1019 2409 1090 diligere,
2455 1020 2558 1076 nisi
2598 1021 2744 1091 prius
2781 1022 2985 1078 electus
3026 1021 3363 1095 dilectusque
3389 1037 3629 1090 curetur.

2037 1113 2128 1185 qui
2161 1114 2402 1170 caecitate
2445 1114 2688 1186 eligenda
2735 1131 2842 1171 non
2889 1117 3079 1183 cernit,
3125 1123 3182 1172 et
3221 1117 3477 1190 languore
3514 1119 3638 1180 dili-

2039 1204 2214 1276 genda
2241 1205 2460 1262 fastidit.
2488 1204 2594 1263 Sed
2624 1206 2762 1264 forte
2801 1209 2922 1279 quis
2960 1208 3448 1278 dicatzQuomodo
3488 1212 3632 1268 Deus

2039 1296 2187 1370 prius
2226 1298 2378 1369 eligit
2415 1307 2470 1354 et
2501 1299 2671 1372 diligit
2715 1301 2945 1371 iniquos,
2977 1312 3034 1356 ut
3054 1302 3313 1373 justilieet
3349 1319 3468 1371 eos,
3509 1321 3630 1361 cum

2040 1391 2296 1461 scriptum
2328 1392 2418 1456 sit,
2452 1391 2640 1458 Odisti,
2671 1393 2907 1459 Domine,
2941 1411 3112 1451 omnes
3149 1406 3414 1467 operantes
3442 1399 3636 1470 iniqui-

2041 1491 2190 1536 tatem
2218 1481 2390 1554 (Psal.
2421 1499 2475 1550 v,
2504 1483 2598 1555 7)?
2630 1484 2912 1552 Quomodo
2952 1495 3218 1556 putamus,
3266 1487 3370 1543 nisi
3415 1489 3551 1546 miro
3581 1499 3636 1544 et

2042 1573 2294 1629 ineﬂ‘abili
2323 1575 2523 1630 modo?
2549 1576 2612 1630 Et
2637 1587 2810 1632 tamen
2835 1577 2995 1632 etiam
3020 1594 3118 1634 nos
3145 1592 3431 1649 possumus
3449 1580 3464 1611 ¹
3485 1580 3632 1649 cogi-

2042 1672 2194 1729 tare,
2241 1663 2382 1734 quod
2430 1665 2666 1721 medicus
2705 1667 2877 1723 bonus
2911 1678 3169 1739 :egrotum
3221 1678 3276 1726 et
3321 1670 3434 1725 odit
3476 1681 3530 1725 et
3559 1671 3633 1724 tli-

2043 1755 2333 1825 Iigit:odit
2368 1757 2534 1824 enim,
2591 1757 2712 1828 quia
2762 1769 3018 1830 mgrotat;
3075 1759 3266 1831 diligit,
3311 1769 3372 1816 ιιι
3421 1761 3634 1832 a-gritu—

2042 1848 2221 1905 dinem
2250 1849 2433 1919 pellat.

2113 1940 2340 1998 CAPUT
2386 1941 2648 1999 XXlIl.—
2667 1943 2757 2001 20.
2801 1944 3068 2011 Quomodo
3105 1946 3328 2000 charitas
3367 1962 3497 2001 verte
3540 1964 3638 2018 pa-

2045 2034 2254 2102 tientiae,
2280 2038 2352 2089 ita
2374 2036 2630 2108 cupiditas
2660 2041 2776 2110 fons
2798 2038 2950 2094 uiola:
2974 2040 3250 2110 patientiae.
3276 2040 3400 2094 llaec
3425 2050 3641 2111 propter

2044 2127 2362 2184 charitatem
2391 2129 2532 2186 dicta
2573 2132 2701 2196 sint,
2734 2133 2852 2188 sine
2879 2149 2982 2203 qua
3024 2134 3078 2188 in
3127 2135 3282 2190 nobis
3329 2149 3434 2189 non
3467 2145 3642 2205 ιωιομι

2044 2233 2164 2274 esse
2195 2235 2320 2276 vera
2350 2223 2644 2290 patientia:
2673 2224 2795 2293 quia
2837 2223 2889 2278 in
2935 2225 3088 2279 bonis
3125 2225 3360 2282 charitas
3402 2227 3496 2282 Dei
3534 2238 3638 2291 est.

2044 2327 2164 2381 qum
2192 2313 2384 2370 tolerat
2413 2317 2615 2382 omnia,
2660 2317 2798 2371 sicut
2845 2317 2896 2371 in
2945 2318 3102 2372 malis
3133 2318 3316 2372 mundi
3349 2318 3637 2388 cupiditas.

2045 2403 2152 2459 Sed
2180 2403 2296 2460 haec
2323 2405 2558 2461 charitas
2588 2423 2683 2477 per
2713 2407 2970 2477 Spiritum
2999 2417 3241 2462 sanctum
3269 2417 3351 2464 est
3375 2409 3429 2463 in
3459 2409 3637 2476 nobis,

2045 2495 2135 2565 qui
2167 2495 2324 2551 datus
2352 2505 2436 2552 est
2470 2497 2640 2552 nobis.
2678 2497 2829 2554 Unde
2874 2514 2906 2553 a
2936 2513 3044 2568 quo
3077 2499 3231 2553 nobis
3269 2509 3354 2554 est
3381 2499 3639 2566 charitas,

2047 2586 2116 2641 ab
2145 2583 2240 2642 illo
2267 2596 2352 2642 est
2383 2587 2659 2658 patientia.
2691 2588 2870 2643 Mundi
2910 2597 3088 2643 autent
3115 2588 3401 2659 cupiditas,
3428 2591 3644 2661 quando

2049 2677 2314 2747 patienter
2352 2678 2580 2733 sustinet
2621 2694 2786 2734 onera
2824 2678 3108 2748 cujuslibet
3149 2680 3491 2746 calamitatis,
3534 2682 3646 2752 glo-

2047 2768 2217 2824 riatur
2236 2768 2302 2825 de
2329 2769 2532 2825 viribus
2558 2771 2786 2841 propria:
2816 2771 3124 2839 Voluntatis,
3151 2779 3402 2843 tanquam
3429 2773 3497 2829 de
3528 2785 3642 2829 stu-

2049 2877 2178 2933 pore
2207 2863 2401 2929 morbi,
2431 2865 2625 2920 nonde
2650 2865 2841 2920 robore
2871 2865 3134 2922 sanitatis.
3168 2865 3391 2921 insana'
3428 2877 3512 2922 est
3542 2867 3641 2922 ista

2049 2955 2332 3024 gloriatio;
2361 2972 2466 3012 non
2494 2967 2578 3012 est
2603 2957 2894 3028 patientite,
2926 2957 3021 3014 sed
3042 2957 3349 3014 dementias.
3380 2959 3640 3014 Voluntas.

2051 3049 2152 3104 ista
2200 3057 2350 3105 tanto
2398 3049 2612 3105 videtur
2656 3049 2946 3120 patientior
2987 3050 3307 3106 acerborum
3354 3050 3640 3118 malorum,

2051 3150 2254 3212 quanto
2291 3151 2374 3198 est
2409 3141 2616 3198 avidior
2642 3142 3015 3214 temporalium
3041 3141 3328 3211 bonorum,
3369 3143 3492 3214 quia
3531 3143 3646 3199 ina-

2052 3230 2176 3287 uior
2200 3241 2547 3288 teternorum.

2123 3324 2349 3382 CAPUT
2389 3325 2578 3382 XXIV.
2598 3325 2774 3382 —2|.
2828 3327 3144 3383 Voluntatem
3163 3329 3349 3383 malam
3373 3346 3480 3385 esse
3502 3346 3648 3400 posse

2052 3417 2205 3472 etiam
2255 3419 2365 3474 sine
2421 3419 2630 3492 spiritus
2675 3421 2800 3475 ntali
2839 3422 3179 3493 instigatione.
3234 3420 3387 3488 Quod
3429 3422 3474 3476 si
3527 3437 3643 3477 eain

2053 3510 2288 3582 exagitat
2332 3520 2387 3567 et
2436 3511 2735 3567 inﬂammat
2789 3511 3064 3568 fallacibus
3121 3513 3292 3568 visis'
3343 3521 3400 3568 et
3443 3513 3650 3568 suasio-

2055 3601 2213 3658 nibus
2263 3601 2552 3660 immundis
2607 3603 2906 3659 diabolicus
2970 3604 3233 3674 spiritus‘
3308 3614 3362 3658 et
3417 3604 3646 3674 maligna

2054 3693 2452 3764 conspiratione
2504 3694 2758 3760 sociatus,
2803 3694 2970 3750 efﬁcit
3018 3693 3252 3749 hominis
3296 3693 3646 3755 voluntatem,

2057 3785 2139 3840 vel
2182 3799 2367 3841 errore
2408 3784 2734 3852 dementem,
2775 3785 2860 3840 vel
2897 3785 3136 3855 appetitu
3168 3784 3452 3854 cujuslibet
3493 3800 3650 3840 mun-

2055 3877 2209 3932 dante
2264 3876 2631 3933 delectationis
2687 3875 2961 3932 ardentem
3004 3893 3017 3931 :
3060 3891 3180 3946 qua:
3223 3890 3349 3933 cum
3401 3875 3650 3932 videtur'

2057 3967 2409 4028 intolerabilia
2449 3969 2765 4025 mirabiliter
2809 3968 3104 4032 sustinere,
3161 3983 3267 4024 non
3318 3975 3497 4022 tamen
3524 3968 3649 4024 ideo

2055 4066 2215 4122 etiam
2257 4064 2503 4120 voluntas
2542 4063 2679 4119 mala
2719 4062 2836 4118 sine
2885 4063 3225 4132 instigatione
3268 4061 3491 4118 alterius
3543 4062 3646 4117 im-

2057 4158 2238 4214 mundi
2284 4157 2523 4226 spiritus,
2569 4157 2710 4212 sicut
2759 4157 3006 4211 voluntas
3046 4157 3184 4211 bona
3227 4157 3344 4211 sine
3381 4156 3648 4227 adjutorin

2056 4251 2224 4306 sancti
2248 4249 2477 4319 Spiritus
2509 4265 2614 4304 non
2643 4258 2817 4319 potest
2843 4264 2986 4304 esse.
3031 4248 3162 4304 Nam
3203 4263 3324 4304 esse
3352 4263 3512 4318 posse
3540 4265 3643 4302 vo-

2058 4343 2315 4398 luntatem
2361 4343 2554 4397 malam
2593 4342 2753 4396 etiam
2803 4343 2920 4397 sine
2960 4342 3138 4413 aliquo
3188 4341 3377 4412 spiritu
3429 4342 3510 4398 vel
3561 4357 3648 4396 se-

2057 4436 2286 4491 ducentc
2315 4435 2398 4490 vel
2427 4436 2702 4500 incitante,
2735 4435 2787 4489 in
2817 4434 2933 4505 ipso
2961 4433 3180 4490 diabolo
3224 4435 3356 4490 satis
3403 4435 3648 4490 ostendi-

2059 4537 2164 4591 tur,
2193 4526 2283 4597 qui
2310 4541 2404 4596 per
2425 4527 2627 4580 nullum
2656 4526 2818 4580 alium
2847 4525 3140 4591 diabolum,
3177 4525 3270 4580 sed
3300 4526 3511 4596 propria
3547 4541 3648 4579 vo-

2059 4618 2262 4674 luntate
2343 4616 2512 4673 lactus
2569 4616 2813 4672 diabolus
2873 4617 3158 4672 invenitur.
3225 4616 3483 4672 Voluntas
3550 4617 3652 4671 ita-

2059 4726 2163 4780 que
2227 4710 2366 4764 mala
2419 4710 2531 4765 sive
2581 4709 2871 4779 cupiditate
2935 4711 3215 4780 rapiatur,
3277 4709 3395 4764 sive
3455 4709 3650 4765 timore

2060 4811 2374 4868 revocetur,
2426 4803 2539 4858 sive
2609 4803 2792 4858 laetitia
2857 4801 3222 4865 dill‘undatur,
3291 4801 3410 4856 sive
3479 4800 3652 4856 tristi-

2061 4895 2132 4949 tia
2170 4897 2536 4962 contrahatur,
2567 4903 2728 4966 atque
2763 4895 2816 4950 in
2873 4895 2955 4949 his
2994 4895 3241 4948 omnibus
3290 4893 3651 4962 perturbatio.

2061 4989 2218 5044 uibus
2258 4988 2420 5042 animi
2463 5001 2814 5058 qutecumque
2851 4995 2975 5041 sunt
3018 4985 3136 5038 aliis
3181 4984 3264 5039 vel
3305 4984 3411 5038 alio
3449 4993 3652 5055 tempo-

2061 5079 2154 5135 re‘
2189 5080 2433 5151 graviora
2470 5086 2781 5134 contemnat
2831 5087 2887 5132 et
2935 5075 3194 5146 pet-lerat;
3223 5085 3402 5145 potest
3435 5086 3492 5133 et
3532 5078 3652 5134 sine

2128 5257 2140 5288 ¹
2181 5263 2245 5306 tta
2265 5256 2363 5306 duo
2384 5253 2594 5304 Vaticani
2617 5259 2724 5302 Mss.
2751 5251 2834 5300 Alii
2853 5263 2972 5302 vero
2994 5249 3220 5314 plerique
3241 5257 3352 5301 cum
3376 5253 3538 5313 etlitis,
3563 5267 3657 5303 tum

2062 5331 2328 5383 possumus.
2533 5376 2561 5383 __
2589 5377 2599 5383 _
2803 5372 2815 5383 _

2127 5382 2147 5410 ²
2180 5380 2253 5428 sic
2275 5387 2380 5427 Mss.
2406 5383 2462 5426 At
2486 5376 2620 5429 editi.
2654 5376 2861 5424 Insania.

2128 5442 2148 5472 ³
2182 5440 2350 5490 Plures
2364 5447 2493 5496 tis-3.,
2518 5436 2711 5488 risibus.
2731 5443 2780 5485 tu
2804 5434 3037 5498 persimili
3061 5434 3170 5486 Ioco
3191 5434 3304 5485 libri
3319 5436 3383 5486 de
3399 5439 3658 5486 Continen-

2063 5505 2146 5562 tia,
2171 5515 2277 5565 cap.
2301 5503 2350 5572 9.,
2377 5501 2490 5572 n_._3,
2518 5498 2700 5560 legitur
2723 5514 2738 5551 :
2770 5516 2792 5545 ι
2809 5499 3032 5571 Quisquis
3049 5500 3097 5547 in
3123 5498 3270 5548 corde
3287 5501 3656 5572 occurrentibus

2071 5585 2094 5611 α
2115 5563 2515 5626 suggestionilms
2538 5573 2845 5633 quorumque
2866 5563 3178 5633 visorumrm
3205 5563 3469 5632 consensit.
3491 5577 3513 5603 ι

2128 5627 2149 5657 δ
2186 5626 2373 5675 ΑΙὶιιυοι
2392 5631 2520 5675 Mss.
2543 5624 2823 5674 unumndus
2843 5628 2892 5673 et
2914 5621 3180 5674 diabolicus
3201 5629 3420 5675 sumtus.
3454 5628 3508 5672 t-lt
3541 5632 3654 5675 ιηοι

2128 5636 2149 5657 δ
2186 5636 2373 5688 Aliquot
2393 5636 2520 5683 Mss,
2543 5636 2823 5674 mtuumaus
2843 5636 2892 5673 et
2914 5636 3180 5674 ataoomtus
3201 5636 3420 5686 spiritus.
3454 5636 3508 5672 nt
3541 5636 3633 5670 tuo:

2065 5689 2274 5738 Vaticani
2296 5689 2410 5746 duo,
2432 5685 2477 5736 ei
2494 5684 2706 5748 nutligna
2723 5683 3070 5748 conspiratione
3091 5682 3314 5734 sociatus.
3348 5743 3359 5748 Α
3385 5742 3396 5748 _

2127 5751 2150 5781 ⁸
2182 5749 2254 5811 sic
2277 5742 2441 5811 proba:
2465 5755 2592 5798 notua
2611 5742 2723 5811 Mss.
2747 5755 2802 5798 Αι
2827 5742 2961 5804 editi,
2986 5758 3300 5810 quascumque
3318 5742 3559 5798 ridentur.

2131 5812 2151 5843 ⁶
2186 5809 2410 5874 Plerique
2432 5818 2562 5874 Mss,
2587 5809 2658 5862 rel
2675 5823 2731 5860 eo
2753 5816 2980 5873 tempore.
