4018 6500
432 362 538 415 61’3

431 479 649 532 alterius
689 475 904 546 spiritus
947 471 1198 528 instinctu
1242 484 1301 526 se
1349 471 1459 539 ipsa
1502 470 1777 535 seducere,
1819 478 1871 522 et
1922 467 2014 523 de-

433 573 572 624 t'eetu
605 583 636 623 a
676 564 1039 637 superioribus
1099 562 1152 617 in
1183 560 1435 616 inferiora
1495 560 1768 630 lapsando,
1819 567 2018 630 quanto

430 659 712 730 jucundius
757 654 1134 721 aestimat-crit,
1179 653 1320 724 quod
1371 653 1592 724 adipisci
1645 653 1880 724 appetit,
1934 651 2018 707 vel

429 751 674 806 amittere
711 748 920 812 metuit,
959 747 1044 802 vel
1082 745 1336 816 adeptqu
1375 744 1589 816 gaudet,
1629 745 1715 799 vel
1760 744 2014 798 amissum

431 841 594 905 dolet,
624 847 770 895 tanto
801 837 1136 892 tolerabilius
1157 851 1255 906 pro
1279 850 1344 890 eo
1373 835 1511 890 ferre
1538 833 1683 905 quod
1709 833 1808 888 sibi
1841 834 2018 887 minus

428 941 511 985 est
541 930 606 985 ad
634 929 964 999 patiendum,
996 942 1154 998 quam
1181 926 1307 980 illud
1329 926 1394 980 ad
1424 924 1721 979 fruendum.
1749 923 2014 994 Quidquid

428 1023 572 1076 enim
601 1021 728 1075 illud
773 1030 877 1085 est,
920 1035 988 1074 ex
1015 1027 1255 1073 creatura
1298 1027 1401 1082 est,
1433 1016 1584 1084 cujus
1626 1025 1748 1069 uota
1778 1015 2018 1083 voluptas

432 1112 576 1166 est'.
613 1111 856 1179 Quodam
899 1109 1057 1163 modo
1101 1109 1241 1162 enim
1279 1106 1524 1160 l'amiliari
1566 1112 1814 1160 contactu
1861 1113 2018 1172 atque

429 1221 676 1261 Connexu
719 1204 784 1258 ad
837 1201 1214 1274 experiendam
1265 1202 1382 1267 ejus
1435 1199 1749 1253 suavitatem
1809 1196 2017 1266 adjacet

429 1298 628 1352 3111111111
658 1304 918 1352 creatura)
946 1302 1120 1349 amata
1149 1302 1412 1348 creatura.

499 1388 726 1446 CAPUT
766 1387 931 1442 XXV.
959 1414 1030 1426 -—
1055 1384 1145 1438 22.
1186 1383 1332 1438 Bona
1377 1383 1608 1436 voluntas
1650 1397 1751 1435 non
1798 1380 1896 1435 nisi
1952 1395 2017 1434 ea:

436 1480 569 1534 Deo.
603 1481 856 1549 Voluptas
877 1487 1054 1532 autem
1083 1475 1374 1540 Creatoris,
1405 1474 1473 1529 de
1494 1489 1595 1544 qua
1625 1472 1880 1542 scriptum
1910 1481 2011 1534 est,

435 1572 502 1625 Ιιῖι
534 1581 754 1624 torrente
786 1569 1058 1639 voluptatis
1085 1578 1184 1620 tua:
1212 1566 1405 1636 potabis
1435 1581 1518 1618 eos
1540 1563 1710 1634 (Psal.
1745 1579 1910 1627 xxxv,
1933 1560 2012 1635 9),

434 1665 589 1731 longe
629 1662 845 1715 alterius
891 1660 1102 1730 generis
1146 1665 1228 1713 est
1259 1675 1271 1711 :
1305 1671 1477 1726 neque
1515 1655 1680 1721 enim,
1721 1655 1858 1709 sicut
1894 1669 2012 1718 nos,

430 1761 672 1806 creatura
707 1759 808 1803 est.
841 1749 950 1804 Nisi
993 1763 1121 1818 ergo
1155 1761 1308 1801 amor
1334 1746 1448 1815 ejus
1483 1745 1639 1799 detur
1675 1743 1798 1799 inde
1839 1743 2013 1808 nobis,

432 1860 536 1897 non
559 1852 642 1898 est
663 1842 802 1896 unde
832 1855 951 1896 esse
984 1841 1150 1910 possit
1181 1839 1232 1893 in
1265 1839 1438 1894 nobis.
1471 1839 1548 1892 Ac
1577 1853 1674 1908 per
1704 1838 1804 1892 hoc
1825 1838 2015 1892 volun-

431 1947 512 1990 tas
556 1936 715 2000 bona,
757 1950 858 2005 qua
888 1934 1124 2004 diligitur
1164 1934 1325 1999 Deus,
1364 1932 1415 1986 in
1446 1932 1664 1987 homine
1707 1947 1813 1986 non
1841 1941 2013 2001 potest

426 2043 566 2093 esse,
602 2029 700 2082 nisi
733 2028 784 2081 in
820 2041 925 2097 quo
957 2027 1104 2081 Deus
1127 2033 1382 2096 operatur
1413 2033 1467 2079 et
1495 2023 1630 2079 velle
1659 2022 1914 2096 (Philipp.
1953 2040 2011 2088 ιι,

431 2123 540 2191 15).
579 2121 702 2176 llaec
732 2121 889 2190 igitur
920 2120 1167 2174 voluntas
1207 2119 1367 2184 bona,
1403 2118 1453 2172 id
1499 2127 1602 2184 est,
1632 2119 1876 2173 voluntas
1907 2119 2015 2173 Deo

433 2213 660 2267 tideliter
696 2211 929 2277 subdita,
975 2211 1224 2266 voluntas
1261 2209 1540 2264 sanctitate
1563 2209 1776 2278 superni
1809 2209 2017 2263 ardoris

429 2322 672 2369 accensa,
703 2305 945 2360 voluntas
967 2320 1085 2375 qua:
1118 2304 1286 2375 diligit
1313 2304 1476 2358 Deum
1494 2311 1548 2358 et
1572 2303 1868 2372 proximum
1894 2318 2019 2373 pro-

431 2409 545 2466 pter
573 2399 771 2461 Deum;
803 2397 915 2452 sive
957 2410 1159 2461 amore,
1197 2395 1264 2450 dc
1310 2409 1415 2464 quo
1435 2392 1723 2462 respondet
1742 2393 2016 2464 apostolus

430 2491 636 2550 Petrus,
669 2487 902 2553 Domine,
948 2496 1002 2542 tu
1038 2488 1135 2541 scis
1163 2487 1282 2558 quia
1318 2503 1434 2539 unto
1461 2495 1508 2539 te
1528 2484 1710 2556 (Joan.
1736 2501 1855 2553 xxi,
1884 2486 2010 2557 15);

429 2583 540 2634 sive
567 2580 774 2646 timore,
803 2577 870 2634 de
897 2593 1004 2649 quo
1031 2577 1157 2633 dicit
1184 2577 1458 2648 apostolus
1500 2575 1715 2641 Paulus,
1744 2577 1799 2631 in
1841 2577 2018 2631 timore

428 2682 475 2724 et
509 2682 719 2725 tremore
765 2679 980 2725 vestram
1016 2669 1246 2740 ipsorum
1283 2669 1498 2722 salutem
1542 2667 1824 2735 operamini
1861 2666 2018 2740 (Phi-

431 2765 556 2833 lipp.
587 2779 641 2823 ιι,
674 2759 794 2833 I'Z);
817 2763 929 2816 sive
954 2761 1164 2832 gaudio,
1189 2760 1258 2814 de
1281 2776 1388 2831 quo
1408 2760 1558 2825 dicit,
1590 2760 1696 2831 Spe
1713 2761 2011 2832 gaudentes,

427 2854 481 2905 in
507 2852 829 2905 tribulatione
858 2851 1102 2919 patientes
1127 2848 1303 2915 (Rom.
1340 2865 1432 2912 xtl,
1463 2849 1550 2920 12)
1577 2865 1592 2914 ;
1625 2850 1738 2904 sive
1776 2850 2011 2916 tristitia,

427 2943 636 3012 qualem
683 2957 740 2996 se
779 2941 908 2995 dicit
936 2955 1180 3010 magnam
1225 2939 1474 2994 habuisse
1504 2954 1600 3009 pro
1627 2938 1876 2993 fratribus
1904 2939 2017 2994 suis

435 3035 544 3106 (Id.
578 3052 650 3098 ix,
677 3036 734 3104 2)
773 3051 787 3086 :
820 3047 1170 3103 qumcutnque
1212 3045 1392 3085 amara
1443 3041 1498 3084 et
1538 3045 1723 3099 aspera
1774 3030 2014 3096 sullerat,

428 3125 662 3179 citaritas
706 3124 795 3177 Dei
843 3132 945 3188 est,
973 3137 1094 3192 qua:
1121 3121 1300 3175 omnia
1343 3121 1535 3176 tolerat
1571 3121 1612 3193 (I
1647 3119 1764 3175 Cor.
1795 3136 1910 3184 xm,
1937 3121 2015 3192 7.),

427 3233 549 3286 qua!
580 3231 682 3269 non
713 3214 1022 3269 diffunditur
1053 3214 1105 3267 in
1127 3212 1375 3267 cordibus
1406 3212 1624 3278 nostris,
1653 3212 1753 3266 nisi
1779 3224 1878 3285 per
1897 3211 2018 3284 Spi-

431 3311 592 3363 ritum
621 3318 858 3362 sauctum
889 3307 978 3377 qui
1005 3307 1160 3361 datus
1180 3315 1264 3360 est
1293 3305 1446 3359 nobis
1471 3306 1646 3375 (Rom.
1677 3322 1732 3371 v,
1765 3305 1844 3379 5).

500 3400 726 3455 CAPUT
778 3399 968 3453 XXVI.
1005 3428 1076 3438 —-
1116 3397 1328 3452 Piorum
1379 3399 1620 3468 patientia
1665 3399 1760 3453 Dei
1805 3400 2015 3454 donum.

433 3494 886 3549 Schistnaticorum
933 3491 1177 3562 patientia
1231 3507 1322 3559 pro
1367 3490 1568 3545 Christo
1619 3507 1686 3544 an
1734 3491 2014 3547 laudanda.

433 3585 584 3642 Unde
629 3600 958 3655 nequaquam
1011 3584 1287 3639 dubitante
1341 3584 1555 3653 pietate,
1602 3582 1739 3638 sicut
1785 3584 2020 3639 charitas

429 3686 614 3732 sancte
649 3677 959 3738 amantium,
1009 3675 1077 3730 ita
1126 3674 1380 3745 patientia
1422 3674 1507 3743 pic
1551 3674 1890 3729 tolerantium
1924 3675 2016 3730 Dei

427 3773 625 3825 donum
668 3780 771 3825 est.
815 3769 996 3838 Neque
1039 3769 1180 3822 enim
1223 3767 1403 3822 divina
1446 3766 1717 3837 Scriptura
1758 3768 1891 3822 fallit
1928 3777 2018 3824 aut

429 3863 645 3926 fallizur,
679 3879 796 3933 qmc
826 3877 932 3916 non
963 3863 1136 3915 solum
1165 3861 1216 3914 in
1237 3861 1506 3915 veteribus
1531 3860 1705 3916 Libris
1732 3861 1893 3916 habet
1916 3862 2015 3915 ltu-

425 3958 512 4026 jus
551 3957 628 4011 rei
658 3957 977 4018 testimonia,
1007 3970 1128 4010 cum
1165 3955 1274 4009 Deo
1299 3955 1516 4020 dicitur,
1547 3953 1802 4008 Patientia
1828 3971 1937 4008 mea
1964 3966 2018 4008 tu

429 4065 481 4102 es
526 4047 694 4118 (Psal.
753 4063 856 4100 Lxx
911 4047 1003 4116 5);
1062 4055 1146 4110 et,
1203 4045 1278 4098 Ab
1327 4047 1439 4115 ipso
1497 4053 1570 4099 est
1622 4045 1863 4115 patientia
1907 4063 2016 4099 mea

431 4140 602 4204 (Psal.
645 4155 749 4205 th,
784 4138 837 4207 6)
865 4156 878 4196 :
909 4148 960 4192 et
989 4137 1076 4190 ubi
1121 4137 1253 4190 alius
1281 4137 1538 4206 propheta
1583 4137 1734 4202 dicit,
1775 4138 2017 4206 accipere

432 4245 532 4283 nos
552 4229 804 4298 Spiritum
832 4227 1158 4282 fortitudinis
1191 4243 1204 4278 :
1235 4242 1418 4280 verum
1451 4228 1609 4282 etiam
1634 4228 1685 4281 in
1713 4229 2018 4297 apostolicis

382 4309 387 4313 ’
433 4320 650 4374 Litteris
693 4319 901 4390 legitur,
949 4319 1080 4384 Quia
1116 4317 1253 4371 vobis
1290 4318 1531 4372 donatum
1569 4328 1643 4372 est
1674 4335 1766 4388 pro
1794 4317 2014 4382 Christo,

433 4429 534 4464 non
569 4413 732 4464 solum
762 4421 816 4464 ut
854 4411 1071 4464 credatis
1112 4409 1162 4462 in
1188 4425 1322 4472 eum,
1360 4410 1448 4462 sed
1488 4419 1542 4463 ut
1577 4411 1727 4463 etiam
1754 4411 2018 4480 patiamini

432 4515 638 4574 propter
666 4521 774 4558 eum
805 4502 1059 4574 (Philipp.
1101 4517 1140 4568 ι,
1170 4500 1288 4569 29).
1315 4500 1430 4554 Non
1465 4516 1592 4571 ergo
1620 4502 1772 4571 quasi
1795 4501 1860 4556 de
1892 4517 2017 4572 pro-

432 4598 548 4666 prio
576 4595 729 4650 faciat
755 4594 990 4648 animum
1017 4591 1214 4646 elatum
1241 4591 1382 4662 quod
1422 4591 1524 4646 sibi
1565 4591 1718 4646 audit
1758 4606 1880 4647 esse
1917 4591 2017 4646 do-

430 4698 632 4743 natum.

502 4782 592 4835 25.
633 4779 690 4834 Si
740 4779 860 4847 quis
904 4784 1080 4830 autem
1129 4789 1233 4830 non
1273 4773 1474 4830 habens
1517 4774 1854 4836 charitatcm,
1899 4788 2019 4843 qua:

431 4875 659 4945 pertinet
687 4871 751 4924 ad
781 4870 1033 4925 unitatem
1075 4868 1296 4937 spiritus
1333 4876 1387 4921 et
1422 4864 1693 4920 vinculum
1720 4863 1886 4935 pacis,
1913 4878 2020 4934 quo

431 4963 691 5019 catholica
728 4958 967 5016 Ecclesia
1009 4967 1327 5028 congregata
1356 4956 1709 5019 cmmcctitur,
1753 4954 1805 5010 in
1840 4954 2020 5024 aliquo

431 5057 718 5111 schismate
759 5053 1101 5114 constitutus,
1153 5065 1223 5105 ne
1274 5048 1546 5104 Christum
1595 5055 1772 5118 neget,
1825 5047 2019 5116 patitur

431 5146 827 5208 tribulationes,
850 5143 1142 5213 angustias,
1177 5139 1392 5200 famem.
1424 5138 1739 5204 nuditatem,
1769 5152 2015 5207 persecu-

432 5239 651 5298 tionem,
696 5229 948 5305 pericula,
989 5245 1254 5293 carceres,
1309 5231 1542 5294 vincula,
1571 5237 1862 5294 tormenta,
1901 5227 2016 5298 gla-

431 5331 602 5392 dium,
640 5327 724 5380 vel
762 5325 1033 5391 ﬂammas,
1065 5324 1150 5378 vel
1182 5313 1414 5386 bestias,
1460 5321 1543 5374 vel
1585 5322 1752 5390 ipsam
1804 5333 2016 5373 crucem

434 5423 628 5474 timore
653 5417 1040 5487 gchcmtarum,
1068 5423 1123 5469 et
1149 5414 1283 5483 ignis
1313 5414 1497 5468 teterui
1519 5429 1537 5476 ;
1563 5413 1707 5466 nullo
1733 5411 1893 5465 modo
1920 5411 2018 5464 ista

434 5507 695 5580 culpanda
738 5515 883 5569 sunt,
916 5505 1024 5558 imo
1056 5520 1183 5558 vero
1218 5512 1272 5557 et
1312 5504 1427 5558 haec
1476 5503 1734 5557 laudanda
1770 5501 2020 5572 patientia

438 5611 538 5654 est.
576 5597 691 5652 Non
723 5594 864 5649 enim
906 5593 1083 5646 dicere
1125 5594 1437 5658 poterimus,
1470 5594 1659 5647 melius
1686 5594 1734 5648 ei
1773 5592 1934 5647 fuisse
1967 5601 2023 5644 ut

408 5681 415 5687 ’
439 5689 712 5743 Christum
745 5682 988 5752 negando
1006 5681 1136 5734 nihil
1160 5697 1343 5735 eorum
1373 5692 1668 5750 pateretur,
1693 5699 1811 5755 qua:
1839 5695 2023 5754 passus

508 5821 529 5852 δ
559 5818 696 5874 illiti,
713 5814 925 5866 volunt/ts
947 5819 1031 5864 est.
1062 5815 1226 5862 Verius
1251 5824 1380 5874 Mss,
1399 5813 1609 5876 voluptas
1634 5830 1718 5872 (Μ,

1319 353 1406 408 DE
1448 351 1830 417 PATIENTIA,
1873 351 1933 406 S.
1972 349 2341 408 AUGUSTINI
2380 349 2585 407 LIBER
2625 348 2825 406 UNUS.

3605 352 3712 408 (ιιι

2127 474 2209 520 est
2232 464 2561 532 confitendo;
2593 465 2685 520 sed
2711 463 3122 520 existimandum
3151 473 3236 520 est
3259 462 3487 521 fortasse
3512 464 3708 522 tolera-

2126 557 2285 612 bilius
2325 557 2374 611 ei
2414 555 2650 612 futurum
2685 557 2963 626 judicium,
3003 573 3163 627 quam
3203 558 3247 613 si
3285 558 3558 614 Christum
3607 572 3706 618 ιι.

2123 649 2298 719 gando
2333 658 2521 704 cuncta
2550 650 2638 705 illa
2674 651 2862 704 vitaret
2895 669 2906 704 :
2938 662 2991 704 ut
3022 651 3150 705 illud
3181 651 3323 722 quod
3361 653 3436 707 ait
3473 657 3707 723 Aposto-
3767 665 3769 667 ’

2127 743 2230 808 Ius,
2260 741 2321 796 Si
2351 741 2606 796 tradidero
2641 759 2823 810 corpus
2851 759 3012 796 meum
3055 753 3110 796 ut
3147 743 3378 809 ardeam,
3406 743 3710 798 charitateus

2123 845 2290 888 autem
2315 851 2416 888 non
2446 835 2672 899 habeam,
2701 836 2830 889 nihil
2861 835 2985 888 mihi
3011 835 3216 905 prodest
3254 834 3295 908 (I
3321 835 3439 890 Cor.
3470 852 3586 893 xm.
3607 837 3707 905 5);

2125 926 2256 979 nihil
2292 925 2548 995 prodesse
2587 925 2909 996 intelligatur
2938 927 3004 980 ad
3031 943 3250 997 regnum
3280 927 3542 983 oculorum
3572 927 3711 981 obti-

2124 1017 2378 1083 neudum,
2410 1033 2516 1072 non
2543 1018 2609 1072 ad
2651 1019 2877 1074 extremi
2911 1018 3094 1088 judicii
3125 1019 3456 1075 tolerabilius
3500 1019 3710 1089 suppli-

2123 1112 2260 1165 cium
2291 1111 2646 1167 subeundum.

2192 1202 2419 1258 CAPUT
2455 1203 2668 1258 XXVII.
2697 1235 2769 1244 —
2802 1204 2893 1259 24.
2924 1203 3002 1258 Αη
3039 1205 3146 1259 haec
3171 1203 3346 1259 eorum
3375 1205 3619 1274 patientia
3647 1205 3714 1258 sit

2124 1289 2220 1344 Dei
2243 1293 2448 1346 donum.
2475 1293 2580 1348 Sed
2607 1295 2795 1349 merito
2820 1295 2984 1362 quaari
3014 1304 3188 1364 potest
3211 1307 3388 1349 utrum
3415 1303 3471 1349 et
3495 1295 3593 1349 ista
3620 1309 3710 1364 pa-

2125 1383 2303 1436 tientia
2332 1384 2528 1438 douum
2564 1385 2655 1440 Dei
2683 1387 2772 1453 sit,
2803 1401 2870 1440 an
2895 1385 3097 1442 viribus
3124 1387 3402 1443 tribuenda
3426 1387 3498 1442 sit
3520 1388 3708 1442 volun-

2125 1473 2244 1527 tatis
2271 1473 2536 1544 humanae,
2558 1491 2661 1546 qua
2683 1477 2907 1548 quisque
2930 1477 2999 1532 ab
3019 1478 3252 1534 Ecclesia
3280 1489 3578 1549 separatus,
3602 1494 3707 1535 non

2124 1579 2218 1634 pro
2243 1580 2428 1622 errore
2454 1567 2543 1637 qui
2572 1583 2694 1623 eum
2720 1569 3004 1640 separavit,
3036 1570 3130 1626 sed
3159 1586 3254 1641 pro
3279 1572 3501 1628 veritate
3524 1586 3707 1627 sacra-

2123 1657 2287 1711 menti
2330 1672 2425 1713 scu
2469 1660 2617 1715 verbi
2663 1675 2782 1731 qua:
2824 1661 2964 1732 apud
3011 1677 3134 1718 eum
3182 1664 3473 1729 remansit,
3519 1663 3711 1718 timore

2121 1761 2398 1816 pennarum
2427 1759 2744 1806 aeternarum
2785 1768 2972 1822 pennas
2999 1754 3195 1823 patitur
3222 1754 3564 1825 temporales.
3603 1752 3707 1808 Ca-

2123 1837 2350 1893 vendum
2371 1849 2454 1894 est
2477 1841 2619 1896 enim
2643 1858 2711 1897 ne
2737 1843 2894 1910 forte,
2916 1844 2962 1900 si
2984 1844 3080 1900 Dei
3099 1844 3298 1900 donum
3323 1847 3478 1901 istam
3505 1845 3708 1915 patien-

2123 1931 2247 1985 tiam
2270 1931 2582 2002 dixerimus,
2611 1935 2664 1990 hi
2690 1937 2882 2006 quibus
2907 1937 3061 2003 inest,
3089 1937 3250 1994 etiam
3274 1938 3341 1994 ad
3367 1953 3592 2008 regnum
3616 1938 3707 1993 Dei

2123 2021 2391 2091 pertinere
2418 2025 2703 2081 credantur
2730 2046 2745 2082 :
2776 2028 2821 2082 si
2848 2037 3024 2084 autem
3055 2029 3198 2084 illam
3235 2029 3434 2085 donum
3466 2030 3559 2086 Dei
3587 2045 3709 2086 esse

2123 2115 2492 2184 negaverimus
2513 2159 2528 2185 ,
2559 2133 2812 2190 cogamur
2851 2119 3034 2188 fateri,
3063 2121 3182 2176 sine
3207 2121 3476 2192 adjutorio
3502 2130 3560 2177 et
3585 2137 3706 2177 ntu-

2120 2221 2252 2262 nere
2272 2207 2366 2263 Dei
2390 2207 2443 2264 in
2471 2209 2744 2266 voluntate
2764 2209 2994 2268 hominis
3018 2227 3136 2268 esse
3161 2226 3319 2284 posse
3340 2212 3538 2284 aliquid
3559 2213 3707 2268 boni.

2119 2299 2303 2372 Neque
2347 2301 2490 2357 enim
2534 2303 2637 2359 hoc
2681 2319 2788 2360 non
2834 2313 2918 2360 est
2963 2305 3196 2371 bonum,
3237 2315 3293 2360 ut
3330 2304 3518 2362 credat
3547 2303 3710 2360 homo

2120 2403 2323 2448 :ctcrno
2369 2395 2628 2465 supplicio
2670 2411 2728 2452 se
2775 2412 2894 2452 esse
2936 2397 3294 2477 puniendum,
3345 2399 3388 2453 si
3436 2399 3712 2468 negaverit

2120 2485 2387 2540 Christum
2409 2528 2422 2552 ,
2465 2483 2536 2542 et‘
2565 2503 2658 2558 pro
2699 2489 2798 2544 ISIa
2841 2490 2943 2546 ﬁde
2972 2493 3360 2564 qualecumque
3387 2492 3708 2564 supplicium

2121 2575 2354 2645 perferat
2381 2587 2436 2633 et
2462 2590 2768 2636 contemnat
2795 2583 3104 2638 humanum.

2189 2667 2279 2723 25.
2302 2669 2529 2750 Proinde
2550 2672 2688 2727 sicut
2708 2674 3005 2744 negandum
3028 2691 3133 2730 non
3149 2686 3231 2732 est
3250 2675 3352 2732 hoc
3368 2691 3490 2733 esse
3509 2675 3716 2733 donum

2125 2759 2240 2826 Dei,
2272 2762 2341 2817 ita
2367 2763 2764 2836 intelligendum
2794 2776 2875 2823 est
2902 2768 3003 2822 alia
3033 2783 3153 2826 esse
3182 2769 3277 2824 Dei
3303 2769 3442 2826 dona
3479 2770 3712 2826 filiorum

2123 2852 2264 2908 illius
2283 2854 2600 2926 Jerusalem,
2627 2875 2746 2928 qua:
2769 2875 2979 2916 sursum
3001 2862 3166 2918 libera
3194 2873 3273 2918 est
3305 2873 3476 2919 mater
3503 2875 3707 2919 nostra.

2190 2945 2418 3003 CAPUT
2463 2947 2697 3004 XXVIII.
2725 2981 2795 2991 —-
2822 2948 2971 3006 Dona
2999 2953 3221 3022 ﬁliorum
3251 2954 3506 3008 haedum
3542 2963 3590 3010 et
3618 2956 3712 3008 do-

2121 3051 2189 3090 na
2228 3037 2455 3106 ﬁliorum
2500 3041 2933 3096 exharredatorum
2963 3043 3177 3098 diversa.
3217 3043 3368 3115 (lltec
3405 3053 3530 3100 sunt
3565 3051 3710 3100 enini

2121 3127 2351 3198 quodam
2379 3131 2537 3185 modo
2567 3131 2934 3201 haereditaria,
2967 3135 3019 3190 in
3049 3135 3242 3206 quibus
3271 3133 3458 3192 sumus
3486 3137 3713 3192 heredes

2120 3216 2238 3287 Dei,
2266 3221 2552 3277 cohteredes
2578 3231 2745 3277 autem
2772 3223 2984 3297 Christi)
3007 3243 3021 3291 ;
3052 3227 3154 3281 alia
3185 3241 3312 3282 vero
3340 3242 3460 3298 quae
3486 3237 3714 3298 possunt

2121 3311 2362 3382 accipere
2389 3313 2548 3368 etiam
2579 3314 2672 3370 lilii
2699 3317 3135 3382 concubinarum,
3167 3319 3359 3390 quibus
3387 3320 3556 3376 Judaei
3587 3336 3710 3376 car-

2124 3405 2270 3460 nales
2295 3415 2348 3460 et
2368 3407 2690 3464 schismatici
2718 3410 2800 3464 vel
2829 3409 3061 3466 haeretici
3089 3422 3484 3482 comparantur.
3513 3413 3712 3482 Quatu-

2120 3496 2202 3550 vis
2228 3498 2368 3552 enim
2400 3499 2656 3569 scriptum
2686 3499 2786 3566 sit,
2818 3500 2964 3570 Ejiee
3001 3504 3240 3557 ancillam
3276 3515 3322 3558 et
3359 3505 3524 3574 ﬁlium
3561 3507 3712 3578 ejus,-

2122 3607 2278 3661 ncqtte
2321 3593 2453 3646 enim
2499 3593 2658 3648 hteres
2701 3595 2793 3648 erit
2842 3593 2980 3664 [ilius
3027 3595 3233 3651 ancillte
3285 3615 3416 3652 eum
3451 3599 3560 3668 ﬁlio
3599 3617 3716 3654 meo

2121 3681 2274 3738 Isaac
2317 3683 2456 3754 (Gal.
2483 3702 2554 3751 tv,
2579 3685 2669 3752 26,
2693 3687 2784 3754 50,
2811 3697 2856 3742 et
2882 3686 3013 3742 Cen.
3044 3704 3164 3755 xxi,
3210 3689 3300 3760 ιο)
3333 3707 3352 3744 :
3383 3699 3436 3746 et
3477 3691 3716 3747 Abralue

2121 3774 2314 3830 dixerit
2337 3776 2499 3840 Deus,
2529 3776 2596 3831 In
2618 3776 2767 3832 Isaac
2790 3779 3046 3833 vocabitur
3089 3780 3177 3834 tibi
3195 3797 3363 3836 semen
3395 3781 3544 3856 (Gen.
3578 3800 3670 3839 xxt
3693 3825 3709 3847 ,

2126 3865 2224 3930 12,
2270 3875 2316 3920 et
2371 3866 2518 3921 Rom.
2579 3883 2662 3935 ιχ,
2706 3869 2810 3923 7et
2837 3870 2892 3939 8)
2935 3886 2956 3924 :
2993 3871 3132 3941 quod
3169 3872 3247 3927 sic
3283 3881 3368 3928 est
3420 3874 3714 3945 Apostolus

2124 3959 2499 4027 interpretatus
2518 4003 2532 4027 ,
2565 3970 2624 4015 ut
2650 3961 2882 4029 diceret,
2912 3961 2979 4015 Id
3007 3972 3098 4027 est,
3130 3979 3230 4016 non
3255 3964 3342 4034 qui
3366 3963 3463 4032 [iiii
3507 3968 3708 4030 carnis,

2124 4050 2175 4102 hi
2220 4051 2314 4117 ﬁlii
2358 4049 2490 4116 Dei;
2538 4052 2626 4104 sed
2668 4052 2764 4120 ﬁlii
2803 4053 3147 4122 promissionis
3185 4054 3493 4125 deputantur
3529 4057 3583 4110 in
3621 4075 3712 4111 se-

2123 4144 2258 4197 mine
2309 4150 2367 4197 ut
2427 4144 2844 4214 intelligeretnus
2901 4159 3080 4200 semen
3137 4146 3365 4202 Abrahae
3413 4148 3712 4204 secundum

2124 4232 2269 4289 Isaae
2310 4243 2527 4305 propter
2567 4233 2836 4291 Christum
2881 4237 2946 4291 ad
2986 4236 3078 4292 Dei
3116 4236 3254 4293 filios
3274 4239 3585 4308 pertinere,
3619 4257 3714 4311 qm

2123 4335 2246 4379 sunt
2273 4340 2466 4396 corpus
2493 4326 2690 4386 Christi
2729 4338 2782 4382 et
2820 4328 3058 4383 membra
3080 4370 3096 4396 ,
3124 4329 3174 4383 id
3201 4341 3279 4384 est
3299 4373 3312 4397 ,
3349 4331 3582 4387 I'Icclcsia
3618 4333 3713 4388 Dei

2125 4433 2224 4472 una
2244 4460 2258 4484 ,
2293 4432 2448 4486 vera,
2480 4432 2768 4489 germana,
2799 4419 3056 4475 catholica
3079 4462 3095 4488 ,
3130 4429 3316 4476 tenens
3341 4422 3480 4492 piam
3514 4422 3715 4488 tidem;

2123 4524 2233 4562 non
2253 4522 2370 4563 eam
2393 4524 2510 4579 qua:
2533 4525 2626 4580 per
2644 4510 2926 4565 elationem
2949 4511 3029 4566 vel
3054 4511 3318 4577 timorem,
3342 4513 3435 4567 sed
3456 4528 3574 4568 eam
3593 4531 3716 4585 qua:

2127 4615 2220 4670 per
2249 4599 2586 4655 dilectionem
2617 4612 2870 4672 operatur
2895 4601 3091 4672 (Colat.
3122 4618 3177 4669 v,
3203 4603 3263 4674 6)
3292 4621 3307 4656 :
3337 4611 3515 4658 tamen
3548 4606 3716 4660 etiam

2126 4691 2260 4747 tilios
2293 4691 2708 4747 concubinarum
2743 4694 2955 4764 quando
2985 4710 3014 4748 a
3043 4694 3150 4749 filio
3174 4710 3272 4749 suo
3297 4693 3444 4750 Isaac
3469 4696 3672 4750 dimisit
3695 4699 3716 4729 ³

2123 4785 2414 4851 Abraham,
2443 4787 2694 4842 nonnulla
2721 4788 2799 4842 eis
2829 4787 3049 4858 largitus
3076 4796 3160 4843 est
3184 4803 3425 4856 munera,
3455 4804 3523 4844 ne
3549 4789 3716 4844 relin-

2124 4885 2413 4948 querentur
2441 4879 2584 4932 omni
2617 4879 2776 4933 modo
2805 4879 3018 4944 inanes,
3049 4894 3152 4934 non
3183 4888 3236 4934 ut
3263 4887 3573 4934 tenerentur
3600 4880 3714 4934 ha:-

2124 4969 2300 5024 redes.
2334 4969 2423 5024 Sic
2447 4969 2591 5024 enim
2622 4971 2844 5040 legimus
2875 4989 2888 5024 :
2924 4969 3075 5024 Dedit
3111 4980 3278 5024 autent
3311 4971 3566 5025 Abraham
3598 4988 3714 5025 om-

2123 5079 2236 5118 nem
2257 5079 2461 5116 censum
2482 5079 2629 5116 suum
2653 5061 2802 5116 Isaac
2823 5063 2932 5132 [ilio
2948 5079 3076 5128 suo;
3101 5073 3146 5117 et
3171 5063 3292 5133 ﬁliis
3317 5063 3718 5118 concubinarum

2123 5173 2331 5211 suarum
2359 5155 2494 5208 dedit
2521 5155 2775 5208 Abraham
2801 5172 3033 5222 munera,
3068 5165 3114 5209 et
3143 5156 3330 5210 dimisit
3357 5171 3440 5209 eos
3469 5155 3530 5208 ab
3565 5154 3722 5210 Isaac

2127 5250 2234 5320 [ilio
2258 5266 2350 5305 suo
2392 5247 2542 5321 (Gen.
2575 5265 2701 5317 xxv,
2728 5249 2793 5316 5,
2826 5249 2903 5319 6).
2936 5250 2990 5305 Si
3020 5265 3148 5318 ergo
3188 5249 3281 5304 filii
3320 5265 3508 5304 sumus
3535 5251 3720 5305 libera:

2125 5342 2417 5398 Jerusalem
2438 5382 2454 5408 ,
2482 5343 2583 5396 alia
2612 5341 2749 5396 dona
2779 5341 3237 5396 ethredatorum
3255 5383 3273 5408 ,
3307 5343 3412 5395 alia
3449 5343 3716 5413 intelliga-

2127 5450 2245 5489 mus
2267 5434 2558 5489 baeredum.
2584 5435 2645 5489 lli
2669 5435 2810 5489 enim
2837 5434 3077 5490 ltwredes
3095 5443 3238 5498 sunt,
3267 5436 3459 5504 quibus
3481 5435 3681 5491 dicitur
3700 5455 3718 5491 :

2131 5525 2253 5581 Non
2280 5528 2411 5582 enim
2441 5527 2706 5598 accepistis
2732 5527 2966 5597 spiritum
2992 5527 3241 5582 servitutis
3271 5528 3452 5582 iterant
3481 5528 3537 5582 in
3562 5529 3720 5582 tirno-

2193 5691 2210 5721 ²
2247 5690 2364 5740 Edtti
2398 5691 2488 5738 hoc
2527 5698 2577 5740 et
2599 5690 2818 5751 proximo
2855 5688 2978 5746 loco,
3003 5687 3180 5739 divisit.
3215 5697 3265 5738 At
3297 5696 3402 5739 Mss.
3435 5699 3730 5740 constanter

2130 5751 2314 5815 habent
2337 5751 2519 5815 dimisit
2543 5765 2559 5801 :
2580 5753 2718 5815 juxta
2743 5765 2955 5813 gruum
2979 5759 3106 5810 Lxx,
3130 5759 3305 5815 tiones.
3332 5765 3438 5814 cap.
3464 5751 3561 5815 9:5,
3587 5753 3639 5815 ᾗ.
3664 5758 3726 5813 ti,

2133 5812 2547 5875 k..i-r.rapestcilen
2565 5812 2764 5867 tiutotts
2777 5815 3030 5862 Itehrteutn
3049 5814 3251 5862 verbum
3274 5812 3429 5876 sonat,
3452 5813 3632 5865 emisit.
