4078 6506
340 612 448 668 625

343 740 483 788 rem;
513 722 602 778 sed
626 722 886 793 accepistis
908 723 1146 792 "spiritum
1173 722 1460 790 adoptionis
1486 721 1731 790 ﬁliorum,
1761 720 1811 773 in
1831 735 1930 790 quo

340 814 642 879 clamamus,
670 813 831 878 Abba,
861 811 1016 867 Pater
1047 813 1221 885 (Rom.
1246 830 1363 879 vut,
1395 814 1608 883 14-17).

412 903 639 960 CAPUT
678 904 873 959 XXIX.
907 934 979 946 —
1013 905 1104 959 26.
1140 904 1407 959 Patientia:
1436 921 1715 975 pauperum
1741 903 1930 960 Christi

339 1011 526 1049 merces
566 1004 775 1050 (eterna.
818 994 1125 1051 Clamemus
1159 1012 1287 1067 ergo
1316 996 1504 1066 spiritu
1532 998 1843 1066 charitatis,
1876 1008 1930 1053 et

336 1087 513 1142 donec
538 1087 813 1141 veniamus
846 1087 913 1165 ad
955 1086 1318 1142 haereditatem
1349 1088 1400 1141 in
1431 1103 1531 1159 qua
1562 1102 1775 1159 semper
1813 1104 1927 1143 nta-

340 1196 583 1246 ncamus,
611 1179 819 1235 liberali
845 1194 1029 1235 amore
1053 1181 1242 1243 simus,
1274 1195 1377 1237 non
1405 1180 1586 1238 servili
1617 1181 1810 1235 timore
1835 1197 1929 1250 pa-

338 1273 531 1325 tientes
549 1272 590 1326 ¹.
612 1270 940 1337 Clamcmus,
967 1270 1221 1340 quamdiu
1242 1286 1506 1341 pauperes
1525 1286 1731 1337 sumus,
1755 1271 1929 1327 donec

338 1363 425 1416 illa
458 1362 771 1417 haereditate
808 1362 1059 1416 ditemur.
1103 1361 1288 1432 Magna
1330 1362 1525 1433 quippe
1555 1361 1678 1418 inde
1705 1363 1926 1433 pignora

334 1453 680 1523 accepimus,
711 1452 853 1523 quod
892 1452 959 1507 ad
998 1467 1097 1508 nos
1125 1451 1370 1507 ditandos
1406 1468 1608 1522 pauper
1645 1450 1817 1507 factus
1842 1462 1928 1507 est

334 1543 605 1609 Christus,
632 1558 739 1614 quo
766 1543 819 1597 in
840 1556 1097 1612 supernas
1117 1541 1327 1597 divitias
1353 1544 1603 1607 esaltato,
1628 1543 1822 1597 missus
1845 1551 1927 1597 est

332 1637 422 1706 qui
450 1646 636 1692 sancta
669 1636 933 1693 desideria
971 1637 1169 1693 nostris
1203 1639 1453 1693 cordibus
1491 1640 1775 1708 inspiraret
1801 1638 1923 1708 Spi-

335 1730 470 1782 ritus
514 1737 751 1784 sanctus.
785 1729 982 1782 llorum
1020 1743 1313 1798 pauperum
1355 1728 1530 1784 adhuc
1569 1729 1922 1796 credentium,

334 1818 570 1874 nondum
592 1820 1096 1888 contemplantium;
1119 1820 1293 1874 adhuc
1312 1821 1661 1890 spcrantium,
1688 1821 1923 1876 nondmn

335 1911 661 1976 tenentium;
684 1909 858 1965 adhuc
880 1910 1147 1969 desiderio
1166 1911 1568 1980 suspirantium,
1591 1911 1823 1967 nondum
1848 1912 1926 1967 fe-

335 2001 534 2056 licitate
562 2002 933 2073 regnantium;
961 2002 1137 2057 adhuc
1160 2002 1505 2058 esurientium
1530 2011 1584 2057 et
1608 2003 1920 2068 sitientinm,

965 608 1333 667 ADMONITIO
1372 608 1436 665 IN
1472 608 1833 666 SERMONES
1872 606 1959 662 DE
1994 604 2311 663 SYMBOLO
2347 610 2439 664 AD
2476 610 3047 671 CATECHUMENOS.

3523 622 3624 675 626

2036 717 2271 775 nondum
2309 721 2620 777 satiatorum
2653 742 2665 777 :
2697 725 2885 780 horum
2914 743 3040 798 ergo
3066 746 3343 799 pauperum
3377 735 3625 801 patientia

2036 826 2137 863 non
2162 812 2338 881 peribit
2363 813 2417 866 in
2437 823 2679 868 cateruam
2707 816 2875 886 (Psal.
2900 834 2980 883 lx,
3006 819 3096 889 19)
3120 839 3133 872 :
3160 837 3262 875 non
3288 824 3410 892 quia
3435 834 3490 879 et
3512 826 3624 881 illic

2037 901 2289 970 patientia
2328 904 2463 969 erit,
2496 905 2584 959 ubi
2628 908 2766 975 quod
2808 908 3062 963 toleretur
3092 927 3197 965 non
3229 915 3365 980 erit;
3398 917 3491 971 sed
3522 935 3624 972 non

2036 992 2235 1061 peribit,
2258 993 2457 1049 dictum
2480 1006 2582 1061 est,
2607 998 2729 1067 quia
2753 998 3075 1053 infructuosa
3102 1017 3203 1055 non
3227 1004 3347 1057 erit.
3371 1004 3621 1063 Fructum

2033 1092 2213 1138 autem
2236 1083 2451 1141 habebit
2471 1098 2752 1153 :eternum,
2777 1090 2898 1144 ideo
2919 1106 3024 1143 non
3052 1093 3241 1161 peribit
3268 1094 3317 1147 in
3341 1105 3616 1151 aeternum.

2032 1172 2132 1241 Qui
2160 1176 2304 1230 enim
2346 1177 2555 1233 laborat
2598 1180 2856 1246 inaniter,
2889 1196 3010 1236 cum
3042 1198 3166 1238 eum
3198 1200 3320 1253 spes
3351 1187 3619 1252 fefellerit,

2034 1276 2251 1336 propter
2272 1283 2431 1337 quam
2464 1264 2758 1337 laborabat,
2787 1272 2978 1327 merito
3003 1273 3147 1335 dicit.
3180 1275 3390 1331 Perdidi
3420 1287 3621 1333 tantum

2032 1356 2267 1412 laborem
2297 1376 2311 1413 :
2340 1359 2580 1429 quisquis
2610 1376 2738 1417 vero
2764 1361 2832 1416 ad
2869 1363 2951 1417 sui
2989 1364 3185 1419 laboris
3214 1368 3472 1435 promissa
3500 1385 3622 1438 pcr-

2031 1448 2253 1513 venerit,
2287 1452 2558 1520 gratulans
2584 1452 2731 1517 dicit,
2763 1454 2878 1508 Non
2912 1456 3114 1525 perdidi
3146 1458 3381 1514 laborem
3420 1476 3619 1515 meum.

2033 1540 2233 1594 Dicitur
2260 1557 2389 1612 ergo
2416 1544 2564 1597 labor
2596 1562 2701 1599 non
2738 1547 2975 1615 perisae,
3008 1566 3111 1601 non
3139 1551 3260 1619 quia
3293 1561 3474 1607 manet
3500 1570 3623 1624 per-

2032 1639 2254 1697 petuus,
2288 1630 2381 1685 sed
2411 1632 2534 1701 quia
2566 1649 2670 1688 nou
2701 1645 2786 1689 est
2823 1636 3052 1691 inaniter
3093 1638 3259 1693 fusus.
3302 1641 3392 1696 Sic
3434 1652 3490 1697 et
3532 1660 3624 1712 pa-

2032 1721 2212 1773 tientia
2246 1736 2533 1791 pauperum
2564 1723 2795 1792 Christi,
2838 1727 2932 1781 sed
2972 1728 3309 1785 ditandorum
3348 1731 3620 1788 haeredqu

2026 1810 2264 1877 Christi,
2313 1829 2420 1868 non
2467 1817 2658 1885 peribit
2703 1819 2755 1871 in
2797 1830 3056 1876 aeternum
3091 1840 3102 1875 :
3137 1838 3241 1876 non
3283 1824 3403 1892 quia
3432 1834 3485 1877 et
3516 1824 3621 1878 illic

2029 1904 2292 1973 patienter
2330 1906 2469 1959 ferre
2502 1906 2811 1975 jubebimur
2832 1951 2848 1973 ,
2878 1912 2969 1965 sed
2998 1913 3118 1981 quia
3150 1928 3247 1981 pro
3277 1914 3340 1968 iis
3378 1930 3497 1983 qum
3533 1916 3621 1969 hic

2029 1996 2294 2064 patienter
2321 1997 2654 2066 pertulimus,
2683 2009 2880 2055 aeterna
2911 2001 3238 2057 beatitudine
3264 2005 3615 2073 perfruentur.

2027 2085 2143 2141 Non
2170 2087 2317 2142 dabit
2343 2088 2500 2143 finem
2528 2093 2867 2160 sempiterna:
2894 2094 3155 2161 felicitati,
3182 2098 3272 2166 qui
3294 2096 3456 2150 donat
3484 2106 3618 2151 tem-

2028 2179 2263 2251 poralem
2294 2181 2601 2247 patientiam
2629 2184 2885 2237 voluntati
2917 2202 2931 2238 :
2960 2187 3082 2255 quia
3114 2194 3397 2256 utrumque
3425 2203 3619 2241 munus

2026 2268 2235 2323 donatae
2264 2270 2516 2325 donatum
2546 2282 2629 2328 est
2655 2274 2920 2330 eltaritati.

400 2112 417 2143 ⁸
453 2120 504 2161 tn
520 2112 752 2176 omnibus
782 2126 934 2174 prope
974 2121 1101 2173 Mss,
1146 2112 1413 2176 patientes;
1451 2113 1538 2176 sed
1565 2113 1614 2160 in
1636 2114 1923 2176 quibusdam

330 2173 406 2236 sic
428 2175 579 2223 verba
616 2173 921 2236 interpuncta
962 2182 1077 2224 sunt
1101 2188 1113 2222 :
1135 2187 1231 2223 non
1252 2173 1416 2224 δεηήιὶ
1447 2173 1635 2223 timore.
1654 2173 1668 2176 “
1685 2175 1921 2225 tatieutes

330 2232 609 2293 clamantis,
629 2244 724 2285 etc.
750 2232 800 2283 in
818 2236 961 2284 editis
983 2244 1146 2285 autem
1170 2248 1279 2284 eum
1300 2237 1473 2285 eadem
1494 2238 1750 2285 verborum
1774 2237 1924 2286 inter-

331 2296 595 2355 punctione
621 2297 830 2359 legitur,
860 2296 1114 2358 l'aticnter,
1143 2303 1236 2346 etc.

324 2470 3593 2528 ω
2905 2482 3297 2528 __‘::
3279 2482 3583 2528 ::_;—'“.
3431 2523 3555 2528 __
3567 2522 3588 2528 _

1476 2658 2486 2791 ADMONITIO

956 2890 1036 2949 IN
1080 2889 1499 2952 SERMONES
1552 2884 1660 2952 DE
1714 2891 2094 2953 SYMBOLO
2146 2894 2255 2954 AD
2308 2893 2974 2958 CATECHUMENOS.

390 3176 630 3244 Quatuor
652 3174 741 3230 isti
773 3188 1049 3228 sermones
1082 3174 1409 3243 conjunctim
1438 3175 1631 3246 vulgati
1656 3176 1787 3233 alias
1812 3176 2025 3233 fuerunt
2051 3179 2104 3233 in
2136 3188 2281 3234 tomo
2320 3195 2485 3247 nouo,
2517 3192 2570 3237 et
2588 3182 2727 3251 apud
2774 3193 2981 3237 veteres
3006 3184 3217 3238 codices
3244 3185 3366 3239 Mss.
3400 3186 3616 3255 perinde

316 3278 480 3338 atque
521 3268 663 3341 apud
693 3283 922 3323 escusos
949 3270 1283 3340 appellantur
1315 3271 1381 3326 de
1406 3270 1662 3343 Symbolo
1692 3272 1813 3327 libri
1864 3281 2090 3343 quatuor
2111 3314 2126 3337 ,
2158 3274 2564 3345 tribuunturque
2600 3276 2915 3345 Augustino.
2947 3277 3157 3331 Primus
3186 3278 3400 3347 quidem
3429 3294 3613 3334 sermo

319 3360 675 3430 Augustinum
698 3361 916 3415 omnino
946 3361 1140 3416 refert:
1173 3378 1276 3417 non
1319 3363 1393 3418 ita
1422 3379 1550 3418 vero
1590 3374 1699 3419 tres
1716 3365 1826 3419 alii.
1858 3364 2068 3434 Quippe
2111 3365 2164 3419 in
2196 3364 2277 3419 his
2307 3366 2477 3421 tribus
2503 3367 2713 3423 dicendi
2742 3384 2912 3439 genus
2948 3370 3202 3425 incultum
3227 3382 3281 3427 et
3320 3373 3611 3443 abiectum,

320 3474 431 3512 tum
461 3458 622 3511 habet
642 3458 774 3514 satis
803 3458 1000 3528 ingenii
1023 3466 1076 3513 et
1098 3460 1395 3529 gravitatis,
1442 3459 1598 3514 sicuti
1624 3458 1805 3514 videre
1821 3467 1905 3513 est
1925 3461 1978 3514 in
2006 3475 2259 3514 sermone
2294 3462 2552 3529 secundo,
2576 3462 2665 3517 ubi
2686 3464 2902 3533 legitur,
2950 3466 3123 3533 capite
3151 3464 3187 3518 2
3223 3484 3237 3519 :
3271 3465 3529 3520 Habemus
3557 3477 3603 3520 et

319 3567 415 3605 nos
435 3550 756 3621 spirituatem
784 3560 1011 3605 nostrum
1036 3553 1286 3622 aurigam,
1317 3564 1545 3607 mactant
1574 3559 1872 3623 prophetam
1901 3551 2095 3617 Etiam,
2118 3555 2205 3625 qui
2229 3554 2491 3625 quadrigte
2512 3556 2675 3626 ignea:
2694 3558 3111 3626 superimpositus
3134 3568 3328 3612 tantum
3357 3563 3601 3624 cucurrit,

318 3652 377 3695 ut
408 3651 566 3696 metas
592 3640 856 3711 prenderet
885 3642 1017 3695 creti.
1041 3642 1332 3713 Scriptura:
1370 3643 1487 3697 loca
1518 3643 1815 3712 peregrinis
1842 3642 2019 3698 verbis
2044 3644 2276 3698 citantur
2310 3644 2576 3699 interdum
2607 3656 2661 3699 et
2685 3647 3019 3715 explicantur
3043 3664 3110 3703 eo
3132 3648 3291 3703 modo
3317 3665 3380 3703 ac
3424 3665 3608 3714 sensu,

314 3751 479 3805 quem
507 3735 805 3805 Augustino
840 3735 1148 3791 adscribere
1173 3751 1277 3791 non
1325 3736 1606 3801 audemus,
1631 3743 1687 3789 ut
1735 3736 1787 3789 in
1834 3735 2073 3805 ejusdem
2118 3736 2381 3791 sermonis
2413 3737 2586 3807 capite
2614 3737 2669 3802 5,
2716 3754 2809 3792 nu.
2840 3739 2910 3794 15
2938 3749 2991 3794 et
3036 3740 3119 3792 it.
3148 3739 3300 3794 Hunc
3355 3752 3611 3809 prreterea

317 3845 628 3886 sermonem
663 3839 906 3901 tempore
946 3831 1335 3901 persecutionis
1362 3830 1687 3897 Vandalictc,
1718 3829 2002 3885 demortuo
2024 3827 2134 3899 jam
2162 3829 2458 3900 Augustino
2473 3828 2733 3892 habitum,
2759 3844 2881 3884 cum
2917 3830 3096 3884 Ariani
3118 3830 3418 3885 Catholicus
3439 3832 3615 3886 modis

319 3924 573 3978 omnibus
600 3932 886 3990 tentarent,
916 3923 1192 3979 beneflciis
1207 3938 1358 3992 :eque
1381 3937 1445 3977 ac
1471 3922 1679 3992 injuriis
1718 3930 2007 3976 avocantes
2035 3935 2066 3975 a
2095 3920 2219 3985 fide,
2247 3920 2589 3991 suSpicamur
2615 3935 2684 3977 ex
2712 3921 2819 3977 illis
2847 3922 2898 3975 in
2930 3922 3032 3976 line
3060 3922 3235 3976 verbis
3269 3940 3282 3976 :
3328 3922 3613 3978 Ila'rett'cus

317 4019 544 4074 Alienus
583 4033 684 4071 non
712 4017 915 4071 insultet
946 4016 1205 4070 Ecclesia.
1259 4014 1437 4085 Lupus
1464 4024 1559 4080 est,
1588 4014 1846 4086 agnoscite
1865 4028 1885 4067 :
1904 4030 2110 4084 serpens
2147 4022 2241 4079 est,
2271 4012 2383 4084 ejus
2407 4013 2577 4083 capita
2623 4024 2972 4081 conquassate.
3003 4012 3295 4080 Blanditur,
3319 4014 3408 4067 sed
3426 4015 3559 4085 fallit
3591 4030 3610 4068 :

315 4112 480 4164 multa
503 4109 773 4180 promittit,
795 4109 884 4164 sed
909 4109 1113 4178 decipit,
1134 4117 1239 4163 etc.
1273 4108 1330 4163 lu
1360 4121 1611 4163 sermone
1635 4107 1794 4163 tertio
1817 4116 1873 4162 et
1900 4114 2091 4177 quarto
2118 4114 2397 4160 morantur
2424 4120 2523 4160 nos
2554 4120 2730 4160 causa:
2754 4104 3030 4161 dubitandi
3058 4108 3217 4161 etiam
3235 4107 3372 4162 bene
3403 4108 3607 4175 multm,

314 4215 494 4271 neque
523 4199 769 4255 leviores.
800 4199 1077 4253 Possidius
1102 4199 1156 4253 in
1182 4197 1443 4259 lndiculo.
1470 4212 1591 4267 cap.
1640 4197 1730 4265 10,
1759 4203 2005 4253 recenset
2028 4195 2099 4254 de
2123 4196 2379 4267 Symbolo
2405 4204 2660 4252 tractatus
2693 4204 2804 4254 tres
2836 4215 2850 4252 :
2884 4197 2979 4253 sed
3023 4197 3119 4253 hos
3147 4198 3200 4252 in
3222 4199 3500 4268 superiore
3527 4210 3611 4254 to-

312 4309 409 4348 ruo
431 4293 752 4349 Sermonum
774 4292 959 4358 babes,
1000 4290 1187 4346 ordine
1210 4291 1337 4355 212,
1358 4291 1484 4356 2l5,
1509 4306 1627 4361 sqq.
2186 4284 2211 4300 ‘

388 4386 504 4441 Sub
532 4386 691 4439 tinem
718 4384 848 4439 tomi
873 4385 998 4439 item
1019 4384 1143 4438 noni
1174 4383 1425 4438 editionis
1444 4398 1538 4452 per
1563 4383 1927 4439 Lovanienses
1947 4382 2220 4440 adornatre
2257 4383 2563 4441 referuntur
2582 4384 2985 4454 quatuordecim
3014 4394 3291 4453 tractatus,
3319 4401 3453 4458 quos
3480 4402 3612 4457 pau-

309 4480 395 4535 cis
414 4478 653 4547 eseeptis
678 4476 868 4531 dubios
893 4475 1149 4530 habemus
1174 4490 1237 4530 ac
1263 4474 1586 4530 subdititios.
1617 4474 1816 4529 Horum
1856 4475 2070 4545 quidam
2097 4476 2150 4531 in
2194 4476 2561 4547 Appendicem
2612 4476 2797 4547 rejecti
2820 4486 2967 4545 sunt,
2990 4478 3205 4549 quidam
3227 4494 3356 4534 vero
3386 4480 3473 4535 hic
3512 4495 3613 4535 suo

212 4578 215 4581 '
314 4572 440 4626 loco
481 4571 625 4641 typis
674 4568 1048 4623 minutioribus
1077 4568 1364 4638 impressi,
1399 4576 1459 4623 ut
1483 4584 1665 4624 sermo
1691 4568 1757 4623 de
1785 4578 1974 4640 quarta
2003 4568 2181 4630 Feria.
2205 4585 2301 4624 seu
2323 4570 2390 4626 de
2418 4570 2640 4624 Cultura
2676 4569 2788 4640 agri
2827 4569 3101 4636 dominici,
3132 4571 3183 4625 in
3209 4572 3362 4641 cujus
3388 4573 3612 4643 eapite3

314 4667 468 4722 locus
494 4666 743 4729 Actuum,
788 4679 826 4725 ι,
858 4664 946 4727 18,
976 4672 1032 4717 et
1062 4664 1112 4718 in
1139 4665 1315 4733 capite
1359 4665 1483 4719 item
1511 4666 1545 4721 6
1591 4667 1735 4721 locus
1774 4666 2018 4733 Joannis,
2054 4682 2131 4736 γι,
2155 4668 2247 4733 51,
2287 4669 2518 4723 citantur
2554 4668 2695 4725 haud
2738 4671 2865 4727 satis
2908 4680 3154 4725 accurate
3188 4688 3200 4723 :
3248 4676 3607 4739 prmterquam

312 4760 461 4829 quod
488 4758 541 4812 in
563 4757 738 4827 capite
761 4758 794 4810 Ἰ
819 4757 1120 4825 persecutio
1159 4756 1445 4811 Vandalica
1496 4766 1677 4812 notata
1735 4758 1965 4812 videtur.
2010 4757 2201 4813 Sermo
2240 4759 2400 4814 etiam
2438 4759 2507 4815 de
2553 4760 2911 4834 Cataelysmo,
2942 4761 3029 4815 ubi
3055 4777 3174 4829 cap.
3201 4759 3238 4813 ‘2
3263 4759 3477 4821 dicitur,
3504 4757 3608 4811 Ba-

315 4854 515 4923 ptismo
535 4863 874 4907 restauratum
893 4870 1078 4925 corpus
1098 4855 1167 4907 ad
1189 4856 1406 4925 priorem
1432 4864 1621 4909 statum
1662 4855 1813 4925 primi
1856 4855 2071 4908 hominis
2115 4863 2232 4908 ante
2261 4864 2537 4924 peccatum.
2587 4854 2653 4909 Et
2703 4856 2892 4909 Sermo
2917 4853 2984 4907 de
3011 4854 3273 4921 Tempore
3304 4849 3608 4913 Barbarico,

311 4949 404 5018 qui
426 4948 603 5016 capite
633 4934 1297 5017 prtesertimlnonnnulla
1326 4952 1568 5003 continet
1596 4949 1775 5001 minus
1826 4955 2185 5002 consentanea
2210 4960 2377 5001 sacrm
2431 4946 2725 5001 Bibliorum
2777 4945 3034 5008 historia},
3092 4958 3297 4997 necnon
3353 4940 3609 4995 exhorta-

313 5042 520 5095 tionem
548 5040 601 5093 in
631 5039 738 5095 ﬁne
753 5040 819 5094 ad
842 5040 1493 5096 roborandosCatholicos
1505 5050 1691 5096 contra
1717 5040 2146 5109 persecutionem
2164 5040 2508 5093 Arianorum.
2535 5038 2703 5093 Stilus
2724 5047 2867 5091 certe
2891 5038 3081 5090 hormn
3108 5037 3263 5089 trium
3286 5048 3438 5102 (nque
3462 5029 3613 5086 rudis

313 5149 380 5188 ac
406 5131 678 5187 demissus
697 5131 1021 5202 minimeque
1049 5133 1488 5204 Augustinianus.
1514 5132 1752 5201 Denique
1789 5129 2039 5186 eumdem
2067 5138 2339 5185 auctorem
2368 5129 2582 5198 sapiunt
2611 5138 2718 5182 tum
2757 5128 2843 5182 isti
2865 5140 3165 5191 sermones,
3202 5134 3312 5179 tum
3338 5124 3428 5177 alii
3454 5137 3613 5191 supra

312 5225 381 5280 de
409 5224 671 5295 Symbolo
692 5232 802 5279 tres
822 5224 1091 5289 recensiti,
1126 5225 1357 5294 aliquem
1399 5224 1537 5279 forte
1557 5238 1623 5278 ex
1643 5221 1917 5292 discipulis
1945 5221 2247 5291 Augustini,
2270 5220 2423 5290 cujus
2452 5220 2744 5275 sententias
2766 5217 3052 5282 interdum,
3091 5216 3250 5271 tacito
3273 5215 3332 5270 S.
3359 5214 3611 5271 Doctoris

316 5318 558 5382 nomine,
591 5314 828 5387 profert;
859 5316 1021 5371 veluti
1060 5317 1204 5371 illam
1240 5317 1292 5371 in
1318 5330 1567 5371 sermone
1595 5314 1665 5369 de
1686 5314 2039 5384 Cataclysmo,
2062 5328 2182 5382 cap.
2203 5314 2256 5374 5.
2286 5311 2430 5365 Tolle
2476 5312 2701 5374 verbum,
2759 5309 2950 5379 etquid
2991 5318 3062 5362 est
3104 5325 3237 5379 aqua
3293 5308 3391 5362 nisi
3431 5322 3564 5377 aqua
3584 5305 3612 5359 ?
3704 5308 3709 5313 '

315 5407 523 5467 Accedit
545 5407 749 5462 uerbum
773 5407 842 5461 ad
863 5408 1165 5463 elementum
1186 5448 1201 5475 ,
1230 5416 1276 5462 et
1301 5406 1360 5477 ﬁt
1383 5414 1755 5462 sacramentum
1783 5420 1803 5458 :
1842 5419 1961 5474 qua:
1990 5403 2242 5458 nimirum
2269 5401 2427 5456 ducta
2457 5410 2540 5457 est
2574 5416 2641 5455 ex
2687 5399 2940 5455 Tractatu
2967 5400 3036 5455 80
3073 5400 3127 5454 in
3155 5399 3438 5465 Joannem,
3462 5413 3518 5452 n.
3552 5398 3608 5452 5.

315 5502 584 5559 animus
622 5500 786 5557 etiam
811 5499 1137 5571 aliquantum
1172 5502 1316 5556 circa
1354 5512 1661 5555 sermonem
1688 5496 1756 5552 de
1778 5496 2001 5552 Cantieo
2019 5510 2178 5558 novo,
2205 5508 2304 5549 nec
2337 5492 2456 5548 sine
2501 5491 2677 5562 aliqua
2707 5494 3047 5546 cunctatione
3079 5494 3228 5561 passi
3248 5505 3455 5555 sumus,
3487 5504 3611 5543 cum

317 5600 541 5655 nomine
565 5596 871 5669 Augustini,
902 5595 1045 5667 quod
1060 5595 1187 5651 olim
1204 5594 1363 5666 gerit,
1393 5607 1609 5649 rursum
1632 5589 1843 5647 excudi.
1865 5588 1921 5643 In
1964 5586 2139 5658 capite
2162 5587 2199 5643 3
2221 5587 2404 5658 plures
2424 5583 2587 5640 habet
2610 5584 2906 5640 sententias
2926 5598 2995 5638 es
3020 5592 3280 5653 sequente
3302 5582 3464 5651 paulo
3494 5588 3616 5651 post

317 5709 572 5753 sermone
602 5693 671 5750 de
701 5692 929 5747 utilitate
956 5690 1171 5762 Jejunii,
1200 5704 1320 5760 cap.
1346 5690 1400 5754 3,
1432 5688 1761 5756 desumptas,
1785 5682 2010 5747 scilicet,
2038 5681 2194 5737 Si....
2220 5680 2458 5751 iumento
2501 5678 2766 5743 insidens,
2788 5678 2922 5747 quod
2945 5686 2992 5730 te
3022 5674 3277 5747 gestiendo
3302 5675 3446 5729 vellet
3467 5688 3612 5743 prc-

318 5787 552 5858 eipitare,
588 5794 721 5851 ete.,
743 5784 904 5852 inque
928 5781 1043 5852 ejus
1070 5782 1175 5836 line
1207 5780 1552 5835 concionator
1579 5776 1646 5831 ad
1671 5770 2040 5845 baptizandos,
2071 5769 2284 5837 Μίνωι,
2314 5769 2504 5841 inquit,
2527 5778 2696 5825 nostra
2720 5778 2813 5858 est,
2835 5778 2889 5822 ut
2917 5768 2970 5821 in
2994 5766 3084 5821 illo
3103 5774 3277 5858 sancto
3298 5768 3435 5858 fonte
3457 5764 3616 5858 adju-

322 5854 445 5934 vetis
471 5895 563 5934 nos
582 5874 896 5933 orationibus
914 5874 1089 5928 vestris
1116 5888 1135 5927 :
1162 5871 1303 5943 quod
1333 5870 1598 5926 sermonis
1624 5865 1866 5938 proxime
1882 5861 2254 5932 subsequentis
2270 5869 2457 5919 auctor
2480 5875 2589 5919 non
2617 5857 2935 5917 absimiliter
2953 5857 3196 5928 exposcit
3209 5870 3239 5913 a
3256 5854 3611 5927 baptizandis,

332 5972 430 6031 Pro
451 5982 626 6029 nostra
655 5969 904 6037 mercede,
928 5968 980 6023 in
1006 5966 1094 6022 illo
1113 5964 1454 6022 sacratissimo
1482 5966 1623 6034 {ante
1651 5975 1742 6032 pro
1771 5955 1913 6014 nobis
1932 5962 2094 6011 orate.
