4078 6504
1730 597 1876 605 ..ο-...κ

510 588 3786 662 MM

882 630 1907 645 _____________W,

1134 719 1281 833 S-
1364 714 2125 831 AURELII
2216 708 3210 825 AUGUSTINI

1703 900 2214 963 HIPPONENSIS
2268 900 2620 962 EPISCOPI

1006 1053 1440 1276 DE
1642 1036 3308 1270 SYMBOLO

1231 1406 1636 1497 SERMO
1698 1405 1854 1488 AD
1932 1399 2891 1486 CATECHUMENOS
2934 1386 3050 1478 (α).

1909 1636 2400 1700 SERMONES

713 1773 795 1814 DE
838 1769 1148 1815 SYMBOLO.

714 1851 798 1893 DE
842 1848 1149 1893 DISCIPLIN
1161 1850 1193 1890 Δ
1238 1846 1574 1890 οῐιιιιετιλκ
1586 1846 1641 1886 Α.

717 1930 800 1971 ΒΕ
842 1928 1114 1972 CANTICO
1160 1925 1348 1970 NOVO.

720 2009 802 2051 DE
846 2007 1097 2060 QUABTA
1147 2004 1360 2049 FERIA.

2415 1759 2494 1800 DE
2537 1759 2963 1804 CATACLYSMO.

2412 1838 2492 1879 DE
2537 1839 2835 1881 TEMPORE
2881 1838 3259 1882 BARBARICO.

2412 1917 2494 1958 DE
2540 1918 2877 1960 UTILITATE
2920 1919 3020 1959 JEJ
3031 1918 3187 1960 UNII.

2414 1996 2495 2037 DE
2541 1997 2723 2041 URBIS
2769 1997 3051 2040 EXCIDIO.

1968 2052 2270 2108 εὸίθΐρζέΰο
2284 2055 2339 2107 >8>

586 2168 812 2227 CAPUT
858 2168 1145 2224 PRIMUM.
1192 2196 1266 2207 -—
1309 2168 1361 2221 l.
1404 2163 1703 2236 Symbolum
1747 2163 1925 2233 regula
1965 2160 2104 2230 ﬁdei.

519 2260 816 2333 Symbolum
844 2277 907 2314 ex
936 2258 1221 2328 Scripturis
1259 2255 1527 2311 collectum
1571 2262 1663 2307 est.
1701 2251 1836 2306 Deus
1874 2252 2107 2321 omnipo-

517 2363 646 2408 tens.
664 2350 872 2405 Parvuli
893 2350 1228 2421 exsuﬂlantur
1248 2357 1295 2402 et
1316 2346 1684 2401 exorcizantur.
1709 2342 1966 2412 Accipite,
1992 2342 2107 2409 lilii,

516 2443 753 2514 regulam
782 2440 927 2506 ﬁdei,
959 2439 1099 2510 quod
1129 2436 1442 2511 Symbolum
1468 2435 1684 2491 dicitur.
1717 2434 1779 2488 Et
1807 2448 1927 2487 cum
1958 2446 2111 2487 acce-

520 2535 723 2605 peritis,
754 2534 806 2589 in
834 2532 997 2588 corde
1024 2532 1259 2597 scribite,
1287 2538 1343 2586 et
1366 2528 1603 2600 quotidie
1629 2527 1790 2582 dicite
1816 2525 1955 2596 apud
1981 2539 2109 2579 vos:

517 2635 803 2697 antequam
848 2623 1161 2689 dormiatis,
1211 2631 1495 2691 antequam
1550 2617 1883 2689 procedatis,
1933 2623 2112 2670 vestro

518 2717 774 2789 Symbolo
802 2730 899 2771 vos
924 2715 1143 2771 munite.
1179 2712 1489 2784 Symbolum
1530 2726 1688 2765 nemo
1715 2708 1899 2764 scribit
1931 2717 1986 2761 ut
2011 2707 2113 2776 legi

519 2810 688 2880 possit
716 2827 731 2865 :
757 2807 851 2864 sed
881 2807 949 2863 ad
977 2805 1361 2863 recensendmn
1380 2844 1395 2871 ,
1424 2819 1491 2859 ne
1522 2802 1659 2858 forte
1695 2802 1874 2857 deleat
1914 2800 2113 2855 oblivio

519 2899 661 2971 quod
684 2898 899 2954 tradidit
918 2896 1212 2968 diligentia,
1234 2896 1305 2950 sit
1328 2895 1480 2949 vobis
1503 2893 1675 2949 codex
1704 2902 1878 2947 vestra
1907 2905 2111 2946 memo-

522 2994 621 3048 ria.
649 2991 801 3059 Quod
832 2990 1061 3045 audituri
1101 2988 1232 3046 estis
1252 3030 1267 3055 ,
1300 2987 1402 3042 hoc
1429 2986 1715 3051 credituri;
1749 2994 1803 3041 et
1831 2984 1969 3054 quod
1999 2999 2116 3039 cre—

521 3081 798 3147 dideritis,
827 3079 928 3135 hoc
956 3080 1119 3135 etiam
1157 3078 1335 3149 lingua
1363 3076 1641 3133 reddituri.
1673 3077 1762 3130 Ait
1794 3075 1936 3131 enim
1968 3077 2112 3144 Apo-

522 3172 694 3226 stolus
717 3186 729 3223 :
756 3168 919 3223 Corde
938 3168 1163 3223 creditur
1188 3167 1255 3221 ad
1270 3167 1545 3235 justitiam,
1574 3181 1660 3219 ore
1683 3175 1849 3218 autem
1870 3164 2115 3232 confessio

525 3263 583 3332 ﬁt
607 3262 675 3316 ad
699 3260 912 3315 salutem
942 3258 1121 3330 (Rom.
1146 3274 1205 3325 χ,
1232 3258 1343 3327 10).
1372 3257 1485 3313 lloc
1505 3265 1586 3311 est
1612 3255 1753 3311 enim
1778 3254 2112 3325 Symbolum,

522 3354 665 3425 quod
691 3352 962 3409 recensuri
991 3353 1120 3413 estis
1149 3360 1205 3407 et
1233 3349 1510 3406 reddituri.
1542 3348 1643 3403 lsta
1680 3346 1842 3402 verba
1876 3362 1994 3416 qua:
2018 3360 2113 3399 au-

524 3447 713 3514 distis,
743 3460 840 3516 per
863 3444 1072 3500 divinas
1096 3444 1399 3514 Scripturas
1428 3457 1611 3512 sparsa
1647 3449 1772 3495 sunt
1805 3458 1820 3495 :
1854 3438 1949 3495 sed
1994 3438 2117 3495 inde

525 3543 751 3599 collecta
781 3549 837 3597 et
862 3539 927 3595 ad
958 3553 1122 3595 unum
1153 3536 1363 3593 redacta
1382 3578 1397 3600 ,
1430 3551 1499 3591 ne
1538 3534 1808 3590 tardorum
1837 3532 2115 3588 hominum

527 3634 785 3690 memoria
829 3631 1130 3695 laboraret;
1177 3636 1235 3683 ut
1274 3628 1447 3683 omnis
1493 3626 1653 3681 homo
1701 3624 1870 3695 possit
1915 3624 2111 3689 dicere,

528 3727 697 3795 possit
724 3732 908 3779 tenere
936 3720 1079 3793 quod
1114 3720 1303 3776 credit.
1340 3717 1607 3788 Numquid
1645 3719 1787 3773 enim
1824 3713 1986 3772 modo
2024 3730 2114 3770 so-

528 3813 800 3870 lummodo
828 3812 1049 3868 audistis
1077 3812 1198 3883 quia
1226 3812 1366 3866 Deus
1395 3810 1735 3878 omnipotens
1760 3807 1877 3863 est?
1902 3806 2007 3864 Sed
2038 3807 2118 3863 in-

530 3905 705 3974 eipitis
733 3920 855 3960 eum
897 3904 1093 3959 habere
1123 3913 1327 3974 patrem
1346 3943 1361 3969 ,
1388 3901 1605 3971 quando
1635 3899 1744 3956 nati
1782 3898 1986 3956 fueritis
2021 3914 2118 3970 per

525 3995 821 4051 Ecclesiam
851 4003 1098 4049 matrem.

595 4094 655 4143 2.
687 4087 815 4143 lude
844 4102 970 4156 ergo
994 4086 1104 4156 jam
1131 4084 1440 4155 accepistis,
1470 4081 1708 4139 meditati
1732 4080 1893 4150 estis,
1923 4090 1979 4137 et
2007 4095 2118 4136 me-

529 4176 680 4231 ditati
723 4176 1003 4241 tenuistis,
1049 4183 1107 4229 ut
1131 4174 1319 4230 dicatis
1354 4191 1369 4227 :
1410 4171 1585 4229 Credo
1624 4173 1676 4227 in
1707 4172 1873 4228 Deum
1904 4171 2115 4227 Patrem

529 4266 968 4336 omnipotentem.
999 4264 1135 4319 Deus
1156 4264 1493 4333 omnipotens
1512 4270 1595 4317 est
1618 4279 1630 4315 :
1653 4270 1845 4316 etcum
1867 4262 1937 4315 sit
1954 4262 2119 4316 omni-

532 4364 741 4426 potens,
766 4354 900 4409 mori
930 4368 1033 4408 non
1060 4363 1253 4423 potest,
1281 4353 1389 4408 falli
1416 4368 1521 4407 non
1550 4360 1745 4423 potest,
1771 4353 1984 4407 mentiri
2011 4367 2117 4408 non

532 4455 739 4518 potest;
772 4454 853 4513 et,
884 4446 1025 4517 quod
1054 4446 1126 4501 ait
1155 4446 1476 4517 Apostolus,
1505 4461 1688 4515 negare
1724 4461 1777 4498 se
1812 4444 1979 4514 ipsum
2016 4462 2117 4500 non

531 4551 694 4615 potest
736 4542 810 4617 (ll
842 4543 972 4597 Tim.
1003 4560 1069 4609 tt,
1101 4543 1213 4617 15).
1257 4544 1425 4613 Quam
1465 4544 1632 4599 multa
1677 4559 1782 4599 non
1825 4552 2032 4614 potest,
2064 4551 2121 4598 et

529 4635 870 4703 utitnipotens
895 4644 977 4690 est
1000 4652 1015 4687 :
1038 4643 1092 4689 et
1115 4634 1235 4690 ideo
1262 4636 1599 4704 omnipotens
1623 4643 1725 4699 cst,
1749 4635 1869 4705 quia
1891 4636 1988 4687 ista
2012 4648 2115 4687 non

532 4734 727 4795 potest.
755 4724 887 4781 Nam
915 4726 959 4778 si
987 4725 1120 4780 mori
1147 4734 1348 4795 posset,
1381 4741 1484 4778 non
1511 4733 1653 4780 esset
1678 4724 2045 4795 omnipotens;
2073 4724 2117 4779 si

530 4817 778 4881 mentiri,
806 4817 850 4871 si
878 4816 1022 4883 falli,
1049 4816 1092 4870 si
1121 4817 1335 4880 fallere,
1363 4817 1406 4872 si
1432 4816 1609 4886 inique
1633 4832 1819 4887 agere,
1845 4832 1949 4873 non
1978 4827 2121 4873 esset

529 4908 869 4978 omnipotens
899 4926 912 4961 :
941 4909 1065 4978 quia
1094 4909 1137 4963 si
1170 4909 1273 4963 hoc
1302 4908 1353 4963 in
1380 4924 1445 4963 eo
1468 4918 1643 4975 esset,
1674 4923 1779 4963 non
1810 4908 1996 4964 luisset
2031 4909 2117 4964 di-

528 5014 667 5068 gnus
685 4999 775 5070 qui
800 5010 942 5055 esset
967 5001 1325 5069 omnipotens.
1354 5000 1581 5056 Prorsus
1605 5001 1942 5070 omnipotens
1964 5001 2120 5057 Pater

532 5096 716 5145 noster
744 5104 965 5159 peccare
991 5106 1096 5145 non
1127 5099 1320 5161 potest.
1354 5089 1504 5146 Facit
1538 5090 1792 5161 quidquid
1828 5090 1979 5146 vult:
2006 5091 2118 5160 ipsa

532 5190 616 5235 est
642 5183 1044 5251 omnipotentia.
1074 5184 1221 5239 Facit
1247 5182 1501 5254 quidquid
1531 5183 1669 5239 bene
1697 5183 1839 5249 vult,
1865 5183 2119 5253 quidquid

532 5272 673 5337 iuste
701 5271 813 5325 vult
839 5288 853 5326 :
885 5273 1141 5343 quidquid
1169 5282 1347 5328 autem
1374 5274 1513 5328 male
1543 5274 1620 5339 lit,
1652 5288 1759 5328 non
1790 5274 1919 5327 vult.
1950 5273 2121 5327 Nemo

536 5360 735 5415 resistit
751 5362 1122 5433 omnipotenti,
1146 5375 1205 5419 ut
1225 5380 1328 5420 non
1350 5365 1489 5434 quod
1512 5365 1624 5419 vult
1649 5364 1825 5418 faciat.
1854 5364 1972 5434 Ipse
1999 5363 2124 5419 fecit

534 5451 729 5506 caelum
758 5460 813 5508 et
839 5462 1052 5521 terram,
1082 5471 1229 5512 mare
1255 5466 1309 5512 et
1334 5457 1511 5513 omnia
1541 5472 1659 5527 qua:
1687 5457 1737 5511 in
1767 5456 1845 5512 eis
1871 5465 2014 5522 sunt,
2043 5457 2123 5511 in-

2214 2161 2441 2216 visibilia
2481 2170 2536 2216 et
2575 2160 2796 2215 visibilia
2832 2179 2845 2214 :
2880 2160 3190 2224 invisibilia,
3227 2158 3363 2214 sicut
3403 2166 3527 2214 sunt
3565 2158 3617 2213 iu
3656 2157 3803 2215 cali:

2214 2254 2401 2320 Sedes,
2422 2253 2838 2320 Dominationes,
2855 2252 3211 2322 Principatus,
3228 2252 3545 2314 Potestates,
3566 2251 3799 2305 Archan-

2214 2348 2337 2420 geli,
2372 2350 2580 2420 Angeli,
2612 2351 2656 2406 si
2684 2353 2820 2407 bene
2849 2351 3156 2414 vixerimus,
3190 2352 3334 2405 cives
3360 2349 3548 2404 nostri.
3579 2348 3724 2402 Fecit
3750 2348 3803 2401 in

2214 2442 2354 2495 ecelo
2382 2441 2643 2508 visibilia;
2670 2442 2861 2508 solem,
2891 2442 3091 2508 lunam,
3119 2442 3321 2496 stellas.
3346 2441 3470 2496 Suis
3490 2438 3803 2493 animalibus

2218 2535 2557 2590 terrestribus
2585 2534 2795 2590 ornavit
2834 2542 3028 2590 terram
3049 2574 3065 2600 ,
3104 2533 3341 2603 implevit
3370 2546 3547 2585 aerem
3586 2528 3806 2584 volatili-

2216 2624 2337 2687 bus,
2365 2633 2558 2680 terram
2580 2625 2976 2681 ambulantibus
3000 2634 3053 2680 et
3078 2624 3431 2694 serpentibus,
3456 2638 3603 2677 mare
3624 2632 3806 2675 natan-

2219 2716 2358 2772 tibus
2387 2734 2401 2771 :
2427 2718 2605 2773 omnia
2649 2718 2887 2787 implevit
2924 2717 3035 2772 suis
3075 2715 3333 2772 creaturis
3372 2715 3619 2784 prapriis.
3663 2712 3806 2766 Fecit

2217 2818 2272 2863 et
2301 2808 2568 2863 hominem
2607 2807 2675 2862 ad
2714 2807 2995 2877 imaginem
3041 2815 3095 2861 et
3132 2805 3530 2861 similitudinem
3571 2819 3723 2858 suam
3753 2804 3801 2856 in

2217 2908 2397 2955 mente
2426 2916 2438 2954 :
2469 2899 2539 2955 ibi
2570 2907 2652 2954 est
2678 2899 2818 2954 enim
2851 2899 3023 2969 imago
3055 2898 3186 2962 Dei;
3219 2896 3339 2951 ideo
3378 2911 3528 2951 mens
3559 2895 3670 2964 ipsa
3703 2910 3803 2948 non

2218 3000 2393 3062 potest
2420 2989 2801 3060 comprehendi
2832 3004 2930 3044 nec
2958 3004 2987 3043 a
3015 3004 3073 3044 se
3101 2988 3233 3058 ipsa,
3264 2987 3350 3041 ubi
3381 2996 3462 3041 est
3492 2987 3667 3055 imago
3695 2984 3802 3038 Dei.

2219 3082 2301 3138 Ad
2331 3082 2433 3138 hoc
2459 3083 2577 3137 lacti
2606 3096 2810 3147 sumus,
2841 3092 2898 3136 ut
2920 3081 3177 3137 creaturis
3201 3080 3410 3136 caeteris
3435 3078 3802 3133 dominemur:

2218 3175 2314 3231 sed
2344 3190 2439 3246 per
2461 3182 2737 3246 peccatum
2767 3174 2818 3229 in
2849 3175 3019 3244 primo
3046 3174 3263 3228 homine
3286 3172 3418 3243 lapsi
3446 3185 3653 3236 sumus,
3680 3179 3732 3225 et
3757 3169 3806 3223 in

2218 3266 2407 3323 mortis
2450 3266 2812 3322 hzereditatem
2855 3280 3043 3321 omnes
3084 3264 3412 3320 devenimus.
3446 3262 3593 3317 Facti
3629 3277 3810 3317 sumus

2221 3357 2451 3414 humiles
2478 3358 2767 3425 mortales,
2800 3356 3003 3426 impleti
3045 3370 3231 3411 sumus
3272 3353 3583 3421 timoribus,
3611 3353 3810 3408 errori-

2220 3448 2323 3504 bus
2353 3466 2367 3501 :
2395 3447 2499 3502 hoc
2535 3447 2726 3503 merito
2765 3447 3006 3516 peccati;
3043 3461 3165 3501 cum
3207 3460 3314 3517 quo
3354 3445 3545 3499 merito
3580 3454 3635 3498 et
3665 3453 3809 3497 reatu

2223 3537 2462 3593 nascitur
2494 3537 2670 3592 euntis
2710 3537 2870 3592 homo
2900 3536 3051 3607 (Gen.
3079 3539 3243 3604 t-ltl).
3278 3535 3401 3590 Ideo
3438 3534 3579 3589 sicut
3607 3534 3811 3587 vidistis

2223 3629 2403 3698 hodie,
2434 3629 2573 3685 sicut
2601 3629 2768 3683 nostis
2787 3670 2801 3693 ,
2829 3636 2884 3683 et
2911 3628 3113 3697 parvuli
3140 3626 3491 3682 exsulﬂantur
3517 3635 3572 3680 et
3599 3625 3811 3679 exorci-

2223 3732 2429 3788 zantur,
2452 3730 2510 3777 ut
2532 3721 2756 3792 pellatur
2773 3720 2841 3775 ab
2861 3721 2939 3776 eis
2958 3720 3153 3776 diaboli
3178 3727 3412 3790 potestas
3434 3718 3673 3783 inimica,
3695 3732 3813 3787 qua:

2222 3815 2434 3885 decepit
2473 3814 2776 3879 hominem,
2808 3822 2867 3867 ut
2895 3813 3192 3883 possideret
3232 3811 3493 3867 homines.
3526 3810 3647 3864 Non
3686 3824 3813 3879 ergo

2222 3917 2465 3964 creatura
2488 3906 2580 3962 Dei
2606 3906 2659 3960 in
2682 3904 2971 3960 infantibus
2995 3904 3329 3959 exorcizatur
3349 3910 3442 3955 aut
3464 3900 3808 3956 exsulﬂatur:

2221 3996 2315 4053 sed
2346 3997 2434 4051 ille
2462 3996 2562 4050 sub
2587 4010 2693 4065 quo
2717 4003 2842 4049 sunt
2863 4007 3051 4048 omnes
3074 3993 3163 4062 qui
3190 4007 3310 4046 cum
3338 4000 3559 4061 peccato
3585 4004 3813 4044 nascun-

2226 4099 2343 4153 tur;
2373 4093 2456 4142 est
2479 4087 2621 4141 enim
2652 4086 2899 4154 princeps
2930 4092 3289 4153 peccatorum.
3322 4084 3399 4136 Ac
3432 4095 3525 4150 per
3554 4079 3659 4134 hoc
3690 4094 3812 4149 ιιι-οη

2224 4189 2341 4251 pter
2369 4194 2530 4233 unum
2558 4178 2647 4248 qui
2675 4178 2856 4247 lapsus
2885 4185 2970 4232 est
3006 4187 3060 4231 et
3094 4189 3283 4230 omnes
3308 4174 3451 4228 misit
3475 4174 3530 4227 in
3562 4184 3811 4237 mortem,

2224 4272 2418 4327 missus
2442 4279 2525 4325 est
2550 4285 2687 4324 unus
2710 4269 2827 4325 sine
2852 4277 3068 4339 peccato
3095 4268 3184 4337 qui
3214 4282 3402 4322 omnes
3429 4267 3479 4320 in
3507 4282 3567 4320 se
3592 4266 3814 4321 creden-

2224 4372 2305 4419 tes
2332 4361 2588 4433 perdueat
2615 4360 2681 4416 ad
2708 4360 2891 4422 vitam,
2922 4360 3155 4413 liberans
3183 4373 3276 4412 eos
3304 4373 3331 4410 a
3361 4367 3601 4427 peccato.

2294 4454 2519 4511 CAPUT
2545 4452 2609 4507 ll.
2634 4483 2703 4493 —
2730 4453 2783 4508 3.
2814 4450 3007 4505 Filium
3029 4450 3121 4503 Det
3145 4449 3423 4503 Dominum
3453 4458 3682 4503 nostrum
3707 4463 3815 4501 vere

2224 4562 2330 4600 esse
2348 4543 2514 4598 Deum
2533 4553 2579 4597 et
2599 4543 3007 4611 omnipotentem.
3034 4540 3189 4593 Pater
3211 4550 3255 4592 et
3279 4538 3447 4592 Filius
3471 4556 3571 4593 non
3595 4540 3669 4592 dii
3688 4538 3809 4601 duo,

2223 4642 2311 4693 sed
2340 4654 2468 4691 unus
2498 4636 2654 4689 Deus.
2694 4634 2863 4687 Filius
2905 4633 3219 4704 omnipotens
3254 4642 3299 4684 et
3340 4630 3556 4702 a’qualis
3590 4647 3623 4683 α
3662 4629 3815 4682 Patre

2223 4730 2440 4801 genitus.
2474 4727 2600 4783 Ideo
2625 4726 2893 4782 credimus
2919 4735 2973 4780 et
3001 4725 3051 4779 in
3079 4725 3269 4779 Filium
3298 4724 3413 4791 ejus
3434 4764 3450 4785 ,
3493 4724 3545 4778 id
3571 4733 3653 4777 est
3674 4765 3689 4789 ,
3720 4722 3814 4775 Dei

2225 4823 2396 4877 Patris
2447 4819 2864 4890 omnipotentis,
2917 4817 3165 4880 unicum,
3216 4815 3495 4869 Dominum
3550 4823 3812 4869 nostrum.

2224 4915 2447 4982 Quando
2470 4913 2621 4968 audis
2644 4913 2859 4967 unicum
2882 4911 2977 4966 Dei
2996 4910 3206 4973 Filium,
3235 4922 3465 4978 agnosce
3490 4907 3675 4961 Deum.
3700 4905 3813 4959 Non

2225 5007 2365 5063 enim
2397 5007 2562 5061 Filius
2600 5006 2693 5060 Dei
2732 5005 2917 5059 unicus
2954 5012 3137 5072 posset
3173 5016 3294 5055 esse
3331 5015 3437 5054 non
3474 4999 3638 5053 Deus.
3664 4997 3813 5065 Quod

2225 5106 2337 5162 est,
2364 5096 2468 5151 hoc
2493 5096 2710 5166 genuit;
2749 5093 2849 5150 etsi
2878 5107 2985 5147 non
3015 5101 3097 5146 est
3124 5104 3280 5159 quem
3313 5088 3516 5159 genuit.
3561 5087 3619 5143 Si
3660 5102 3819 5142 verus

2224 5197 2307 5243 est
2334 5197 2510 5241 autem
2540 5187 2726 5252 Filius,
2757 5185 2861 5240 hoc
2888 5192 2971 5238 est
2996 5182 3136 5251 quod
3169 5182 3324 5235 Pater
3349 5198 3362 5232 :
3391 5179 3435 5234 si
3466 5178 3571 5233 hoc
3603 5193 3708 5233 non
3736 5187 3819 5231 est

2225 5277 2366 5347 quod
2393 5277 2571 5342 Pater,
2595 5291 2700 5331 non
2725 5284 2807 5331 est
2833 5290 2987 5330 verus
3013 5273 3197 5327 Filius.
3222 5270 3472 5325 Mortales
3500 5279 3555 5325 et
3577 5279 3819 5323 terrenas

2225 5376 2498 5422 creaturas
2523 5367 2777 5421 attendite
2807 5384 2821 5419 :
2849 5363 2991 5435 quod
3018 5372 3101 5418 est
3123 5378 3209 5416 res
3231 5376 3455 5431 qumque
3473 5402 3489 5426 ,
3522 5364 3625 5414 hoc
3650 5375 3816 5429 gene-

2227 5466 2327 5511 rat.
2376 5457 2492 5510 Non
2540 5463 2761 5526 generat
2806 5455 2966 5508 homo
3017 5452 3246 5518 bovem,
3290 5466 3394 5505 non
3439 5458 3663 5520 generat
3704 5448 3821 5503 ovis

1706 5582 1989 5624 ADIONITIO
2026 5584 2106 5622 PP.
2147 5584 2625 5624 BENEDICTINORUII.

597 5661 668 5729 De
689 5653 910 5729 Symbolo
1010 5658 1389 5729 Catechumenos
1403 5668 1666 5729 sermones
1688 5661 1938 5729 emendati
1962 5667 2076 5710 sunt
2098 5662 2158 5729 ad
2192 5662 2532 5729 Divionensem
2557 5659 2763 5729 abbatiae
2801 5666 2844 5707 S.
2872 5657 3076 5729 benigni
3106 5655 3322 5728 codicem
3358 5656 3819 5729 annorum_circitelr

534 5715 741 5791 θορηεᾶ
762 5719 1222 5791 gemmeticensem,
1254 5720 1313 5791 ad
1354 5722 1727 5791 manuscriptum
1765 5722 1987 5771 Ecclesize
2018 5729 2115 5771 Law

2221 5724 2372 5791 ensis,
2398 5721 2457 5769 ad
2481 5722 2853 5791 "manuscriptum
2876 5727 2955 5767 PP.
2968 5715 3267 5791 .tiuliensium
3291 5717 3569 5791 emupbiif.
3591 5716 3818 5788 [ξοντιδωὶ

536 5778 842 5846 Ρπίείηεῖῐξεὶεν
869 5784 921 5827 ει
940 5779 1000 5828 ad
1024 5779 1263 5846 editiones
1284 5787 1358 5846 _Er.
1385 5788 1437 5829 et
1458 5788 1564 5831 ιον.
1594 5777 1777 5831 Primus
1798 5796 1962 5832 sermo
1994 5790 2225 5846 repertus
2264 5777 2407 5831 etiam
2445 5790 2521 5832 est
2564 5785 2613 5831 in
2648 5777 2981 5844 Andegavensi
3023 5779 3348 5841 manuscripto
3384 5784 3429 5825 s.
3471 5777 3625 5825 Albini
3667 5790 3819 5825 anuo-

537 5852 643 5889 rum
664 5839 789 5914 800;
810 5846 916 5889 tres
938 5853 1057 5890 vero
1077 5840 1159 5889 alii
1180 5842 1396 5890 minime.

619 5920 1135 6002 Comparavimus
1158 5933 1454 6003 praeterea
1485 5944 1582 5984 eas
1608 5944 1811 5986 omnes
1842 5929 2137 5991 editiones
2167 5928 2354 5990 initio
2388 5930 2555 5988 lletr.
2580 5936 2634 5989 et
2660 5926 2975 6003 Confess,
2996 5934 3036 5985 t.
3078 5927 3132 5999 1,
3164 5929 3549 5985 memoratas.
3640 5921 3731 5982 M.

597 6025 671 6085 (α)
696 6024 834 6089 Alias,
859 6024 992 6078 Liber
1013 6022 1214 6088 primus,
1242 6025 1290 6074 in
1315 6031 1427 6075 ante
1454 6025 1612 6089 editis,
1635 6031 1749 6075 tom.
1771 6026 1817 6076 9.
