4078 6494
288 530 391 584 ouo

289 657 508 706 canem,
540 654 638 694 nec
667 639 820 694 cauis
848 654 1023 692 ovem.
1056 637 1319 708 Quidquid
1352 646 1434 692 est
1471 636 1613 705 quod
1644 645 1883 706 generat,

290 731 341 786 id
372 728 515 800 quod
553 736 638 785 est
670 737 913 799 generat.
954 728 1154 783 Tenete
1196 742 1325 797 ergo
1364 725 1607 788 fortiter.
1640 728 1884 784 firmiter.

292 821 519 875 ﬁdeliter
538 860 553 883 ,
583 818 706 889 quia
744 818 847 873 hoc
886 817 1067 887 genuit
1103 816 1244 870 Deus
1276 817 1463 881 Pater,
1494 812 1634 885 quod
1662 824 1745 870 est
1773 815 1886 886 ipse

291 914 649 981 omnipotens.
673 911 945 966 Creatune
968 910 1082 964 ista:
1103 910 1356 963 mortales
1378 924 1474 979 per
1492 911 1886 976 corruptionem

291 1012 567 1072 generant.
600 1001 867 1071 Numquid
904 1001 984 1055 sic
1011 999 1151 1054 Deus
1189 998 1445 1069 generat?
1471 998 1703 1053 Mortalis
1731 1008 1887 1052 natus

291 1093 342 1148 id
369 1094 512 1162 quod
542 1101 627 1147 est
662 1100 920 1162 generat,
958 1090 1275 1144 immortalis
1316 1089 1458 1160 quod
1505 1097 1589 1143 est
1631 1100 1882 1160 generat:

293 1183 651 1255 corruptibilis
677 1181 1078 1251 corruptibilem
1103 1189 1342 1249 generat,
1369 1180 1782 1249 incorruptibilis
1808 1180 1888 1233 in-

290 1274 727 1345 corruptibilem;
756 1271 1119 1342 corruptibilis
1148 1270 1597 1340 corruptibiliter,
1640 1272 1886 1324 incorruo

292 1366 495 1436 ptibilis
520 1364 993 1435 incorruptibiliter
1016 1381 1030 1418 :
1056 1377 1224 1433 usque
1249 1361 1385 1416 adeo
1413 1361 1514 1415 hoc
1540 1360 1681 1431 quod
1703 1371 1804 1421 est.
1828 1369 1888 1416 ut

291 1471 427 1509 unus
456 1472 652 1521 unum,
686 1455 806 1509 ideo
831 1454 1068 1508 unicum.
1095 1451 1254 1507 Scitis
1285 1450 1532 1521 quoniam
1572 1465 1693 1504 cum
1737 1451 1885 1505 vobis

288 1547 689 1615 pronuntiarem
712 1545 1024 1616 Symbolum
1064 1543 1142 1597 sic
1168 1542 1308 1608 dixi,
1340 1550 1397 1597 et
1430 1542 1507 1595 sic
1542 1541 1766 1596 credere
1792 1541 1885 1595 de-

288 1635 424 1689 betis
451 1652 464 1687 :
489 1636 611 1705 quia
634 1634 903 1690 credimus
930 1634 982 1687 in
1007 1632 1173 1687 Deum
1202 1632 1411 1686 Patrem
1439 1631 1881 1699 omnipotentem,

286 1735 339 1783 ct
365 1726 417 1780 in
446 1725 628 1780 Jesum
654 1725 928 1779 Christum
956 1723 1147 1777 Filium
1172 1723 1288 1792 ejus
1314 1722 1548 1776 unicum.
1574 1720 1691 1775 Jam
1718 1736 1885 1790 quan-

286 1819 355 1872 do
389 1819 643 1885 unicum,
685 1817 848 1873 crede
870 1818 887 1848 ¹
928 1816 1351 1885 omnipotentem
1380 1832 1392 1869 :
1422 1830 1529 1869 non
1570 1815 1712 1869 enim
1744 1815 1885 1870 Deus

288 1908 449 1963 Pater
480 1907 605 1963 facit
632 1908 774 1978 quod
801 1907 946 1973 vult,
983 1916 1038 1962 et
1066 1906 1207 1962 Deus
1235 1906 1401 1960 Filius
1431 1921 1537 1960 non
1577 1905 1703 1959 facit
1739 1905 1882 1975 quod

289 2000 421 2053 .vult.
459 1999 568 2054 Una
592 2000 839 2053 voluntas
864 2008 943 2053 est
967 1998 1137 2055 Patris
1161 2006 1215 2053 ct
1235 1996 1375 2063 Filii,
1397 1997 1519 2067 quia
1545 2011 1650 2051 una
1672 2008 1880 2050 natura.

284 2092 392 2148 Nec
422 2092 568 2147 enim
596 2092 840 2147 voluntas
865 2091 983 2146 Filii
1015 2099 1191 2161 potest
1222 2106 1254 2145 a
1282 2089 1454 2146 Patris
1483 2089 1755 2144 voluntate
1781 2089 1882 2143 ali-

282 2185 602 2254 quantulum
628 2184 916 2254 segregari.
944 2182 1083 2237 Deus
1102 2191 1156 2236 et
1177 2181 1337 2247 Deus,
1365 2180 1525 2235 ambo
1546 2195 1681 2235 unus
1704 2180 1879 2235 Deus:

282 2276 425 2330 ouini
434 2284 627 2345 petens
655 2283 709 2329 et
732 2275 1091 2344 omnipotens,
1118 2274 1279 2329 ambo
1304 2288 1438 2328 unus
1458 2273 1819 2342 omnipotens.

349 2386 406 2439 «ί.
440 2384 558 2439 Νοιι
591 2385 983 2439 introducimus
1007 2384 1144 2439 duos
1170 2384 1300 2439 deos
1320 2426 1335 2451 ,
1362 2382 1631 2454 quomodo
1663 2382 1880 2453 quidam

281 2476 645 2539 introducunt,
669 2482 724 2529 et
743 2476 926 2530 dicunt
951 2494 963 2529 :
993 2476 1131 2531 Deus
1154 2474 1314 2529 Pater
1336 2483 1391 2529 et
1413 2475 1552 2529 Deus
1575 2473 1760 2539 Filius,
1785 2473 1880 2528 sed

280 2567 455 2635 major
493 2565 633 2619 Dens
664 2565 850 2630 Pater,
898 2565 1073 2619 minor
1113 2565 1255 2619 Deus
1294 2563 1478 2617 Filius.
1511 2562 1685 2617 Ambo
1714 2562 1880 2632 quid?

280 2657 394 2711 Duo
430 2655 549 2710 dii?
580 2654 865 2710 Erubescis
901 2654 1113 2720 dicere,
1145 2654 1400 2708 erubesce
1426 2653 1667 2707 credere.
1695 2652 1880 2705 Domi--

278 2762 377 2800 ous
420 2748 563 2799 Dens
603 2745 758 2800 Pater
800 2744 966 2810 dicis,
1009 2752 1064 2799 et
1104 2744 1361 2797 Dominus
1398 2742 1546 2797 Deus
1576 2741 1744 2795 Filius
1780 2760 1792 2794 :
1826 2749 1882 2795 et

277 2839 403 2892 dicit
435 2839 551 2906 ipse
578 2837 775 2901 Filius,
809 2834 976 2891 Nemo
1016 2844 1174 2908 potest
1211 2836 1407 2890 duobus
1445 2834 1662 2889 dominis
1692 2835 1880 2889 servire

278 2929 494 3002 (Matth.
524 2946 597 2995 vt,
626 2930 741 2996 24).
773 2929 831 2983 ln
860 2929 1057 2983 familia
1088 2929 1253 2999 ipsius
1278 2930 1354 2983 sic
1384 2929 1604 2995 erimus,
1639 2936 1717 2994 ut,
1746 2943 1882 2997 quo-

276 3023 438 3077 modo
471 3023 523 3076 in
554 3022 717 3078 domo
748 3037 935 3092 magna
973 3022 1062 3076 ubi
1101 3031 1184 3077 est
1218 3021 1601 3092 paterfamilias
1638 3030 1690 3075 et
1721 3021 1880 3077 habet

277 3114 480 3178 lilium,
524 3114 767 3168 dicamus
806 3123 861 3167 et
900 3130 1039 3167 nos:
1076 3113 1331 3167 Dominus
1373 3112 1578 3181 majOr,
1622 3112 1879 3168 Dominus

276 3206 492 3261 minor?
525 3204 863 3260 Aversamini
894 3206 1050 3257 talem
1077 3204 1478 3273 cogitationem.
1501 3202 1555 3256 Si
1582 3203 1730 3255 vobis
1757 3203 1876 3257 talia

278 3298 513 3352 feceritis
542 3297 595 3350 in
622 3295 804 3358 corde,
834 3295 973 3349 idola
1003 3296 1196 3365 ponitis
1224 3295 1275 3348 in
1301 3295 1475 3347 anima
1505 3310 1629 3347 una.
1656 3294 1879 3348 Prorsus

275 3389 545 3458 repellite.
580 3388 734 3443 Prius
763 3388 996 3452 credite,
1031 3396 1211 3457 postea
1244 3387 1541 3455 intelligite.
1575 3384 1669 3440 Cui
1700 3397 1877 3440 autem

274 3481 439 3536 donat
470 3481 654 3545 Deus,
695 3487 752 3533 ut
787 3494 908 3532 cum
950 3478 1274 3543 crediderit,
1313 3478 1420 3532 cito
1460 3476 1749 3548 intelligat;
1785 3477 1878 3531 Dei

273 3572 473 3627 donum
504 3579 608 3633 est,
640 3585 745 3624 non
774 3569 1005 3623 humana
1031 3567 1309 3638 fragilitas.
1341 3568 1544 3622 Tamen
1571 3568 1615 3621 si
1643 3566 1877 3621 nondum

275 3663 576 3735 iutelligitis
596 3704 610 3726 ,
644 3660 846 3716 credite
877 3679 890 3715 :
920 3661 1061 3715 Deus
1089 3674 1226 3714 unus
1251 3659 1442 3723 Pater,
1472 3659 1610 3713 Deus
1635 3657 1880 3713 Christus

275 3754 440 3811 Filius
466 3753 587 3809 Dei.
612 3753 783 3807 Ambo
803 3751 967 3821 quid?
993 3750 1141 3807 Unus
1161 3752 1321 3804 Deus.
1345 3750 1412 3803 Et
1431 3749 1701 3818 quomodo
1721 3748 1880 3804 ambo

274 3860 411 3899 unus
454 3844 605 3899 Deus
646 3841 876 3897 dicitur?
919 3840 1240 3908 Quomodo?
1280 3839 1526 3893 miraris?
1566 3839 1621 3892 In
1658 3838 1879 3893 Actibus

273 3936 684 4005 Apostolorum,
711 3933 777 3987 Et
804 3942 929 3997 erat,
959 3932 1150 4002 inquit,
1181 3931 1486 3984 credentium
1508 3930 1679 3982 anima
1706 3946 1807 3983 una
1833 3938 1880 3983 et

272 4043 357 4085 cor
384 4041 552 4080 unum
582 4024 718 4092 (Act.
743 4039 816 4089 ιν,
844 4021 959 4091 δε).
992 4021 1165 4075 Mulae
1190 4022 1383 4074 anima:
1407 4030 1581 4085 erant,
1607 4019 1738 4073 fides
1761 4034 1880 4075 eas.

272 4115 394 4171 dem
427 4131 595 4170 unam
625 4114 843 4168 fecerat.
873 4112 974 4167 Tot
1000 4112 1164 4166 millia
1192 4112 1486 4165 animarum
1514 4119 1701 4174 erant;
1732 4124 1881 4164 ama-

272 4217 467 4261 verunt
505 4221 603 4268 SC,
638 4215 690 4259 οι
729 4202 911 4260 “illi”!
954 4210 1079 4257 Slllll
1108 4218 1210 4256 una
1240 4219 1252 4254 ζ
1285 4209 1597 4255 amaverunt
1628 4200 1792 4254 Deum
1825 4200 1877 4255 ill

272 4297 391 4367 igne
433 4295 755 4359 clmritatis,
789 4303 844 4348 et
881 4309 947 4348 ex
987 4291 1325 4347 multitudine
1362 4290 1426 4345 ad
1468 4290 1880 4361 pulchritudinis

271 4389 538 4443 unitatem
573 4395 857 4440 venerunt.
898 4383 955 4439 Si
997 4393 1100 4437 tam
1141 4383 1339 4438 multas
1376 4382 1582 4436 animas
1610 4381 1738 4436 fecit
1758 4382 1877 4436 ani-

272 4496 411 4535 mam
451 4494 620 4533 unam
650 4478 916 4543 charitas;
947 4476 1120 4546 qualis
1150 4475 1384 4531 charitas
1410 4484 1494 4530 est
1519 4474 1658 4544 apud
1688 4475 1876 4542 Deum,

270 4571 359 4626 ubi
391 4570 545 4623 nulla
576 4567 880 4631 diversitas,
909 4564 1004 4620 sed
1035 4566 1241 4635 integra
1266 4564 1578 4635 aequalitas?
1606 4563 1663 4619 Si
1694 4564 1744 4618 in
1774 4573 1881 4619 ter-

270 4662 342 4716 ris
368 4672 426 4717 et
454 4661 509 4715 in
546 4659 849 4712 hominibus
879 4656 1048 4727 potuit
1087 4671 1207 4711 esse
1242 4664 1387 4710 tanta
1414 4655 1679 4720 charitas,
1722 4664 1779 4710 ut
1811 4656 1881 4712 de

269 4764 346 4807 tot
378 4752 671 4807 animabus
703 4750 901 4805 faceret
930 4764 1089 4805 unam
1119 4750 1388 4815 animam;
1428 4749 1516 4804 ubi
1556 4764 1770 4819 semper
1797 4750 1881 4805 in-

268 4845 596 4917 separabilis
634 4841 731 4897 fuit
759 4842 917 4897 Pater
944 4857 974 4896 a
1003 4841 1172 4907 Filio,
1204 4841 1369 4896 Filius
1402 4856 1432 4895 a
1468 4841 1653 4907 Patre,
1687 4850 1879 4911 potue-

268 4948 395 4992 runt
435 4938 607 4993 ambo
651 4950 773 4991 esse
809 4934 911 4989 nisi
941 4934 1085 4989 Deus
1113 4934 1286 4988 unus?
1312 4933 1417 4989 Sed
1449 4934 1550 4988 illm
1575 4934 1796 4999 animat,
1825 4942 1881 4989 et
1906 4966 1909 4971 -

269 5029 453 5083 mnlta:
495 5027 697 5082 animm
726 5025 832 5081 dici
862 5033 1183 5094 potuerunt,
1226 5032 1279 5079 et
1315 5025 1492 5078 anima
1532 5039 1638 5079 una
1681 5043 1695 5080 :
1737 5025 1880 5080 Deus

265 5131 447 5176 autem
471 5161 488 5184 ,
523 5117 619 5173 ubi
649 5126 734 5172 est
758 5115 1040 5171 ineﬂ‘ahilis
1065 5125 1118 5170 et
1141 5130 1347 5170 summa
1376 5115 1713 5185 conjunctio,
1741 5132 1878 5172 unus

267 5212 411 5269 Deus
437 5212 548 5267 dici
582 5218 789 5279 potest,
818 5223 924 5264 non
951 5208 1022 5264 dii
1053 5207 1180 5263 duo.

336 5324 393 5379 5.
428 5320 588 5377 Facit
609 5319 751 5390 quod
777 5319 888 5373 vult
910 5319 1087 5382 Pater,
1116 5316 1240 5372 facit
1262 5315 1403 5386 quod
1425 5316 1538 5371 vult
1559 5315 1742 5371 Filius.
1770 5316 1877 5371 No-

264 5413 356 5469 lite
382 5423 584 5484 putare
611 5410 1031 5481 omnipotentem
1063 5409 1275 5462 Patrem
1306 5415 1359 5461 et
1390 5422 1495 5460 non
1524 5406 1871 5475 omnipoten-

268 5516 375 5559 tem
404 5504 609 5558 Filium
639 5519 652 5555 :
683 5516 834 5555 error
859 5510 940 5554 est
962 5540 977 5564 ,
1010 5498 1187 5554 delete
1213 5496 1316 5551 hoc
1343 5497 1393 5549 in
1421 5495 1593 5561 vobis,
1626 5510 1731 5549 non
1758 5494 1874 5548 hac-

265 5605 381 5650 reat
408 5597 464 5649 in
495 5592 759 5648 memoria
786 5600 981 5654 vestra,
1012 5605 1117 5644 non
1147 5588 1356 5643 bibatur
1382 5587 1433 5641 in
1462 5586 1569 5641 fide
1593 5595 1793 5652 vestra,
1822 5596 1877 5641 et

266 5686 309 5737 si
343 5685 483 5739 forte
511 5682 710 5753 aliquis
743 5689 978 5736 vestrum
1020 5678 1247 5741 biberit,
1282 5684 1480 5731 vomat.
1524 5674 1875 5749 Omnipmens

265 5785 348 5832 est
376 5777 563 5839 Pater,
592 5771 930 5842 oniuipotens
966 5769 1155 5824 Filius.
1194 5768 1252 5825 Si
1275 5766 1614 5837 omnipotens
1637 5780 1742 5821 non
1775 5780 1870 5837 ge-

336 5947 353 5979 ο
384 5946 463 5997 sic
486 5950 603 5995 ωδε.
630 5942 751 5993 Editi
777 5952 918 6000 vero.
944 5946 1146 5989 Jamaue
1171 5948 1361 5989 amcam
1402 5938 1567 5991 crede.

1004 524 1091 578 DE
1129 521 1467 587 SYMBOLO,
1507 519 1563 576 S.
1588 513 1957 574 AUGUSTINI
1996 512 2224 571 SEIKMO
2265 513 2365 568 AD
2390 512 2955 574 CATECIIUMENOS.

3472 524 3577 581 630

1995 634 2111 688 nuit
2136 635 2583 704 onmipotentem,
2618 652 2721 691 non
2761 654 2945 692 verum
2990 638 3153 694 tilium
3200 645 3400 711 genuit.
3442 645 3579 713 Quid

1994 725 2136 782 enim
2166 726 2412 793 dicimus,
2445 727 2654 791 fratres,
2685 730 2726 782 si
2750 728 2906 783 Pater
2931 730 3101 799 major
3128 732 3389 788 minorem
3415 735 3580 788 lilium

1993 818 2212 888 genuit?
2236 817 2373 884 Quid
2410 818 2551 872 enim
2588 820 2696 874 dixi
2722 822 2759 883 ⁸,
2791 821 3012 889 genuit?
3043 822 3212 876 "0tth
3242 825 3382 878 enim
3413 827 3584 895 major

1992 918 2211 978 generat
2233 909 2394 963 lilium
2421 910 2706 975 minorem,
2734 927 2915 964 verum
2943 920 3027 967 est
3053 931 3063 965 :
3094 914 3187 968 sed
3209 915 3328 985 quia
3353 918 3585 971 senescit

1995 1000 2116 1066 ille,
2147 1001 2340 1056 crescit
2372 1003 2500 1065 iste,
2535 1012 2589 1056 et
2630 1003 2694 1056 ad
2742 1002 2963 1057 formam
3009 1006 3172 1074 patris
3210 1009 3300 1061 sui:
3334 1010 3415 1062 vel
3460 1025 3584 1063 cre-

1992 1092 2192 1147 scendo
2223 1094 2481 1161 pervenit.
2517 1093 2682 1148 Filius
2713 1096 2799 1149 Dei
2832 1097 2919 1148 si’
2941 1111 3046 1151 non
3077 1100 3301 1165 crescit,
3332 1101 3452 1169 quia
3485 1118 3586 1157 nec

1994 1193 2170 1253 potest
2198 1186 2336 1240 Deus
2360 1202 2640 1241 senescere
2664 1230 2677 1251 ,
2711 1187 2975 1257 perfectos
3004 1202 3158 1244 natus
3185 1201 3285 1245 est.
3311 1194 3585 1249 Perfectus

1992 1276 2203 1345 quidem
2233 1289 2405 1343 natus,
2439 1280 2484 1334 si
2514 1296 2616 1335 non
2646 1283 2855 1344 crescit,
2888 1292 2940 1337 ct
2965 1284 3140 1338 minor
3167 1302 3271 1339 nou
3297 1290 3582 1353 remansit;

1992 1367 2211 1436 mqualis
2240 1378 2338 1422 est.
2371 1370 2501 1423 Nam
2543 1381 2597 1425 ut
2636 1372 2815 1426 sciatis
2853 1374 3272 1442 omnipotentem
3313 1377 3380 1431 de
3413 1380 3586 1431 omni-

1992 1467 2208 1526 potente
2247 1469 2423 1513 natum
2445 1503 2459 1527 ,
2506 1462 2676 1530 ipsum
2713 1463 2893 1519 audite
2921 1466 3008 1534 qui
3037 1464 3248 1521 Veritas
3277 1475 3378 1519 est.
3426 1468 3497 1521 lle
3528 1486 3587 1521 se

1991 1549 2131 1617 quod
2161 1550 2288 1605 dicit
2320 1551 2558 1616 Veritas,
2595 1553 2697 1607 hoc
2725 1564 2808 1609 cst
2839 1570 3041 1609 verum.
3074 1556 3208 1623 Quid
3239 1556 3313 1611 ait
3344 1557 3586 1625 Veritas?
3629 1595 3633 1598 ~

1990 1641 2115 1708 quiti
2142 1642 2217 1695 ait
2243 1641 2427 1704 Filius.
2454 1644 2543 1711 qui
2572 1654 2654 1698 est
2684 1644 2927 1700 Veritas?
2958 1646 3296 1717 Qaa'cmnque
3328 1646 3481 1702 Pater
3507 1653 3586 1721 fa-

1989 1733 2087 1793 cit,
2125 1733 2230 1785 lucc
2258 1743 2303 1787 et
2337 1733 2501 1788 Filias
2528 1735 2759 1789 similiter
2788 1738 2909 1807 facit
2951 1738 3125 1809 (.Ioan.
3159 1755 3211 1804 γ,
3250 1740 3359 1808 19).
3398 1740 3585 1795 Omni-

1992 1834 2179 1891 potens
2207 1833 2289 1878 est
2314 1823 2480 1878 Filius
2502 1868 2516 1887 ,
2542 1825 2719 1879 omnia
2760 1826 3000 1882 faciendo
3027 1846 3143 1892 ulla:
3172 1832 3418 1885 voluerit.
3452 1832 3583 1885 Nam

1988 1914 2032 1968 si
2065 1915 2188 1971 facit
2224 1916 2396 1986 aliqua
2428 1918 2586 1972 Pater
2613 1935 2733 1989 qua!
2764 1935 2869 1974 non
2903 1921 3021 1976 facit
3049 1922 3242 1986 Filius,
3286 1924 3473 1978 falsum
3505 1926 3584 1979 di-

1989 2007 2063 2060 xit
2092 2008 2259 2062 Filius
2288 2026 2303 2064 :
2333 2008 2674 2080 Qutecumque
2702 2010 2856 2064 Pater
2880 2015 3025 2083 facit,
3060 2014 3167 2067 lucc
3195 2024 3240 2067 ct
3269 2013 3430 2069 Filias
3462 2018 3585 2087 facit

1987 2098 2237 2152 similiter.
2265 2099 2371 2154 Sed
2397 2101 2520 2170 quia
2547 2117 2729 2156 verum
2770 2103 2904 2157 dixit
2929 2103 3094 2159 Filius
3120 2123 3134 2157 :
3161 2105 3360 2160 credite
3382 2149 3395 2171 ,
3428 2106 3583 2170 ρηίυ-

1986 2206 2201 2258 eumque
2219 2190 2381 2246 Pater
2400 2194 2520 2263 facit
2537 2235 2551 2260 ,
2581 2197 2687 2247 lucc
2706 2205 2749 2248 et
2778 2192 2941 2249 Filias
2964 2198 3086 2267 facit
3107 2198 3372 2261 similiter;
3395 2209 3445 2252 et
3467 2215 3585 2255 cre-

1985 2281 2198 2337 didistis
2224 2282 2275 2336 in
2302 2282 2492 2337 Filium
2520 2285 2963 2354 omnipotentem.
2988 2287 3139 2353 Quod
3166 2289 3382 2343 verbum
3408 2290 3505 2344 etsi
3531 2290 3580 2343 in

1984 2372 2241 2443 Symbolo
2270 2388 2373 2428 non
2402 2373 2643 2438 dixistis,
2678 2384 2855 2430 tamen
2890 2377 2991 2431 hoc
3030 2386 3112 2432 est
3146 2378 3284 2447 quod
3316 2381 3584 2449 expressi-

1985 2466 2104 2531 stis,
2132 2466 2344 2535 quando
2372 2467 2423 2521 in
2447 2467 2658 2522 unicum
2683 2468 2854 2537 ipsum
2882 2469 3046 2523 Deum
3069 2470 3385 2524 credidistis.
3413 2471 3583 2527 llahct

1985 2557 2184 2627 aliquid
2215 2558 2369 2613 Pater
2392 2560 2532 2628 quod
2562 2576 2666 2614 non
2696 2560 2853 2615 habet
2885 2561 3089 2616 Filius?
3120 2563 3229 2618 lloc
3260 2564 3437 2617 Ariani
3473 2552 3581 2617 ha}—

1984 2650 2136 2706 retici
2168 2651 2461 2721 blasphemi
2491 2653 2691 2718 dicunt,
2723 2670 2827 2708 non
2856 2670 2972 2725 ego.
3008 2655 3113 2710 Sed
3145 2673 3242 2727 ego
3271 2658 3393 2727 quid
3423 2660 3581 2714 dico?

1984 2741 2037 2797 Si
2070 2742 2230 2798 habet
2259 2744 2456 2814 aliquid
2485 2746 2662 2812 Pater,
2696 2747 2836 2815 quod
2869 2765 2971 2801 non
3007 2748 3165 2803 habet
3199 2750 3392 2813 Filius;
3427 2768 3577 2805 men-

1986 2834 2114 2888 titur
2142 2835 2309 2889 Filius
2330 2878 2344 2902 ,
2386 2837 2477 2907 qui
2506 2837 2663 2901 dicit,
2711 2838 2895 2892 Omnia
2922 2856 3035 2909 qtae
3065 2840 3208 2893 liabet
3238 2839 3392 2894 Pater
3411 2884 3426 2907 ,
3471 2859 3581 2896 mea

1983 2937 2101 2980 sunt
2128 2926 2241 2994 (Id.
2262 2970 2276 2992 ,
2304 2945 2418 2995 xvi,
2445 2928 2555 3000 15).
2597 2929 2755 2983 Multa
2784 2940 2837 2983 ct
2862 2930 3264 2985 innumerabilia
3288 2942 3407 2985 sunt
3433 2936 3581 2987 testi-

1983 3018 2160 3071 monia
2191 3018 2383 3087 quibus
2414 3020 2666 3088 probetur
2694 3020 2814 3090 quia
2848 3020 3011 3075 Filius
3039 3037 3197 3075 verus
3226 3022 3318 3077 Dei
3346 3022 3366 3053 ³
3410 3023 3587 3077 Patris

1986 3121 2070 3166 est
2097 3110 2278 3174 Filius,
2308 3121 2360 3165 ct
2391 3111 2546 3165 Pater
2574 3112 2711 3166 Deus
2742 3127 2922 3166 vermn
2952 3113 3133 3183 genuit
3164 3113 3354 3168 Filium
3389 3114 3577 3181 licunt,

1985 3212 2035 3258 ct
2069 3202 2225 3257 Pater
2253 3211 2304 3256 et
2331 3202 2499 3257 Filius
2527 3219 2664 3256 iuius
2694 3213 2775 3257 est
2809 3205 2964 3257 Dens.

2055 3293 2283 3348 CAPUT
2325 3293 2407 3347 111.
2430 3325 2501 3333 -
2526 3295 2577 3350 6.
2616 3293 2737 3347 Filii
2768 3293 2861 3348 Dei
2880 3296 3115 3350 nativitas
3144 3297 3366 3353 lmmaaa
3392 3316 3454 3353 ex
3479 3299 3587 3353 vir.

1984 3388 2119 3457 gine.
2155 3384 2333 3439 Passio
2355 3386 2445 3439 sub
2474 3387 2690 3456 pra'sitle
2714 3385 2903 3440 Pilato.
2935 3386 3191 3443 Nalivitas
3219 3390 3404 3444 Christi
3427 3403 3576 3445 (vter—

1986 3494 2053 3531 ua
2081 3478 2144 3529 de
2171 3475 2345 3529 Patre.
2366 3477 2541 3531 Cracis
2571 3478 2876 3547 supplicium
2914 3494 3005 3531 cur
3051 3478 3260 3533 electum
3288 3498 3316 3533 η
3354 3480 3576 3535 Christo.

1992 3568 2255 3621 Patientite
2281 3583 2467 3621 merces
2485 3584 2581 3620 non
2609 3567 2901 3638 temporalis
2926 3568 2976 3620 in
3002 3570 3258 3638 prtesenti,
3286 3571 3374 3623 sed
3390 3581 3579 3624 (eterna

1985 3666 2210 3728 speretur
2253 3658 2305 3709 in
2341 3660 2514 3727 futuro
2543 3658 2748 3710 sa’rulo.
2785 3657 2887 3712 Sed
2927 3658 3025 3712 istc
3058 3658 3222 3713 Filius
3266 3660 3451 3714 unicus
3484 3661 3587 3715 Dei.

1987 3749 2158 3802 Patris
2176 3747 2195 3778 ⁸
2216 3749 2596 3818 omnipotentis
2622 3749 2895 3803 videamus
2921 3750 3043 3817 quid
3074 3750 3194 3804 fecit
3221 3763 3433 3820 propter
3456 3768 3589 3817 nos,

1985 3838 2109 3908 quid
2141 3855 2325 3909 passus
2348 3848 2430 3893 est
2453 3849 2668 3907 propter
2689 3854 2807 3892 nos.
2823 3838 2985 3893 Natus
3002 3839 3067 3893 de
3087 3840 3287 3910 Spiritu
3308 3853 3493 3895 sancto
3521 3853 3576 3896 et

1984 3932 2189 4001 virgine
2209 3931 2391 3985 Maria.
2421 3930 2511 3985 llle
2534 3932 2672 3985 Deus
2696 3938 2871 3984 tantus
2896 3931 3114 4001 aequalis
3142 3932 3305 3995 Patri,
3326 3943 3481 3985 natus
3507 3934 3577 3989 de

1983 4023 2183 4092 Spiritu
2218 4031 2403 4077 sancto
2443 4033 2496 4077 et
2534 4022 2733 4092 virgine
2758 4021 2919 4076 Maria
2940 4022 3172 4088 humilis,
3202 4022 3341 4076 unde
3362 4036 3579 4079 sanaret

1984 4113 2264 4182 superbos.
2289 4112 2547 4167 Exaltavit
2576 4127 2633 4167 se
2657 4114 2836 4177 homo,
2866 4122 2919 4167 et
2947 4113 3171 4167 cecidit:
3198 4113 3495 4168 lnuuiliaiit
3520 4132 3578 4169 se

1989 4206 2146 4269 Deus,
2163 4205 2415 4261 etercxit.
2434 4205 2606 4260 llumil
2618 4206 2714 4259 itas
2728 4204 2921 4259 Christi
2939 4205 3061 4274 quid
3076 4206 3192 4261 est?
3208 4205 3416 4260 Manum
3442 4208 3583 4263 Deus

1986 4298 2394 4366 hominijieenti
2417 4298 2669 4366 porrexit.
2690 4297 2796 4351 Nos
2823 4297 3132 4363 cecidimus,
3159 4298 3245 4352 ille
3263 4298 3536 4353 descendit
3565 4319 3576 4351 :

1986 4404 2084 4443 nos
2104 4388 2438 4458 jacebamus,
2468 4388 2552 4442 ille
2570 4403 2628 4442 se
2650 4387 2945 4442 inclinavit.
2968 4388 3299 4443 Prendamus
3316 4399 3370 4443 et
3396 4406 3579 4457 surga-

1987 4494 2125 4546 mus,
2179 4489 2237 4534 ut
2282 4493 2387 4533 non
2431 4478 2482 4532 in
2531 4494 2743 4549 pennam
2792 4478 3063 4533 cadamus.
3116 4478 3257 4548 Ergo
3308 4480 3581 4533 inclinatio

1988 4570 2154 4639 ipsius
2186 4573 2299 4624 hare
2327 4580 2427 4635 est,
2458 4569 2622 4624 Natus
2647 4578 2729 4624 est
2752 4569 2819 4624 de
2840 4570 3037 4638 Spiritu
3066 4578 3251 4625 sancto
3277 4580 3331 4624 et
3373 4569 3580 4638 virgine

1986 4662 2167 4716 .‘llaria.
2201 4663 2263 4716 Et
2288 4662 2399 4732 ipsa
2429 4663 2681 4715 nativitas
2712 4662 2963 4728 humana,
2998 4662 3215 4715 humilis
3251 4671 3303 4716 ct
3341 4661 3577 4715 excelsa.

1990 4754 2139 4810 Unde
2180 4752 2435 4807 humilis?
2473 4754 2605 4821 Quia
2638 4753 2797 4808 homo
2843 4764 2996 4807 natus
3036 4762 3120 4807 est
3146 4769 3209 4806 ex
3244 4750 3587 4805 hominibusa

1985 4847 2140 4902 Unde
2160 4846 2369 4900 excelsa
2387 4847 2410 4899 ?
2430 4845 2563 4912 Quia
2592 4845 2659 4900 de
2687 4845 2914 4914 virgine.
2942 4845 3101 4913 Virgo
3129 4842 3392 4911 concepit,
3425 4841 3587 4911 virgo.

1987 4939 2213 5008 peperit,
2247 4946 2299 4991 et
2321 4945 2440 5006 post
2472 4945 2677 5005 partum
2706 4936 2855 5005 virgo
2881 4934 3191 5002 permansit.

2056 5030 2110 5083 7.
2140 5027 2277 5095 Quid
2299 5027 2527 5082 deinde?
2561 5028 2757 5081 Passus
2786 5027 2886 5080 sub
2932 5025 3121 5079 Pontio
3147 5024 3335 5079 Pilato.
3378 5024 3570 5079 Ρηρεί-

1984 5122 2169 5177 datum
2211 5122 2420 5191 agebat,
2451 5130 2507 5176 et
2552 5120 2717 5189 judcx
2772 5128 2887 5173 erat
2936 5118 3047 5185 ipse
3095 5115 3315 5172 Pontius
3351 5118 3576 5182 Pilatus,

1984 5210 2197 5280 quando
2227 5224 2415 5276 passus
2443 5219 2525 5263 est
2571 5208 2833 5263 Christus.
2882 5207 3084 5262 Jndicis
3127 5207 3341 5261 nomine
3369 5206 3575 5276 signata

1984 5309 2108 5355 sunt
2137 5310 2394 5368 tempora,
2424 5299 2636 5368 quando
2666 5314 2852 5367 passus
2880 5307 2993 5363 est,
3026 5299 3125 5353 sub
3151 5299 3340 5353 Pontio
3370 5299 3542 5353 Pilato
3567 5317 3581 5363 ;

1983 5391 2197 5462 quando
2240 5406 2428 5460 passus
2452 5398 2566 5455 est,
2608 5390 2913 5455 crucifixus,
2956 5389 3251 5453 mortuus“,
3300 5400 3354 5444 ct
3396 5392 3578 5460 sepul-

2048 5568 2065 5599 ¹
2102 5573 2151 5615 tn
2173 5572 2299 5622 Mss,
2326 5564 2521 5616 dicitur.

2046 5631 2065 5659 ²
2098 5634 2238 5697 .luxta
2257 5634 2331 5675 Er.
2358 5630 2502 5691 Lugd.
2526 5636 2644 5677 \‘en.
2660 5633 2791 5687 Lov.,
2810 5626 2958 5678 Filius
2987 5626 3073 5680 Dei
3090 5642 3182 5680 non
3201 5626 3374 5680 crescit
3394 5641 3412 5689 ;
3430 5629 3577 5678 omis-

1980 5702 2051 5746 so,
2075 5695 2133 5737 si.
2200 5695 2256 5735 at.

2046 5752 2067 5781 ³
2099 5756 2227 5805 Mss.
2258 5757 2396 5799 neas.

2046 5811 2235 5923 “Item,
2260 5820 2385 5863 Deus
2412 5812 2510 5863 υιὶ·
2532 5811 2708 5874 Patris,
2733 5818 2827 5861 etc.
2858 5814 3021 5873 Abest,
3049 5821 3193 5874 Deus,
3221 5813 3284 5862 ab
3306 5811 3450 5862 editis
3470 5810 3577 5860 aliis

2061 5910 2069 5921 λ
2099 5890 2165 5923 SS.

2059 5884 2080 5921 λ
2099 5892 2119 5922 .·
2134 5890 2165 5924 τ.

1985 5884 2065 5969 ﬂ-
2081 5884 2337 6003 1ibet-hum,
2354 5942 2583 5999 mortuus,
2610 5935 2698 5985 hoc
2722 5942 2770 5986 et
2793 5938 3012 5999 proximo
3037 5934 3140 5987 loco
3163 5935 3304 5985 abest
3326 5947 3353 5983 a
3371 5941 3477 5984 Mss.
