4078 6540
499 648 601 693 tus.
627 635 793 704 Quis?
819 634 984 706 quid?
1010 650 1106 705 pro
1131 634 1362 705 quibus?
1384 634 1552 703 Quis?
1574 634 1739 690 Filius
1764 634 1859 691 Dei
1881 634 2086 701 unicus,

501 727 756 782 Dominus
777 734 977 781 noster.
1002 725 1171 793 Quid?
1193 725 1517 790 Cruciﬁxus,
1546 736 1809 792 mortuus,
1833 733 1889 780 et
1915 724 2090 795 sepul-

502 828 607 874 tus.
637 818 742 874 Pro
768 818 998 890 quibus?
1042 819 1145 873 Pro
1188 818 1363 888 impiis
1392 826 1447 873 et
1489 817 1872 888 peccatoribus.
1902 816 2087 886 Magna

500 908 765 979 dignatio!
797 924 986 979 magna
1020 909 1189 980 gratia
1214 911 1227 963 Ξ
1268 908 1404 976 Quid
1433 908 1704 962 retribuam
1732 907 1969 967 Domino.
1993 924 2089 978 pro

501 1000 730 1055 omnibus
756 1016 869 1071 qua:
895 1002 1121 1055 retribuit
1146 1001 1269 1053 mihi
1296 1002 1313 1069 (
1327 1000 1468 1055 Psal.
1497 999 1773 1070 cxv,12)?

571 1092 627 1146 8.
654 1090 821 1145 Natus
848 1101 930 1147 est
958 1101 1083 1147 ante
1112 1092 1290 1146 omnia
1322 1100 1561 1161 tempora
1584 1132 1599 1157 ,
1634 1100 1791 1146 natus
1821 1098 1944 1146 ante
1968 1105 2087 1145 om-

505 1183 595 1239 nia
621 1181 839 1237 sa-cula.
864 1182 1030 1237 Natus
1046 1192 1188 1237 ante.
1219 1184 1359 1237 Ante
1388 1182 1535 1252 quid,
1569 1181 1656 1237 ubi
1687 1196 1794 1236 non
1821 1190 1905 1237 est
1930 1183 2091 1238 ante?

504 1273 732 1327 Prorsus
756 1272 920 1328 nolite
945 1274 1178 1344 cogitare
1203 1272 1419 1343 aliquod
1460 1281 1668 1343 tempus
1694 1280 1819 1328 ante
1846 1273 2091 1328 nativita-

506 1374 614 1417 tem
637 1362 858 1428 Chrisﬁ,
886 1379 988 1433 qua
1018 1373 1171 1417 natus
1196 1371 1278 1417 est
1302 1362 1368 1417 de
1394 1363 1550 1417 Patre
1578 1380 1591 1415 :
1617 1361 1685 1416 de
1712 1363 1823 1431 ipsa
1847 1362 2092 1416 nativita-

505 1462 556 1508 te
590 1454 798 1524 loquor,
822 1470 924 1524 qua
947 1466 1030 1509 est
1057 1454 1223 1509 Filius
1246 1454 1341 1509 Dei
1369 1453 1749 1524 omnipotentis
1777 1454 1961 1507 unicus
1983 1453 2090 1507 Do-

504 1544 680 1598 minus
709 1554 924 1609 noster;
954 1543 1023 1600 de
1060 1544 1173 1614 ipsa
1206 1544 1352 1615 prius
1399 1544 1608 1613 loquor.
1657 1542 1833 1598 Nolite
1858 1543 2092 1613 cogitare

508 1636 555 1690 in
597 1634 697 1689 hac
726 1635 1004 1690 nativitatc
1051 1635 1258 1690 initium
1303 1634 1593 1703 temporis;
1642 1633 1809 1689 nolite
1858 1636 2092 1703 cogitare

505 1724 671 1779 nllnm
695 1726 923 1796 spatium
950 1726 1286 1792 aeternitatis,
1312 1724 1526 1796 quando
1552 1733 1666 1779 erat
1696 1724 1853 1780 Pater
1894 1732 1949 1779 et
1986 1739 2093 1780 non

504 1824 621 1870 erat
648 1816 833 1870 Filius.
860 1816 938 1871 Ex
958 1832 1064 1888 quo
1091 1817 1269 1882 Pater,
1302 1831 1368 1872 ex
1393 1830 1460 1871 eo
1507 1814 1695 1869 Filius.
1724 1814 1793 1869 Et
1828 1814 1954 1885 quid
1985 1824 2088 1880 est,

514 1925 578 1963 rx
607 1925 735 1980 quo,
765 1910 851 1965 ubi
882 1926 985 1964 non
1014 1919 1098 1965 cst
1122 1910 1367 1965 initium?
1393 1908 1533 1979 Ergo
1558 1922 1774 1978 semper
1795 1908 1953 1962 Pater
1978 1907 2094 1964 sine

508 2001 659 2055 initio
677 2043 691 2066 ,
714 2016 927 2071 semper
949 2001 1111 2056 Filius
1133 2001 1248 2058 sine
1278 2001 1447 2055 initio.
1469 1999 1839 2071 thuomodo,
1864 2000 2092 2070 inquies,

505 2100 661 2146 natus
687 2101 792 2157 est,
820 2093 865 2146 si
893 2108 998 2147 non
1044 2092 1205 2147 habet
1230 2091 1480 2147 initium?
1524 2091 1598 2146 De
1638 2100 1839 2153 aeterno
1875 2101 2097 2146 cozeter.

506 2199 624 2239 nus.
649 2184 925 2255 Nunquam
964 2184 1061 2239 fuit
1090 2186 1245 2240 Pater
1270 2194 1320 2240 et
1351 2200 1456 2239 non
1483 2192 1602 2240 erat
1624 2185 1810 2251 Filius,
1836 2192 1890 2239 et
1918 2193 2095 2240 tamen

507 2274 673 2329 Filius
698 2292 726 2329 a
756 2276 912 2332 Patre
934 2287 1013 2331 est
1049 2277 1280 2347 genitus.
1321 2275 1474 2331 Unde
1517 2276 1672 2329 datur
1699 2275 2097 2346 qualiscumque

506 2366 835 2421 similitudo?
860 2366 915 2423 In
944 2368 1105 2423 rebus
1135 2368 1361 2423 terrenis
1387 2383 1592 2433 sumus,
1625 2367 1676 2421 in
1708 2374 1947 2422 creatura
1974 2367 2102 2422 visi»

506 2456 599 2510 bili
635 2470 839 2511 sumus.
876 2458 973 2511 Det
1015 2458 1141 2513 mihi
1182 2458 1582 2513 similitudinem
1621 2468 1759 2514 terra
1790 2474 1805 2513 :
1836 2474 1942 2512 non
1984 2458 2097 2516 dat.

505 2548 605 2602 Det
649 2548 776 2602 mihi
824 2549 1054 2618 aliquam
1105 2548 1509 2605 similitudinem
1551 2548 1809 2603 undarum
1864 2548 2105 2604 elemen-

508 2647 619 2692 tum
646 2656 659 2691 :
691 2654 795 2692 non
842 2638 999 2693 habet
1043 2640 1202 2696 unde.
1243 2640 1343 2694 Det
1389 2639 1516 2695 mihi
1556 2639 1958 2695 similitudinem
1997 2640 2101 2695 ali-

506 2727 647 2797 quod
688 2729 880 2783 animal
915 2746 927 2782 :
962 2745 1061 2784 nec
1099 2728 1203 2785 hoc
1240 2739 1433 2799 potest.
1484 2730 1693 2785 Animal
1740 2729 1954 2799 quidem
2002 2745 2099 2799 ge-

511 2829 686 2883 nerat,
715 2829 769 2874 et
799 2820 939 2891 quod
969 2829 1208 2890 generat,
1233 2830 1287 2875 et
1314 2820 1459 2891 quod
1488 2830 1807 2891 generatur:
1832 2820 1926 2875 sed
1956 2820 2100 2889 prior

507 2920 591 2964 est
617 2921 790 2981 pater,
832 2920 888 2967 et
912 2920 1098 2981 postea
1126 2916 1361 2966 nascitur
1386 2912 1545 2966 ﬁlius.
1586 2911 1924 2967 lnveniamus
1956 2925 2101 2965 core-

508 3017 654 3063 vum,
683 3008 738 3056 et
760 3000 1041 3056 credamus
1061 3010 1412 3057 cozeternum.
1440 3001 1494 3057 Si
1516 3000 2100 3070 potnerimusinvenire

512 3101 715 3160 patrem
741 3106 980 3145 corevum
1011 3091 1119 3145 ﬁlio
1148 3105 1267 3157 suo,
1298 3099 1351 3145 et
1368 3091 1533 3145 ﬁlium
1554 3106 1793 3145 eomvum
1818 3091 2097 3161 patrisuo;

510 3182 794 3236 credamus
822 3181 989 3236 Deum
1021 3181 1229 3237 Patrem
1254 3196 1495 3235 coaevum
1528 3181 1662 3238 Filio
1689 3196 1787 3236 suo
1806 3222 1820 3246 ,
1855 3189 1908 3237 et
1934 3181 2100 3238 Deum

516 3271 707 3325 Filium
746 3279 1071 3326 comternuin
1112 3270 1256 3325 Patri
1283 3285 1401 3324 suo.
1436 3270 1495 3325 ln
1524 3279 1662 3325 terra
1692 3285 1975 3340 possumus
2020 3273 2101 3327 in-

515 3362 697 3417 venire
753 3361 984 3432 aliquem
1028 3377 1306 3429 comvnm,
1348 3376 1452 3415 non
1520 3376 1801 3431 possumus
1864 3359 2104 3416 invenire

513 3452 744 3521 aliquem
798 3461 1144 3506 comternum.
1195 3450 1532 3507 lntendamus
1571 3466 1806 3508 coazvnm
1832 3493 1848 3521 ,
1890 3461 1945 3509 et
1981 3467 2103 3508 cre-

514 3544 704 3598 damus
741 3552 1086 3598 eomternum.
1131 3544 1366 3600 Intentus
1409 3560 1503 3599 vos
1543 3544 1703 3601 faciet
1740 3545 1877 3601 forte
1912 3547 2104 3616 aliquis

514 3642 570 3689 et
594 3634 769 3690 dieet‘
796 3652 809 3688 :
839 3634 1064 3702 Quando
1090 3645 1266 3706 potest
1295 3636 1519 3691 inveniri
1556 3644 1706 3706 pater
1744 3652 1955 3691 coaevus
1996 3638 2104 3693 lilio

517 3740 646 3791 suo,
677 3735 769 3781 aut
815 3726 958 3781 Illius
998 3741 1211 3782 comvns
1242 3728 1377 3797 patri
1415 3743 1511 3782 suo
1533 3729 1556 3779 ξ’
1589 3728 1653 3783 Ut
1680 3736 1902 3798 generet
1930 3738 2102 3798 pater,

517 3817 785 3871 antecedit
836 3828 1028 3884 mtale;
1079 3827 1138 3872 ut
1168 3826 1415 3874 nascatur
1446 3819 1606 3886 ﬁlius,
1638 3820 1876 3889 sequitur
1900 3827 2098 3884 aatatc;

517 3905 612 3962 sed
643 3907 728 3962 hic
754 3922 969 3962 eomvus
998 3917 1148 3977 pater
1178 3908 1309 3976 lilio,
1342 3908 1424 3963 vel
1462 3908 1601 3962 lilius
1627 3908 1784 3978 patri,
1834 3907 2105 3981 quomodo

519 4006 693 4066 potest
717 3998 870 4053 esse?
899 3996 1156 4054 Occurrat
1186 3998 1340 4054 vobis
1365 3999 1500 4069 ignis
1530 4009 1699 4069 pater,
1731 4000 1987 4070 splendor
2037 4000 2107 4053 ﬁ-

518 4088 653 4153 lius;
680 4104 805 4144 ecce
827 4090 1126 4145 invenimus
1154 4106 1385 4145 comvos.
1427 4091 1505 4145 Ex
1533 4107 1637 4161 quo
1660 4092 1797 4162 ignis
1825 4107 1946 4147 esse
1995 4107 2107 4149 ca:-

518 4178 614 4247 pit,
637 4180 890 4234 continuo
916 4180 1251 4249 Splendorcm
1276 4182 1441 4252 gignit
1466 4201 1479 4235 :
1505 4197 1603 4235 nec
1625 4183 1759 4253 ignis
1780 4192 1904 4238 ante
1928 4184 2107 4252 splen-

516 4266 724 4334 dorem,
752 4284 850 4324 nec
870 4270 1120 4338 splendor
1150 4282 1269 4341 post
1290 4273 1487 4341 ignem.
1518 4274 1586 4328 Et
1608 4274 1651 4328 si
1686 4274 2100 4345 interrogemus,

456 4428 457 4431 η
520 4356 640 4425 quis
661 4373 818 4426 quem
848 4369 1089 4428 generat,
1122 4360 1257 4430 ignis
1303 4362 1663 4431 splendorem,
1713 4373 1805 4418 aut
1852 4365 2106 4434 splendor

523 4447 698 4515 ignem
723 4464 738 4511 ;
789 4449 1042 4504 continuo
1065 4451 1216 4505 vobis
1244 4453 1478 4506 occurrit
1507 4467 1666 4507 sensu
1696 4455 1941 4520 naturali,
1983 4472 2107 4524 pru-

520 4535 699 4590 dentia
726 4535 882 4591 insita
908 4540 1175 4595 mentibus
1204 4542 1412 4608 vestris,
1440 4558 1629 4598 omnes
1656 4543 1896 4599 clamatis
1921 4562 1934 4598 :
1967 4544 2107 4616 Ignis

521 4625 896 4694 splendorem,
930 4644 1035 4683 non
1074 4630 1329 4699 splendor
1362 4633 1560 4703 ignem.
1602 4632 1740 4689 Ecce
1782 4644 1933 4705 pater
1971 4636 2107 4691 inei-

521 4718 694 4785 piens,
727 4733 852 4773 ecce
883 4718 1019 4773 ﬁlius
1039 4721 1218 4787 simul,
1240 4737 1339 4778 nec
1360 4723 1699 4790 antecedens,
1730 4740 1829 4779 nec
1855 4740 2104 4795 sequens.

520 4810 659 4865 Ecce
684 4825 812 4880 ergo
833 4819 982 4880 pater
1010 4812 1289 4883 incipiens,
1315 4828 1439 4868 ecce
1470 4814 1608 4868 ﬁlius
1632 4815 1789 4870 simul
1826 4816 2105 4886 incipiens.

520 4900 576 4956 Si
601 4902 810 4957 ostendi
839 4902 989 4957 vobis
1018 4911 1224 4977 patrem
1252 4904 1593 4974 incipientem
1612 4946 1629 4973 ,
1658 4914 1712 4963 et
1749 4906 1915 4962 ﬁlium
1952 4908 2109 4964 simul

523 4992 861 5060 incipientem
881 5009 896 5059 ;
920 4994 1122 5049 credite
1147 4994 1359 5051 Patrem
1386 5011 1493 5050 non
1518 4995 1879 5065 incipientem,
1913 5005 2108 5053 etcum

522 5082 613 5136 illo
643 5083 834 5141 Filium
875 5100 973 5141 nec
1014 5086 1186 5155 ipsum
1229 5088 1601 5157 incipientem;
1644 5089 1790 5145 illum
1828 5098 2104 5156 aeternum,

523 5174 671 5228 illum
696 5186 1041 5233 coaeternum.
1074 5178 1131 5233 Si
1162 5179 1440 5249 proﬁcitis,
1471 5179 1763 5251 intelligitis
1792 5198 1805 5235 :
1834 5180 1957 5235 date
1983 5197 2110 5251 ope-

524 5278 634 5316 ram
663 5267 943 5333 proticere.
964 5267 1122 5323 Nasci
1146 5269 1374 5337 habetis,
1397 5270 1489 5326 sed
1522 5280 1575 5326 et
1599 5286 1845 5326 crescere
1870 5272 2107 5335 debetis;

523 5353 643 5420 quia
690 5369 849 5409 nemo
892 5357 1077 5427 incipit
1108 5375 1145 5413 a
1192 5360 1447 5428 perfecto.
1485 5362 1579 5416 Dei
1617 5362 1754 5417 Filio
1784 5362 1931 5417 licuit
1962 5363 2109 5417 nasci

525 5442 852 5510 perlectum;
897 5449 1017 5516 quia
1046 5459 1199 5504 natus
1224 5454 1446 5509 estsine
1482 5463 1723 5524 tempore
1743 5494 1757 5518 ,
1811 5464 2109 5510 cozeteruus

527 5533 689 5598 Patri,
716 5536 1037 5593 antecedens
1074 5546 1272 5607 omnia,
1315 5558 1420 5601 non
1448 5554 1623 5612 astate,
1656 5544 1750 5601 sed
1789 5547 2103 5601 aeternitate.

527 5625 631 5680 Iste
653 5638 783 5694 ergo
822 5633 977 5681 natus
1010 5628 1154 5682 Patri
1180 5640 1499 5699 coaeternus,
1532 5634 1601 5689 de
1640 5650 1739 5705 qua
1767 5635 2109 5704 generatione

525 5714 664 5769 dixit
688 5714 967 5784 propheta,
997 5716 1376 5773 Generationem
1392 5724 1501 5791 ejus
1528 5725 1640 5793 quis
1669 5727 1921 5779 enarrabit
1954 5724 2105 5793 (Isai.

520 5821 632 5873 un,
661 5807 756 5877 8)?
795 5814 951 5862 natus
977 5806 1045 5862 de
1073 5807 1232 5861 Patre
1274 5809 1389 5865 sine
1429 5821 1686 5880 tempore,
1733 5824 1887 5869 natus
1931 5826 2006 5870 est
2037 5833 2103 5871 ex

588 5919 603 5971 ἓ
797 5924 996 5972 "uentos
1020 5930 1099 5972 vos
1117 5917 1276 5989 faciti.
1305 5928 1441 5973 Forte
1466 5922 1637 5987 aliquis
1663 5923 1797 5976 dicit.

1660 522 1747 576 DE
1785 521 2116 579 SYMBUID.
2158 524 2214 574 ὃ.
2256 521 2620 578 AUGUSTINI

3678 535 3781 591 63!

2197 633 2399 702 virgine
2443 634 2496 690 in
2546 636 2873 706 plenitudine
2921 643 3194 709 temporis.
3248 643 3403 698 Istam
3448 647 3776 705 nativitatem

2195 735 2593 783 antecesserant
2609 737 2867 799 tempora.
2892 730 3298 803 Opportunitate
3326 740 3581 808 temporis
3608 734 3779 810 quan-

2197 817 2267 871 do
2298 818 2485 885 voluit,
2510 820 2723 889 quando
2751 823 2979 889 sciebat,
3020 833 3146 880 tunc
3174 837 3331 882 natus
3359 838 3443 884 est
3468 846 3481 882 :
3508 845 3613 885 non
3638 834 3778 888 enim

2197 910 2385 964 nolens
2410 920 2564 966 natus
2592 921 2692 967 est.
2712 912 2880 968 Nemo
2899 926 3137 971 nostrum
3158 919 3281 988 quia
3310 919 3422 974 vult
3447 924 3707 987 nascitur,
3725 932 3778 979 et

2196 1016 2355 1057 nemo
2384 1013 2624 1058 nostrum
2654 1006 2867 1075 quando
2899 1008 3011 1062 vult
3032 1012 3291 1065 moritur:
3324 1013 3411 1068 ille
3436 1015 3653 1083 quando
3684 1030 3780 1069 vo-

2197 1094 2293 1147 lnit
2315 1102 2469 1149 natus
2493 1104 2594 1159 est,
2625 1097 2839 1167 quando
2874 1100 3043 1154 voluit
3078 1111 3321 1157 mortuus
3351 1114 3466 1167 est;
3512 1106 3782 1171 quomodo

2198 1183 2361 1239 voluit
2384 1194 2542 1239 natus
2565 1194 2648 1240 est
2675 1186 2743 1242 de
2773 1188 2993 1257 virgine,
3021 1191 3289 1258 quomodo
3329 1193 3497 1247 voluit
3541 1203 3781 1249 mortuus

2197 1282 2279 1329 est
2307 1273 2362 1328 in
2389 1289 2569 1331 cruce.
2596 1276 2861 1347 Quidquid
2887 1279 3053 1333 voluit
3082 1280 3204 1335 fecit
3232 1300 3246 1335 :
3278 1286 3399 1353 quia
3426 1285 3504 1340 sic
3541 1295 3657 1339 erat
3681 1285 3779 1340 ho-

2197 1378 2305 1426 mo,
2329 1371 2385 1416 nt
2408 1363 2597 1420 lateret
2619 1367 2790 1432 Dens;
2818 1380 3096 1439 susceptor
3114 1372 3275 1439 Deus,
3297 1384 3577 1445 susceptus
3599 1376 3776 1444 homo,

2198 1471 2333 1510 unus
2361 1456 2606 1513 Christus
2634 1459 2773 1516 Deus
2792 1470 2847 1516 et
2872 1461 3050 1517 homo.

2267 1548 2321 1603 9.
2368 1549 2441 1605 De
2468 1564 2625 1605 cruce
2653 1551 2818 1621 ipsius
2843 1554 2965 1622 quid
3010 1554 3233 1626 loquar?
3268 1557 3393 1626 quid
3418 1558 3632 1613 dicam?
3672 1558 3780 1613 Ex-

2199 1647 2423 1693 tremum
2450 1654 2621 1709 genus
2646 1644 2834 1697 mortis
2856 1644 3039 1714 elegit,
3074 1661 3138 1701 ne
3166 1648 3377 1717 aliquod
3405 1664 3574 1719 genus
3594 1651 3781 1705 mortis

2197 1731 2312 1801 ejus
2339 1742 2603 1803 martyres
2628 1733 2994 1792 formidarent.
3021 1737 3323 1793 Doctrinam
3353 1740 3658 1796 ostenditin
3689 1741 3781 1795 ho.

2199 1823 2363 1890 mine,
2385 1825 2688 1895 exemplum
2714 1828 2979 1897 patientiae
3007 1829 3391 1886 demonstravit
3414 1833 3466 1887 in
3492 1848 3675 1888 cruce.
3708 1834 3782 1892 Ibi

2198 1929 2352 1984 opus,
2382 1916 2502 1984 quia
2538 1916 2823 1974 cruciﬁxus
2850 1937 2863 1972 :
2894 1922 3197 1991 exemplum
3230 1925 3427 1993 operis,
3464 1941 3624 1992 crux;
3650 1943 3784 1997 pra:-

2199 2005 2364 2059 minm
2395 2007 2596 2075 operis,
2643 2011 2985 2066 resurrectio.
3038 2010 3282 2068 Ostendit
3330 2015 3483 2068 nobis
3532 2017 3583 2070 in
3624 2033 3783 2073 cruce

2199 2096 2328 2165 quid
2360 2097 2610 2165 tolerare,
2650 2100 2885 2157 ostendit
2912 2102 2966 2156 in
2990 2104 3381 2159 resurrectione
3414 2105 3541 2174 quid
3568 2121 3784 2175 sperare

2199 2186 2509 2244 debeamus.
2568 2190 2799 2249 Prorsus
2862 2202 3112 2264 tanquam
3170 2196 3490 2266 agonotheta
3543 2211 3785 2253 summus

2199 2277 2334 2332 dixit
2360 2296 2376 2331 :
2408 2279 2534 2347 Fac,
2563 2288 2617 2336 et
2656 2282 2817 2347 tolle;
2870 2282 2954 2339 fac
2999 2298 3160 2354 opus,
3189 2294 3245 2340 et
3266 2287 3448 2356 accipe
3478 2290 3780 2357 praemium;

2201 2379 2347 2424 certa
2378 2372 2429 2425 in
2460 2388 2648 2443 agone,
2671 2384 2725 2429 et
2748 2376 3113 2432 coronaberis.
3142 2376 3294 2446 Quod
3316 2389 3396 2434 est
3422 2380 3597 2449 opus?
3645 2382 3784 2437 Obe-

2200 2460 2420 2521 dientia.
2449 2464 2600 2532 Quod
2627 2474 2710 2521 est
2727 2468 3044 2538 praemium?
3079 2469 3421 2525 Resurreetio
3446 2473 3564 2525 sine
3593 2481 3782 2528 morte.

2201 2554 2376 2621 Quare
2397 2556 2593 2623 addidi,
2635 2559 2752 2616 sine
2780 2562 2991 2617 morte?
3018 2562 3151 2629 Quia
3186 2564 3417 2619 surrexit
3443 2563 3706 2629 Lazarus,
3732 2575 3786 2621 et

2204 2656 2445 2702 mortuus
2473 2657 2557 2703 est
2587 2666 2600 2703 :
2626 2652 2918 2709 resurrexit
2942 2651 3214 2715 Christus,
3247 2656 3360 2726 jam
3401 2672 3503 2710 non
3548 2659 3782 2726 moritur,

2202 2753 2338 2792 mors
2374 2740 2420 2793 ei
2458 2741 2592 2794 ultra
2629 2758 2729 2798 non
2766 2744 3107 2799 dominabitur
3133 2746 3318 2819 (Rom.
3344 2764 3418 2819 vt,
3448 2748 3538 2817 9).

2276 2829 2363 2885 10.
2403 2830 2673 2902 Scriptura
2700 2834 2870 2889 dicit:
2903 2835 3211 2891 Patientiam
3238 2838 3336 2892 Job
3360 2840 3597 2907 audistis,
3639 2849 3688 2894 et
3727 2840 3789 2910 fi-

2204 2934 2319 2974 nem
2338 2918 2545 2976 Domini
2573 2924 2765 2979 vidistis
2786 2925 2989 2994 (Jacobi
3022 2945 3074 2993 v,
3120 2929 3231 2998 il).
3258 2928 3359 2984 Job
3387 2940 3583 3000 quanta
3607 2940 3788 3001 pertu-

2203 3011 2348 3081 lerit,
2377 3028 2496 3069 cum
2523 3014 2717 3087 legitur
2738 3028 2792 3075 et
2809 3019 3143 3085 exhorretur,
3165 3023 3555 3090 expavescitur,
3574 3033 3787 3079 contre-

2205 3102 2502 3160 miscitur‘.
2545 3106 2615 3161 Et
2638 3108 2763 3177 quid
2804 3110 3038 3180 recepit?
3081 3112 3248 3181 Dupla
3275 3128 3433 3182 quam
3463 3114 3784 3183 perdiderat.

2207 3193 2349 3264 Ergo
2376 3211 2444 3251 ne
2469 3195 2630 3253 homo
2652 3208 2866 3269 propter
2879 3203 3092 3271 praemia
3121 3205 3430 3273 temporalia
3450 3206 3578 3261 velit
3595 3207 3788 3261 habere

2204 3287 2544 3356 patientiam,
2574 3299 2628 3344 et
2651 3291 2791 3347 dicat
2815 3294 2913 3348 sibi
2948 3310 2961 3346 :
2992 3294 3235 3351 Tolerem
3271 3297 3524 3352 damnum
3546 3341 3562 3364 ,
3607 3300 3790 3354 reddet

2206 3378 2334 3432 mihi
2362 3380 2500 3435 Deus
2519 3382 2655 3439 ﬁlios
2669 3382 2880 3453 duplos;
2900 3385 3000 3441 Job
3017 3389 3192 3442 omnia
3210 3388 3369 3458 dupla
3394 3392 3614 3460 recepit,
3637 3402 3690 3444 et
3716 3399 3791 3445 tot

2208 3467 2346 3523 ﬁlios
2358 3472 2561 3540 genuit,
2576 3482 2705 3542 quot
2722 3476 3005 3531 extulerat.
3020 3477 3135 3533 Non
3153 3494 3281 3549 ergo
3297 3480 3453 3549 dupla
3472 3483 3630 3534 sunt?
3644 3481 3790 3536 Pror-

2208 3577 2301 3618 sus
2320 3562 2478 3633 dupla
2498 3575 2642 3632 sunt,
2657 3568 2778 3637 quia
2803 3576 2856 3622 et
2873 3569 2945 3623 illi
2972 3570 3235 3626 vivebant.
3256 3572 3333 3627 Ne
3349 3573 3469 3642 quis
3493 3572 3655 3639 dicat,
3686 3574 3789 3629 Feo

2207 3668 2321 3709 ram
2349 3654 2487 3710 mala
2510 3697 2526 3723 ,
2554 3665 2609 3712 et
2636 3658 2823 3715 reddet
2856 3660 2986 3714 mihi
3016 3661 3158 3717 Deus
3185 3663 3631 3733 quemadmodum
3673 3665 3791 3719 red-

2207 3745 2343 3802 didit
2365 3748 2468 3803 Job
2491 3765 2505 3801 :
2529 3750 2719 3819 ut‘jam
2746 3766 2851 3805 non
2883 3752 2953 3806 sit
2973 3753 3242 3821 patientia,
3271 3753 3366 3808 sed
3393 3754 3634 3808 avaritia.
3659 3754 3787 3809 Nam

2208 3840 2255 3895 si
2282 3841 2582 3909 patientiam
2625 3843 2715 3898 ille
2742 3853 2959 3913 sanctus
2998 3858 3103 3901 non
3153 3845 3392 3912 haberet,
3424 3861 3525 3901 nec
3566 3862 3630 3902 ea
3675 3862 3790 3917 qua:

2208 3932 2589 4001 contingebant
2632 3933 2841 3990 fortiter
2882 3935 3202 4002 sustineret;
3245 3936 3606 3991 testimonium
3652 3935 3789 4005 quod

2209 4023 2258 4078 ei
2291 4024 2546 4079 Dominus
2573 4023 2821 4093 reddidit,
2860 4026 3003 4082 unde
3050 4027 3307 4082 haberet?
3353 4028 3784 4093 Animadvertisti,

2209 4118 2283 4172 ait
2304 4118 2579 4184 Dominus,
2606 4119 2674 4173 ad
2697 4137 2908 4190 puerum
2936 4137 3101 4174 meum
3137 4120 3277 4174 Job?
3308 4119 3429 4175 Non
3459 4124 3593 4174 enim
3620 4129 3692 4173 est
3719 4118 3793 4172 illi

2209 4208 2389 4263 similis
2414 4210 2674 4281 quisquam
2694 4210 2748 4264 in
2778 4212 2943 4279 terris,
2968 4212 3115 4266 Immo
3140 4213 3248 4266 sine
3270 4212 3492 4280 querela,
3522 4228 3669 4266 verus
3705 4210 3792 4267 Dei

2211 4302 2391 4356 cultor.
2422 4302 2610 4370 Quale,
2650 4302 2861 4370 fratres,
2897 4306 3256 4360 testimonium
3286 4305 3372 4359 hic
3401 4315 3619 4359 sanctus
3648 4305 3725 4358 vir
3754 4320 3783 4356 a

2214 4394 2439 4449 Domino
2460 4395 2685 4450 meruit?
2712 4395 2780 4450 Et
2806 4405 2978 4451 tamen
3002 4414 3121 4452 enm
3152 4412 3246 4451 sua
3282 4398 3629 4467 persuasione
3657 4397 3789 4452 mala

2212 4485 2405 4541 mulier
2430 4482 2677 4556 decipere
2708 4488 2893 4555 voluit,
2937 4487 3138 4543 habens
3165 4497 3218 4542 et
3263 4488 3377 4541 haec
3404 4487 3625 4558 ﬁguram
3656 4488 3792 4542 illius

2210 4579 2496 4648 serpentis,
2523 4580 2611 4649 qui
2640 4580 2777 4634 sicut
2803 4581 2854 4634 in
2879 4580 3123 4650 paradiso
3146 4580 3356 4649 decepit
3385 4581 3659 4634 hominem
3690 4581 3794 4649 pri-

2214 4685 2357 4723 mum
2391 4670 2583 4724 factum
2627 4685 2658 4724 a
2704 4671 2813 4725 Deo
2858 4670 3023 4742 (Gen.
3056 4687 3132 4736 Ill,
3168 4669 3319 4742 1-6),
3367 4671 3436 4724 ita
3465 4668 3626 4725 etiam
3659 4684 3793 4726 nunc

2212 4760 2594 4828 blasphemiam
2632 4762 2964 4832 suggerendo
2989 4762 3189 4831 putavit
3215 4776 3372 4832 posse
3401 4762 3654 4832 decipere
3684 4762 3794 4832 pla—

2211 4860 2419 4907 centem
2466 4852 2735 4908 hominem
2768 4855 2898 4909 Deo.
2947 4855 3152 4922 Quanta
3193 4869 3377 4924 passus
3419 4865 3522 4921 est,
3571 4854 3790 4909 fratres!

2213 4945 2342 5011 Quis
2368 4954 2542 5014 potest
2572 4954 2713 5000 tanta
2744 4948 2852 5016 pati
2883 4948 2937 5001 in
2982 4963 3040 5002 re
3066 4962 3180 5013 sua,
3214 4948 3265 5001 in
3314 4947 3475 5001 domo
3504 4961 3624 5014 sna,
3648 4948 3701 5000 in
3733 4947 3793 5000 ﬁ-

2213 5035 2297 5091 liis
2326 5036 2457 5102 suis,
2487 5037 2539 5091 in
2566 5052 2726 5092 carne
2754 5052 2871 5104 sua,
2918 5040 2969 5092 in
3021 5030 3132 5108 ipsa
3173 5055 3289 5108 qum
3320 5047 3656 5093 remanserat
3682 5048 3794 5093 ten«

2214 5128 2401 5183 tatriee
2426 5144 2590 5185 uxore
2625 5131 2758 5185 sua?
2790 5129 2893 5185 Sed
2916 5131 3075 5185 etiam
3108 5131 3275 5199 ipsam
3303 5146 3419 5199 qua)
3445 5139 3794 5193 remanserat,

2214 5221 2340 5274 olim
2399 5221 2651 5288 auferret,
2702 5222 2805 5277 nisi
2849 5222 3163 5289 adjutrieem
3191 5223 3290 5276 sibi
3333 5234 3602 5277 Servasset
3632 5239 3645 5275 :
3675 5222 3792 5291 quia

2216 5313 2442 5381 primum
2474 5313 2743 5368 hominem
2767 5328 2859 5384 per
2888 5314 3052 5369 Evam
3081 5314 3457 5374 debellaverat.
3489 5313 3654 5366 Evam
3684 5327 3796 5367 ser-

2221 5410 2454 5456 vaverat.
2480 5402 2683 5470 Quanta
2704 5418 2831 5473 ergo
2857 5418 3044 5473 passus
3073 5405 3181 5458 est!
3208 5402 3444 5457 Perdidit
3472 5403 3652 5456 omnia
3683 5416 3797 5471 quas

2216 5495 2465 5561 habebat,
2492 5495 2683 5551 domus
2722 5496 2888 5565 ipsius
2912 5497 3137 5562 cecidit;
3169 5498 3368 5551 utinam
3398 5496 3539 5549 sola!
3574 5510 3798 5565 oppres-

2215 5587 2286 5643 sit
2308 5596 2363 5644 et
2389 5586 2545 5642 ﬁlios.
2576 5587 2644 5642 Et
2666 5586 2789 5657 quia
2819 5590 2872 5641 in
2921 5587 3011 5641 illo
3040 5587 3293 5657 patientia
3338 5601 3590 5655 magnum
3625 5586 3797 5641 locum

2281 5742 2297 5809 ξ
2331 5743 2404 5809 sic
2433 5738 2699 5809 legendum
2715 5740 2853 5809 jpxta
2875 5744 2950 5809 Er.
2973 5738 3120 5801 Lugd.
3150 5745 3202 5786 et
3225 5746 3363 5809 rem,
3386 5740 3473 5786 Job
3496 5743 3799 5809 quantoper-

2216 5801 2396 5861 tnlerit,
2437 5799 2610 5864 legitur
2646 5806 2692 5849 et
2719 5799 2971 5856 horretur,
3008 5799 3368 5864 ei‘pnvesritnr,‘
3399 5799 3794 5864 contremisritnr.

2216 5871 2356 5911 Juxta
2378 5858 2506 5930 invi,
2531 5861 2620 5910 Job
2652 5867 2831 5926 quanta
2862 5858 3110 5930 pertulerit
3133 5874 3241 5911 cum
3274 5859 3468 5921 legitur,
3493 5858 3796 5912 exhorretur,

2219 5924 2564 5988 (καματωδέων,
2591 5924 2984 5994 coitu'cmtscilur.
3050 5930 3107 5979 At.
