4078 6506
320 510 423 567 633

319 636 584 692 tenuerat,
604 626 729 698 quid
753 626 1091 696 rcSpnnderit
1118 625 1227 692 ille,
1246 625 1427 681 audite
1447 644 1459 680 :
1484 626 1729 681 Dominus
1744 626 1907 692 dedit,

319 718 568 773 Dominus
595 718 835 783 abstulit;
864 718 992 772 sicut
1015 717 1234 773 Domino
1260 717 1473 787 placuit,
1496 718 1568 771 ita
1591 722 1783 789 factum
1801 728 1908 772 est:

314 813 379 865 sit
438 827 623 865 nomen
665 809 873 864 Domini
916 810 1252 865 benedictum.
1298 810 1531 865 Abstulit
1578 828 1696 879 quae
1739 811 1905 877 dedit,

315 900 572 970 numquid
616 900 775 970 periit
803 901 891 970 qui
919 900 1103 955 dedit?
1149 901 1381 957 Abstulit
1413 916 1533 970 qure
1571 901 1737 956 dedit.
1762 902 1907 956 Tau-

312 1007 470 1061 quam
498 990 738 1047 diceret:
768 992 1008 1047 Abstulit
1031 992 1231 1058 omnia,
1262 991 1468 1048 auferat
1488 995 1685 1057 omnia,
1711 993 1907 1048 nudum

311 1081 546 1149 dimittat
600 1097 711 1145 me,
766 1091 822 1138 et
867 1091 1045 1138 servet
1089 1081 1221 1137 mihi
1273 1096 1352 1137 se.
1394 1081 1532 1149 Quid
1585 1084 1729 1138 enim
1777 1084 1909 1139 mihi

308 1173 505 1238 deerit,
534 1173 579 1228 si
608 1173 774 1229 Deum
803 1172 1082 1228 habuero?
1103 1182 1194 1227 aut
1219 1171 1346 1242 quid
1372 1172 1503 1228 mihi
1527 1172 1631 1227 alia
1659 1182 1903 1243 prosunt,

307 1266 351 1315 si
381 1260 555 1316 Deum
587 1277 692 1317 non
717 1262 986 1317 habuero?
1015 1263 1307 1317 Accessum
1333 1269 1417 1317 est
1439 1260 1505 1319 ad
1527 1278 1767 1329 carnem,
1792 1278 1908 1335 per-

308 1364 501 1406 cussus
531 1361 618 1407 est
649 1353 868 1409 vulnere
912 1369 941 1405 a
973 1352 1148 1422 capite
1191 1367 1365 1423 usque
1416 1353 1484 1408 ad
1534 1353 1730 1423 pedes;
1757 1354 1907 1410 sanie

305 1440 608 1507 difï¬‚uebat,
640 1442 913 1497 vermibus
938 1442 1176 1498 scatebat
1202 1458 1217 1498 :
1255 1451 1310 1498 et
1353 1457 1414 1498 se
1441 1443 1493 1499 in
1525 1442 1640 1498 Deo
1664 1458 1764 1499 suo
1800 1443 1904 1499 im-

306 1533 564 1588 mobilem
605 1532 1011 1588 demonstrabat
1040 1542 1199 1603 atque
1225 1532 1439 1604 figebat.
1471 1533 1650 1589 Voluit
1677 1534 1752 1590 illi
1782 1550 1904 1589 mu-

306 1620 424 1688 lier,
448 1622 647 1677 diaboli
676 1623 930 1692 adjutrix,
958 1639 1065 1677 non
1093 1623 1271 1681 mariti
1307 1624 1651 1689 consolatrix,
1682 1640 1904 1696 persua-

303 1713 432 1768 dere
463 1713 853 1783 blaSphemiam
879 1732 892 1768 :
943 1714 1218 1781 Quamdiu,
1252 1714 1444 1785 inquit,
1476 1716 1572 1770 ista
1603 1724 1649 1769 et
1689 1717 1785 1770 ista
1806 1733 1903 1785 pa-

302 1803 468 1857 teris?
514 1803 611 1857 Dic
658 1805 865 1873 aliquod
909 1806 1111 1859 verbum
1151 1806 1204 1859 in
1254 1804 1548 1870 Dominum,
1589 1817 1635 1861 et
1683 1823 1897 1861 morere.

304 1895 447 1965 Ergo
486 1896 608 1965 quia
646 1895 956 1951 humiliatus
993 1905 1142 1964 erat,
1175 1896 1487 1952 exaltandus
1514 1908 1653 1953 erat.
1682 1898 1747 1952 Et
1773 1897 1901 1967 fecit

302 1983 408 2040 hoc
458 1984 736 2051 Dominus,
783 1994 841 2040 ut
883 1983 1192 2041 ostenderet
1238 1986 1585 2042 hominibus:
1617 2004 1738 2043 nam
1785 1990 1900 2058 ipse

298 2090 458 2131 servo
486 2091 587 2131 suo
610 2076 662 2130 in
702 2076 842 2131 coelo
884 2077 1084 2145 majora
1115 2078 1367 2132 servavit.
1397 2079 1539 2148 Ergo
1568 2078 1898 2135 luuuiliatum

299 2166 405 2223 Job
450 2168 725 2233 exultavit,
781 2168 984 2223 elatum
1034 2168 1305 2223 diabolum
1359 2169 1656 2224 humiliavit
1707 2190 1721 2226 :
1776 2172 1897 2241 quia

296 2259 434 2313 hunc
463 2260 729 2325 Itumiliat,
778 2270 823 2315 et
853 2260 987 2314 hunc
1027 2262 1217 2315 exultat
1264 2260 1435 2333 (Psal.
1483 2279 1663 2326 Lxxw,
1688 2261 1773 2333 8).
1820 2263 1898 2319 Ne

294 2352 421 2421 quis
444 2362 621 2405 autem
643 2392 663 2420 ,
694 2350 886 2406 fratres
917 2352 1240 2419 charissimi,
1272 2352 1487 2422 quando
1513 2354 1723 2424 aliquas
1751 2354 1895 2423 ejus-

295 2444 444 2499 modi
472 2443 667 2514 patitur
697 2443 1084 2508 tribulationes,
1116 2444 1203 2500 hic
1238 2455 1516 2515 exspectet
1543 2445 1844 2501 mercedem
1876 2464 1891 2501 :

301 2538 455 2593 verbi
484 2538 677 2608 gratia,
710 2536 755 2592 si
800 2537 995 2605 damna
1039 2538 1215 2606 aliqua
1271 2537 1519 2607 patiatur,
1551 2554 1617 2594 ne
1664 2538 1801 2595 forte
1830 2554 1895 2594 eo

292 2629 479 2683 animo
507 2627 667 2692 dicat,
700 2625 948 2681 Dominus
978 2626 1135 2693 dedit,
1188 2625 1440 2682 Dominus
1482 2628 1725 2691 abstulit;
1765 2629 1895 2683 sicut

296 2719 524 2775 Domino
553 2720 764 2792 placuit,
790 2720 861 2772 ita
882 2723 1074 2788 factum
1097 2729 1201 2774 est:
1227 2720 1291 2774 sit
1313 2736 1495 2774 nomen
1520 2718 1723 2774 Domini
1747 2718 1895 2775 bene-

292 2811 509 2878 dictum,
540 2820 597 2865 ut
621 2810 843 2879 duplum
873 2811 1119 2885 accipiat.
1169 2810 1429 2865 Patientia
1476 2810 1642 2866 Deum
1689 2809 1890 2879 laudet,

299 2918 409 2958 non
433 2903 676 2958 avaritia.
705 2902 759 2959 Si
790 2918 850 2957 ea
879 2918 998 2972 quae
1026 2901 1321 2973 perdidisti,
1348 2902 1507 2973 dupla
1536 2905 1732 2973 quaeris
1757 2903 1893 2959 reci-

290 3009 445 3064 pere,
475 3004 530 3049 et
555 2992 676 3048 ideo
696 2993 865 3049 Deum
888 2992 1108 3058 laudas;
1140 2991 1209 3048 de
1232 2992 1521 3064 cupiditate
1547 2994 1751 3059 laudas,
1776 3009 1885 3051 non

285 3085 357 3140 de
404 3083 690 3140 charitate.
741 3083 857 3138 Non
913 3083 1007 3138 tibi
1055 3092 1299 3139 occurrat
1358 3084 1524 3155 ipsius
1566 3085 1733 3140 sancti
1790 3086 1892 3143 viri

284 3175 626 3245 exemplum:
647 3173 784 3229 fallis
809 3182 883 3229 te.
913 3172 1138 3241 Quando
1160 3173 1262 3230 Job
1280 3175 1460 3230 omnia
1490 3175 1771 3242 tolerabat,
1792 3175 1890 3231 du-

286 3270 377 3339 pla
406 3283 512 3323 non
540 3267 810 3338 sperabat.
841 3268 909 3322 Et
930 3268 980 3322 in
1009 3269 1181 3338 prima
1213 3267 1329 3338 ejus
1347 3266 1690 3324 confessione
1718 3284 1889 3340 quan-

284 3360 358 3414 do
382 3358 577 3414 damna
604 3358 823 3429 pertulit
845 3368 899 3415 et
935 3359 1071 3414 tilios
1098 3359 1316 3425 extulit,
1341 3368 1397 3415 et
1424 3360 1479 3415 in
1506 3359 1741 3416 secunda
1765 3375 1888 3416 cum

278 3452 393 3522 jam
434 3459 697 3505 tormenta
739 3452 1016 3505 vulnerum
1066 3459 1336 3520 pateretur
1377 3450 1431 3506 in
1471 3466 1656 3520 carne,
1700 3460 1879 3523 potest

280 3542 492 3596 adverti
513 3541 652 3612 quod
682 3541 824 3597 dico.
852 3536 1056 3596 Prioris
1088 3541 1205 3610 ejus
1239 3541 1591 3597 confessionis
1614 3541 1731 3597 haec
1758 3557 1884 3597 ver-

282 3633 351 3688 ba
382 3642 510 3689 sunt
536 3651 549 3686 :
580 3632 829 3687 Dominus
869 3633 1030 3698 dedit,
1073 3633 1321 3688 Dominus
1348 3634 1597 3699 abstulit;
1617 3634 1745 3689 sicut
1774 3632 1887 3688 Do-

280 3726 422 3779 mino
452 3724 665 3795 placuit,
688 3725 760 3778 ita
785 3728 980 3796 factum
1019 3734 1093 3778 est
1135 3742 1147 3778 :
1188 3724 1253 3779 sit
1299 3740 1481 3778 nomen
1509 3723 1716 3779 Domini
1741 3724 1888 3779 bene-

279 3819 497 3873 dictum.
548 3817 765 3873 Poterat
817 3816 1049 3872 dicere:
1100 3816 1359 3872 Dominus
1412 3816 1579 3885 dedit,
1627 3817 1886 3872 Dominus

282 3909 540 3976 abstulit;
564 3916 743 3981 potest
768 3908 960 3963 iterum
990 3908 1121 3963 dare
1150 3910 1239 3977 qui
1262 3908 1505 3975 abstulit,
1531 3917 1710 3980 potest
1735 3910 1885 3980 plura

285 4016 549 4056 revocare
575 4016 735 4070 quam
771 4001 908 4054 tulit.
937 3999 1054 4054 Non
1079 3999 1181 4053 hoc
1210 3998 1364 4067 dixit,
1392 3999 1509 4065 sed,
1540 4000 1671 4054 sicut
1700 3999 1883 4054 Domi-

278 4107 349 4145 no
378 4090 599 4161 placuit,
629 4091 820 4160 inquit,
848 4090 920 4142 ita
939 4094 1130 4161 factum
1169 4098 1241 4144 est
1272 4104 1290 4143 :
1314 4089 1436 4159 quia
1468 4089 1518 4145 ei
1547 4090 1743 4159 placet,
1772 4090 1887 4161 pla-

281 4190 407 4237 ceat
430 4180 592 4248 mihi;
625 4180 767 4252 quod
797 4180 995 4251 placuit
1019 4180 1162 4235 bono
1196 4180 1444 4247 Domino,
1475 4195 1579 4235 non
1606 4180 1886 4251 displiceat

280 4271 502 4328 subdito
526 4286 720 4334 servo;
761 4270 902 4341 quod
947 4270 1145 4341 placuit
1188 4269 1417 4335 medico,
1468 4286 1576 4325 non
1607 4270 1885 4342 displiceat

283 4372 511 4439 :egroto.
554 4362 729 4417 Aliam
758 4362 923 4433 ipsius
963 4361 1091 4416 audi
1121 4360 1515 4417 confessionem
1548 4380 1562 4418 :
1593 4361 1787 4417 Locuta
1806 4381 1880 4433 es,

284 4457 457 4526 inquit
474 4456 631 4512 uxori
658 4471 791 4522 sure,
817 4464 1054 4526 tauquam
1076 4472 1177 4509 una
1201 4471 1264 4510 ex
1284 4455 1634 4525 insipientibus
1660 4457 1883 4512 mulieri-

283 4550 398 4604 bus.
427 4548 489 4605 Si
512 4549 643 4602 bona
677 4548 989 4618 percepimus
1025 4546 1087 4600 de
1116 4563 1268 4600 mamt
1309 4545 1533 4610 Domini,
1563 4548 1699 4602 mala
1726 4565 1884 4618 quare

282 4655 386 4692 non
405 4638 757 4693 sustinebimus
785 4636 925 4708 (Job.
961 4652 979 4691 Î¹
1023 4645 1077 4692 et
1120 4634 1226 4707 tt)?
1256 4635 1371 4692 Non
1403 4636 1628 4704 addidit,
1657 4638 1797 4708 quod
1822 4640 1868 4693 si

285 4731 516 4792 diceret,
545 4744 729 4784 verum
758 4728 981 4795 diceret,
1013 4727 1207 4783 Potens
1232 4734 1317 4783 est
1345 4728 1605 4784 Dominus
1628 4738 1683 4783 et
1705 4744 1877 4784 meam

283 4837 504 4877 carnem
538 4821 591 4875 in
619 4820 899 4891 pristinum
928 4834 1202 4886 revocare,
1243 4828 1298 4874 et
1343 4820 1485 4890 quod
1514 4821 1667 4876 nobis
1694 4821 1883 4876 abstu-

283 4918 349 4969 lit
374 4914 732 4985 multiplicare
766 4931 780 4967 :
810 4929 878 4971 ue
907 4913 1004 4969 ista
1036 4928 1130 4983 spe
1169 4912 1257 4967 illa
1303 4913 1560 4969 tolerasse
1585 4914 1875 4971 videretur.

280 5006 385 5061 Ista
417 5020 525 5060 non
553 5004 718 5072 dixit,
746 5005 845 5060 ista
871 5020 977 5060 non
998 5005 1261 5073 speravit.
1290 5002 1395 5060 Sed
1431 5012 1491 5059 ut
1528 5022 1625 5062 nos
1651 5006 1878 5061 docere--

277 5113 404 5152 mur
424 5138 441 5165 ,
478 5112 583 5151 non
612 5097 846 5167 speranti
875 5096 1132 5151 Dominus
1164 5096 1432 5165 praestitit,
1459 5112 1565 5166 quo
1596 5111 1693 5151 nos
1713 5096 1874 5152 dooe-

278 5205 488 5256 remur,
522 5189 644 5260 quia
672 5189 812 5244 Deus
852 5188 926 5243 illi
954 5186 1124 5242 adfuit
1154 5204 1169 5240 :
1215 5187 1337 5257 quia
1375 5187 1420 5241 si
1449 5196 1504 5242 et
1542 5188 1626 5241 illa
1667 5188 1742 5243 illi
1772 5205 1876 5243 non

280 5282 561 5349 redderet,
589 5280 852 5335 occultam
897 5294 1151 5335 coronam
1177 5277 1292 5347 ejus
1319 5277 1501 5333 videre
1528 5277 1747 5333 minime
1779 5293 1876 5348 po-

281 5386 545 5430 teramus.
575 5373 644 5428 Et
665 5374 783 5429 ideo
798 5371 920 5445 quid
938 5373 1010 5427 ait
1028 5371 1302 5443 Scriptura
1318 5370 1524 5436 divina,
1546 5371 1879 5427 exhortando

276 5466 346 5521 ad
402 5465 714 5538 patientiam
761 5474 815 5520 et
837 5480 986 5535 spem
1039 5463 1360 5527 futurorum,
1416 5478 1521 5517 non
1572 5463 1875 5518 mercedem

275 5555 667 5629 prseseutium?
690 5554 999 5610 Patientiam
1023 5553 1123 5609 Job
1151 5553 1384 5619 audistis,
1406 5563 1454 5608 et
1488 5554 1639 5623 ï¬nem
1671 5552 1879 5610 Domini

276 5632 496 5705 uidistis.
509 5649 687 5719 Quare
705 5648 998 5718 patientiam
1016 5644 1137 5712 Job,
1160 5654 1215 5703 et
1235 5662 1359 5713 non,
1382 5646 1566 5701 Finem
1590 5645 1755 5715 ipsius
1774 5645 1877 5727 Job

276 5742 526 5798 vidistis?
578 5739 784 5795 Fauces
841 5738 1080 5809 aperires
1123 5736 1192 5793 ad
1238 5737 1431 5806 dupla;
1487 5736 1724 5800 diceres,
1767 5736 1878 5791 Deo

276 5835 498 5903 gratias,
529 5832 843 5895 sustineam,
876 5828 1096 5900 duplum
1124 5829 1323 5899 recipio
1352 5828 1490 5883 sicut
1508 5826 1629 5883 Job.
1660 5826 1872 5881 Patien-

288 5926 408 5981 tiam
434 5923 535 5982 Job
554 5964 571 5993 ,
600 5922 755 5993 finem
791 5918 1012 5977 Domini.
1046 5919 1360 5983 Patientiam
1388 5918 1487 5977 Job
1516 5918 1791 5991 novimusI
1820 5926 1876 5980 ct

1503 509 1733 566 SERMO
1771 508 1862 565 AD
1899 509 2467 572 CATECHUMENOS.

3504 531 3604 589 654

2020 628 2178 683 linem
2211 630 2419 686 Domini
2444 632 2707 688 novimus.
2749 634 2917 701 Quem
2958 640 3115 694 littem
3162 640 3405 698 Domini?
3435 647 3593 713 Deus,

2021 720 2157 776 Deus
2172 738 2332 789 meus,
2351 732 2407 777 ut
2421 724 2543 792 quid
2559 741 2637 779 me
2656 726 2962 797 dereliquistt'
2983 728 3152 801 (lâ€™sul.
3180 748 3297 800 XXI,
3311 734 3397 805 2)?
3425 736 3597 792 Verba

2017 820 2142 867 sunt
2183 813 2390 868 Domini
2420 815 2702 885 pendentis
2747 817 2797 871 in
2826 819 2990 888 ligno.
3028 820 3192 886 Quasi
3219 825 3429 895 reliquit
3450 826 3598 881 illum

2016 905 2085 959 ad
2130 916 2446 974 praesentem
2496 908 2826 975 felicitatem,
2873 910 2965 967 sed
3012 928 3117 966 non
3148 929 3269 969 eum
3295 916 3510 989 reliquit
3532 921 3599 974 ad

2015 1004 2271 1055 cateruam
2315 996 2787 1053 inmortalitatem.
2825 999 2896 1054 Ibi
2944 1013 3026 1056 est
3072 1003 3192 1059 linis
3240 1005 3470 1063 Domini.
3500 1009 3603 1065 Te-

2014 1096 2145 1142 nent
2169 1086 2361 1156 Judaai,
2390 1090 2647 1145 insultant
2670 1090 2858 1158 Judaei,
2894 1093 3057 1163 ligant
3092 1094 3284 1162 Judaei,
3317 1099 3484 1170 Spinis
3508 1115 3602 1155 co-

2013 1187 2238 1245 ronant,
2294 1181 2467 1248 Sputis
2510 1181 2899 1250 dehonestant,
2954 1184 3251 1255 ï¬‚agellant,
3300 1192 3603 1260 opprobriis

2012 1271 2265 1339 obruunt,
2296 1272 2439 1343 ligno
2483 1275 2836 1344 suspendunt,
2865 1275 3045 1331 lancea
3078 1277 3305 1347 fodiunt,
3329 1291 3603 1349 postremo

2011 1362 2277 1431 sepeliunt
2305 1379 2322 1416 :
2352 1364 2504 1434 quasi
2557 1365 2775 1421 relictus
2821 1374 2927 1421 est.
2953 1366 3059 1422 Sed
3102 1369 3331 1438 quibus?
3360 1370 3469 1426 illis
3516 1388 3602 1426 tn-

2010 1441 2351 1510 s'ultantibus.
2371 1454 2495 1511 ideo
2519 1472 2647 1528 ergo
2677 1457 2873 1514 habeto
2895 1460 3223 1529 patientiam,
3254 1472 3313 1516 ut
3350 1478 3601 1535 resurgas

2009 1553 2065 1599 et
2108 1559 2217 1600 non
2266 1545 2536 1611 moriaris,
2579 1547 2632 1603 id
2678 1557 2783 1615 est,
2828 1565 3100 1620 nunquam
3143 1554 3411 1619 moriaris,
3461 1558 3599 1612 sicut

2007 1636 2269 1692 Christus.
2300 1637 2390 1694 Sic
2413 1640 2554 1695 enim
2587 1641 2849 1712 legimus:
2884 1643 3115 1700 Christus
3135 1663 3345 1720 surgens
3372 1666 3436 1705 ea:
3463 1667 3599 1705 mor-

2007 1731 2126 1795 tuis,
2142 1732 2259 1801 jam
2282 1747 2384 1786 non
2405 1733 2617 1787 moritur
2645 1733 2822 1806 (Rom.
2850 1752 2925 1803 Î³Î¹,
2950 1736 3028 1807 9).

2077 1821 2303 1878 CAPUT
2323 1822 2412 1877 IV.
2434 1853 2506 1865 â€”
2534 1826 2618 1879 Î™Î™.
2653 1825 2842 1881 Sedere
2867 1827 2935 1881 ad
2960 1828 3217 1884 dexteram
3249 1829 3441 1899 Patris,
3473 1835 3597 1904 quid

2004 1913 2091 1973 sit.
2136 1912 2358 1969 Dextera
2404 1914 2605 1982 Patris,
2645 1916 2921 1973 beatitudo.
2972 1922 3227 1978 Ascendit
3262 1924 3315 1978 in
3357 1926 3553 1981 caelum
3579 1945 3611 1989 ÎµÎ½

2003 2002 2226 2060 credite.
2251 2004 2420 2062 Sedet
2438 2006 2509 2063 ad
2537 2007 2812 2065 dexteram
2836 2009 3012 2065 Patris
3044 2029 3058 2066 :
3087 2013 3309 2069 credite.
3350 2015 3554 2074 Sedere
3576 2059 3593 2084 ,

2005 2094 2281 2166 intelligite
2303 2096 2545 2155 habitare
2575 2117 2588 2154 :
2619 2100 2889 2170 quomodo
2907 2102 3135 2159 dicimus
3160 2104 3227 2161 de
3256 2122 3596 2180 quocumque

2004 2186 2241 2254 homine,
2275 2188 2332 2244 in
2359 2190 2447 2245 illa
2474 2191 2644 2261 patria
2672 2191 2811 2247 sedit
2839 2207 2935 2263 per
2962 2203 3070 2251 tres
3095 2210 3285 2251 annos.
3308 2198 3444 2255 Dicit
3463 2200 3595 2257 illud

2001 2292 2056 2336 et
2113 2280 2408 2352 Scriptura,
2455 2284 2661 2340 sedisse
2706 2287 2987 2356 quemdam
3028 2289 3082 2347 in
3128 2291 3340 2348 civitate
3387 2301 3595 2349 tantum

2003 2380 2211 2443 tempus
2254 2373 2357 2443 (Î™Î™Î™
2393 2373 2521 2446 Reg.
2548 2392 2607 2442 Î¹Î¹,
2637 2377 2730 2444 58,
2755 2394 2854 2432 sec.
2888 2379 3080 2451 LXX).
3109 2382 3373 2452 Numquid
3404 2384 3543 2440 sedit
3572 2426 3608 2451 ,.

2000 2474 2055 2518 et
2102 2480 2372 2535 nunquam
2417 2469 2691 2523 surrexit?
2740 2468 2869 2525 Ideo
2915 2470 3191 2529 hominum
3238 2474 3598 2533 habitationes

1998 2556 2157 2613 sedes
2199 2557 2446 2614 dicuntur
2483 2559 2582 2632 (Î±).
2626 2560 2726 2618 Ubi
2781 2562 3044 2619 habentur
3094 2566 3281 2634 sedes,
3333 2570 3589 2640 numquid

2000 2663 2214 2721 semper
2261 2651 2517 2709 sedetur?
2555 2669 2660 2710 non
2703 2656 2969 2737 surgitur,
2998 2674 3103 2714 non
3134 2661 3454 2730 ambulatur,
3481 2670 3591 2720 non

1996 2742 2241 2813 jacetur?
2278 2754 2334 2800 et
2365 2754 2542 2803 tamen
2583 2747 2741 2804 sedes
2783 2758 3064 2807 vocantur.
3103 2751 3193 2808 Sic
3229 2768 3358 2824 ergo
3385 2754 3592 2812 credite

2000 2831 2240 2893 habitare
2269 2836 2538 2893 Christum
2568 2839 2621 2895 in
2646 2838 2872 2898 dextera
2889 2842 2984 2898 Dei
3004 2843 3178 2899 Patris
3207 2863 3220 2901 :
3249 2845 3323 2901 ibi
3348 2855 3449 2902 est.
3477 2846 3590 2903 Nec

1999 2923 2138 2980 dicat
2167 2926 2317 2981 vobis
2341 2943 2436 2984 cor
2464 2938 2731 2999 vestrum,
2771 2931 2908 3000 Quid
2954 2934 3100 3005 agit?
3142 2935 3319 2992 Nolite
3347 2952 3590 3007 quaerere

1997 3015 2139 3087 quod
2169 3032 2273 3071 non
2299 3018 2423 3074 licet
2453 3019 2694 3076 invenire
2726 3038 2740 3075 :
2768 3020 2842 3077 ibi
2869 3031 2986 3086 est;
3026 3024 3226 3081 sufticit
3247 3026 3421 3085 vobis.
3455 3028 3590 3083 Bea-

1999 3118 2083 3163 tus
2108 3118 2211 3176 est,
2241 3121 2295 3165 et
2318 3125 2349 3164 a
2380 3112 2729 3180 beatitudine,
2757 3129 2878 3185 qua:
2900 3114 3120 3171 dextera
3147 3116 3320 3173 Patris
3344 3127 3585 3181 vocatur,

1996 3200 2163 3271 ipsius
2186 3202 2529 3260 beatitudinis
2552 3219 2747 3261 nomen
2776 3214 2858 3263 est
2876 3248 2892 3276 ,
2920 3206 3145 3263 dextera
3171 3208 3365 3266 Patris.
3386 3210 3519 3266 Nam
3540 3215 3586 3269 si

1994 3292 2281 3350 carnaliter
2316 3296 2714 3365 acceperimus;
2746 3298 2866 3369 quia
2912 3297 3063 3354 sedet
3086 3299 3153 3355 ad
3180 3300 3454 3358 dexteram
3481 3302 3585 3359 Pa-

1997 3383 2111 3450 tris,
2145 3383 2233 3441 ille
2255 3385 2358 3441 erit
2381 3386 2448 3441 ad
2476 3387 2769 3443 sinistram.
2797 3388 3065 3461 Numquid
3086 3391 3166 3449 fas
3182 3402 3264 3450 est
3282 3403 3338 3451 ut
3362 3396 3440 3451 sic
3467 3396 3589 3453 illos

1992 3491 2398 3549 componamus,
2447 3481 2642 3537 Filium
2690 3483 2758 3539 ad
2804 3483 3114 3553 dexteram,
3154 3487 3368 3545 Patrem
3406 3489 3473 3544 ad
3505 3491 3583 3545 Îµá¼°Ï‚

1993 3570 2251 3625 nistram?
2295 3570 2370 3627 lbi
2409 3572 2586 3629 omnis
2625 3572 2853 3631 dextera
2882 3584 3000 3645 est,
3048 3577 3172 3649 quia
3213 3578 3358 3636 nulla
3400 3580 3472 3636 ibi
3501 3592 3589 3648 est

1993 3676 2231 3717 miserta.

2064 3755 2151 3808 12.
2173 3754 2308 3812 lude
2331 3766 2584 3813 venturus
2605 3758 2845 3829 judicare
2865 3762 3011 3817 vivos
3036 3770 3091 3818 et
3117 3774 3377 3820 mortuos.
3396 3766 3584 3835 Viros,

1989 3844 2081 3915 qui
2107 3845 2499 3916 superfueriut;
2531 3860 2792 3918 mortuos,
2832 3853 2923 3923 qui
2952 3857 3343 3924 prtecesserint.
3395 3858 3591 3923 Potest

1989 3945 2044 3990 et
2096 3937 2173 3992 sic
2214 3938 2435 4010 intelligi
2482 3958 2496 3995 :
2545 3940 2735 4010 Vives,
2786 3942 2988 4012 justus;
3040 3954 3299 4014 mortuos,
3332 3947 3578 4017 iniustos.

1991 4025 2257 4099 Utrosque
2287 4030 2429 4085 enim
2452 4030 2657 4101 judicat
2679 4072 2695 4098 ,
2723 4047 2820 4088 sua
2847 4033 3038 4105 cuique
3066 4034 3382 4092 retribuens.
3412 4038 3592 4099 Justis.

1988 4117 2227 4174 dicturus
2251 4128 2335 4175 est
2363 4121 2414 4175 in
2437 4120 2640 4191 judicio
2674 4140 2689 4178 :
2728 4121 2923 4192 Venite,
2954 4124 3198 4181 benedicti
3236 4126 3411 4183 Patris
3442 4131 3542 4183 mei
3559 4171 3576 4193 ,

1989 4210 2228 4280 percipite
2281 4228 2494 4282 regnum
2543 4214 2681 4285 quod
2728 4214 2869 4271 vobis
2918 4224 3151 4285 paratum
3197 4227 3270 4272 cst
3319 4221 3383 4274 ab
3432 4221 3587 4278 initia

1989 4302 2185 4355 mundi.
2234 4301 2316 4357 Ad
2358 4302 2460 4359 hoc
2501 4318 2597 4359 vos
2638 4314 2843 4375 parate,
2874 4306 2992 4363 hac
3027 4317 3260 4378 sperate,
3290 4320 3587 4383 propterea

1988 4391 2169 4460 vivite,
2201 4402 2257 4449 et
2281 4394 2359 4449 sic
2386 4394 2569 4462 vivite,
2603 4405 2888 4467 propterea
2912 4398 3138 4466 credite,
3168 4411 3447 4472 propterea
3478 4404 3591 4457 ba--

1987 4484 2282 4552 ptizamini,
2315 4494 2373 4541 ut
2411 4488 2579 4557 possit
2621 4488 2770 4545 vobis
2793 4487 2897 4544 dici
2929 4507 2942 4544 :
2986 4489 3178 4558 Venite,
3208 4493 3450 4547 benedicti
3470 4494 3595 4553 [Î´Ï…-Î¹

1988 4576 2079 4630 tris
2108 4576 2205 4631 mei
2225 4617 2239 4641 ,
2272 4579 2512 4649 percipite
2554 4596 2764 4651 regnum
2803 4581 2940 4650 quod
2992 4583 3127 4638 vobis
3178 4596 3411 4653 paratum
3443 4595 3516 4640 est
3543 4603 3594 4650 Î¹Î¹

1985 4668 2337 4723 constitutione
2364 4669 2561 4725 mundi.
2587 4671 2827 4729 Sinistris
2852 4673 3017 4744 quid?
3047 4672 3127 4728 Ite
3154 4677 3206 4729 in
3230 4676 3397 4747 ignem
3421 4688 3583 4731 atteri

1986 4779 2126 4828 num,
2155 4764 2242 4833 qui
2267 4774 2474 4835 paratus
2500 4776 2572 4819 est
2595 4766 2797 4822 diabolo
2823 4777 2872 4821 et
2889 4768 3428 4839 angelisejusUlatt/z.
3446 4787 3585 4844 xxvâ€˜

1986 4857 2077 4923 54,
2119 4856 2233 4927 41).
2276 4856 2364 4913 Sic
2399 4858 2780 4927 judicabuntur
2810 4876 2842 4914 a
2876 4859 3087 4915 Christo
3120 4860 3223 4914 vivi
3260 4871 3314 4915 et
3354 4862 3571 4924 mortui,

1987 4948 2133 5004 Dicta
2173 4956 2257 5005 est
2289 4950 2460 5019 prima
2501 4950 2616 5004 sine
2646 4959 2889 5021 tempore
2912 4952 3159 5006 nativitas
3184 4951 3401 5016 Christi,
3430 4951 3581 5015 diem

1984 5052 2066 5093 est
2094 5042 2197 5095 alia
2238 5041 2292 5096 in
2333 5040 2670 5111 plenitudine
2701 5044 2957 5112 temporis
2982 5042 3050 5097 de
3080 5042 3284 5112 virgine
3323 5043 3578 5105 nativitas

1984 5131 2206 5197 Christi,
2236 5132 2377 5197 dicta
2403 5143 2486 5189 est
2514 5132 2690 5203 passio
2714 5131 2943 5199 Christi,
2972 5132 3170 5187 dictum
3196 5141 3279 5188 est
3310 5133 3577 5203 judicium

1983 5225 2199 5280 Christi.
2227 5224 2421 5287 Totum
2460 5224 2660 5291 dictum
2700 5232 2803 5289 est,
2850 5223 2993 5294 quod
3038 5224 3323 5281 dicendum
3362 5235 3479 5281 erat
3502 5229 3577 5281 de

1982 5315 2196 5372 Christo
2219 5357 2235 5385 ,
2287 5316 2422 5371 Filio
2451 5315 2550 5371 Dei
2579 5314 2737 5372 unico
2757 5356 2771 5379 ,
2806 5315 3029 5373 Domino
3052 5324 3236 5371 nostro
3264 5335 3279 5370 :
3314 5316 3409 5374 sed
3436 5334 3571 5374 nona

1982 5408 2109 5463 dum
2135 5406 2369 5477 perfecta
2398 5414 2481 5461 est
2505 5404 2758 5461 Trinitas.
3586 5426 3589 5427 Î½

2053 5498 2279 5555 CAPUT
2310 5497 2374 5555 V.
2392 5528 2461 5539 â€”
2482 5496 2570 5554 15.
2595 5496 2846 5567 Spiritum
2872 5506 3099 5551 sanctum
3125 5515 3232 5553 esse
3260 5498 3439 5553 Deum.
3466 5497 3570 5554 Se-
3623 5519 3632 5527 Î‡

1982 5591 2163 5661 quitur
2189 5591 2240 5645 in
2270 5588 2548 5662 Symbolo,
2577 5588 2642 5644 Et
2664 5589 2715 5643 in
2745 5587 3001 5659 Spiritum
3023 5601 3288 5646 sanctum.
3321 5591 3423 5647 Ista
3449 5590 3572 5647 Î¤Î¹á½·Î·

1983 5682 2124 5735 nitas
2158 5696 2296 5736 unus
2341 5680 2512 5749 Deus,
2564 5694 2669 5735 una
2713 5687 2938 5746 natura,
2967 5694 3070 5735 una
3115 5679 3430 5745 substantia,
3463 5697 3570 5745 una

1983 5773 2218 5843 potentia
2243 5812 2258 5838 ,
2309 5786 2515 5828 summa
2553 5770 2855 5841 mqualitas,
2885 5770 3030 5827 nulla
3055 5770 3265 5837 divisio,
3296 5771 3437 5831 nulla
3480 5770 3566 5833 div

2044 5926 2116 5997 (a)
2138 5925 2307 5977 Confer
2326 5938 2476 5977 scrm.
2501 5923 2611 5987 2H,
2636 5938 2687 5975 n.
2711 5924 2759 5989 8,
2784 5930 2901 5977 tom.
2924 5924 2955 5977 á½…
