4078 6506
526 540 631 597 635

527 656 752 710 versitas
776 694 791 718 ,
835 659 1087 723 perpetua
1121 650 1374 706 eharitas.
1409 648 1580 704 Vultis
1618 661 1778 702 nosse
1804 646 1945 717 quod
1976 646 2117 701 Deus

527 758 612 802 est
655 746 884 816 Spiritus
923 743 1174 800 sanctus?
1215 739 1594 810 Baptizamini,
1631 749 1686 795 et
1719 738 1974 806 templum
2002 737 2118 806 ejus

527 839 697 894 eritis.
756 836 1040 906 Apostolus
1076 835 1224 898 dicit,
1271 833 1493 887 Nescitis
1533 832 1652 901 quia
1695 847 1908 900 corpora
1956 838 2118 883 vestra

531 929 770 999 templum
807 930 860 982 in
906 927 1043 982 vobis
1087 941 1160 980 est
1205 926 1430 994 Spiritus
1481 923 1675 988 sancti,
1727 939 1872 992 queat
1928 921 2119 976 habetis

529 1041 562 1075 a
610 1021 718 1076 Deo
745 1023 763 1090 (
789 1021 808 1076 1
835 1019 953 1076 Cor.
989 1037 1071 1081 vr,
1103 1020 1236 1090 i9)?
1264 1018 1544 1087 Templum
1578 1016 1735 1071 habet
1779 1017 1918 1071 Deus
1951 1033 1964 1069 :
1996 1031 2118 1070 nam

529 1122 586 1167 et
637 1112 894 1168 Salomon
947 1128 1040 1166 rex
1098 1119 1151 1164 et
1195 1111 1448 1180 propheta
1490 1109 1670 1179 jussus
1721 1116 1806 1162 est
1855 1107 2122 1162 :edilicare

533 1205 792 1274 templum
820 1203 951 1259 Deo.
993 1203 1049 1256 Si
1081 1202 1370 1256 aedificaret
1401 1199 1658 1268 templum
1686 1198 1806 1263 soli,
1839 1207 1932 1252 aut
1957 1197 2118 1262 luntc,

533 1304 627 1348 aut
653 1294 822 1349 stella:
850 1294 1004 1348 alicui
1023 1335 1038 1357 ,
1070 1301 1161 1346 aut
1188 1292 1343 1346 alicui
1372 1290 1594 1360 angelo,
1636 1304 1812 1343 nonne
1842 1289 2125 1343 damnaret

535 1386 682 1440 illum
733 1385 910 1442 Deus?
953 1385 1084 1452 Quia
1141 1399 1270 1454 ergo
1323 1382 1578 1451 templum
1633 1379 1914 1434 mdilicavit
1968 1380 2120 1445 Deo,

534 1476 769 1530 ostendit
797 1491 856 1530 se
894 1476 1073 1531 colere
1104 1475 1291 1530 Deum.
1324 1473 1392 1528 Et
1419 1473 1560 1529 unde
1599 1472 1916 1527 aediﬁcavit?
1947 1472 2022 1526 De
2056 1472 2123 1527 li—

534 1567 654 1636 gnis
682 1575 736 1620 et
764 1565 1027 1635 lapidibus
1061 1583 1074 1616 :
1108 1565 1230 1635 quia
1261 1564 1505 1634 dignatus
1535 1571 1618 1618 est
1651 1563 1793 1616 Deus
1822 1561 2000 1617 facere
2023 1563 2125 1618 sibi

536 1672 634 1725 per
663 1671 874 1712 servum
920 1671 1074 1711 suum
1118 1656 1336 1710 domum
1384 1655 1436 1709 in
1487 1664 1649 1718 terra,
1689 1653 1779 1709 ubi
1809 1661 2123 1723 rogaretur,

536 1749 625 1802 ubi
667 1757 1055 1803 memoraretur
1097 1748 1138 1799 ί.
1188 1746 1340 1802 Unde
1382 1745 1512 1802 dicit
1551 1745 1739 1800 beatus
1777 1743 2124 1814 Stephanus:

540 1838 787 1892 Salomon
815 1838 1083 1905 atdi/icavit
1119 1837 1198 1891 illi
1232 1837 1459 1902 domum,
1496 1836 1586 1890 sed
1629 1835 1915 1889 Altissimus
1944 1851 2045 1889 non
2074 1835 2128 1888 in

537 1945 693 1981 manu
715 1927 862 1996 [actis
883 1927 1081 1996 templis
1107 1927 1353 1980 inhabitat
1375 1925 1506 1997 (Act.
1533 1941 1624 1990 vu,
1645 1926 1712 1980 47
1728 1935 1775 1978 et
1792 1924 1904 1997 «18).
1925 1924 1981 1979 Si
1999 1939 2129 1993 ergo

538 2032 767 2084 corpora
817 2027 996 2070 nostra
1041 2016 1294 2086 templum
1325 2025 1408 2071 est
1436 2014 1664 2085 Spiritus
1705 2016 1911 2074 sancti.
1955 2017 2130 2085 qualis

541 2108 684 2162 Deus
707 2115 789 2161 est
812 2107 901 2177 qui
931 2106 1214 2161 mdilicavit
1244 2106 1498 2176 templum
1524 2106 1742 2176 Spiritui
1769 2109 1994 2162 sancto?
2022 2106 2130 2162 Sed

545 2199 704 2251 Deus.
736 2195 791 2252 Si
820 2198 962 2252 enim
993 2197 1246 2268 templum
1281 2197 1511 2267 Spiritus
1553 2198 1718 2251 sancti
1754 2207 1880 2253 sunt
1904 2214 2128 2269 corpora

543 2299 722 2344 nostra
743 2331 758 2355 ,
789 2291 874 2344 ille
927 2289 1145 2360 Spiritui
1173 2300 1358 2344 sancto
1396 2291 1675 2346 :ediiicavit
1705 2294 1958 2362 templum
1983 2334 2000 2358 ,
2040 2293 2131 2364 qui

540 2391 597 2437 et
647 2397 870 2451 corpora
923 2392 1122 2437 nostra.
1167 2383 1438 2439 Attendite
1475 2385 1784 2454 Apostolum
1826 2386 2129 2455 dicentem,

540 2475 683 2528 Deus
712 2476 1000 2544 temperavit
1025 2491 1225 2543 corpus,
1262 2477 1308 2529 ei
1356 2477 1439 2530 cui
1473 2477 1640 2532 deerat
1684 2479 1925 2550 majorem
1972 2481 2133 2534 hono-

541 2585 647 2623 rem
693 2569 820 2622 dans
863 2569 917 2638 (1
955 2568 1072 2623 Cor.
1128 2585 1222 2635 xu,
1272 2569 1398 2638 24);
1445 2585 1564 2625 cum
1616 2571 1924 2642 loqueretur
1949 2573 2016 2628 de
2046 2573 2130 2628 di-

542 2659 712 2714 versis
756 2660 1029 2721 membris.
1071 2669 1129 2714 ut
1169 2676 1272 2713 non
1313 2670 1494 2715 essent
1534 2663 1780 2717 scissura:
1807 2663 1857 2717 in
1885 2679 2130 2732 corpore.

545 2751 685 2805 Deus
719 2751 922 2805 creavit
950 2767 1146 2821 corpus
1171 2760 1435 2806 nostrum.
1469 2752 1698 2808 llcrbam
1730 2755 1869 2809 Deus
1894 2757 2095 2810 creavit
2115 2797 2132 2822 ,

542 2858 737 2910 corpus
781 2851 1019 2896 nostrum
1062 2843 1181 2912 quis
1218 2842 1456 2897 ereavit?
1498 2843 1652 2899 Unde
1691 2845 1978 2914 probamus
2009 2847 2136 2916 quia

545 2932 767 2987 herbam
808 2935 944 2987 Deus
977 2935 1158 2989 creat?
1185 2935 1284 3002 Qui
1313 2935 1496 2999 vestit,
1529 2936 1644 3004 ipse
1673 2946 1842 2992 creat.
1888 2938 2134 3010 Evange-

546 3023 672 3077 liqu
701 3024 819 3094 lege
849 3043 862 3077 :
893 3023 954 3079 Si
975 3041 1092 3094 ergo
1120 3029 1290 3095 [unum
1316 3027 1448 3096 agri,
1490 3027 1584 3092 ait,
1633 3030 1770 3098 quod
1799 3030 1949 3084 hodie
1973 3040 2066 3100 est,
2085 3041 2138 3087 et

544 3132 659 3169 cras
702 3117 754 3168 in
797 3117 1050 3169 clibanutn
1093 3118 1305 3170 mittitur
1327 3159 1342 3183 ,
1376 3117 1512 3170 Deus
1537 3119 1610 3172 sic
1635 3121 1778 3173 vestit
1807 3120 2020 3191 (Matth.
2051 3139 2100 3178 γι
2119 3166 2136 3189 ,

546 3210 662 3278 50).
697 3210 789 3264 Ille
818 3225 945 3280 ergo
970 3218 1138 3276 creat,
1165 3211 1255 3280 qui
1287 3211 1462 3265 vestit.
1494 3213 1558 3265 Et
1589 3213 1873 3282 Apostolus
1901 3233 1915 3269 :
1947 3214 2133 3281 Stulte,

544 3302 682 3370 quod
707 3302 925 3355 seminus
953 3317 1053 3355 non
1081 3303 1384 3370 viviﬁcatur,
1416 3304 1514 3357 nisi
1543 3307 1790 3360 moriatur
1814 3309 1834 3338 ’
1870 3326 1884 3362 :
1915 3317 1962 3361 et
2001 3309 2137 3380 quod

547 3393 787 3455 seminus,
819 3408 918 3445 non
947 3408 1131 3462 corpus
1150 3394 1285 3462 quod
1315 3398 1545 3465 futurum
1571 3407 1643 3450 est
1667 3400 1902 3464 seminus,
1926 3400 2016 3454 sed
2035 3418 2136 3455 nu-

545 3480 668 3533 dum
702 3497 938 3551 granum,
968 3493 1022 3534 ut
1061 3483 1190 3550 forte
1214 3484 1385 3551 tritici,
1427 3496 1516 3538 aut
1555 3487 1774 3557 alicujus
1802 3500 2138 3558 cwterorum;

546 3570 686 3624 Deus
708 3581 877 3626 autem
905 3573 983 3626 illi
1001 3573 1090 3626 dat
1113 3591 1297 3644 corpus
1315 3578 1566 3646 quomodo
1595 3579 1839 3648 voluerit,
1867 3592 1914 3636 et
1941 3585 2138 3637 unicui—

543 3677 640 3730 que
680 3661 926 3715 seminum
969 3663 1233 3732 propriam
1273 3682 1456 3736 corpus
1483 3667 1536 3738 (1
1569 3668 1684 3722 Cor.
1711 3687 1798 3724 xv.
1828 3673 2044 3743 56—58).
2078 3674 2134 3730 Si

542 3767 674 3820 ergo
710 3752 849 3807 Deus
887 3767 1112 3824 corpora
1159 3766 1336 3810 nostra
1369 3756 1619 3824 :rdilieat,
1652 3761 1694 3813 si
1728 3761 1864 3816 Deus
1891 3765 2134 3820 membra

545 3853 727 3900 nostra
756 3845 1002 3912 tediticat,
1031 3855 1081 3901 et
1109 3863 1331 3918 corpora
1361 3859 1538 3906 nostra
1573 3853 1826 3924 templum
1859 3865 1982 3911 sunt.
2009 3857 2134 3928 Spi-

544 3936 678 3989 ritus
723 3938 927 4003 sancti;
984 3939 1150 3994 nolite
1195 3941 1437 3998 dubitare
1487 3944 1653 3999 Deum
1706 3961 1826 4002 esse
1877 3947 2132 4019 Spiritum

543 4035 808 4082 sanctum.
837 4029 904 4082 Et
928 4030 1094 4085 nolite
1115 4030 1314 4087 addere
1338 4035 1486 4102 quasi
1521 4037 1733 4091 tertium
1767 4038 1930 4094 Deum
1958 4057 1972 4104 ;
2013 4043 2136 4112 quia

549 4117 704 4172 Pater
758 4126 815 4174 et
861 4118 1028 4176 Filius
1063 4129 1118 4175 el
1155 4122 1383 4192 Spiritus
1420 4135 1638 4181 sanctus
1676 4144 1812 4184 unus
1851 4141 1934 4186 est
1972 4132 2133 4189 Deus.

545 4206 638 4261 Sic
664 4207 890 4263 credite.
1289 4237 1292 4240 ν

615 4297 844 4354 CAPUT
864 4299 946 4353 Vl.
965 4330 1036 4341 —
1063 4302 1150 4356 14.
1183 4301 1257 4357 De
1280 4313 1456 4359 sancta
1481 4305 1724 4363 Ecclesia.
1751 4310 2002 4381 Sequitur
2020 4325 2138 4384 post

547 4386 823 4442 Trinitatis
851 4391 1400 4460 commendationem,
1433 4409 1669 4452 sanctam
1700 4401 2009 4459 Ecclesiam.
2038 4406 2140 4461 De-

547 4488 875 4534 monstratus
918 4491 1000 4536 est
1040 4483 1179 4538 Deus
1227 4493 1282 4539 et
1329 4488 1584 4557 templum
1627 4491 1812 4560 ipsius.
1873 4494 2138 4565 Templum

547 4569 682 4622 enim
715 4569 810 4624 Dei
834 4582 1063 4626 sanctum
1108 4585 1204 4640 est,
1249 4577 1322 4630 ait
1360 4579 1665 4647 Apostolus,
1713 4586 1850 4654 quod
1897 4589 2014 4642 estis
2050 4606 2135 4645 vos

547 4658 662 4725 (Id.
695 4676 770 4725 tu,
803 4661 912 4733 17).
945 4662 1056 4732 Ipsa
1101 4673 1185 4719 est
1232 4667 1463 4723 Ecclesia
1493 4682 1694 4740 s:meta,
1728 4676 1962 4733 Ecclesia
1993 4697 2093 4734 una
2119 4723 2135 4748 ,

550 4751 789 4812 Ecclesia
821 4769 965 4818 vera,
999 4754 1240 4811 Ecclesia
1271 4759 1530 4816 catholica
1550 4804 1565 4827 ,
1594 4775 1777 4819 contra
1805 4783 1992 4824 omnes
2021 4771 2134 4824 ha:-

547 4857 694 4898 reses
719 4859 959 4914 pugnans
987 4862 1000 4898 :
1030 4861 1267 4916 pugnare
1297 4859 1489 4919 potest,
1519 4859 1805 4926 expugnari
1832 4869 2006 4916 tamen
2031 4879 2134 4918 non

548 4947 744 5006 potest.
794 4938 1041 4996 Haucscs
1079 4955 1267 4998 onmes
1313 4943 1382 4998 de
1433 4945 1522 5000 illa
1571 4949 1834 5017 exierunt,
1887 4963 2134 5024 tanquam

546 5038 819 5084 sarmenta
843 5030 1050 5086 inutilia
1073 5030 1142 5087 de
1167 5033 1270 5088 vite
1309 5037 1529 5104 prmcisa
1564 5055 1577 5091 :
1607 5039 1717 5109 ipsa
1748 5053 1929 5098 autem
1957 5058 2138 5103 manet

549 5115 600 5167 in
629 5119 806 5174 radice
829 5135 945 5182 sua,
977 5122 1028 5175 in
1057 5124 1162 5178 vite
1189 5139 1304 5191 sua,
1330 5125 1381 5179 iu
1410 5126 1670 5186 charitate
1694 5148 1810 5186 sua.
1851 5134 2026 5190 Porta:
2056 5139 2136 5192 iu-

550 5206 778 5263 ierorum
801 5228 906 5266 non
932 5215 1144 5270 vincent
1167 5232 1286 5272 eam
1318 5218 1527 5290 (Matth.
1561 5239 1668 5290 xw,
1697 5226 1810 5297 18).

618 5298 844 5355 CAPUT
881 5303 992 5358 Vll.
1019 5308 1204 5363 -15.
1237 5307 1457 5365 Peccata
1497 5315 1648 5369 etiam
1685 5317 1928 5374 immania
1960 5323 2136 5376 dimit-

552 5395 726 5439 tantur
751 5390 801 5442 in
830 5390 1091 5461 Baptismo
1108 5412 1128 5460 ;
1169 5408 1214 5451 ct
1241 5402 1454 5455 venia/ia
1473 5444 1489 5471 ,
1526 5406 1579 5460 in
1613 5410 1839 5465 oratione
1857 5413 2132 5472 dominica.

554 5472 866 5532 l‘cnitcntia:
892 5483 1108 5550 publica
1129 5489 1261 5541 actio
1283 5501 1487 5561 prapter
1513 5496 1756 5554 immania
1775 5513 2005 5573 peccata,
2035 5523 2137 5562 non

616 5605 644 5673 ξ
671 5602 854 5673 Aliquot
875 5616 1004 5673 h_tss.,
1027 5622 1316 5666 moraretur.

623 5662 645 5692 ¹
668 5662 802 5727 editi,
826 5669 962 5732 prius
982 5662 1425 5744 marimari—Abest,
1451 5685 1603 5750 prius,
1631 5703 1656 5739 a
1679 5697 1785 5744 Mss.

1141 531 1230 596 DE
1267 529 1607 598 SYMBOLO,
1645 531 1702 585 S.
1745 524 2111 584 AUGUSTINI
2148 523 2381 583 SERMO
2419 526 2510 580 AD
2546 525 3119 586 CATECIIUMENOS.

3708 537 3812 594 636

2226 651 2430 710 propter
2443 642 2590 696 levia.
2617 641 3008 700 Remissionem
3033 653 3390 714 peccatorum.
3421 647 3636 702 Habetis
3651 649 3808 722 Sym-

2225 736 2402 790 bolum
2431 736 2664 805 perlecte
2693 737 2745 791 in
2779 738 2957 803 vobis,
2985 739 3197 809 quando
3238 740 3602 809 baptizamini.
3641 741 3808 798 Nemo

2223 828 2365 883 dicat
2393 847 2405 884 :
2434 828 2564 884 illud
2593 830 2712 896 ieci,
2742 830 2877 886 forte
2905 847 3008 886 non
3047 832 3176 886 mihi
3216 833 3518 887 dimittitur.
3555 834 3693 902 Quid
3735 835 3810 889 l'e-

2224 918 2376 973 cisti?
2397 929 2652 988 quantum
2676 920 2878 975 iecisti?
2908 921 3000 976 Dic
3022 922 3251 976 immane
3273 923 3472 993 aliquid
3495 925 3637 993 quod
3660 940 3808 978 com-

2228 1007 2448 1073 misisti,
2501 1024 2706 1079 grave,
2756 1010 3121 1076 horrendum,
3167 1012 3308 1082 quod
3357 1014 3518 1067 etiam
3567 1017 3809 1085 cogitare

2228 1096 2414 1152 horres
2447 1116 2460 1153 :
2490 1098 2746 1168 quidquid
2789 1101 2870 1155 vis
2896 1099 3108 1167 feceris,
3140 1103 3396 1172 numquid
3423 1103 3695 1158 Christum
3721 1120 3812 1160 0c-

2226 1188 2401 1244 cidisti
2416 1188 2442 1242 ?
2462 1189 2579 1244 Non
2605 1199 2688 1246 est
2712 1192 2814 1247 isto
2835 1190 2976 1248 facto
2996 1194 3192 1263 aliquid
3211 1195 3380 1264 pejus,
3395 1196 3516 1266 quia
3533 1204 3588 1250 et
3602 1195 3813 1251 Christo

2229 1278 2359 1335 nihil
2405 1288 2490 1334 est
2527 1281 2739 1336 melius.
2784 1282 3050 1348 Quantum
3099 1284 3248 1338 nefas
3273 1295 3356 1340 est
3379 1286 3628 1342 occidere
3653 1287 3810 1341 Chri-

2227 1372 2414 1426 stum?
2450 1372 2618 1428 Judmi
2662 1383 2836 1430 tamen
2889 1390 3011 1430 eum
3051 1377 3397 1444 occiderunt,
3455 1387 3511 1433 et
3557 1379 3716 1433 multi
3758 1379 3814 1434 in

2227 1477 2351 1516 eum
2377 1471 2558 1532 postea
2583 1463 2947 1531 crediderunt,
2973 1474 3027 1519 et
3052 1465 3298 1520 biberunt
3320 1466 3436 1533 ejus
3460 1466 3769 1531 smguinem
3796 1487 3808 1521 :

2229 1551 2505 1606 dimissum
2540 1563 2623 1608 est
2653 1552 2755 1608 illis
2782 1565 3054 1625 peccatum
3082 1556 3223 1625 quod
3253 1558 3655 1612 conuniserunt.
3683 1557 3812 1613 Cum

2233 1642 2478 1714 baptizati
2520 1644 2758 1710 fueritis,
2811 1655 2985 1701 tenete
3023 1647 3184 1701 vitam
3225 1648 3416 1702 bonam
3451 1650 3502 1702 in
3535 1651 3818 1719 prmceptis

2232 1734 2346 1798 Dei,
2374 1743 2432 1789 ut
2455 1735 2784 1806 Baptismum
2819 1739 3132 1793 custodiatis
3169 1754 3337 1810 usque
3381 1741 3434 1795 in
3477 1744 3657 1794 liuent.
3704 1741 3822 1796 Non

2232 1827 2382 1882 vobis
2405 1827 2528 1883 dico
2557 1829 2678 1899 quia
2709 1831 2825 1886 sine
2853 1841 3072 1902 peccato
3098 1831 3182 1886 hic
3208 1834 3427 1890 vivctis:
3455 1833 3548 1888 sed
3579 1843 3705 1888 sunt
3725 1851 3815 1888 ve-

2235 1918 2415 1984 nialia,
2449 1920 2567 1974 sine
2595 1922 2787 1990 quibus
2819 1922 2922 1976 vita
2959 1923 3055 1976 ista
3101 1939 3204 1977 non
3241 1932 3342 1977 est.
3389 1924 3614 1993 Propter
3639 1925 3819 1978 omnia

2234 1997 2448 2077 peccata
2490 2010 2794 2082 Baptismus
2832 2012 3082 2068 inventus
3117 2023 3234 2077 est;
3263 2023 3481 2083 propter
3521 2015 3676 2073 levia.
3704 2017 3819 2069 sine

2233 2100 2427 2170 quibus
2449 2116 2568 2157 esse
2589 2119 2695 2157 non
2718 2119 3019 2173 possumus,
3044 2105 3214 2159 oratio
3238 2107 3472 2159 inventa.
3497 2107 3637 2173 Quid
3661 2107 3820 2162 habet

2234 2193 2444 2248 oratio?
2473 2193 2680 2248 Dimitte
2705 2195 2848 2248 nobis
2872 2196 3038 2250 debita
3082 2205 3274 2261 nostra,
3303 2197 3432 2250 sicut
3458 2207 3504 2252 et
3533 2215 3626 2251 nos
3651 2199 3818 2252 dimit-

2236 2285 2388 2338 timus
2416 2285 2720 2340 debitoribus
2749 2288 2933 2341 nostris
2960 2286 3070 2355 (Id.
3099 2303 3173 2350 vr,
3201 2287 3314 2356 12).
3343 2287 3523 2342 Semel
3553 2289 3820 2343 abluituur

2236 2377 2561 2446 Baptismate
2585 2421 2600 2444 ,
2645 2379 2883 2448 quotidie
2922 2379 3188 2433 abluimur
3224 2381 3485 2434 oratione.
3515 2379 3623 2436 Sed
3656 2380 3820 2435 nolite

2237 2469 2324 2522 illa
2365 2473 2719 2534 committere,
2753 2487 2847 2540 pro
2884 2472 3076 2540 quibus
3102 2486 3322 2526 necesse
3346 2479 3429 2526 est
3458 2479 3516 2525 ut
3553 2486 3583 2524 a
3624 2471 3819 2526 Christi

2236 2576 2460 2630 corpore
2498 2562 3024 2632 scparemiui:quod
3071 2562 3211 2615 absit
3253 2577 3281 2614 a
3330 2561 3502 2617 vobis.
3552 2559 3631 2616 llli
3680 2564 3818 2618 enim

2237 2669 2370 2721 quos
2389 2653 2577 2708 videtis
2592 2668 2750 2723 agere
2772 2653 3158 2722 paenitentiam,
3186 2653 3388 2708 scelera
3417 2654 3820 2719 commiserunt,

2237 2754 2329 2798 aut
2353 2744 2611 2799 adulteria
2637 2786 2652 2812 ,
2684 2753 2774 2799 aut
2799 2745 2974 2815 aliqua
3012 2745 3146 2799 facta
3182 2745 3431 2800 immania
3466 2765 3479 2800 :
3512 2745 3636 2800 inde
3664 2755 3822 2816 agunt

2239 2836 2626 2908 penitentiam.
2671 2835 2802 2890 Nam
2833 2836 2876 2890 si
2910 2835 3043 2890 levia
3089 2844 3303 2904 peccata
3349 2834 3586 2904 ipsorum
3623 2844 3820 2899 essent,

2240 2927 2304 2982 ad
2336 2928 2451 2983 lucc
2477 2927 2782 2999 quotidiana
2809 2928 2981 2982 oratio
3002 2927 3226 2982 delenda
3254 2927 3540 2982 sul‘ticcret.

2310 3019 2536 3076 CAPUT
2577 3018 2714 3073 Vlll.
2751 3049 2822 3058 —
2866 3018 2955 3074 16.
2995 3016 3214 3072 Peccata
3260 3019 3418 3072 tribus
3463 3017 3628 3071 modis
3657 3018 3822 3070 dimit-

2241 3121 2431 3166 tuntur.
2467 3111 2604 3181 Ergo
2643 3109 2812 3166 tribus
2844 3108 3016 3164 modis
3041 3109 3379 3164 dimittuntur
3409 3118 3621 3178 peccata
3651 3110 3706 3162 in
3728 3109 3822 3163 Ec-

2239 3203 2401 3258 clesia
2424 3220 2439 3269 ;
2465 3203 2517 3256 in
2540 3203 2885 3272 Baptismatc,
2915 3200 2968 3255 in
3001 3201 3262 3266 oratione,
3293 3201 3344 3253 in
3374 3200 3672 3254 luunilitate
3711 3217 3818 3253 ma-

2235 3295 2355 3366 jore
2383 3297 2399 3327 ¹
2432 3296 2759 3366 ptenitentia:
2793 3313 2806 3349 :
2843 3304 3017 3349 tamen
3048 3295 3187 3348 Deus
3215 3309 3320 3347 non
3345 3293 3561 3348 dimittit
3589 3303 3822 3362 peccaui,

2241 3389 2342 3444 nisi
2392 3388 2689 3458 baptizatis.
2735 3387 2850 3457 Ipsa
2895 3396 3110 3457 peccata
3142 3402 3259 3456 qum
3292 3386 3519 3455 primmu
3563 3385 3778 3438 dimittit
3805 3426 3820 3446 ,

2241 3495 2346 3533 non
2396 3480 2495 3532 nisi
2538 3478 2821 3550 baptizatis
2848 3477 3084 3532 dimittit.
3117 3477 3377 3546 Quando?
3405 3476 3630 3543 Quando
3662 3476 3823 3546 bapti-

2242 3581 2448 3626 zantur.
2479 3572 2704 3627 Peccata
2732 3587 2849 3641 qua:
2879 3581 3061 3640 postea
3092 3571 3365 3624 orantilms
3387 3570 3746 3630 dimittuntur,
3773 3579 3825 3623 et

2242 3667 2650 3735 pcnnitentihus,
2705 3665 2897 3734 quibus
2943 3663 3196 3732 dimittit,
3257 3663 3536 3732 baptizalis
3585 3663 3820 3716 dimittit.

2241 3758 2370 3813 Nam
2402 3756 2668 3828 quomodo
2692 3756 2894 3818 dicunt,
2925 3754 3084 3810 Pater
3113 3765 3302 3817 noster,
3332 3755 3420 3824 qui
3456 3753 3692 3809 nondum
3717 3755 3820 3807 nati

2241 3847 2803 3903 suntiCatechumeni
2849 3845 3100 3916 quamdiu
3151 3854 3294 3910 sunt,
3338 3860 3499 3914 super
3544 3843 3666 3899 illos
3707 3854 3824 3897 sunt

2241 3939 2419 3994 omnia
2448 3948 2661 4008 peccata
2689 3952 2895 3991 eorum.
2929 3936 2984 3990 Si
3013 3934 3403 3998 catechumeni,
3432 3943 3636 4001 quanto
3663 3934 3822 4003 magis

2243 4029 2477 4101 Pagani?
2499 4037 2700 4099 quanto
2728 4028 2894 4098 magis
2921 4027 3200 4082 haeretici?
3223 4025 3326 4082 Sed
3357 4025 3623 4080 ha'reticis
3655 4025 3825 4093 Bapti-

2241 4137 2415 4176 smum
2464 4137 2569 4175 non
2610 4130 2896 4175 mutamus.
2945 4119 3161 4187 Quare?
3195 4119 3326 4186 Quia
3363 4118 3441 4172 sic
3477 4117 3677 4171 habent
3725 4117 3822 4170 Ba-

2241 4215 2514 4285 ptismum,
2543 4213 2812 4284 quomodo
2838 4212 3080 4267 desertor
3107 4211 3268 4266 habet
3307 4210 3676 4265 characterem
3712 4227 3727 4264 :
3759 4209 3823 4262 ita

2243 4318 2294 4361 et
2317 4306 2401 4360 isti
2429 4305 2626 4360 habent
2652 4305 3011 4374 Baptismum;
3043 4303 3259 4366 habent,
3286 4302 3379 4356 sed
3404 4301 3543 4356 unde
3566 4300 3824 4354 damnen-

2244 4409 2346 4463 tur,
2380 4413 2485 4452 non
2509 4396 2650 4450 unde
2675 4404 3020 4450 coronentur.
3059 4394 3124 4448 Et
3163 4402 3337 4447 tamen
3378 4393 3421 4446 si
3454 4391 3697 4446 desertor
3719 4392 3826 4460 ipse

2241 4501 2513 4546 correctus
2553 4489 2770 4559 incipiat
2811 4487 3062 4553 militare,
3090 4487 3342 4556 numquid
3364 4486 3527 4540 audet
3550 4486 3826 4556 quisquam

2243 4583 2291 4637 ei
2322 4582 2682 4636 characterem
2716 4579 2956 4633 mutare?

2314 4673 2541 4729 CAPUT
2579 4671 2667 4727 IX.
2695 4671 2875 4726 -17.
2907 4669 2984 4724 De
3008 4669 3368 4724 resurrectione
3391 4668 3561 4722 carnis
3599 4667 3652 4720 in
3682 4666 3828 4720 vitam

2241 4775 2501 4820 a'ternam.
2528 4763 2812 4819 Credimus
2835 4763 2994 4816 etiam
3020 4764 3465 4816 resurrectionem
3488 4759 3690 4825 carnis,
3715 4773 3828 4829 qua:

2243 4857 2515 4926 prtecessit
2546 4855 2597 4910 in
2639 4855 2853 4909 Christo
2883 4871 2897 4906 :
2932 4862 2988 4907 ut
3021 4853 3122 4907 hoc
3163 4854 3323 4907 etiam
3373 4859 3558 4921 speret
3611 4866 3825 4920 corpus,

2243 4947 2384 5018 quod
2416 4946 2686 5016 prmcessit
2717 4945 2768 4998 in
2809 4944 3004 5013 capite.
3051 4941 3224 5012 Caput
3270 4941 3524 4995 Ecclesia:
3561 4939 3828 5002 Christus.

2244 5041 2478 5096 Ecclesia
2505 5055 2696 5110 corpus
2725 5037 2920 5094 Christi
2953 5035 3367 5110 (Ephes.v,23).
3399 5035 3571 5105 Caput
3594 5044 3828 5088 nostrum

2243 5131 2494 5192 surrexit,
2524 5130 2763 5184 ascendit
2782 5131 2832 5183 in
2865 5129 3066 5183 cmlum
3092 5145 3104 5180 :
3135 5127 3223 5181 ubi
3249 5137 3429 5196 caput,
3456 5128 3562 5180 illic
3587 5135 3642 5180 ct
3671 5142 3831 5179 mem-

2244 5224 2357 5278 bra.
2391 5221 2670 5289 Quomodo
2711 5221 2889 5274 carnis
2919 5219 3400 5275 resurrectionem?
3426 5217 3503 5272 Ne
3531 5217 3669 5272 forte
3693 5227 3832 5287 putet

2245 5318 2438 5388 aliquis
2478 5316 2746 5386 quomodo
2776 5314 2980 5380 Lazari,
3010 5321 3067 5367 ut
3091 5314 3230 5367 scias
3258 5328 3362 5366 non
3390 5315 3467 5366 sic
3494 5328 3634 5377 esse,
3684 5311 3828 5364 addi-

2244 5417 2353 5463 tum
2378 5416 2479 5472 est,
2504 5407 2558 5460 ln
2583 5407 2741 5459 vitam
2773 5414 3050 5459 :cternam.
3073 5405 3371 5475 Regcncret
3392 5419 3485 5458 vos
3512 5403 3675 5470 Deus,
3703 5418 3827 5456 con-

2243 5507 2421 5555 servet
2449 5509 2503 5554 et
2533 5507 2742 5551 tueatur
2776 5513 2870 5551 vos
2911 5497 3085 5562 Deus;
3120 5496 3275 5563 inse,
3328 5496 3418 5566 qui
3451 5505 3534 5552 est
3571 5497 3684 5566 ipsa
3730 5496 3830 5548 vita

2243 5601 2463 5653 atterna,
2495 5589 2749 5659 perducat
2772 5603 2868 5642 vos
2887 5588 3045 5642 Deus.
3072 5593 3262 5643 Amen.

2308 5702 2323 5732 ι
2360 5701 2432 5748 sic
2456 5707 2560 5749 Mss.
2587 5699 2702 5749 Editi
2729 5711 2865 5757 vero,
2892 5697 3110 5758 maioris.
