4078 6518
522 467 618 521 651
839 498 845 504 -
1949 456 2036 513 DE
2076 457 2089 508 ἔ

2197 451 2389 506 ιιιοιο

521 584 595 636 ria
627 595 764 634 nunc
794 587 988 632 nostras
1017 573 1324 628 inﬁrmitati.
1359 571 1539 641 Qualia
1581 569 1752 622 futura
1787 568 1895 641 sint
1923 575 2101 641 nostra

521 666 765 720 corpora,
792 649 985 702 Paulus
1010 637 1427 720 dicitapo~toliis
1451 661 1468 720 :_
1499 640 1806 720 Sentinatur,
1837 637 2101 720 inquitnin

521 707 863 787 corruptione.
883 725 1104 786 resurget
1127 716 1176 766 in
1193 707 1594 787 incorruptione;
1610 711 1884 787 seminatur
1893 709 1942 787 in
1958 707 2104 774 inﬁr-

521 779 710 852 mitate,
739 797 906 859 surget
928 788 978 839 in
1004 779 1217 859 virtute;
1245 779 1604 859 seminatur_in
1635 779 1954 859 eontumelia.
1983 793 2100 829 sur-

519 872 596 930 get
632 861 682 912 in
707 852 903 928 gloria;
933 857 1209 930 seminatur
1240 871 1420 930 corpus
1456 852 1701 930 animale,
1728 858 1895 930 surget
1919 862 2101 928 corpus

518 919 780 998 Epit-itania
805 929 846 999 (Ι
878 929 995 999 Cor.
1027 941 1116 989 xv,
1144 923 1213 999 42
1385 920 1710 999 Incorruptio
1745 920 1878 999 hzec,
1912 919 2097 999 virtus,

518 988 572 1054 εἰ
597 999 785 1068 gloria,
811 988 873 1052 ‘et
896 988 1114 1066 spiritus
1145 988 1448 1068 viviﬁcaris,
1485 991 1639 1044 faciet
1672 1005 1794 1068 nos,
1827 990 1962 1068 sicut
1990 988 2099 1068 ipse

522 1058 781 1140 Dominus
801 1058 1107 1140 pron'iittere
1128 1065 1372 1140 dignatus
1390 1071 1492 1120 est,
1517 1060 1744 1140 :uquales
1768 1059 1982 1127 Angelis
2007 1058 2096 1138 Dei

520 1136 735 1208 (Matth.
762 1132 891 1198 χίιι,
924 1139 1046 1208 30);
1079 1148 1134 1209 ut
1163 1132 1400 1188 vivamus
1420 1148 1537 1209 cum
1571 1132 1695 1198 ipsis
1724 1132 1776 1209 in
1804 1141 2000 1209 uzterna
2024 1132 2098 1180 vi-

522 1199 592 1271 ia,
625 1216 674 1263 in
702 1227 800 1263 una
830 1199 1222 1262 immortalitate
1260 1220 1322 1259 ac
1348 1204 1663 1271 sempiterna
1695 1199 1879 1271 patria.
1914 1199 1967 1251 In
1988 1213 2098 1271 qua

520 1266 686 1350 patria
731 1281 836 1332 vita
885 1287 1062 1350 nostra
1105 1285 1301 1350 a-terna
1352 1266 1479 1342 ipse
1510 1266 1753 1350 Christus
1794 1270 1944 1350 erit“:
1977 1266 2100 1337 Ipse

517 1338 658 1405 enim
686 1360 755 1404 est
781 1366 923 1402 verus
951 1348 1080 1401 Deus
1104 1357 1150 1398 et
1176 1347 1274 1398 vita
1296 1338 1482 1398 attenta
1504 1342 1543 1414 (l
1570 1340 1737 1414 Joan._
1749 1355 1808 1414 _v,
1837 1338 1953 1405 20).

589 1419 812 1475 CAPUT
852 1419 966 1472 XII.
997 1449 1067 1457 —
1104 1416 1192 1469 9.5.
1243 1414 1314 1468 De
1346 1415 1446 1466 vita
1475 1408 1680 1466 tulerim.
1723 1410 1833 1464 Hoc
1861 1408 2098 1478 sequitur

517 1492 674 1544 etiam
707 1490 757 1543 in
787 1491 887 1543 isto
916 1497 1098 1540 sancto
1124 1482 1564 1557 Symbolo,_quod
1597 1488 1715 1549 post
1743 1479 2091 1557 resurrectio-

519 1577 639 1615 nem
670 1560 844 1613 carnis
873 1549 1179 1611 credamus:
1204 1558 1268 1609 lit
1293 1557 1344 1608 in
1375 1549 1530 1606 vitam
1559 1563 1831 1604 aeternam.
1858 1549 1970 1602 Non
2001 1564 2095 1602 no-

518 1632 611 1683 stri
637 1631 745 1700 jam
774 1629 1127 1682 dominabitur
1152 1627 1440 1700 corruptio,
1475 1622 1843 1700 immortaliter
1869 1619 2094 1700 viventi-

519 1689 713 1757 busiet
737 1716 854 1752 cum
879 1700 987 1766 ipsa
1012 1707 1204 1750 :rterna
1229 1689 1329 1748 vita
1362 1689 1927 1766 manentilms._Neque
1953 1690 2093 1766 euim

518 1771 868 1840 indigebimus
894 1761 999 1822 illic
1025 1769 1360 1840 vestium-tito,
1390 1765 1476 1840 ubi
1497 1764 1698 1818 erimus
1712 1761 2061 1840 immortalita
2079 1788 2095 1797 -

518 1850 570 1894 te
603 1830 774 1894 νεειίιί
805 1857 818 1892 :
851 1854 947 1893 nec
973 1837 1121 1892 cibus
1153 1837 1304 1890 nobis
1332 1835 1524 1896 deerit,
1555 1830 1764 1900 quando
1794 1831 1907 1899 ipse
1947 1831 2095 1900 panis

519 1913 666 1963 vivus
691 1952 705 1974 ,
748 1911 833 1979 qni
868 1918 1082 1976 propter
1113 1922 1207 1979 ιιος
1247 1905 1314 1960 de
1344 1904 1479 1959 coelo
1509 1899 1582 1979 ad
1607 1913 1774 1956 terras
1791 1916 1968 1979 usque
1997 1899 2093 1954 de-

517 1971 778 2045 scenditf
799 1971 878 2032 sni
907 1971 1185 2049 pra'sentia
1219 1984 1423 2030 nostras
1459 1972 1682 2049 ultimas
1705 1971 1916 2049 satiabit
1949 1987 1962 2023 :
1996 1984 2095 2049 nec

517 2064 672 2119 pctus
706 2040 858 2104 nobis
897 2040 1096 2119 deerit,
1149 2056 1408 2116 priest-nte
1455 2043 1598 2097 fonte
1635 2042 1776 2095 vitze.
1828 2040 2095 2119 Satnrabit

517 2110 658 2174 enim
690 2135 786 2174 nos
809 2122 876 2173 ab
896 2110 1136 2172 ubertate
1151 2110 1352 2170 'domus
1377 2130 1505 2177 smn,
1536 2122 1589 2166 et
1620 2121 1854 2166 torrente
1881 2110 2095 2164 delicia-

516 2207 633 2244 rum
662 2205 874 2244 suarum
901 2189 1059 2242 corda
1083 2198 1259 2241 nostra
1289 2185 1496 2254 rigabit.
1527 2182 1716 2238 rE~ttts
1745 2183 1848 2236 illic
1877 2196 1979 2254 non
2004 2196 2093 2250 pa-

517 2263 710 2314 tiemur
738 2278 750 2312 :
784 2259 890 2312 illic
928 2269 1010 2312 est
1037 2261 1178 2312 enim
1209 2253 1537 2324 refrigerium
1571 2264 1809 2307 nostrum
1833 2253 2092 2324 ,rqui_no_s

513 2331 611 2384 sub
642 2331 824 2384 umbra
853 2330 1053 2381 alarum
1084 2343 1296 2382 suarum
1329 2320 1556 2395 protexit
1584 2333 1635 2378 et
1664 2323 1888 2393 pr0tegit
1916 2320 2088 2395 (Psal.

514 2415 684 2462 xxxv,
711 2400 833 2454 8-10
854 2401 892 2466 ).
925 2397 1110 2467 Frigus
1137 2399 1240 2450 illic
1268 2392 1369 2450 non
1401 2392 1703 2467 patiemur:
1731 2405 1813 2467 est
1850 2393 1989 2445 enim
2019 2392 2090 2446 ibi

512 2472 590 2523 sol
629 2463 872 2538 ,Ῑιιειίιὶέεζ
900 2469 986 2536 qui
1014 2463 1110 2522 suo
1135 2482 1318 2538 amore
1347 2466 1660 2538 calel'acicns
1686 2463 1845 2517 corda
1873 2471 2054 2538 nostra
2072 2503 2088 2527 ,

513 2533 674 2593 radiis
693 2533 983 2594 divinitatis
1011 2553 1120 2593 sua:
1151 2537 1412 2590 illuminat
1438 2537 1625 2589 oculos
1654 2543 1882 2596 nostros,
1917 2542 1972 2584 ut
2009 2533 2089 2586 vi-

511 2610 671 2664 deant
711 2609 1039 2663 divinitatem
1081 2608 1537 2677 aequalitatemque
1579 2604 1761 2677 Patris»
1791 2613 1846 2657 et
1884 2602 2090 2677 Filii_et

511 2680 739 2748 Spiritus
764 2679 953 2735 sancti.
984 2678 1100 2732 Non
1132 2673 1198 2732 ibi
1232 2677 1564 2748 fatigaliimur
1595 2692 1608 2728 :
1644 2673 1916 2748 uobiscum
1944 2673 2084 2748 enim

510 2741 610 2803 erit
637 2750 802 2804 virtus
832 2759 1007 2804 not-.tra
1029 2790 1043 2811 ,
1070 2748 1153 2801 cui
1186 2741 1575 2801 nuuc'dieimus
1600 2785 1615 2808 ,
1644 2743 1864 2811 Diligam
1889 2753 1954 2806 te,
1979 2741 2089 2796 Do-

510 2820 644 2873 mine
663 2860 678 2885 ,
708 2820 863 2873 virtus
885 2837 993 2872 utea
1020 2817 1186 2890 (Paul.
1215 2832 1357 2872 xvii.
1383 2815 1463 2885 9).
1491 2814 1625 2890 Non
1647 2815 1714 2867 ibi
1739 2814 2085 2890 dormiemus:

510 2905 614 2944 non
634 2893 773 2944 enim
795 2900 916 2943 sunt
933 2890 1002 2944 ibi
1029 2885 1281 2948 tenebrae,
1307 2902 1425 2955 quae
1441 2885 1725 2939 excludere
1746 2885 1948 2955 possint
1969 2898 2090 2955 per-

508 2970 809 3014 niam-nterii
831 2959 993 3014 diem.
1023 2959 1174 3013 Nulla
1203 2957 1271 3011 ibi
1294 2953 1394 3011 erit
1421 2955 1724 3021 negotiatio,
1752 2953 1890 3006 nulla
1918 2954 2087 3007 servi-

511 3039 616 3094 tus,
648 3032 844 3083 nullum
872 3044 1026 3097 Opus.
1062 3029 1128 3081 Et
1149 3027 1272 3095 quid
1299 3025 1596 3097 illieacturi
1624 3025 1847 3097 sumus?
1875 3023 2088 3078 Fortas-

507 3114 567 3152 se
594 3100 721 3153 illud
761 3094 1195 3167 quodScriptum
1225 3105 1306 3150 est
1336 3112 1349 3124 ·
1391 3094 1630 3167 Vacate,
1659 3094 1899 3167 et__videte
1918 3135 1930 3150 .
1959 3110 2087 3167 quo-

509 3170 644 3223 niam
685 3163 792 3239 ego
817 3185 928 3223 sum
965 3163 1105 3222 Deus
1147 3167 1332 3238 (Psal.
1366 3181 1488 3230 XLV,
1534 3166 1593 3219 Η
1625 3165 1662 3239 )ἶ
1711 3163 2086 3239 \’_acuilasista

507 3234 1007 3307 contemplationis,
1034 3244 1133 3294 erit
1157 3234 1298 3307 'opus
1339 3234 1818 3307 nostrmiaetionis;
1858 3245 1918 3288 ut
1957 3252 2085 3288 con-

508 3306 826 3379 templantes
865 3306 1208 3379 delectentur,
1248 3306 1720 3379 etmdelet-‘tahiliter
1758 3307 2090 3379 conteiiiple-

506 3373 635 3433 mur-
653 3380 850 3434 videre.
881 3378 1016 3446 Quid
1046 3377 1266 3432 videre?
1296 3376 1437 3430 Bona
1469 3375 1669 3429 Domini
1699 3377 1721 3498 ﬁ
1747 3373 1888 3428 Psal.
1923 3391 2084 3442 xavr,

507 3450 630 3498 15L
664 3450 794 3498 ()U‘J:
825 3451 959 3498 bona
977 3450 1000 3498 ‘t
1030 3449 1316 3498 Possumus
1341 3448 1638 3498 cxnriniere
1667 3448 1697 3498 il
1727 3445 1793 3498 ud
1825 3445 1962 3498 ouod
1995 3463 2084 3498 nec

507 3450 630 3518 13).
664 3450 794 3516 Qua:
825 3445 1000 3504 bona?
1029 3449 1316 3502 Possumus
1341 3448 1638 3515 exprimere
1667 3445 1962 3518 illudquod
1995 3463 2084 3498 nec

507 3517 680 3574 oculus
705 3520 844 3584 vidit,
874 3536 962 3572 nec
990 3519 1126 3571 auris
1154 3519 1362 3580 audivit,
1385 3534 1472 3571 nec
1500 3518 1550 3569 in
1575 3534 1660 3570 cor
1677 3517 1892 3570 hominis
1915 3533 2086 3568 ascen-

507 3590 580 3661 dit
614 3591 654 3661 (Ι
681 3588 799 3644 Cor.
847 3606 903 3651 ιι,
936 3589 1037 3659 9)?
1083 3589 1371 3661 Possumus
1411 3588 1672 3661 expliaire
1700 3586 1965 3657 quomodo
1995 3588 2086 3661 erit

505 3658 641 3714 Deus
670 3661 838 3712 omnia
859 3661 910 3713 in
935 3658 1198 3714 omnibus?
1221 3659 1510 3713 Possumus
1531 3658 1793 3726 explicare
1821 3658 2086 3724 quomodo

505 3729 618 3798 ipse
642 3730 804 3784 Filius
829 3748 942 3784 cum
966 3731 1227 3783 tradiderit
1255 3746 1459 3799 regnum
1485 3728 1588 3782 Deo
1616 3737 1661 3781 et
1696 3727 1839 3780 l’atri
1864 3726 1966 3793 (Id,
1994 3743 2083 3793 xv,

502 3799 594 3862 28,
626 3801 744 3870 Si),
770 3802 817 3855 id
843 3812 948 3867 est,
977 3808 1214 3854 sanctam
1245 3800 1706 3870 congregationem
1737 3799 1991 3860 ﬁdelium,
2015 3799 2084 3852 ita

505 3870 650 3926 illum
701 3869 967 3926 hominem
1007 3884 1312 3939 susceptum
1363 3869 1695 3938 ampliusque
1739 3870 2084 3922 t-larit‘icatutn

504 3956 608 3995 non
637 3941 902 4007 dimittat,
953 3954 1008 3995 ut
1038 3952 1212 3994 tamen
1253 3940 1547 3994 claritatem
1577 3955 1733 4008 quam
1778 3939 1936 3992 habet
1964 3953 2083 3992 cum

502 4009 658 4066 Patre
683 4023 962 4080 antequam
992 4011 1219 4065 mundus
1251 4011 1419 4074 ﬁeret,
1448 4010 1694 4078 ipsisjam
1724 4009 1968 4062 ﬁdelibus
1993 4009 2086 4080 de-

502 4091 801 4136 monstrare
826 4078 930 4135 non
956 4082 1201 4135 diiTerat?
1231 4082 1516 4134 POBSUIHUS
1540 4080 1803 4146 explicare
1833 4078 2085 4146 quemad-

502 4152 716 4206 modum
745 4166 940 4221 Sponsa
973 4151 1227 4215 Ecclesia,
1255 4167 1370 4219 qna:
1397 4167 1461 4204 ex
1484 4151 1608 4203 viris
1633 4159 1686 4221 et
1715 4150 1925 4203 feminis
1953 4163 2082 4202 eon-

503 4231 646 4288 stat,
679 4220 850 4276 «unus
892 4230 1232 4276 convertatur
1263 4221 1312 4274 in
1361 4222 1526 4274 virum
1572 4220 1893 4289 perfectum,
1925 4230 2083 4287 atque

504 4291 574 4343 ita
605 4291 915 4360 dignitatem
947 4291 1150 4344 virilem
1181 4290 1424 4360 accipiat,
1454 4300 1510 4343 ut
1543 4300 1714 4344 tamen
1743 4306 1952 4358 sponsa:
1983 4304 2081 4342 no-

505 4377 626 4412 men
660 4379 761 4413 non
788 4361 1007 4430 perdat?
1030 4362 1316 4414 Possumus
1343 4361 1608 4428 explicare
1633 4369 1935 4413 sanctorum
1964 4375 2084 4413 cor-

504 4445 630 4498 pora
658 4432 987 4497 resuscitata,
1005 4445 1069 4486 ex
1095 4446 1194 4500 qua
1221 4430 1384 4500 gloria
1404 4432 1454 4483 in
1481 4447 1637 4500 quam
1663 4431 1884 4498 gloriam
1913 4438 2084 4483 trans-

503 4501 662 4580 eant?
697 4500 986 4555 Possumus
1041 4499 1305 4580 explicare
1343 4515 1449 4569 quo
1495 4499 2085 4580 Christunrscquantur

503 4571 755 4640 virgines,
780 4587 884 4639 quo
905 4586 1026 4625 eum
1054 4571 1202 4641 sequi
1224 4579 1489 4639 nequeant
1517 4588 1618 4623 non
1651 4571 1903 4639 virgines,
1926 4579 2084 4639 atque

505 4639 620 4695 illas
660 4645 842 4696 nescio
870 4657 975 4712 quo
1005 4639 1200 4710 ubique
1234 4641 1494 4694 manens‘
1541 4655 1720 4694 secum
1765 4641 1954 4702 ducat,
1985 4654 2080 4695 nec

566 4775 583 4808 ⁸
619 4783 669 4825 In
693 4784 820 4838 MSS.,
842 4775 922 4826 ubi
938 4787 1152 4826 manens.

3697 456 3800 512 652

2215 576 2389 620 tamen
2420 580 2510 620 eas
2535 580 2656 636 quae
2685 581 2789 620 non
2816 575 2938 621 sunt
2961 566 3188 636 virgines
3211 566 3416 622 deserat
3439 567 3459 620 ?
3481 567 3610 636 Quis
3629 570 3790 625 audet

2210 636 2278 690 de
2309 637 2388 690 his
2420 638 2576 691 rebus
2603 639 2802 706 positus
2829 638 2880 691 in
2913 637 3011 692 hac
3041 638 3248 691 mortali
3275 653 3436 692 carne
3465 654 3583 707 qua:
3612 656 3794 708 aggra-

2211 715 2298 760 vat
2325 708 2556 761 animam
2585 713 2600 774 (
2633 707 2763 778 δερ.
2789 724 2868 769 ix,
2901 708 2987 778 15)
3012 753 3025 769 ,
3051 708 3248 776 aliquid
3273 708 3479 773 dicere;
3508 725 3629 764 cum
3651 707 3794 764 Pan.

2212 777 2294 831 lus
2333 780 2605 846 apostolus
2654 777 2754 832 hoc
2793 794 2896 831 non
2927 779 3084 831 valuit
3123 779 3423 848 explicare,
3455 780 3543 847 qui
3590 780 3642 834 iu
3691 781 3792 834 ista

2213 849 2410 916 positos
2445 863 2668 916 corpore
2697 863 2864 916 usque
2900 849 2949 900 in
2984 849 3195 903 tertium
3231 851 3422 904 celum
3453 851 3619 916 gratia
3660 866 3791 918 ope-

2212 929 2361 990 rante
2388 918 2550 990 valuit
2570 917 2861 990 ascendere
2884 919 2949 990 (Il
2980 918 3095 973 Cor.
3125 917 3262 984 xu)?
3289 919 3400 990 Non
3425 919 3592 974 simus
3617 921 3794 974 curio-

2208 989 2250 1041 si
2273 990 2337 1042 ad
2366 988 2786 1060 investigandum
2813 988 2954 1060 quOd
2985 991 3224 1058 Apostoli
3245 989 3546 1058 exprimere
3573 991 3794 1046 minime

2210 1068 2510 1126 potuerunt.
2550 1059 2707 1112 Certe
2735 1075 2801 1115 ex
2838 1074 2921 1114 me
2954 1075 3112 1113 nemo
3138 1061 3276 1114 scire
3305 1069 3506 1127 quaerat
3534 1061 3676 1129 quod
3708 1077 3792 1116 me

2209 1131 2414 1184 nescire
2443 1130 2586 1186 scio.
2620 1129 2717 1182 nisi
2769 1131 2902 1183 forte
2944 1138 3000 1183 ut
3045 1131 3249 1184 nescire
3278 1130 3448 1182 discat
3473 1131 3613 1199 quod
3663 1132 3791 1186 sciri

2207 1215 2309 1271 non
2349 1214 2503 1267 posse
2540 1199 2812 1254 Sciendum
2854 1209 2952 1253 est.
2999 1200 3104 1254 Sed
3150 1216 3245 1269 per
3284 1200 3442 1254 ﬁdem
3486 1209 3543 1254 et
3586 1202 3792 1271 patien-

2209 1269 2332 1322 tiam
2357 1279 2410 1323 et
2435 1280 2667 1323 sanctam
2699 1280 2919 1324 matrem
2955 1271 3244 1324 Ecclesiam
3272 1286 3548 1339 speremus
3576 1269 3672 1324 nos
3703 1286 3791 1325 ac-

2203 1341 2402 1464 :iipere,
2433 1339 2686 1410 quidquid
2712 1342 2917 1411 magnis
2941 1349 2994 1395 et
3015 1341 3222 1410 pusillis
3245 1341 3491 1410 dignatus
3518 1341 3674 1396 fuerit
3704 1343 3790 1397 ille

2241 1426 2421 1464 onare.

2241 1426 2421 1465 onare.

2274 1480 2499 1536 CAPUT
2539 1480 2675 1535 Xlll.
2706 1511 2775 1552 -τ
2803 1480 2892 1534 24.
2919 1479 3160 1552 Ecclesia:
3193 1480 3454 1534 catholica
3479 1480 3614 1549 ﬁlios
3642 1480 3790 1552 jubet

2203 1566 2377 1604 cavere
2400 1554 2461 1605 ab
2485 1552 2704 1605 Arionis.
2735 1550 2925 1605 Sancta
2951 1551 3207 1616 Ecclesia,
3235 1552 3285 1604 in
3311 1567 3410 1618 qua
3434 1552 3606 1605 omnis
3627 1550 3788 1620 hujus

2203 1622 2520 1676 sacramenti
2540 1623 2851 1676 terminatur
2867 1623 3170 1683 auctoritas,
3199 1631 3366 1674 mater
3385 1631 3439 1675 et
3468 1621 3636 1690 virgo,
3663 1638 3785 1676 cor-

2204 1705 2332 1758 pore
2367 1702 2544 1758 casta,
2591 1693 2738 1760 prole
2782 1691 3001 1746 fecunda
3024 1733 3039 1755 ,
3070 1707 3263 1758 Sponsa
3301 1690 3498 1744 Christi
3541 1695 3786 1760 superius

2202 1761 2485 1826 declarata,
2513 1763 2598 1832 pie
2621 1763 2782 1815 nutrit
2814 1763 2948 1814 ﬁlios
2973 1777 3107 1830 quos
3137 1762 3243 1815 Deo
3264 1762 3403 1815 Patri
3431 1761 3618 1831 dignos
3647 1764 3784 1816 assi-

2200 1847 2362 1898 gnare
2391 1831 2680 1886 contendit.
2714 1833 2830 1886 Filii
2863 1831 2985 1886 boni
3016 1841 3187 1885 amate
3215 1841 3410 1885 tantam
3444 1841 3686 1894 matrem,
3721 1834 3780 1886 ﬁ-

2201 1902 2256 1955 lii
2283 1902 2402 1956 boni
2429 1904 2590 1957 nolite
2615 1903 2864 1957 deserere
2889 1902 3123 1970 quotidie
3154 1918 3246 1956 vos
3273 1903 3628 1971 requirentem
3655 1921 3668 1955 ε
3697 1918 3784 1957 re-

2203 1973 2412 2040 pendite
2447 1973 2612 2028 vicem
2631 2016 2646 2039 ,
2674 1983 2849 2027 amate
2874 1982 3159 2025 amantem.
3192 1972 3359 2026 Tanta
3389 1983 3499 2037 est,
3531 1975 3646 2025 talis
3675 1985 3780 2040 est,

2199 2043 2392 2097 nobilis
2418 2054 2518 2104 est,
2546 2046 2686 2113 regia
2717 2045 2860 2113 prole
2883 2044 3102 2097 fecunda
3132 2051 3232 2096 est.
3256 2043 3371 2097 Non
3399 2059 3514 2096 eam
3543 2045 3782 2112 patiami-

2201 2113 2253 2166 ni
2305 2123 2396 2167 aut
2452 2115 2676 2168 ﬁliorum
2743 2114 3042 2176 malorum,
3099 2121 3191 2165 aut
3257 2114 3604 2180 pessimorum
3662 2129 3780 2168 ser-

2199 2198 2385 2238 vorum
2414 2183 2618 2253 injuriis
2655 2193 2812 2253 atque
2860 2185 3060 2237 insidiis
3099 2185 3353 2236 macerari
3387 2201 3398 2237 :
3428 2184 3565 2252 agite
3590 2200 3781 2238 causas

2199 2257 2385 2308 matris
2427 2265 2651 2319 vestrae,
2699 2258 2929 2309 exserite
2954 2255 3067 2324 ejus
3119 2253 3497 2322 amplissimam
3553 2254 3782 2323 dignita-

2210 2334 2332 2378 tcm.
2364 2328 2564 2380 Servus
2591 2326 2758 2378 malus
2791 2341 2894 2378 non
2934 2325 3145 2378 insultet
3199 2324 3465 2386 domitae;
3499 2324 3782 2380 lia-retices

2197 2395 2411 2450 arianus
2441 2412 2544 2450 non
2577 2387 2790 2450 insultet
2827 2396 3097 2449 Ecclesim.
3133 2394 3310 2463 Lupus
3335 2405 3444 2457 est,
3477 2398 3776 2458 :IgDOa'Cllt'2

2197 2479 2418 2535 serpens
2454 2475 2563 2530 est,
2607 2466 2720 2535 ejus
2749 2467 2917 2532 capita
2948 2476 3317 2535 conquasmtc.
3362 2466 3652 2526 ittanditor,
3684 2467 3778 2520 sed

2197 2534 2331 2606 fallit
2364 2555 2382 2606 εί
2407 2537 2568 2591 multa
2614 2534 2898 2604 promittit,
2934 2536 3025 2590 sed
3062 2534 3273 2604 decipit.
3308 2535 3527 2599 Venite,
3571 2537 3775 2606 inquit,

2195 2604 2476 2660 defendam
2503 2625 2514 2658 :
2545 2609 2587 2660 si
2617 2606 2905 2660 neceSsitas
2930 2615 3030 2670 est,
3062 2621 3302 2674 pascam;
3348 2607 3390 2660 si
3419 2604 3658 2668 nuditas,
3683 2623 3776 2659 ve-

2197 2677 2350 2728 stiam
2391 2694 2403 2730 :
2438 2677 2577 2731 dabo
2627 2677 2899 2740 pecuniam
2923 2717 2939 2741 ,
2985 2687 3210 2730 statuam
3248 2676 3372 2740 quid
3411 2692 3503 2744 per
3539 2677 3779 2744 singulos

2195 2744 2313 2801 dies
2340 2762 2563 2816 quisque
2587 2748 2830 2816 accipiat.
2853 2746 2896 2801 Ο
2927 2747 3045 2817 lnpe
3074 2748 3238 2800 male!
3271 2764 3301 2798 o
3323 2761 3546 2815 Serpens
3575 2747 3774 2815 inique!

2195 2830 2230 2870 ο
2255 2831 2407 2872 serve
2433 2818 2787 2886 nequissime!
2820 2817 3088 2870 dominam
3115 2817 3312 2882 calcas,
3344 2832 3521 2871 veram
3550 2826 3775 2870 matrem

2196 2888 2490 2958 impugnas,
2514 2887 2781 2942 Christum
2812 2886 3080 2951 exsuﬂlas,
3113 2887 3428 2942 catholicum
3458 2888 3775 2956 rebaptizas;

2195 2967 2249 3012 et
2271 2960 2412 3028 quod
2437 2967 2519 3014 est
2546 2961 2832 3028 pessimum
2859 2959 2988 3012 artis
3016 2965 3136 3021 huc,
3160 2959 3291 3011 alios
3319 2959 3548 3028 potentia
3580 2958 3778 3026 premis

2195 3040 2247 3084 ut
2283 3027 2470 3097 perdas
2489 3071 2504 3093 ,
2533 3027 2664 3084 alios
2695 3029 2912 3098 pecunia
2941 3043 3216 3096 Comparas
3241 3043 3377 3097 quos
3402 3027 3636 3082 occidas.
3674 3028 3772 3081 Er-

2194 3116 2348 3168 gone.
2385 3102 2650 3166 haeretice,
2681 3101 2745 3153 ad
2771 3100 2871 3153 hoc
2893 3101 3049 3152 vestis
3077 3098 3293 3163 nudum,
3330 3107 3385 3152 ut
3411 3098 3676 3166 cx5polies
3700 3099 3778 3150 in-

2197 3181 2278 3224 tus
2304 3170 2517 3224 Christo
2564 3171 2841 3224 vestitum?
2877 3170 2955 3222 Ad
2988 3169 3090 3223 hoc
3121 3170 3291 3237 pascis
3326 3169 3678 3233 esurientem,
3721 3178 3776 3222 ut

2193 3243 2385 3295 anima:
2420 3242 2627 3295 auferas
2655 3243 2833 3294 cibum
2860 3239 3169 3295 cmiestcm?
3216 3240 3294 3292 Ad
3341 3241 3440 3292 hoc
3475 3240 3572 3293 das
3612 3255 3777 3308 pecu-

2195 3313 2368 3376 niam,
2415 3323 2470 3364 ut
2500 3313 2575 3366 sic
2611 3313 2701 3366 tibi
2733 3311 2817 3364 isti
2853 3311 3083 3364 vendant
3124 3309 3391 3363 Christum
3439 3311 3774 3379 rebaptizan-

2193 3381 2340 3444 dum,
2373 3382 2815 3451 quemadmodum
2846 3381 3007 3434 Judas
3035 3379 3232 3435 Judatis
3259 3381 3525 3434 Christum
3559 3380 3772 3434 cruciﬁ-

2192 3453 2458 3521 gcndum?
2492 3451 2715 3506 Pecunia
2755 3462 2841 3505 tua
2886 3461 3045 3504 tecum
3073 3451 3136 3503 sit
3175 3451 3227 3504 in
3266 3452 3592 3520 perditionem
3624 3451 3772 3521 (Act.

2193 3520 2305 3596 vni,
2334 3521 2424 3596 Q0)
2447 3595 2454 3596 ί
2474 3523 2682 3596 Pejora,
2729 3522 2972 3596 hzeretice
2993 3561 3006 3584 ,
3041 3523 3166 3596 iacis
3199 3537 3496 3596 quamqua:
3527 3521 3650 3574 fecit
3678 3520 3776 3596 Ja-

2193 3593 2360 3647 d'eus.
2405 3591 2558 3647 'I‘Jcce
2596 3595 2737 3646 enim
2785 3593 3002 3646 Judazns
3043 3591 3145 3645 etsi
3185 3593 3402 3660 priemio
3444 3591 3776 3659 cmuparavit

2192 3664 2461 3718 Christum
2491 3664 2858 3726 occidendum,
2892 3663 3058 3716 semel
3105 3661 3240 3714 latus
3272 3661 3322 3714 in
3354 3677 3511 3715 cruce
3541 3663 3776 3729 penden-

2195 3736 2260 3789 tis
2290 3735 2526 3804 pupugit,
2551 3735 2644 3788 sed
2669 3743 2834 3787 totum
2862 3732 2979 3802 ejus
3004 3746 3198 3804 corpus
3238 3732 3499 3800 integrum
3527 3748 3773 3804 reserva-

2193 3807 2267 3859 vit
2291 3803 2308 3860 Ξ
2346 3803 2397 3859 ιιι
2428 3822 2552 3858 vero
2581 3805 2645 3857 ad
2668 3804 2768 3858 hoc
2797 3819 2916 3857 cum
2947 3803 3184 3872 quotidie
3207 3818 3484 3870 comparas
3511 3803 3762 3871 pecunia,

2194 3887 2250 3930 nt
2275 3877 2510 3932 sedentis
2538 3877 2586 3928 in
2618 3877 2753 3929 coelo
2789 3874 2995 3927 diversa
3026 3875 3225 3927 laceres
3249 3873 3506 3927 membra.
3549 3872 3654 3926 Vos
3679 3889 3774 3925 au-

2194 3957 2297 4000 tem
2319 3990 2334 4011 ,
2365 3947 2692 4000 dilectissimi
2719 3986 2733 4009 ,
2763 3945 2850 4013 qui
2881 3943 2948 3997 ab
2979 3943 3127 3998 initio
3156 3944 3408 3998 uberibus
3433 3954 3632 3996 sanetm
3662 3958 3774 3995 ma-

2193 4019 2287 4071 tris
2312 4017 2558 4071 ECt'iCSitl:
2588 4016 2791 4080 nutriti,
2818 4029 2985 4082 usque
3008 4014 3072 4067 ad
3102 4015 3327 4068 solidum
3351 4015 3525 4067 cibum
3554 4014 3685 4068 estis
3711 4013 3776 4066 ab

2192 4103 2252 4142 ca
2284 4087 2557 4156 perducti,
2589 4098 2798 4140 manete
2840 4086 2890 4138 in
2920 4099 3003 4156 ea.
3045 4084 3101 4138 Si
3130 4087 3249 4154 quis
3276 4084 3390 4154 ejus
3429 4084 3513 4137 vel
3541 4084 3776 4152 discipli-

2191 4155 2312 4212 nain
2341 4160 2420 4212 vel
2450 4155 3169 4225 quamlibetadmonitionem
3200 4169 3389 4224 aspere
3422 4156 3560 4219 tulit,
3591 4165 3645 4207 et
3674 4156 3778 4207 ira-

2193 4238 2277 4284 tus
2305 4229 2584 4294 abscessit,
2609 4237 2860 4295 agnoscat
2887 4235 3134 4291 matrem,
3165 4227 3348 4280 redeat
3371 4225 3437 4278 ad
3464 4241 3582 4279 eam
3606 4225 3774 4279 liben-

2193 4308 2273 4354 ter
2297 4317 2309 4353 :
2342 4308 2396 4353 et
2423 4298 2536 4352 hinc
2559 4299 2777 4366 suscipit
2805 4313 2923 4366 qua:
2947 4297 3198 4366 requirit;
3229 4295 3585 4366 gaudebitque
3611 4297 3776 4348 tilium

2193 4313 2273 4354 ter
2297 4317 2309 4353 :
2342 4313 2396 4353 et
2423 4313 2536 4352 tunc
2559 4313 2777 4366 suSCIptt
2805 4313 2923 4366 qua:
2947 4313 3006 4351 re
3047 4313 3198 4359 mrit;
3229 4313 3585 4366 gauueonque
3611 4313 3776 4348 unum

2191 4370 2453 4439 perditum
2482 4367 2645 4423 fuisse
2666 4313 3135 4422 convcrsumfged
3161 4368 3282 4420 licet
3304 4370 3529 4439 multum
3552 4366 3778 4439 gaudeat

2191 4437 2354 4494 ﬁlium
2378 4439 2640 4510 perditum
2670 4438 2831 4493 fuisse
2847 4452 3190 4510 conversum,
3217 4437 3522 4492 stabilitatis
3551 4437 3778 4510 dignita-

2190 4519 2295 4634 tem
2323 4507 2428 4564 non
2457 4510 2682 4580 quiescit
2719 4509 3004 4578 prmdicare
3037 4523 3218 4562 secum
3255 4510 3685 4578 permanentium
3718 4507 3778 4559 ﬁ-

2213 4597 2402 4634 torum.

2213 4597 2402 4636 torum.

533 4859 3773 4895 h____________________________._______.________.____

1567 4966 1806 5078 DE
1876 4949 2711 5076 επιιωοιο

1359 5161 1465 5224 AD
1507 5153 2148 5223 CATECHUMENOS
2189 5146 2457 5212 SEItMO
2500 5144 2730 5207 ALIUS
2772 5141 2882 5223 (a).

567 5318 790 5376 CAPUT
831 5317 1116 5374 PRIMUat.
1145 5347 1217 5357 —
1253 5315 1302 5370 1.
1335 5313 1548 5382 Pompa:
1568 5311 1773 5375 diaboli,
1797 5310 1973 5380 quibus
1997 5324 2078 5361 re-

499 5391 728 5444 ninnium
752 5389 1063 5458 baptizandi.
1079 5385 1481 5458 Sacrameutum
1500 5384 1737 5456 Symboli
1762 5382 1904 5451 quod
1927 5394 2081 5458 acce-

503 5461 690 5529 pistis,
743 5451 1123 5529 memoria-que
1193 5454 1498 5529 Illalzd‘aillm
1539 5451 2084 5529 pro_ves_tra_salute

502 5519 765 5585 retinetis.
786 5519 1049 5582 noveritis
1069 5526 1171 5580 hoc
1189 5540 1307 5578 esse
1336 5525 1453 5580 ﬁdei
1467 5519 1743 5578 catholicae
1772 5519 2081 5576 fundamen-

501 5613 644 5663 tum,
677 5611 837 5666 super
871 5596 1014 5666 quod
1055 5596 1334 5666 aedilicium
1369 5597 1598 5648 surrexit
1644 5593 1926 5666 Ecclesirc,
1955 5606 2086 5646 cou-

502 5663 763 5723 strucmni
819 5663 1067 5720 manibus
1120 5665 1496 5733 Apostolorum
1560 5674 1614 5717 et
1671 5663 2080 5732 PrOphetarum.

503 5739 808 5792 Editicium
834 5739 975 5790 enim
1006 5735 1196 5789 domos
1227 5735 1340 5795 Dei,
1387 5733 1587 5803 lapides
1616 5745 1739 5787 sunt
1761 5734 1866 5786 vivi
1898 5751 1912 5786 :
1944 5733 2085 5802 quod

565 5872 639 5938 (α)
660 5877 709 5922 ω
742 5879 854 5922 ante
881 5869 1043 5930 editis,
1063 5877 1177 5920 tom.
1201 5867 1232 5918 9
1256 5882 1266 5916 :
1297 5867 1426 5918 Liber
1453 5867 1594 5927 alius,
1619 5883 1709 5918 seu
1734 5869 1918 5916 τλαίης.

2190 5296 2322 5353 estis
2368 5309 2484 5348 vos.
2527 5292 2604 5348 Ita
2647 5291 2789 5347 enim
2840 5290 3184 5345 credentibus
3232 5289 3417 5344 scribit
3470 5289 3779 5358 Apostolus:

2193 5367 2244 5422 Ν
2249 5364 2642 5448 esci_tis‘,.inquit,
2663 5363 2780 5448 quia
2806 5370 3046 5448 templum
3071 5359 3162 5448 Dei
3177 5361 3322 5448 testis,
3341 5370 3392 5448 et
3414 5359 3648 5427 Spiritus
3666 5377 3782 5448 sun-

2189 5450 2299 5491 ctus
2337 5429 2541 5488 habitat
2556 5435 2608 5487 in
2644 5429 2780 5485 vobis
2810 5429 2850 5500 (Ι
2884 5429 3000 5500 Cor.
3036 5447 3111 5495 ιιι,
3142 5431 3266 5499 16)ἳ
3291 5430 3394 5484 Sed
3423 5439 3476 5483 et
3506 5431 3780 5500 apostolus

2190 5509 2382 5564 Petrus
2405 5505 2680 5574 alloquens
2709 5501 2910 5574 ﬁdeles,
2953 5499 3070 5562 Vos,
3101 5501 3287 5574 inquit,
3318 5499 3562 5574 tanquam
3585 5501 3780 5574 lapides

2190 5580 2284 5632 vivi
2314 5569 2637 5640 (edi/Scantini
2664 5575 2716 5625 in
2753 5572 2958 5624 domum
2991 5571 3301 5642 spiritualem
3325 5571 3380 5642 7(l
3427 5569 3568 5624 Petr.
3601 5569 3671 5634 tt,
3701 5571 3777 5641 5).

2190 5648 2442 5717 Quisquis
2485 5643 2873 5717 huicmdiﬁcto
2907 5643 3157 5717 conjungi
3185 5641 3479 5717 desiderat,
3507 5642 3778 5717 renuntiet

2190 5711 2432 5779 d'iabo'lo,
2460 5715 2665 5784 pompis
2695 5721 2751 5766 ct
2787 5713 2987 5784 angelis
3018 5713 3151 5781 ejus.
3187 5712 3401 5780 Pompa:
3427 5711 3626 5766 diaboli
3658 5721 3780 5765 sunt

2191 5805 2416 5857 qnseqne
2447 5783 2622 5839 illicita
2655 5783 2947 5845 desideria,
2975 5799 3106 5857 quo
3123 5793 3334 5857 turpant
3354 5799 3668 5857 ,_non_qu_:e
3689 5797 3781 5857 εξο

2192 5852 2381 5912 omant
2414 5858 2677 5918 animam;
2713 5866 2765 5909 ut
2803 5861 2925 5909 sant
2959 5852 3222 5909 desideria
3253 5854 3460 5921 carnis,
3510 5852 3776 5908 desideria
