4078 6508
247 586 553 644 oculorum,
602 578 925 635 ambitiones
965 576 1168 631 szeculi.
1217 575 1294 628 Ad
1345 577 1830 643 concupiscentiam

245 656 423 711 carnis
453 652 718 721 pertinent
757 647 1016 702 illecebrae
1059 647 1389 721 voluptatum
1427 665 1439 699 :
1471 647 1534 721 ad
1576 648 1831 721 concupif

241 718 508 784 scentiam
549 722 863 784 oculorum,
911 719 1184 787 nugacitas
1229 719 1659 784 spectaculorum
1701 736 1714 771 :
1765 718 1832 772 ad

239 795 591 852 ambitionem
622 792 823 852 szeculi,
854 791 1037 842 insana
1066 788 1350 854 superbia;
1398 788 1486 841 ubi
1530 796 1612 841 est
1657 788 1832 842 fumus

243 866 480 926 inﬂatus,
515 876 572 917 ut
602 863 760 914 homo
785 861 988 929 positus
1019 860 1069 911 in
1109 859 1283 929 aliqua
1327 865 1620 926 potestate,
1653 858 1829 911 homi-

244 952 368 991 nem
406 949 466 988 se
503 948 623 988 esse
653 949 756 986 nou
784 927 1067 997 agnoscat,
1096 944 1215 983 cmn
1255 927 1321 982 de
1359 929 1573 983 homine
1608 929 1830 997 judicat.

247 1009 344 1071 Qui
372 1020 501 1074 ergo
527 1005 640 1058 vult
679 999 936 1056 mundum
971 1001 1214 1074 vincere.
1245 999 1341 1052 tria
1363 999 1471 1074 ista
1507 999 1683 1074 vincat
1713 1014 1833 1074 qua}

251 1069 370 1134 sunt
401 1069 683 1129 inmundo
711 1091 723 1125 :
755 1081 810 1128 et
847 1088 944 1142 per
984 1072 1097 1142 [nec
1143 1071 1286 1122 illum
1328 1069 1490 1142 vincit
1518 1070 1677 1124 etiam
1699 1111 1714 1137 ,
1743 1069 1834 1140 qui

243 1146 524 1203 suadendo
550 1161 642 1214 per
668 1139 969 1214 superbiam
998 1141 1210 1214 decepit
1233 1139 1510 1214 mundum.

317 1218 402 1272 CA
414 1210 709 1272 PUT'll.—-
719 1215 773 1268 2.
788 1213 964 1267 Cultus
989 1211 1239 1265 idolorum
1265 1210 1662 1279 reprehenditur.
1677 1210 1832 1264 Post-

245 1304 406 1354 quam
434 1296 612 1341 autem
641 1286 803 1340 homo
824 1282 1178 1337 renuntiando
1211 1281 1425 1354 diabolo
1454 1281 1689 1335 excludit
1715 1295 1836 1350 pes-

246 1351 444 1412 simum
474 1357 796 1418 invasorem,
824 1354 1122 1407 iutroducat
1141 1351 1400 1420 optimum
1434 1365 1831 1420 possessorem;

244 1429 432 1482 credat
461 1429 513 1480 in
539 1428 700 1481 Deum
729 1426 938 1479 Patrem
970 1423 1389 1491 onmipotentem
1411 1464 1426 1486 ,
1453 1431 1557 1477 etc.
1586 1421 1832 1490 Magnum

243 1499 448 1553 donum
475 1499 660 1567 gratim
678 1537 693 1561 ,
721 1495 943 1567 credere
965 1493 1336 1567 etintelligere
1365 1493 1549 1567 Deum.
1581 1491 1832 1567 Sedquid

244 1561 522 1640 prepheta
535 1567 696 1640 dicit?
722 1565 840 1618 Nisi
865 1561 1336 1640 crcdide_ritis_,_'non
1360 1563 1646 1640 intelligetis
1679 1561 1831 1633 (lsai.

245 1632 317 1693 ἱίι
337 1632 363 1703 ,’
375 1639 451 1708 9).
484 1637 778 1708 Credamus
797 1650 954 1704 ergo,
985 1644 1040 1708 ut
1063 1634 1449 1708 intelligamus_,
1477 1632 1570 1687 sed
1595 1632 1830 1708 oremus,

243 1718 305 1763 ut
346 1703 651 1764 mereamur
679 1703 880 1760 videre,
901 1704 1040 1774 quod
1071 1703 1360 1757 credimus.
1404 1703 1625 1757 Peccata
1651 1705 1793 1756 enim
1811 1745 1826 1768 ,

243 1790 303 1834 et
329 1791 516 1834 auctor
542 1779 744 1845 peccati
785 1775 1028 1830 diabolus
1065 1775 1328 1843 separavit
1359 1774 1589 1826 animam
1619 1789 1651 1826 a
1678 1774 1790 1845 Deo
1816 1791 1828 1827 :

241 1861 302 1904 et
328 1851 456 1905 dum
484 1844 728 1904 creatura
758 1856 938 1900 secuta
969 1855 1052 1900 est
1088 1845 1422 1898 seductorem
1447 1885 1460 1905 ,
1488 1859 1640 1897 suum
1672 1844 1830 1898 dese-

241 1923 350 1976 ruit
380 1921 738 1983 salvatorem;
769 1915 903 1971 facta
947 1925 1030 1970 est
1073 1915 1225 1969 ruina
1269 1929 1459 1984 magna
1493 1931 1506 1967 :
1541 1925 1594 1968 et
1632 1915 1832 1968 erravit

242 1993 457 2054 anima,
491 1999 547 2044 ut
579 2005 675 2058 pro
721 2003 854 2042 vero
901 1987 1007 2058 Deo
1048 1985 1248 2058 coleret
1276 1985 1446 2058 idola,
1489 1994 1542 2037 et
1585 1984 1832 2058 adorat-et

243 2062 354 2130 ipsa
381 2053 500 2130 quae
527 2053 687 2124 fecit,
715 2057 1184 2130 deserendoillum
1207 2071 1236 2130 a
1258 2071 1363 2124 quo
1394 2053 1528 2130 facta
1554 2064 1655 2108 est.
1682 2056 1829 2130 Ado-

241 2125 413 2186 raan
455 2131 597 2184 enim
644 2129 874 2198 lapidem
919 2129 1120 2182 nullam
1152 2125 1436 2198 habentem
1482 2126 1680 2189 vitam,
1717 2126 1828 2194 ipsa

241 2203 418 2270 perit,
447 2196 746 2255 deserendo
788 2199 954 2253 Deum
983 2198 1073 2268 qui
1109 2207 1190 2270 est
1219 2196 1334 2270 ejus
1369 2211 1496 2270 vera
1537 2204 1591 2249 et
1633 2207 1829 2270 interna

238 2265 370 2326 vita.
401 2265 534 2326 lline
577 2286 729 2326 error
755 2270 930 2324 omnis
950 2309 963 2331 ,
996 2265 1050 2323 et
1091 2267 1326 2322 desertio
1369 2265 1629 2320 bonorum
1662 2283 1676 2320 :
1708 2266 1831 2321 hinc

238 2343 418 2398 Cultus
464 2343 828 2412 Paganorum,
874 2338 1288 2412 etperversitas
1338 2336 1730 2390 haereticorum.
1763 2337 1831 2390 Et

239 2407 564 2468 erraveruni
585 2412 776 2465 anima:
807 2426 898 2477 per
924 2410 1164 2464 diversas
1193 2407 1490 2476 voluptates
1516 2417 1570 2460 et
1611 2423 1829 2473 perver-

239 2500 366 2548 sas,
399 2495 456 2538 ut
483 2483 572 2536 alii
596 2483 834 2536 colerent
859 2482 1059 2544 solem,
1091 2480 1178 2533 alii
1205 2479 1383 2548 lunam
1406 2488 1461 2532 et
1487 2477 1671 2532 stellas
1691 2517 1705 2542 ,
1737 2478 1828 2532 alii

242 2547 458 2610 montes
477 2596 492 2619 ,
517 2554 608 2607 alii
635 2553 838 2622 lapides
867 2561 922 2605 et
943 2565 1165 2622 qumque
1196 2547 1438 2622 virgulta_,
1470 2556 1528 2600 ut
1552 2549 1650 2600 sibi
1679 2550 1827 2622 quis-

237 2641 346 2695 que
375 2617 604 2680 credidit
625 2617 725 2695 inve
747 2623 890 2676 nisse
908 2664 922 2688 ,
951 2617 1054 2674 non
1072 2617 1372 2695 adjutorem
1405 2617 1705 2695 Demn,_sed
1732 2619 1828 2673 de-

238 2689 516 2765 ceptorem
545 2693 814 2748 diabolum
844 2702 1039 2760 :alqne
1072 2691 1139 2742 ita
1174 2705 1266 2758 per
1294 2689 1503 2765 diversa
1527 2689 1722 2765 _anima_
1736 2705 1827 2743 er-

240 2759 380 2820 ravit
404 2783 435 2820 a
472 2764 728 2820 Creatore
754 2778 852 2817 suo
871 2805 886 2828 ,
915 2759 970 2816 ut
997 2776 1156 2815 omne
1195 2759 1334 2827 quod
1361 2760 1408 2814 ei
1438 2759 1658 2812 dederat
1689 2759 1828 2814 Deus

237 2838 307 2891 ad
335 2837 642 2897 servitium,
674 2835 775 2889 hoc
805 2835 890 2887 illa
921 2833 1120 2887 coleret
1141 2840 1196 2884 ut
1219 2831 1402 2883 Deum.
1432 2829 1621 2883 Nonne
1649 2830 1826 2884 omnia

237 2916 465 2978 propter
487 2907 957 2978 hominemcreuata
990 2901 1345 2978 sunt?_Legat
1373 2901 1495 2978 quis
1525 2900 1828 2978 Scripturas

237 2972 457 3032 sanctas
477 3018 490 3039 ,
518 2987 570 3030 et
599 2977 832 3030 inveniet
862 2975 1026 3028 Deum
1054 2973 1259 3026 dixisse
1293 2972 1527 3035 homini,
1559 2987 1718 3040 quem
1757 2973 1826 3027 de

238 3049 372 3102 limo
416 3058 574 3102 terra:
621 3047 902 3100 liirmavit:
935 3044 1184 3105 Crescite,
1229 3053 1274 3095 et
1321 3042 1828 3110 multiplicamini,et

235 3121 429 3187 replete
453 3131 659 3179 terram,
687 3127 730 3170 et
752 3115 1084 3170 dominamini
1105 3115 1249 3187 ejus;
1275 3122 1320 3165 et
1340 3111 1513 3166 habete
1532 3121 1828 3187 potestatein

237 3182 457 3260 piscium
500 3190 662 3260 maris
680 3229 692 3246 .
723 3197 768 3240 et
808 3187 977 3260 avium
1019 3182 1171 3260 caeli“,
1200 3193 1262 3260 et.
1283 3191 1731 3260 ‘pecorunrterrw.
1758 3182 1829 3239 Et

235 3253 400 3330 paulo
424 3270 546 3330 post
562 3276 585 3330 ε
615 3257 750 3312 Ecce
767 3259 978 3330 ,_i_nqn_it
996 3297 1015 3330 7,
1044 3254 1159 3330 dfdi
1185 3253 1320 3307 vobis
1341 3253 1508 3330 omnia
1526 3253 1584 3330 in
1607 3270 1754 3330 usum
1781 3263 1828 3308 et

233 3323 308 3383 ad
332 3323 499 3385 escam
521 3328 674 3400 (Gen.
704 3345 752 3393 ι,
779 3328 849 3384 ‘28
871 3323 1032 3400 [29).
1064 3326 1167 3380 Eos
1205 3333 1380 3378 autem
1408 3325 1494 3393 qui
1523 3323 1827 3400 Scripturas

233 3412 458 3456 sanctas
504 3395 680 3469 legere
728 3401 943 3461 nolunt,
975 3397 1085 3465 ipsa
1135 3412 1312 3469 rerum
1358 3406 1573 3469 natura,
1609 3395 1827 3465 ipseque

236 3473 476 3526 mundus
503 3465 756 3542 operibus
778 3468 1079 3542 famulatus
1114 3466 1194 3520 sui
1238 3465 1550 3542 incredulos
1571 3481 1663 3518 sua
1691 3481 1825 3534 qua-

233 3542 362 3596 dam
391 3558 522 3596 voce
541 3536 847 3603 convincit,
879 3549 933 3592 et
957 3539 1188 3591 animam
1213 3551 1516 3605 perversam
1543 3536 1822 3604 increpans

233 3613 371 3668 dicit
396 3632 408 3666 :
438 3611 577 3678 Quid
602 3621 716 3675 est,
750 3611 941 3664 misera
963 3650 976 3673 ,
1007 3608 1150 3677 quod
1179 3621 1327 3660 erras
1355 3607 1405 3660 in
1434 3621 1518 3659 me
1537 3647 1552 3671 ,
1582 3617 1634 3678 et
1659 3607 1823 3674 dege-

237 3701 338 3738 ner
360 3677 499 3737 facta
520 3683 680 3736 oblita
703 3696 761 3735 es
781 3696 810 3735 a
833 3694 939 3749 quo
961 3688 1152 3747 quanta
1173 3686 1349 3749 creata
1379 3678 1486 3749 sis,
1516 3677 1600 3730 cui
1630 3677 1822 3749 caelum

234 3766 294 3808 et
325 3765 468 3810 terra
503 3763 609 3807 tam
640 3747 860 3819 pulchra
883 3750 1073 3804 domus
1096 3747 1252 3801 nullis
1281 3747 1480 3819 meritis
1513 3747 1824 3819 pra-ceden-

239 3827 386 3879 libus
413 3817 718 3879 constructa
747 3821 867 3876 est?
905 3819 1252 3888 Respondent
1281 3825 1335 3872 et
1362 3817 1567 3886 singula
1599 3833 1825 3886 ipseque

236 3897 508 3951 elementa
540 3893 820 3948 clamantia
839 3935 854 3958 ,
883 3901 932 3945 et
964 3891 1090 3958 ipsis
1129 3889 1238 3942 suis
1267 3889 1516 3958 operibus
1546 3904 1698 3941 suum
1727 3889 1824 3942 de-

237 3965 595 4021 monstrantia
613 3965 890 4018 artilicem.
911 3957 1118 4016 Clamat
1137 3960 1326 4014 cmlum
1350 3977 1362 4012 :
1385 3957 1498 4012 Non
1517 3974 1632 4011 sum
1655 3958 1822 4013 licus:

236 4053 367 4092 nam
411 4038 456 4092 si
508 4037 648 4090 Deus
685 4049 888 4096 essent,
918 4033 1056 4086 nulla
1089 4046 1173 4084 me
1211 4030 1466 4083 nubilatio
1505 4029 1825 4083 obumbrare

236 4109 541 4178 potuisset,
587 4121 686 4160 nec
716 4105 948 4159 tenebrae
987 4101 1340 4178 succederent
1387 4099 1488 4153 luci
1517 4116 1696 4178 ἰιιριω
1721 4101 1824 4178 sed

240 4170 333 4232 inx
367 4170 570 4247 integra
590 4216 606 4242 ,
632 4178 956 4243 incorrupta,
986 4172 1338 4247 inviolataque
1361 4170 1663 4235 mansisset,
1689 4171 1824 4247 sicut

239 4260 427 4304 manet
476 4243 559 4303 lux
610 4247 699 4301 illa
743 4261 867 4298 vera
910 4260 1028 4314 quae
1055 4245 1226 4314 istam
1257 4243 1442 4314 lucem)
1477 4243 1822 4314 temporalem

236 4321 445 4375 creavit
476 4320 528 4373 in
559 4333 644 4372 me
671 4325 885 4386 propter
929 4311 1000 4369 te.
1039 4313 1248 4386 Clamat
1287 4322 1341 4366 et
1369 4312 1445 4365 sol
1483 4329 1494 4364 :
1527 4311 1662 4378 Quid
1705 4327 1821 4375 me,

239 4392 406 4444 homo
431 4433 445 4452 ,
475 4389 604 4443 colis
650 4385 706 4440 ut
753 4385 951 4450 Deum,
980 4399 1135 4454 quem
1175 4385 1322 4437 vides
1364 4390 1482 4436 ortu
1525 4397 1824 4454 occasuque

240 4461 530 4514 concludi?
561 4460 698 4512 Deus
727 4473 825 4512 nec
850 4453 1023 4511 ortum
1053 4455 1242 4516 habet,
1274 4469 1372 4508 nec
1398 4468 1645 4506 occasum
1681 4470 1692 4505 :
1725 4453 1820 4507 sed

239 4541 296 4585 tu
348 4532 494 4585 illum
538 4529 836 4584 deserendo
881 4542 1126 4595 magnum
1177 4525 1444 4578 incurristi
1479 4539 1681 4578 casum.
1720 4522 1823 4578 Sed

235 4603 552 4656 consideras
595 4615 842 4669 magnum
885 4607 1044 4667 atque
1084 4596 1378 4669 mirabilem
1422 4609 1542 4649 esse
1580 4611 1664 4649 me
1689 4609 1824 4669 :cgo

235 4683 420 4726 autem
448 4666 898 4741 agnosco'habere
922 4666 1079 4741 super
1100 4682 1184 4741 me
1204 4666 1333 4741 ,_qui
1361 4674 1415 4719 et
1441 4668 1826 4741 mecreavitet

238 4752 313 4798 te.
341 4736 678 4798 Cum'autctn
709 4756 869 4809 opera
893 4751 944 4793 et
970 4737 1266 4809 splendoris
1295 4745 1348 4790 et
1373 4736 1570 4809 caloris
1601 4737 1701 4809 mei
1730 4736 1822 4809 tibi

235 4815 574 4878 deserviant,
606 4806 873 4882 quomodo
905 4806 1010 4863 me,
1035 4825 1128 4878 pro
1177 4806 1606 4882 DeoAc_o!e_ndum
1635 4806 1820 4882 ducis,

238 4885 338 4938 nisi
369 4885 491 4954 quia
518 4877 700 4938 verum
724 4883 884 4935 Deum
912 4877 1088 4936 colere
1107 4877 1319 4954 nescis?
1347 4879 1419 4954 Ita
1438 4879 1569 4954 luna
1587 4887 1637 4931 et
1655 4877 1823 4954 stella:

239 4948 400 5010 istani
424 4956 650 5008 sitnilem
676 4956 947 5022 proferunt
971 4966 1156 5005 vocent
1187 4967 1200 5004 :
1230 4948 1341 5002 Non
1367 4949 1533 5012 vides,
1555 4949 1820 5022 inquiunt,

236 5041 269 5077 ι)
299 5029 486 5088 homo,
509 5019 736 5093 spatium
767 5039 861 5075 nos
886 5039 1043 5090 agere
1071 5031 1383 5075 nocturnum
1405 5059 1420 5081 ,
1452 5019 1657 5093 excludi
1685 5020 1821 5093 luce,

235 5112 336 5151 nec
361 5089 616 5151 terminos
641 5089 937 5161 transarcdi
955 5093 1269 5146 constitutos
1290 5132 1302 5151 ,
1335 5107 1467 5158 quos
1487 5089 1552 5161 ad
1577 5089 1822 5161 solatium

234 5169 432 5237 quietis
465 5177 567 5222 tua:
593 5159 933 5237 Otttniptitens
973 5162 1163 5237 artifex
1208 5160 1543 5216 terminavit?
1571 5159 1682 5237 Non
1730 5176 1822 5237 su-

235 5229 361 5293 mus
413 5239 554 5292 Deus
584 5255 598 5290 :
630 5229 994 5291 convincimus
1038 5232 1322 5286 falsitatem
1369 5240 1510 5284 tuam
1541 5229 1824 5284 serviendo

236 5311 326 5362 tibi
358 5309 423 5362 ad
457 5324 667 5376 poenam
701 5317 864 5360 tuam.
897 5306 1104 5376 Clamat
1130 5319 1276 5376 mare
1297 5344 1312 5365 ,
1341 5312 1394 5356 et
1423 5300 1600 5376 omnia
1627 5301 1820 5376 quteiu

232 5396 298 5431 eo
344 5370 507 5432 sunt:
541 5379 653 5434 Non
686 5394 869 5430 sumus
918 5375 1075 5430 Deus.
1128 5374 1347 5428 Priebeo
1385 5371 1560 5433 enim,
1594 5379 1650 5423 ut
1692 5370 1820 5423 mihi

229 5451 440 5520 jussum
471 5461 553 5504 est
574 5492 589 5514 ,
623 5449 934 5504 famulatum
955 5489 969 5510 ,
999 5446 1236 5520 pervium
1284 5445 1383 5497 iter
1421 5442 1825 5520 carinmnsust-i-

233 5509 424 5587 piens,
476 5509 654 5575 motus
703 5509 1189 5587 congruat-ﬂatus
1241 5523 1551 5587 ventorum;
1587 5509 1824 5587 dirigens

228 5583 480 5656 pressus,
516 5601 576 5645 ut
617 5590 682 5644 ad
729 5583 934 5658 portum
979 5588 1336 5641 desideratum
1382 5584 1545 5658 etiam
1588 5583 1825 5658 rapiente

231 5654 283 5717 te
313 5663 559 5728 avaritia,
589 5654 1064 5728 ttnlla'intcrpOsita
1090 5657 1334 5711 tarditate
1355 5654 1663 5728 perducam.
1689 5654 1819 5728 Atti.

231 5737 387 5788 utalia
419 5722 556 5789 vero,
587 5748 707 5803 qua:
736 5722 1024 5803 gignuntur
1063 5745 1128 5782 ex
1160 5745 1276 5793 me,
1311 5722 1402 5780 tibi
1436 5728 1486 5803 in
1517 5739 1694 5778 escam
1722 5722 1822 5777 do-

231 5815 351 5858 nata
397 5822 519 5860 esse
560 5798 863 5873 cognoscis.
896 5801 1031 5855 Cum
1059 5815 1185 5873 ergo
1212 5814 1305 5873 per
1335 5798 1510 5873 omnia
1538 5808 1821 5863 agnoscam

231 5876 506 5930 modulum
567 5868 778 5936 mcum,
807 5881 859 5926 tu
901 5886 1068 5942 quare
1114 5869 1319 5942 deseris
1356 5868 1609 5942 ordinem
1652 5878 1819 5932 tuum,

231 5947 526 6004 deserendo
555 5945 797 6003 omnium
831 5937 1128 5998 creatorem
1170 5939 1376 5995 Deum?
1402 5937 1606 5994 Clamat
1635 5949 1773 5994 terra
1801 5953 1815 5986 :

1420 464 1651 522 SERMU
1689 467 1780 522 AD
1817 464 2390 522 CATECllUllENOS.

3435 470 3537 528 654

1941 576 2153 643 Ergone
2174 617 2188 640 ,
2223 578 2411 639 homo,
2441 577 2650 632 deitatis
2683 579 2808 633 mihi
2855 596 3050 634 nomen
3080 580 3382 638 adscribis?
3409 581 3536 638 Ideo

1941 663 2044 700 non
2077 649 2319 721 agnostzis
2363 648 2488 716 quid
2520 649 2619 702 sim
2644 690 2660 705 .
2691 653 2809 718 quia
2849 651 3045 706 oblitus
3083 668 3144 706 es
3172 653 3258 721 qui
3291 654 3384 710 sis.
3419 655 3533 710 Non

1940 720 2185 785 agnoscis
2231 721 2505 772 materiam
2540 729 2856 792 Institution
2901 723 3146 790 agnoscis
3185 720 3305 792 quia
3343 725 3529 780 limum

1940 803 2117 843 meum
2149 803 2243 853 es,
2275 803 2338 862 es
2373 805 2458 842 me
2488 789 2700 862 quidem
2732 788 3017 844 formatum
3040 833 3054 856 ,
3091 788 3221 857 sed,
3251 795 3392 862 quod
3427 813 3529 851 non

1941 873 2058 932 sum
2081 875 2179 932 ego
2203 899 2218 923 ,
2247 859 2559 913 animatum.
2592 859 2706 914 Non
2752 863 2998 930 agnoscis
3026 863 3150 932 quia
3187 859 3324 917 inter
3351 869 3530 921 omnia

1941 931 2185 984 animalia
2211 945 2331 998 qum
2351 946 2415 982 ex
2444 946 2527 983 me
2552 941 2822 998 procreata
2846 941 2971 985 sunt
2991 973 3006 991 .
3038 931 3090 986 tu
3122 933 3268 986 solus
3295 937 3408 989 sub.
3426 938 3531 990 [leo

1940 1014 2078 1068 pene
2105 1000 2284 1053 mundi
2314 999 2562 1054 dominus
2589 1002 2913 1056 constitutus
2957 1017 3036 1056 es.
3086 1003 3274 1056 Merito
3314 1003 3416 1058 non
3449 1009 3499 1061 in
3525 1041 3529 1044 -

1942 1071 2163 1140 telligis,
2191 1070 2313 1140 quia
2341 1086 2461 1124 cum
2502 1086 2649 1125 esses
2693 1071 2744 1125 in
2780 1073 3011 1132 honore.
3052 1088 3154 1126 non
3186 1075 3527 1130 intellexisti:

1855 1188 1857 1190 _
1940 1150 2276 1212 conmoratus
2298 1157 2356 1196 es
2377 1141 2633 1210 jumentis
2662 1142 3065 1212 insipientibus,
3099 1155 3154 1198 et
3182 1145 3442 1202 sitnilalus
3468 1163 3530 1203 es

1942 1211 2047 1284 illis
2068 1211 2237 1284 (Psal_.
2270 1228 2430 1284 item!
2450 1255 2464 1275 ,
2491 1213 2602 1284 i5).

2010 1281 2238 1356 CAPle
2276 1281 2363 1336 ΙΙΙ.
2400 1311 2463 1322 -
2482 1284 2535 1337 5.
2570 1281 2736 1356 [ει-ιφ
2767 1281 2900 1356 Dcus
2929 1284 3139 1354 objectis
3161 1285 3258 1339 diis
3283 1286 3427 1356 falsis
3445 1305 3536 1343 co-

1941 1351 2140 1424 lendus.
2165 1352 2272 1406 Nos
2303 1365 2480 1406 autem
2503 1394 2519 1419 ,
2550 1352 2881 1408 dilectissimi
2904 1395 2918 1416 ,
2945 1351 3139 1424 quibus
3160 1351 3411 1412 donatum
3441 1371 3524 1415 est

1940 1423 2188 1489 credere,
2222 1439 2319 1476 nec
2343 1425 2507 1477 solem
2540 1424 2820 1497 credamus
2847 1423 3016 1480 Deum
3045 1426 3128 1480 vel
3157 1443 3332 1493 regem
3369 1431 3525 1497 coeli;

1941 1507 2041 1546 nec
2066 1509 2246 1567 mare,
2276 1503 2367 1547 aut
2409 1494 2590 1548 nescio
2619 1510 2776 1563 quem
2805 1510 3003 1567 regem
3045 1497 3160 1565 ejus
3189 1494 3524 1567 Neptunum,

1939 1579 2097 1631 quem
2128 1564 2275 1632 lingit
2305 1567 2541 1627 vanitas,
2570 1581 2673 1620 non
2707 1564 2935 1629 veritas;
2970 1581 3069 1621 nec
3095 1564 3288 1622 terram
3319 1581 3372 1623 et
3399 1564 3526 1626 Plu;

1942 1641 2121 1688 tonem
2147 1651 2158 1686 :
2186 1634 2278 1709 sed
2324 1635 2608 1689 credamus
2639 1637 2690 1688 in
2726 1636 2889 1689 Deum
2935 1637 3144 1692 Patrem
3185 1639 3524 1709 omnipoten-

1941 1712 2046 1785 tem
2067 1746 2083 1769 ,
2111 1705 2480 1789 universorum
2521 1716 2818 1789 creatorem
2839 1722 3066 1789 ἲιιοξςθιιι
3112 1705 3393 1789 caelorum.
3425 1712 3524 1778 Qui

1938 1775 2080 1852 enim
2104 1785 2288 1852 cuncta
2317 1776 2438 1852 quia
2461 1777 2627 1852 voluit
2649 1776 2716 1830 de
2747 1775 2916 1852 nihilo
2948 1775 3227 1852 l‘ecit,_ipse
3249 1781 3384 1850 regit
3404 1775 3522 1852 qua:

1941 1844 2080 1900 fecit.
2112 1844 2441 1900 lmtnortales
2464 1845 2546 1901 isti
2577 1864 2665 1916 qut
2691 1864 2717 1898 a
2747 1847 2898 1901 nobis
2925 1844 3170 1916 superius
3196 1844 3525 1909 comincmo-

1939 1918 2036 1990 rati
2069 1927 2219 1990 sunt,
2251 1916 2466 1990 ideordii
2499 1934 2602 1970 tton
2645 1926 2803 1983 sunt,
2832 1919 2952 1986 quia
2983 1928 3037 1973 et
3061 1921 3441 1990 compreltendi
3471 1936 3524 1977 et

1940 1986 2104 2040 videri
2139 1987 2222 2040 hic
2251 1987 2420 2060 oeulis
2453 1997 2673 2056 possunt
2703 1986 3204 2060 :eieterosantem',
3237 2007 3371 2060 quos
3401 1995 3520 2049 vani

1938 2072 2072 2111 vane
2102 2060 2315 2116 colunt.
2343 2057 2565 2123 Jovem,
2597 2060 2916 2116 Saturnum.
2947 2059 3167 2115 Martem
3186 2102 3202 2127 ,
3233 2057 3519 2127 Iunonem,

1937 2127 2224 2182 Minervam
2248 2171 2262 2192 ,
2301 2128 2589 2190 Venerem,
2615 2140 2667 2183 et
2713 2139 2906 2183 eaatera
2955 2141 3197 2198 portenta
3220 2175 3234 2197 ,
3270 2150 3374 2187 non
3425 2152 3523 2189 utt-

1937 2199 2079 2251 mina
2125 2199 2298 2261 bona,
2345 2198 2439 2252 sed
2473 2199 2686 2252 nomina
2737 2199 2876 2253 mala
2918 2200 2957 2265 ί,
2989 2200 3230 2258 homines
3271 2207 3522 2260 mortales

1936 2269 2130 2342 fuisse,
2160 2271 2318 2342 etiam
2351 2269 2756 2342 eornm_litter:e
2787 2271 3059 2335 clamant,
3090 2273 3178 2342 qui
3211 2276 3402 2329 talibus
3433 2290 3521 2330 cr—

1935 2340 2144 2414 t'oribus
2165 2339 2513 2414 delectantur.
2536 2338 2742 2414 Nostra:
2763 2351 2938 2414 autem
2965 2338 3132 2414 sacra:
3156 2341 3372 2399 Littera:
3392 2362 3521 2414 qua-

1938 2408 2041 2482 l_etn
2098 2409 2894 2482 Deumpra-dicent,_l?a_ulnm
2948 2412 3125 2466 audite
3178 2408 3514 2482 apostolum:

1934 2477 2250 2552 Inuum-tali,
2285 2479 2781 2552 inquit,_invisibili,
2824 2477 3228 2552 incorruptibili;
3267 2487 3366 2538 soli
3410 2484 3518 2540 Deo

1935 2551 2096 2603 honor
2123 2561 2169 2602 et
2199 2549 2362 2620 gloria
2393 2550 2435 2614 (Ι
2467 2549 2602 2604 Tim.
2637 2565 2680 2609 ι.
2717 2552 2824 2619 Π).
2858 2550 2974 2604 Non
3008 2549 3214 2608 videtur
3253 2556 3390 2610 licus
3419 2575 3517 2610 no-

1933 2630 2044 2674 ster
2071 2622 2238 2674 oculis
2267 2622 2475 2684 carnis,
2498 2620 2594 2675 scd
2626 2620 2832 2674 videtur
2856 2622 3025 2676 oculis
3049 2625 3262 2686 eordis;
3295 2644 3399 2679 non
3429 2629 3506 2680 vi-

1933 2690 2090 2746 detur
2116 2692 2182 2745 ad
2215 2702 2455 2759 tempus,
2485 2691 2578 2746 sed
2615 2691 2823 2746 videtur
2853 2692 2902 2744 in
2951 2703 3230 2748 aeternum.
3259 2696 3364 2751 Sed
3392 2698 3518 2752 dicit

1935 2777 2208 2838 paganus;
2233 2761 2468 2838 Ostende
2495 2761 2622 2815 mihi
2654 2778 2810 2838 quem
2838 2763 3340 2838 colis.-l_iespondeo
3366 2785 3380 2820 :
3409 2769 3516 2838 Ego

1933 2833 2148 2901 quidem
2183 2833 2352 2887 habeo
2393 2833 2552 2887 etiam
2583 2832 2742 2886 modo
2769 2849 2927 2902 quem
2956 2833 3046 2888 tibi
3077 2832 3390 2903 ostendam,
3423 2832 3515 2894 secl

1937 2913 1988 2956 tu
2022 2919 2127 2958 non
2152 2903 2316 2956 habes
2337 2904 2521 2958 oculos
2549 2903 2690 2957 unde
2716 2903 2918 2957 videas.
2951 2903 3096 2958 Beati
3113 2907 3278 2970 enim,
3308 2910 3381 2962 ait
3400 2907 3521 2964 Sal-

1934 2985 2086 3028 vator
2133 2983 2332 3032 noster,
2363 2974 2551 3026 mundo
2591 2974 2774 3038 corde;
2799 2976 3036 3042 quoniam
3069 2977 3168 3042 ipsi
3201 2977 3362 3032 Deum
3381 2981 3519 3033 vide-

1932 3043 2054 3098 bunt
2081 3043 2291 3117 (Matth.
2320 3060 2365 3107 ν,
2393 3045 2472 3113 8).
2501 3042 2608 3117 Cor
2627 3043 2966 3117 immundum
2986 3056 3040 3100 et
3067 3047 3302 3102 tenebris
3330 3065 3510 3117 pecca-

1935 3123 2106 3168 torum
2134 3115 2475 3178 obvolutum,
2510 3115 2675 3168 Deum
2707 3115 2896 3182 quierit
2925 3116 3142 3172 videre?
3170 3118 3286 3173 Lux
3305 3115 3436 3174 lucet
3462 3121 3514 3175 in

1932 3185 2177 3261 tenebris,
2201 3186 2294 3239 sed
2321 3185 2534 3261 tenebrat
2559 3201 2668 3238 eam
2689 3202 2788 3238 non
2817 3188 3299 3261 comprehenderunt
3336 3189 3514 3261 (Ioan.

1931 3270 1984 3321 ι,
2012 3255 2087 3326 5).
2118 3255 2381 3325 Numquid
2425 3256 2547 3324 quia
2575 3270 2748 3310 exuens
2792 3272 2897 3326 non
2925 3255 3102 3326 videt,
3132 3260 3253 3314 ideo
3294 3255 3378 3314 lux
3411 3279 3516 3317 non

1931 3325 2241 3400 nonlucet?
2267 3328 2322 3400 Si
2355 3341 2638 3400 nosses,_o
2682 3325 2946 3400 inﬁdelis,
2973 3325 3155 3400 dicere
3199 3331 3307 3385 Deo
3351 3348 3515 3400 vero,

1932 3395 2178 3450 litamina
2203 3398 2374 3450 oculos
2396 3413 2531 3450 meos
2553 3395 2723 3469 (Psal.
2751 3413 2825 3451 xu
2849 3437 2864 3462 ,
2889 3399 2975 3466 4);
3003 3399 3214 3456 videres
3243 3395 3518 3457 uobiscum

1931 3483 2076 3540 nunc
2119 3483 2215 3540 per
2256 3469 2529 3540 speculum
2565 3468 2632 3520 in
2682 3469 2997 3540 mitigante,
3024 3478 3083 3524 ut
3129 3473 3300 3540 possis
3339 3473 3519 3528 videri:

1929 3536 2066 3610 facie
2086 3536 2151 3592 ad
2184 3539 2371 3610 faciem
2399 3537 2442 3610 (ι
2469 3536 2588 3591 Cor.
2625 3553 2740 3603 xm,
2769 3536 2877 3610 12).
2908 3539 2962 3593 Si
2991 3555 3056 3595 ex
3085 3536 3334 3610 operibus
3366 3545 3517 3599 intel-

1932 3608 2123 3676 ligeres
2153 3608 2446 3672 artilicem',
2479 3625 2542 3661 ex
2572 3618 2816 3662 creatura
2837 3608 3158 3678 'conjieeres
3185 3614 3515 3670 Creatorem.

1930 3678 1985 3732 Si
2016 3693 2400 3754 expavesceres
2418 3679 2576 3754 in‘te,
2594 3677 2715 3747 quia
2740 3695 2843 3754 non
2875 3677 3041 3754 totum
3068 3683 3214 3754 capis
3242 3692 3327 3748 te;
3355 3701 3518 3754 agno-

1930 3747 2107 3804 sceres
2139 3749 2305 3802 Deum
2343 3749 2430 3816 qtti
2481 3747 2606 3801 fecit
2653 3761 2723 3802 te.
2758 3749 2871 3802 Non
2919 3751 3059 3803 enim
3094 3747 3240 3806 vides
3282 3747 3516 3809 animam

1933 3829 2098 3882 tuam,
2122 3835 2242 3872 cum
2271 3821 2445 3873 omnia
2476 3819 2652 3873 videat
2675 3821 2851 3873 anima
2875 3829 2961 3872 tua
2989 3838 3082 3888 per
3106 3837 3319 3877 carnem
3349 3834 3513 3878 tuam.

1930 3890 2035 3964 Aut
2055 3891 2098 3944 si
2122 3890 2271 3943 vides
2293 3890 2524 3964 aninmm
2548 3897 2690 3942 tuam
2708 3931 2722 3950 ,
2753 3889 2837 3944 dic
2861 3890 2989 3964 mihi
3017 3893 3190 3961 qualis
3215 3895 3292 3947 vel
3319 3908 3514 3964 quanta

1930 3961 2000 4014 sit
2034 3977 2047 4014 :
2081 3969 2255 4014 utrum
2307 3960 2536 4031 quadra,
2589 3976 2655 4013 an
2704 3961 2962 4031 rotunda;
3022 3960 3196 4016 utrum
3249 3960 3415 4031 leuis,
3449 3983 3516 4020 au

1929 4047 2148 4104 aspera;
2180 4043 2354 4104 utrum
2382 4030 2549 4104 calida
2572 4073 2586 4096 ,
2614 4047 2682 4083 an
2712 4029 2937 4104 frigida;
2967 4041 3139 4086 utrmn
3169 4029 3514 4104 ιιιὶυιιῙιιεὉο-

1931 4101 2088 4167 loris,
2120 4118 2186 4156 an
2210 4102 2354 4155 omni
2383 4102 2563 4156 colore
2602 4117 2808 4156 carens.
2851 4103 3012 4156 Video
3032 4143 3048 4168 ,
3081 4104 3264 4158 delicis
3285 4101 3515 4169 {osmni-

1930 4172 2056 4226 dcre
2098 4174 2328 4244 animam
2375 4182 2515 4244 tuam
2559 4173 2732 4242 qualis
2775 4174 2868 4236 sit,
2905 4188 3011 4228 non
3052 4184 3222 4244 potes.
3254 4176 3391 4232 Ecce
3421 4178 3520 4233 im-

1933 4243 2172 4298 mortalis
2201 4253 2284 4298 est
2309 4242 2487 4296 anima
2520 4253 2630 4307 tua,
2659 4253 2713 4297 et
2737 4243 2968 4297 vivilicat
2991 4242 3269 4300 mortalem
3299 4264 3516 4303 carnem

1933 4325 2095 4390 tuam.
2132 4313 2488 4390 lminortalem
2518 4314 2650 4390 dico
2673 4315 2907 4390 animam
2938 4325 3079 4369 tuam
3111 4317 3175 4390 ad
3208 4327 3516 4390 utrumque.

1928 4384 1980 4438 Si
2027 4385 2228 4449 credit,
2264 4385 2578 4440 immortalis
2623 4394 2706 4438 est
2753 4386 2818 4438 ad
2863 4386 3129 4440 vitamzsi
3179 4407 3281 4442 non
3310 4384 3515 4454 credit,

1932 4456 2250 4529 immortalis
2278 4464 2362 4529 est
2385 4457 2711 4529 adptenatn.
2752 4455 3034 4529 Credimus
3063 4473 3192 4529 ergo
3225 4461 3388 4514 Deum
3423 4462 3521 4516 itii-

1931 4527 2209 4600 rnortalem
2229 4536 2289 4600 et
2321 4527 2674 4600 invisibilem;
2708 4543 2812 4600 non
2827 4527 2988 4600 illum
3017 4527 3175 4600 quem
3210 4547 3302 4584 vos
3331 4533 3518 4588 inlide-

1932 4597 2009 4650 les
2035 4598 2192 4650 deum
2221 4599 2436 4666 ﬁngitis,
2462 4597 2694 4651 simulet
2717 4597 3104 4653 adulterantéin
3129 4611 3182 4655 et
3205 4610 3474 4655 tonanti-tn
3505 4621 3518 4656 :

1931 4669 2022 4721 sed
2066 4669 2231 4722 Deum
2274 4684 2487 4732 verum,
2521 4668 2680 4722 totius
2713 4668 2896 4722 mundi
2945 4670 3316 4725 fabricatorem
3358 4685 3518 4742 atque

1931 4747 2318 4818 '0999'1?.'!‘.;.-.
2472 4809 2484 4818 .
2557 4807 2600 4818 -.
2661 4809 2722 4818 ..
2939 4811 2950 4818 .
3005 4812 3018 4818 _
3366 4754 3553 4818 Ra

2001 4809 2227 4865 CAPUT
2255 4807 2340 4863 IV.
2362 4809 2525 4882 —_4.7
2548 4807 2799 4882 Nittioitas
2831 4809 3018 4882 Christi
3037 4827 3100 4865 ea:
3126 4813 3316 4882 virgine
3339 4829 3522 4868 secun-
3544 4807 3559 4830 ““

1931 4879 2051 4932 dum
2077 4882 2392 4950 prophetiam
2422 4878 2592 4934 Isaiic.
2634 4881 2796 4950 Signa
2824 4882 2876 4933 iu
2908 4881 3095 4934 Christi
3118 4878 3392 4936 nativitate.
3431 4882 3523 4937 ln-
3591 4886 3594 4890 ’

1932 4953 2094 5022 [crates
2113 4953 2262 5021 jussu
2281 4951 2498 5004 Herodis
2519 4952 2667 5003 occisi
2695 4955 2824 5022 fiunt
2848 4962 3092 5021 martyres
3116 4951 3322 5006 Christi.
3353 4951 3522 5008 Homo

1931 5021 2108 5074 iisdem
2152 5022 2330 5089 quibus
2374 5022 2588 5091 perierat
2619 5021 2857 5089 gradibus
2901 5031 3185 5089 reparatus.
3232 5022 3293 5075 Et
3330 5024 3520 5079 Filium

1931 5092 2043 5160 ejus
2069 5092 2249 5145 .lesum
2279 5091 2547 5162 Christum
2577 5107 2591 5144 :
2625 5093 2750 5144 olim
2781 5092 3103 5162 promissum
3150 5110 3242 5159 per
3281 5093 3519 5162 Prophe-

1933 5171 2032 5216 tas.
2065 5161 2333 5217 Tenemns
2360 5162 2499 5232 quod
2525 5161 2635 5230 jam
2663 5161 2938 5232 impletum
2977 5177 3097 5216 esse
3125 5161 3518 5232 Cttgllttscimns.

1931 5232 2036 5287 Sed
2067 5232 2186 5286 ideo
2228 5230 2394 5286 etiam
2425 5231 2526 5285 hoc
2567 5230 2817 5304 credere
2829 5231 3099 5298 jubentur,
3143 5230 3265 5302 quia
3310 5239 3521 5304 quando

1933 5305 2124 5357 factum
2152 5313 2262 5366 est,
2298 5312 2586 5372 przesentes
2615 5317 2718 5354 non
2751 5299 2966 5372 fuimus.
2999 5299 3240 5358 Aderant
3276 5299 3400 5360 tunc
3424 5309 3521 5361 .Iu-

1929 5374 2032 5428 diei
2053 5415 2067 5435 ,
2095 5388 2157 5426 ex
2187 5370 2412 5449 quorum
2439 5385 2595 5449 gente
2625 5371 2737 5449 ipse
2757 5370 3001 5449 Salvator
3030 5375 3316 5449 Apostolus
3337 5379 3516 5449 elegit,

1930 5461 2026 5514 per
2054 5460 2187 5513 quos
2216 5444 2278 5496 ad
2328 5459 2424 5496 nos
2459 5443 2587 5495 liilcs
2636 5444 2732 5494 i-ta
2782 5446 3040 5515 pervenit.
3079 5443 3133 5499 In
3186 5446 3298 5515 ip~a
3341 5443 3523 5506 aufem

1930 5525 2088 5590 gente
2118 5517 2166 5590 in
2196 5531 2297 5584 qua
2324 5524 2464 5590 etes
2503 5529 2606 5583 qua
2637 5516 2781 5590 nasci
2816 5514 3064 5590 dignatus
3090 5525 3172 5571 est
3192 5514 3218 5582 ,ί
3237 5520 3394 5590 longe
3424 5537 3522 5575 an-

1933 5597 2013 5639 tea
2050 5585 2208 5659 Isaias
2243 5586 2518 5659 propheta
2546 5584 3072 5659 prmdixerattlicce
3109 5590 3250 5659 virgo
3293 5584 3356 5643 in'
3382 5602 3527 5646 utero

1929 5658 2138 5730 accipiet
2165 5667 2218 5730 et
2232 5657 2389 5730 pariet
2416 5653 2626 5719 Filium,
2646 5657 2948 5730 e_t_vocabitis
2972 5675 3148 5730 nomen
3175 5653 3284 5730 Ejus
3315 5661 3526 5715 Emma-

1930 5729 2068 5794 nuel,
2086 5728 2220 5798 quod
2245 5727 2619 5798 interpretatur,
2653 5725 2929 5782 Nobiscum
2957 5729 3096 5784 Deus
3117 5725 3267 5801 (leui.
3292 5747 3384 5799 vn,
3414 5735 3523 5803 16).

1995 5819 2011 5851 ί
2048 5824 2187 5867 Juxta
2210 5823 2308 5879 En,
2345 5830 2438 5868 non
2476 5816 2668 5868 nomina
2691 5816 2831 5876 bona,
2864 5818 2951 5870 sed
2974 5819 3167 5872 nontina
3197 5823 3344 5872 mata.
3383 5832 3528 5876 Juxta

1929 5879 2079 5949 Lugd:
2098 5887 2151 5930 et
2169 5889 2309 5949 ve_n.,
2324 5893 2418 5930 non
2433 5879 2630 5946 nuntiati
2645 5879 2793 5949 bona,
2803 5882 2886 5932 sed
2900 5882 3253 5949 nuntimtinata.
3272 5885 3318 5949 ia
3332 5892 3378 5934 Β.
3392 5885 3526 5935 addi-

1925 5941 2082 5993 tur'ad
2093 5945 2362 6002 marginem
2377 5958 2388 5992 :
2401 5962 2422 5990 ι
2435 5943 2539 6002 Pro,
2552 5941 2759 5999 nomina,
2773 5946 2895 5994 forte
2910 5943 3172 6006 legendum
3185 5979 3201 6002 .
3218 5945 3393 5998 omina.
3403 5963 3424 5993 ο
3464 5953 3524 5997 at.
