4078 6502
335 409 436 465 (:57

335 527 426 655 qui
468 537 621 583 erant
661 525 915 584 Ecclesia)
954 537 1360 598 persecutores,
1393 526 1510 598 ejus
1535 521 1658 584 l'acti
1685 535 1809 580 sunt
1833 517 1926 576 de-

358 613 598 654 ensores.

358 618 386 654 ϐ
393 613 578 654 ηεοτεε
586 640 598 651 .

407 669 636 725 CAPUT
674 667 762 740 Vi.
784 698 851 740 -ς
885 667 1254 740 Πεγεεριιιιιινα
1292 670 1428 740 ejus.
1451 666 1763 740 Resurrectio
1802 681 1926 736 quo-

337 741 487 794 modo
510 741 653 794 tertia
676 739 774 793 die.
820 738 1155 808 Sepulturam
1187 738 1320 794 vero
1343 738 1497 804 hujus
1525 738 1763 792 cruciﬁxi
1804 752 1926 808 san-

335 820 481 864 ctum
528 810 726 864 iudicat
766 806 1146 878 Evangelium:
1183 809 1325 879 quod
1353 816 1631 878 susceptus
1670 809 1738 862 sit
1766 806 1928 879 aulo-

338 883 471 951 seph
494 922 508 944 ,
535 877 935 951 obvolutusque’
960 877 1390 951 linteaminibus,
1427 877 1548 934 cum
1597 877 1924 951 aromatihus

341 949 546 1019 positus
593 949 665 1005 sit
705 951 758 1004 in
803 959 1148 1004 monumento
1173 965 1332 1004 novo.
1365 950 1536 1004 Homo
1571 949 1714 1004 enim
1755 961 1924 1001 novus

339 1023 456 1076 sine
485 1021 590 1075 ulla
618 1020 958 1089 corruptione
987 1036 1052 1074 ex
1081 1021 1282 1090 virgine
1307 1029 1631 1090 procreatus,
1665 1021 1715 1072 in
1744 1033 1925 1073 monu-

341 1101 523 1146 mento
549 1105 689 1146 novo
710 1091 914 1161 positus
942 1099 1023 1144 est
1042 1132 1064 1161 ,_
1087 1091 1138 1144 in
1167 1106 1272 1160 quo
1302 1091 1534 1145 nondum
1585 1094 1786 1161 positus
1810 1097 1925 1142 erat

340 1171 584 1216 mortuus
611 1180 626 1216 :
654 1159 723 1216 ut'
743 1163 996 1215 sanctitas
1021 1159 1291 1230 virginalis
1322 1161 1458 1215 uteri
1481 1162 1530 1214 in
1561 1160 1807 1230 omnibus
1830 1174 1922 1212 or-

339 1243 562 1358 naregtsr
579 1231 1040 1358 gfonvenientia
1090 1229 1409 1287 inviolabilis
1446 1231 1676 1301 sepulcri
1714 1229 1910 1301 (Joan.

341 1319 452 1358 xix.
552 1333 573 1342 -
681 1342 692 1355 .

341 1319 452 1365 xix,
477 1305 692 1365 58-12).

718 1371 804 1428 die
830 1386 858 1426 a
887 1373 1111 1428 mortuis
1140 1373 1452 1429 resurrexit.
1483 1371 1734 1440 Quamvis
1773 1371 1924 1425 multi

341 1443 512 1498 sancti
539 1443 704 1498 multa
737 1443 861 1498 hinc
886 1447 1152 1499 senserint
1186 1454 1346 1513 atque
1371 1443 1620 1498 dixerint.
1649 1441 1779 1495 Nam
1801 1444 1920 1513 qui-

342 1513 465 1567 dam
491 1516 730 1570 volentes
759 1523 866 1568 tres
892 1514 1004 1568 dies
1025 1524 1079 1569 et
1115 1523 1222 1569 tres
1248 1511 1430 1568 noctes
1474 1529 1642 1581 usque
1689 1513 1740 1566 in
1781 1511 1921 1566 diem

343 1583 670 1638 dominicum
699 1587 998 1654 exprimere
1017 1627 1032 1652 ,
1057 1600 1087 1638 a
1115 1595 1268 1638 nocte
1295 1584 1628 1652 pratcedente
1657 1591 1818 1636 sexta:
1846 1581 1924 1637 fe-

344 1656 459 1720 rire,
490 1665 544 1708 et
584 1656 751 1725 ipsam
773 1653 984 1710 sextam
1026 1655 1207 1710 feriam
1253 1655 1629 1710 concluserunt
1669 1653 1720 1706 in
1760 1669 1924 1725 unum

345 1725 511 1792 diem,
538 1723 829 1779 et‘noctem
861 1725 1064 1780 sabbati
1095 1735 1148 1780 et
1173 1725 1481 1787 sabbatum,
1512 1734 1564 1779 et
1591 1732 1800 1778 noctem
1830 1723 1928 1778 do-

346 1797 526 1865 minici
555 1795 658 1850 diei
687 1806 738 1851 et
779 1797 950 1865 ipsum
992 1795 1132 1850 diem
1165 1797 1590 1865 resurrectionis.
1620 1795 1720 1848 Alii
1747 1804 1923 1848 autem

345 1864 414 1919 ab
444 1867 555 1937 ipsa
583 1876 731 1920 sexta
763 1864 913 1937 feria,
936 1874 989 1920 et
1019 1874 1175 1920 nocte
1201 1881 1318 1936 qum
1350 1867 1521 1920 media
1543 1864 1630 1920 die
1657 1865 1792 1937 facta
1820 1875 1922 1937 est,

345 1935 629 1990 voluerunt
659 1947 765 1992 tres
791 1935 902 1990 dies
929 1945 982 1990 et
1023 1947 1128 1991 tres
1163 1935 1346 1990 noctes
1373 1951 1539 2006 usque
1576 1937 1626 1989 in
1657 1936 1796 1990 diem
1825 1936 1925 1988 do-

349 2007 600 2077 minicum
632 2022 920 2077 exponere,
955 2015 1168 2077 propter
1195 2007 1340 2061 illam
1368 2008 1684 2060 sententiam
1719 2007 1924 2060 Domini

346 2076 400 2130 in
426 2076 717 2147 Evangelio
740 2077 964 2144 positam
998 2093 1011 2130 :
1048 2076 1194 2131 Sicut
1216 2079 1346 2130 enim
1362 2077 1525 2130 Jonas
1551 2077 1646 2146 fuit
1675 2077 1726 2130 in
1761 2086 1929 2147 ventre

345 2147 442 2201 ceti
459 2146 614 2201 tribus
645 2147 818 2202 diebus
844 2157 890 2201 et
922 2147 1078 2202 tribus
1104 2149 1348 2213 noctibus,
1374 2148 1444 2200 ita
1473 2157 1665 2218 Oportet
1708 2163 1812 2200 esse
1834 2146 1928 2200 Fi-

346 2218 470 2270 lium
499 2219 716 2272 hominis
740 2220 791 2272 in
819 2219 970 2272 corde
1016 2229 1162 2272 terra?
1190 2219 1343 2271 tribus
1373 2218 1544 2272 diebus
1578 2226 1622 2272 et
1648 2218 1804 2271 tribus
1828 2234 1924 2271 no-

344 2288 506 2343 ctibus
550 2287 763 2358 (Matth.
796 2305 890 2356 xu,
920 2288 1034 2360 40).
1066 2289 1170 2343 Sed
1211 2305 1308 2343 nos
1335 2298 1577 2360 neutram
1608 2302 1792 2360 eorum
1837 2302 1927 2360 va-

345 2367 572 2414 cuantes
612 2360 951 2424 sententiam,
991 2357 1187 2414 melius
1215 2371 1412 2425 tamen,
1444 2360 1487 2413 si
1522 2359 1714 2428 placet,
1748 2359 1798 2428 in
1844 2357 1927 2412 his

345 2429 673 2500 spiritualem
699 2429 1033 2500 requiramus
1070 2431 1392 2485 intellectum
1414 2471 1428 2495 ,
1465 2427 1730 2500 quomodo
1761 2427 1927 2500 Filius

345 2497 582 2554 hominis
621 2497 794 2555 fuerit
813 2503 863 2555 in
890 2501 1051 2555 corde
1077 2510 1231 2555 terra:
1272 2500 1436 2555 tribus
1468 2497 1654 2554 diebus
1679 2507 1731 2553 et
1759 2499 1926 2554 tribus

347 2570 595 2640 noctibus
616 2589 628 2624 :
656 2578 764 2625 tres
780 2571 894 2626 dies
921 2574 1015 2625 tria
1039 2580 1277 2639 tempora
1297 2571 1474 2625 s:eculi
1498 2579 1775 2640 ponentes,
1802 2578 1926 2624 ante

343 2639 568 2709 Legem,
601 2641 699 2695 sub
727 2641 886 2711 Lege,
917 2642 1017 2697 sub
1058 2641 1276 2706 Gratia;
1309 2650 1362 2694 et
1411 2639 1518 2695 tres
1570 2649 1751 2694 noctes
1819 2651 1925 2694 tres

346 2721 571 2775 mortes,
602 2711 654 2764 id
686 2721 787 2777 est,
820 2722 928 2767 tres
956 2723 1193 2766 mortuos
1218 2726 1351 2782 quos
1371 2711 1647 2782 suscitavit
1673 2711 1925 2782 Dominus

345 2795 586 2849 prasens
616 2781 665 2836 in
688 2797 882 2846 earne,
913 2783 1069 2836 tiliam
1101 2779 1499 2852 archisyuagogi
1531 2783 1580 2852 in
1621 2781 1778 2835 domo
1810 2779 1920 2852 (Iit.

345 2867 420 2923 lx.
456 2852 670 2923 18-25),
705 2853 866 2906 lilium
892 2854 1064 2906 vidum
1095 2854 1224 2907 foris
1246 2851 1448 2922 portam
1479 2854 1494 2884 ¹
1524 2851 1672 2923 (Luc.
1701 2868 1792 2914 vtI,
1829 2851 1922 2905 12-

347 2922 461 2988 15).
487 2931 541 2976 et
562 2921 816 2976 Lazarum
839 2921 1258 2993 quadriduanum
1282 2924 1346 2977 de
1366 2921 1610 2993 sepulCro
1640 2921 1816 2992 (Joan.
1847 2937 1920 2993 xl,

346 2993 560 3061 14-“).
594 2993 742 3048 Unde
768 2992 907 3066 enim
938 3009 1102 3058 Iners,
1133 2995 1232 3066 nisi
1254 3009 1351 3066 per
1374 2992 1689 3066 peccatum?
1719 3002 1770 3046 et
1800 2992 1922 3058 quid

343 3071 470 3116 sunt
496 3074 730 3134 peccata,
747 3065 846 3118 nisi
868 3079 1072 3133 magna:
1098 3063 1328 3119 tenebrae
1345 3063 1464 3134 qua:
1490 3063 1687 3119 faciunt
1707 3078 1920 3134 gravem

346 3133 598 3205 noctem?
624 3135 696 3188 lta
727 3150 853 3205 ergo
898 3135 996 3188 sibi
1037 3133 1386 3198 conveniunt,
1420 3143 1476 3190 ut
1516 3150 1651 3189 unus
1696 3133 1811 3189 dies
1857 3133 1925 3188 sit

344 3213 470 3258 ante
499 3203 715 3275 Legem,
745 3203 958 3275 quando
978 3215 1250 3274 peccatum
1275 3207 1469 3260 latebat
1498 3221 1512 3259 :
1544 3215 1598 3261 et
1623 3205 1742 3258 huic
1771 3219 1924 3259 acce-

343 3275 424 3327 dit
465 3290 569 3328 nox
613 3277 723 3340 illa,
769 3276 910 3346 quod
951 3277 1120 3344 puella
1151 3287 1357 3331 mortua
1400 3277 1450 3330 in
1496 3277 1656 3330 domo
1688 3277 1918 3344 jacebat,

344 3353 595 3416 tanquam
626 3358 894 3416 peccatum
915 3347 1047 3400 intra
1075 3347 1452 3401 conscientiam
1477 3347 1688 3401 latebat.
1722 3347 1923 3401 Secun-

342 3415 444 3486 dus
483 3417 596 3470 dies
628 3415 713 3470 sit
755 3417 861 3486 sub,
899 3416 1056 3486 Lege,
1089 3418 1301 3486 quando
1345 3418 1543 3471 dictum
1587 3427 1668 3472 est
1697 3417 1918 3484 homini,

346 3485 471 3559 Non
490 3489 810 3559 concupisces
841 3485 1033 3559 (Exod.
1064 3485 1150 3550 xx,
1181 3489 1302 3559 l7);
1329 3497 1381 3542 et
1408 3498 1679 3558 peccatum
1711 3504 1924 3556 proces-

341 3557 412 3611 sit
442 3557 508 3610 ad
539 3557 806 3625 puhlicum
840 3557 930 3611 :‘et
956 3557 1078 3611 huic
1098 3557 1301 3612 accedit
1329 3557 1431 3612 nox
1466 3560 1571 3620 illa,
1603 3559 1743 3626 quod
1785 3560 1921 3613 lilius

342 3626 517 3699 viduae
545 3628 671 3683 l’oris
713 3638 946 3696 portam,
982 3637 1228 3697 tanquam
1259 3637 1530 3696 peccatum
1561 3629 1750 3682 animm
1780 3630 1919 3699 quod

343 3697 741 3770 intusilatehat,
771 3699 1034 3770 processit
1058 3699 1122 3752 ad
1151 3699 1436 3767 publicum.
1467 3700 1675 3754 Tertius
1703 3697 1817 3754 dies
1854 3701 1922 3754 sit

341 3769 446 3822 sub
475 3768 678 3831 Gratia,
707 3768 919 3838 quando
943 3769 1051 3837 jam
1094 3771 1209 3837 plus
1237 3781 1419 3839 peccat
1448 3771 1645 3834 anima,
1671 3771 1791 3839 quia
1821 3772 1923 3824 scit

343 3839 676 3911 voluntatem
707 3840 911 3894 Domini
939 3841 1042 3900 sui,
1062 3840 1250 3894 etfacit
1272 3841 1428 3911 digna
1459 3841 1625 3910 plagis
1646 3839 1794 3910 (Luc.
1824 3857 1916 3908 xu,

342 3910 458 3975 47),
491 3919 548 3964 et
575 3910 676 3964 sub
720 3919 864 3965 tanta
911 3911 1233 3979 plenitudine
1262 3910 1442 3980 gratia:
1463 3951 1476 3975 ,
1506 3912 1695 3966 merito
1733 3927 1920 3980 pecca-

344 3987 520 4033 torum
543 3981 652 4050 jam
679 3990 858 4050 putet:
891 3991 946 4035 et
979 3981 1101 4036 huic
1126 3983 1328 4036 accedit
1360 3997 1462 4036 nox
1497 3982 1579 4035 illa
1611 3982 1794 4036 mortis
1820 3983 1921 4036 La-

341 4052 452 4122 zari
497 4053 548 4106 in
593 4053 838 4122 sepulcro
872 4052 1133 4120 jacentis,
1181 4061 1430 4121 tanquam
1469 4053 1659 4107 anima:
1688 4055 1918 4122 peccatis

340 4121 550 4176 obruta:
579 4132 632 4176 et
659 4121 886 4177 retentis.
920 4123 972 4176 lu
1021 4123 1101 4175 his
1147 4123 1312 4177 tribus
1360 4123 1544 4178 diebus
1583 4132 1637 4176 et
1677 4121 1918 4179 noctibus

342 4190 443 4244 fuit
479 4192 723 4247 Christus
771 4195 820 4246 in
860 4193 1020 4247 corde
1058 4203 1248 4258 terrm;
1289 4193 1389 4247 hoc
1430 4203 1541 4257 est,
1581 4193 1748 4262 jacuit
1789 4195 1918 4252 ﬁdes

339 4262 542 4316 Christi
576 4265 626 4318 in
653 4265 901 4320 cordibus
926 4279 1109 4317 eorum
1143 4265 1231 4330 qui
1261 4263 1496 4318 habitant
1536 4265 1586 4318 in
1619 4273 1778 4318 terra.
1809 4265 1915 4320 lla-

342 4331 470 4404 bent
499 4349 627 4404 ergo
655 4335 845 4390 anima:
877 4335 926 4388 in
959 4333 1040 4388 his
1067 4333 1254 4390 diebus
1283 4345 1338 4392 et
1371 4335 1611 4390 noctibus
1640 4344 1694 4388 et
1720 4352 1915 4404 praece-

342 4411 430 4471 pta
462 4403 594 4475 legis
628 4414 680 4458 et
716 4419 873 4460 voces
913 4406 1234 4473 pmuiteutia:
1257 4447 1272 4471 ,
1309 4415 1366 4460 ut
1404 4421 1682 4474 resurgere
1711 4403 1918 4475 possint

337 4488 464 4546 cum
491 4475 722 4530 Christo.
751 4478 832 4531 Ad
856 4475 995 4529 diem
1024 4485 1077 4530 et
1100 4485 1305 4531 noctem
1338 4477 1550 4531 latentis
1579 4479 1798 4546 peccati,
1831 4480 1914 4534 lex

340 4544 430 4618 illa
447 4554 543 4618 est
566 4546 1039 4618 generalis,_Quod
1072 4546 1159 4600 tibi
1183 4547 1294 4614 ﬁeri
1322 4565 1420 4601 non
1451 4549 1520 4602 vis
1539 4589 1554 4614 ,
1580 4544 1672 4601 alii
1697 4565 1759 4618 ne
1786 4553 1916 4618 [ece-

335 4615 584 4687 ris(1‘ob.
619 4633 692 4682 tv,
727 4619 838 4682 16).
863 4616 929 4670 Ει
958 4633 1060 4670 vox
1092 4619 1416 4686 pmniteutim
1440 4619 1554 4685 ejus
1584 4627 1684 4684 est,
1718 4615 1916 4675 Delicta

338 4687 610 4760 iuventutis
657 4699 703 4760 et
741 4689 1040 4760 ignorantia:
1078 4705 1199 4760 mea:
1239 4706 1299 4742 ne
1334 4706 1521 4760 memor
1543 4689 1696 4757 fueris
1741 4689 1910 4759 (Psal.

341 4772 490 4830 xxiv,
522 4758 698 4830 7)._Ad
727 4758 1036 4830 sequentem
1059 4759 1197 4811 diem
1231 4759 1548 4813 manifestati
1578 4758 1797 4827 peccati,
1830 4761 1912 4816 lex

337 4828 426 4880 illa
459 4837 560 4893 est,
598 4827 715 4882 Non
740 4827 1060 4952 concufisces
1087 4830 1280 4898 (Exod.
1312 4847 1398 4895 xx,
1433 4831 1540 4890 l7).
1576 4830 1642 4884 Et
1671 4845 1770 4884 vox
1796 4847 1913 4902 pa:-

337 4899 577 4952 nitentia:
604 4899 719 4952 eius
745 4911 846 4952 est.
921 4901 986 4952 ibi
1013 4901 1108 4952 soli
1136 4901 1352 4952 peccavi.
1385 4910 1429 4952 et
1451 4901 1640 4952 malum
1670 4917 1840 4952 coram
1867 4913 1913 4952 te

336 4899 577 4968 nitentia:
604 4899 719 4968 ejus
745 4911 846 4964 est,
878 4899 986 4953 Tibi
1013 4901 1108 4953 soli
1135 4901 1352 4968 peccavi,
1385 4910 1429 4955 et
1451 4901 1640 4954 malum
1670 4899 1840 4955 coram
1867 4913 1913 4955 te

333 4969 436 5037 feci
459 4967 687 5038 (Psal.t.,
711 4972 788 5040 6).
818 4971 896 5024 Ad
918 4967 1296 5025 tertinm'dicm
1328 4980 1381 5026 et
1421 4981 1635 5026 noctem
1676 4973 1786 5040 jam
1829 4987 1912 5028 se-

336 5039 498 5105 pulta:
526 5040 718 5095 animae
746 5039 1128 5096 consuetudine
1150 5043 1369 5111 peccati,
1396 5041 1477 5096 lex
1505 5043 1589 5096 illa
1629 5039 1710 5096 εει
1729 5083 1744 5109 ,
1782 5042 1913 5098 Ecce

331 5125 490 5184 sanus
511 5111 674 5184 factus
694 5128 762 5184 es,
784 5114 897 5182 jam
927 5113 1030 5184 noti
1051 5129 1256 5178 peccare
1282 5113 1456 5184 (Joan.
1486 5129 1541 5184 7v,
1573 5113 1681 5184 14).
1715 5113 1782 5167 Ει
1810 5130 1908 5169 vox

335 5182 665 5246 paenitentia:
693 5181 808 5248 eius
835 5192 936 5248 est,
969 5181 1203 5246 Domine,
1233 5183 1387 5236 libera
1407 5181 1812 5237 animam'meam
1849 5186 1912 5239 de

331 5261 496 5304 morte
525 5249 695 5320 (Psal.
723 5268 864 5319 cxtv,
896 5257 986 5321 4);
1013 5263 1086 5316 et,
1118 5254 1352 5306 Eduxisti
1386 5255 1449 5307 ab
1475 5254 1652 5321 inferis
1689 5256 1911 5309 animant

330 5338 499 5394 meant
514 5328 534 5394 ί(
547 5321 691 5376 Psal.
720 5339 867 5383 xxtx,
893 5325 969 5393 4).
992 5325 1090 5378 Per
1109 5325 1207 5378 tria
1239 5325 1340 5394 ista
1366 5334 1600 5393 tempora
1631 5325 1790 5380 veluti
1820 5342 1912 5394 per

332 5401 443 5444 tres
469 5392 586 5446 dies
616 5403 898 5463 resurgunt
933 5392 1124 5448 animze
1160 5411 1278 5447 cum
1310 5392 1542 5460 Christo,
1565 5396 1758 5464 quibus
1782 5392 1912 5450 dici-

329 5470 420 5534 tur
449 5477 545 5534 per
573 5463 909 5532 prophetam,
944 5465 1223 5534 Resurgent
1248 5465 1458 5525 mortui,
1487 5475 1534 5519 et
1561 5463 1913 5520 excitabuntur

327 5533 416 5598 qui
443 5533 495 5585 in
519 5538 852 5606 monumeiitis
877 5545 993 5590 sunt
1012 5577 1025 5600 ,
1050 5545 1094 5588 et
1113 5533 1448 5588 exsultabant
1481 5552 1651 5590 onmes
1684 5538 1768 5606 qui
1797 5547 1913 5591 sunt

327 5619 483 5676 super
505 5614 695 5676 terram
738 5603 886 5676 (Isai.
919 5623 1066 5670 xxw,
1098 5607 1205 5670 19).
1237 5606 1303 5659 Et
1340 5607 1531 5674 quibus
1562 5623 1653 5672 per
1680 5603 1909 5676 Aposto-

329 5672 458 5747 luur
483 5674 700 5747 dicitur,
743 5672 928 5747 Surge,
957 5679 1042 5744 qui
1071 5677 1276 5747 dormis,
1303 5689 1348 5730 et
1360 5672 1585 5747 exsurge
1611 5695 1643 5730 α
1681 5672 1910 5740 mortuis,

326 5753 372 5796 rt
395 5743 705 5799 ittuminabit
731 5756 777 5800 te
800 5743 1029 5802 Christus
1056 5745 1266 5818 (Ep/tes.
1292 5763 1346 5813 v,
1382 5746 1489 5819 H).
1515 5743 1578 5802 Et
1598 5748 1708 5818 jam
1739 5763 1915 5805 resur-

390 5881 409 5912 ι
443 5887 587 5931 Juxta
609 5886 685 5931 Er.
708 5881 855 5937 Lugd.
877 5889 992 5931 Ven.
1016 5888 1145 5942 μοι,
1171 5877 1286 5940 {oris
1304 5879 1354 5930 in
1386 5886 1540 5943 porta.
1605 5887 1660 5931 Μ,

1477 403 1708 464 SERMO
1745 401 1835 457 AD
1873 397 2436 463 CATECllUMENOS.

3513 421 3616 477 658

2034 519 2296 601 gentibus,
2333 520 2433 601 hoc
2454 535 2564 601 est,
2595 542 2622 580 a
2662 531 2891 599 peccatis
2919 530 3154 588 liberatis
3182 533 3328 601 dicit,
3353 533 3415 590 Si
3442 553 3613 590 surre-

2031 593 2175 672 xistis
2194 606 2306 672 cum
2334 593 2563 672 Christo,
2589 593 2700 672 qua;
2724 618 2922 655 sursum
2949 613 3064 658 sunt
3087 593 3327 672 quaerite,
3357 605 3443 658 ubi
3469 605 3611 661 Chri-

2032 670 2138 746 ἕως
2168 671 2238 735 est
2276 663 2355 746 ad_
2373 663 2626 722 dexteram
2669 669 2761 724 Dei
2803 674 2978 728 sedens
3007 663 3223 746 (Cotoss.
3254 663 3330 738 tu,
3358 676 3410 744 1)
3440 694 3452 729 :
3491 678 3612 742 quia

2035 729 2288 816 Dominus
2330 733 2485 816 .iesus
2523 754 2807 816 resurgens
2832 757 2861 796 a
2903 729 3613 816 mor‘tuis,assumptus'est

2034 802 2088 852 in
2117 802 2280 854 caelos
2309 814 2359 858 et
2390 806 2538 862 Sedet
2563 810 2628 863 ad
2659 802 2930 865 (hesteram
2962 814 3053 867 Dei
3083 802 3272 869 Patris.

2103 873 2327 956 CAP-ili
2349 875 2476 956 ,νη
2497 910 2569 956 ——_
2591 881 2641 934 7.
2672 881 2902 956 Christus
2933 893 2986 936 ut
3022 886 3170 956 homo
3192 927 3206 951 ,
3232 884 3367 938 sedet
3394 885 3462 939 ad
3487 887 3612 941 dea:-

2034 951 2190 1026 terain
2216 941 2492 1026 Patris;_ut
2529 949 2694 1026 Deus,
2725 953 2904 1026 ubique
2931 963 3018 1026 est.
3049 941 3289 1026 Quis'cst
3323 956 3414 1026 qui
3460 957 3610 1010 sedet

2030 1013 2096 1095 ad
2128 1013 2398 1068 dexteram
2422 1017 2594 1073 Patris
2610 1013 3103 1095 ?_llomo'Christu§.
3129 1025 3258 1079 Nam
3279 1013 3608 1095 in'quantum

2033 1081 2172 1136 Deus
2195 1125 2210 1149 ,
2239 1100 2449 1164 semper
2472 1104 2590 1164 cum
2623 1092 2777 1146 Patre
2802 1103 2855 1148 et
2895 1111 2956 1147 ex
2994 1095 3183 1164 Patre;
3216 1105 3270 1150 et
3299 1081 3508 1164 quando
3541 1097 3608 1152 ad

1983 1205 1988 1208 -
2031 1168 2130 1206 "05
2153 1161 2428 1222 hrocessil,
2456 1174 2482 1210 a
2503 1160 2658 1215 Patre
2680 1178 2783 1216 non
2810 1163 3046 1219 recessit.
3078 1165 3188 1219 Hoc
3216 1160 3462 1220 estenim
3491 1183 3608 1221 esse

2032 1223 2196 1311 Reum
2218 1265 2232 1287 ,
2263 1227 2475 1311 ubique.
2498 1245 2618 1286 e-se
2645 1241 2854 1311 _totum.
2892 1234 3058 1311 Totus
3103 1251 3229 1305 ergo
3262 1236 3426 1311 Filius
3470 1237 3610 1305 apud

2032 1293 2262 1376 Patrem,
2296 1293 2436 1376 totus
2463 1299 2515 1376 in
2557 1302 2717 1368 cmlo,
2747 1312 2888 1358 totus
2917 1306 2966 1358 in
2997 1315 3134 1360 terra
3160 1293 3346 1369 totus
3373 1309 3424 1360 in
3459 1293 3609 1360 ut'cro

2030 1371 2271 1446 virginis,
2301 1375 2438 1446 totus
2468 1371 2518 1424 in
2546 1387 2724 1446 cruce,
2757 1383 2897 1446 lotus
2921 1377 2972 1428 in
3003 1376 3227 1435 inferno.
3260 1386 3400 1431 totus
3432 1379 3484 1430 in
3519 1394 3609 1446 pa-

2031 1435 2208 1489 radiso
2236 1453 2340 1516 quo
2364 1439 2622 1516 latronem
2650 1435 2956 1516 introduxit.
2981 1446 3094 1500 Non
3129 1463 3222 1516 per
3247 1447 3456 1503 diversa
3477 1435 3611 1501 tetu-

2033 1519 2158 1588 pora
2182 1507 2262 1588 vel
2292 1508 2403 1563 loca
2433 1509 2656 1588 dicimus
2681 1515 2872 1588 uhique
2894 1532 3011 1570 esse
3037 1507 3202 1572 totum
3227 1561 3240 1582 ,
3273 1529 3326 1572 ut
3356 1518 3514 1572 modo
3539 1519 3606 1570 ihi

2031 1583 2175 1660 tritus
2209 1580 2383 1660 sit,et
2409 1580 2513 1635 alio
2537 1580 3114 1660 _temp_ore'_alihi_totns
3143 1606 3156 1642 :
3189 1580 3280 1660 sed
3310 1598 3369 1660 ut
3392 1605 3610 1660 semper

2033 1645 2226 1728 ubique
2249 1650 2323 1728 _sit
2348 1659 2507 1705 totus.
2534 1654 2587 1728 Si
2620 1645 2761 1709 enim
2790 1656 2928 1711 Deus
2961 1658 3060 1712 hoc
3089 1658 3330 1728 praestitit
3358 1658 3478 1712 huic
3508 1645 3607 1712 luci

2033 1731 2150 1803 qua:
2177 1717 2384 1773 videtur
2422 1724 2619 1803 nostris
2661 1728 2992 1803 aspectibus,
3026 1717 3266 1803 ιη’δίψιιι
3289 1739 3394 1783 tota
3418 1729 3611 1803 ubique

2035 1795 2150 1871 sit_:
2177 1803 2349 1871 neque
2387 1795 2527 1846 enim
2569 1797 2781 1864 quando
2823 1798 2910 1852 hic
2935 1808 3033 1862 est,
3067 1801 3117 1871 in
3155 1799 3374 1871 Oriente
3421 1799 3502 1854 vel
3526 1795 3604 1853 _iu

2033 1856 2151 1940 aiiis
2172 1860 2411 1940 partibus
2441 1856 2700 1919 terrarum
2730 1884 2832 1920 non
2871 1878 2986 1930 est;
3019 1856 3112 1924 sed
3145 1869 3335 1939 ubique
3365 1879 3472 1924 tota
3502 1880 3606 1934 est,

2031 1936 2083 2009 et
2111 1931 2161 1980 in
2192 1931 2441 2010 euntibus
2478 1942 2585 1987 tota
2612 1945 2711 2000 est,
2744 1947 2798 1993 ct
2840 1941 3076 1995 omnium
3121 1931 3306 1995 oculos
3345 1945 3520 2000 satiat,
3552 1931 3608 1996 et

2032 2012 2142 2066 ipsa
2191 2009 2751 2076 integra__perseverat
2801 2026 2815 2062 :
2873 2011 2916 2064 si
2969 2010 3070 2065 hoc
3122 2021 3294 2076 potest
3339 2020 3606 2074 creatura,

2032 2078 2231 2149 quanto
2278 2072 2505 2149 amplius
2551 2075 2664 2149 ipse
2703 2077 2962 2134 Creator?
2999 2081 3101 2136 Sed
3123 2072 3233 2134 hoc
3263 2081 3402 2149 quod
3440 2072 3608 2136 Filius

2033 2137 2229 2221 dicitur
2285 2141 2474 2221 sedere
2518 2137 2584 2200 ad
2630 2147 2904 2203 dexteram
2950 2151 3162 2215 Patris,
3213 2137 3609 2206 demonstratur

2031 2211 2171 2278 quod
2205 2211 2496 2292 ipsehoino
2525 2231 2678 2292 quem
2707 2221 2941 2290 suscepit
2974 2211 3216 2276 Christus
3240 2263 3254 2288 ,
3289 2230 3605 2291 potestatem

2031 2282 2295 2349 acceperit
2317 2282 2622 2349 judicautis.

2057 2419 2066 2426 _
2101 2348 2186 2434 C:_\
2195 2348 2330 2434 P-U'l"
2356 2353 2482 2434 Vill.
2502 2385 2572 2395 -
2592 2357 2644 2412 8.
2663 2358 2916 2434 Adventus
2935 2359 3121 2434 Christi
3134 2361 3201 2414 ad
3210 2361 3466 2434 judicium
3484 2377 3609 2431 qua-

2031 2419 2112 2473 lis.
2154 2421 2280 2498 lnde
2319 2424 2459 2478 enim
2491 2437 2748 2498 venturus
2779 2440 2860 2484 est
2896 2430 3137 2498 judicare
3178 2419 3324 2487 vivos
3365 2442 3418 2486 et
3458 2419 3605 2484 πίοι·-

2034 2498 2170 2543 tuos.
2200 2491 2637 2571 édventumejus
2660 2499 2790 2554 liber
2814 2491 3008 2554 indicat
3049 2503 3277 2555 Actuum
3319 2501 3596 2571 Apostolo-

2031 2575 2168 2613 rum.
2199 2561 2383 2616 Postea
2425 2561 2566 2620 enini
2610 2584 2766 2635 quam
2808 2586 2836 2621 a
2874 2572 3097 2625 mortuis
3137 2561 3446 2636 resurrexit,
3479 2587 3608 2624 con-

2029 2643 2270 2715 versatus
2305 2643 2386 2715 est
2423 2652 2542 2689 cum
2581 2637 2853 2715 discipulis
2883 2642 2992 2694 suis
3031 2641 3377 2715 quadraginta
3417 2641 3606 2715 diebus

2031 2711 2084 2754 et
2127 2701 2470 2784 quadraginta
2514 2701 3022 2784 noctibus,_intrans
3048 2701 3100 2784 et
3129 2701 3312 2784 exie‘iis
3333 2753 3346 2773 ,
3377 2712 3604 2784 mandu-_

2031 2785 2158 2846 cans
2198 2781 2250 2826 ct
2290 2773 2490 2836 bibens,
2524 2793 2626 2830 non
2670 2780 2808 2846 quod
2844 2781 3062 2836 haberet
3092 2782 3483 2845 infirmitatem,
3510 2782 3604 2836 sed

2032 2850 2088 2922 ut
2116 2843 2334 2898 doceret
2360 2847 2652 2922 veritateim
2681 2843 3095 2922 Quadragcsimo
3124 2853 3231 2917 die,
3263 2853 3390 2922 ipsis
3421 2843 3604 2906 viden-

2032 2911 2172 2988 tibus
2194 2923 2246 2966 et
2273 2916 2499 2988 quodam
2522 2911 2759 2988 modoin
2788 2911 2979 2975 caelum
3007 2923 3174 2976 oculis
3197 2911 3598 2984 deducentibus,

2030 2986 2312 3063 astiterunt
2337 2986 2466 3063 illis
2501 2987 2604 3063 duo
2636 2991 2729 3063 viri
2771 2991 2842 3063 in,
2867 3004 3014 3047 veSte
3043 2993 3159 3047 alba
3181 3034 3194 3053 ,
3227 2995 3315 3063 qui
3355 2993 3604 3063 dixerunt

2029 3053 2106 3128 eis
2141 3070 2153 3106 :
2199 3053 2300 3128 Viri
2329 3055 2546 3122 Galilwi,
2579 3060 2702 3128 quid
2728 3062 2872 3115 statis
2906 3064 3151 3117 intuentes
3178 3053 3467 3116 in'cmtum?
3495 3061 3600 3117 Iste

2027 3121 2179 3176 Jesus
2206 3126 2290 3197 qui
2331 3121 2616 3197 assumptus
2654 3141 2726 3184 est
2763 3133 2815 3185 in
2855 3133 3034 3186 caelum
3075 3150 3106 3186 α
3154 3134 3307 3197 vobis,
3336 3133 3407 3186 sic
3446 3135 3602 3186 veniet

2028 3195 2449 3274 quemadmodum
2491 3195 2682 3274 uidistis
2720 3218 2830 3255 eum
2864 3213 3062 3274 euntem
3094 3204 3148 3258 in
3187 3195 3363 3258 cwlum
3392 3204 3538 3274 (Act.
3566 3220 3599 3263 ι,

2028 3263 2202 3346 5-11).
2233 3266 2419 3346 Veniet
2441 3283 2587 3339 ergo,
2617 3269 2807 3346 fratres
2838 3273 2961 3338 mei,
2993 3275 3166 3329 veniet
3196 3290 3209 3328 :
3241 3275 3326 3328 ille
3352 3263 3440 3344 qui
3460 3275 3604 3346 prius

2030 3338 2174 3416 venit
2216 3338 2475 3418 occultus,
2511 3338 2692 3418 veniet
2735 3343 3088 3418 inpotestale
3127 3338 3471 3418 manifestus;
3515 3344 3601 3418 ille

2027 3405 2401 3483 quiju_dicatus
2430 3419 2542 3474 est,
2577 3412 2751 3466 veniet
2789 3405 3152 3482 judicaturus;
3194 3416 3281 3470 ille
3317 3415 3406 3483 qui
3457 3405 3601 3467 stetit

2027 3483 2149 3548 a_nte
2193 3476 2484 3545 hominem,
2525 3476 2857 3548 judicaturhs
2904 3494 2986 3539 est
3048 3476 3262 3541 omnem
3306 3476 3595 3539 hominem.

2026 3543 2165 3627 Deus
2192 3543 2484 3627 manifestus
2516 3543 2859 3627 ueniet._Quid
2889 3565 2988 3627 est,
3019 3554 3158 3610 Deus
3195 3557 3487 3627 manifestus
3517 3572 3601 3610 re-

2027 3617 2166 3691 iiiet?
2193 3617 2306 3671 Non
2332 3617 2467 3691 sicut
2499 3623 2670 3689 prius,
2705 3617 2864 3679 homo
2891 3617 3132 3691 humilis;
3171 3625 3264 3680 sed
3297 3617 3433 3679 sicut
3463 3627 3598 3678 Deus

2029 3685 2220 3752 homo,
2253 3685 2528 3758 majestate
2557 3694 2818 3749 sublimis.
2859 3694 2922 3748 Et
2951 3685 3201 3766 judicabit
3222 3694 3411 3818 sPsat.
3441 3711 3561 3749 xux
3582 3737 3594 3755 .

2029 3756 2104 3818 5)-
2133 3756 2409 3818 Quomodo
2436 3761 2729 3818 iudicabit?
2754 3766 2865 3818 Non
2895 3768 3034 3818 enim
3073 3775 3128 3818 ut
3167 3767 3215 3818 in
3256 3781 3323 3818 ex
3356 3775 3594 3818 terrenus

2025 3756 2104 3826 5).
2133 3756 2409 3839 Quomodo
2435 3761 2729 3828 judicabit?
2754 3766 2865 3818 Non
2895 3756 3034 3839 eu'itn
3073 3775 3128 3818 ut
3159 3756 3323 3834 judcx
3356 3775 3597 3839 terrenus

2024 3837 2341 3894 quaesiturus
2377 3842 2459 3883 est
2499 3842 2658 3886 testes
2684 3844 2740 3888 ut
2779 3845 2830 3890 te
2873 3837 3170 3896 convincat,
3203 3845 3293 3889 aut
3317 3838 3593 3888 veritatem

2027 3912 2120 3978 per
2142 3907 2403 3978 tormenta
2423 3903 2784 3978 requisiturus
2811 3913 2866 3958 ut
2890 3907 3189 3978 confessum
3220 3907 3439 3978 puniat;
3470 3921 3591 3978 cum

2019 3968 2393 4042 judexisedcat
2422 3968 2528 4040 ipsa
2556 3973 2756 4040 justitia
2777 4017 2791 4040 ,
2820 3984 2872 4029 et
2894 3977 3043 4030 testis
3070 3976 3166 4029 sibi
3204 3968 3272 4030 sit
3317 3977 3426 4042 ipsa
3456 3976 3593 4029 mala

2024 4040 2370 4114 conscientia.
2407 4042 2496 4096 Ille
2526 4043 2709 4109 judex,
2736 4045 3082 4106 dilectissimi,
3118 4062 3217 4101 nec
3243 4040 3408 4114 gratia
3457 4061 3592 4114 ιιι-τεο

2025 4111 2251 4173 venitur,
2280 4128 2391 4184 nec
2418 4114 2777 4168 misericordia
2805 4116 2913 4184 jam
2947 4117 3210 4180 ﬂectitur;
3244 4111 3343 4171 nec
3374 4111 3592 4182 pecunia

2023 4181 2400 4258 corrumpitur,
2457 4200 2554 4238 nec
2597 4181 2955 4258 satisfactione
2990 4188 3275 4258 mitigatur.
3323 4181 3438 4249 llic,
3486 4185 3590 4250 hic,

2022 4250 2153 4326 d_u_m_
2183 4259 2389 4320 tempus
2427 4264 2529 4320 est,
2557 4255 2809 4326 quidquid
2840 4267 3009 4326 potest
3039 4250 3212 4312 anima
3239 4266 3359 4326 agat
3389 4272 3482 4325 pro
3511 4270 3592 4319 se.

2023 4321 2108 4374 ubi
2141 4322 2396 4397 locusest
2423 4321 2802 4382 misericordiae
2837 4321 2852 4380 Ξ
2880 4344 3000 4382 nam
3033 4329 3102 4382 ibi
3123 4328 3245 4397 quid
3275 4321 3370 4397 pro
3390 4321 3457 4381 'sc
3475 4337 3596 4396 agat

2024 4405 2128 4466 non
2167 4393 2404 4457 habebit,
2439 4397 2558 4464 quia
2581 4398 2801 4464 justitia:
2831 4400 2996 4454 solius
3024 4393 3170 4454 locus
3200 4393 3320 4453 erit.
3355 4397 3450 4451 llic
3473 4393 3596 4466 agat

2021 4465 2196 4538 anima
2228 4466 2614 4532 paenitentiam,
2637 4477 2692 4521 ut
2711 4469 2798 4523 ille
2818 4471 2987 4538 possit
3008 4479 3212 4524 mutare
3235 4465 3552 4538 sententiam
3576 4485 3590 4521 :
3643 4495 3646 4498 λ

2023 4531 2222 4608 [ιὶολιιρι
2248 4550 2435 4608 panem
2457 4577 2472 4600 ,
2493 4547 2562 4608 fut
2589 4531 3181 4608 accipiat'postmodum
3214 4541 3472 4603 salutem;
3511 4537 3596 4592 hic

2022 4601 2636 4678 f30_ia_tjuig'rieiirdiatu,
2661 4601 2722 4662 ιιὶ
2744 4610 2810 4664 ibi
2839 4601 3075 4665 inveniat
3101 4601 3499 4678 indulgentiam.

2089 4674 2315 4751 CAPUT
2361 4676 2450 4751 IX.
2478 4678 2620 4751 -_—-_9,
2649 4679 2768 4733 Tres
2792 4697 3030 4751 personas
3063 4697 3168 4734 esse
3207 4674 3361 4734 unum
3407 4677 3591 4731 Deum.

2019 4743 2371 4820 Credimuset
2398 4749 2448 4800 in
2480 4748 2733 4816 Spiritum
2768 4743 3034 4805 sanctum.
3061 4751 3313 4820 Spiritum
3351 4757 3593 4820 salictum

2020 4817 2184 4870 Deum
2211 4815 2438 4873 dicimus
2457 4858 2474 4886 ,
2505 4815 2601 4874 nec
2624 4829 2797 4874 tamen
2842 4821 3066 4875 dicimus
3089 4815 3294 4874 Patrem
3322 4827 3374 4873 et
3400 4817 3591 4871 Filium

2017 4897 2071 4940 et
2096 4886 2348 4954 Spiritum
2375 4899 2615 4943 sanctum
2639 4899 2746 4944 tres
2790 4891 2948 4955 deos,
2976 4891 3068 4945 sed
3109 4906 3302 4954 unum;
3333 4889 3454 4957 quia
3491 4901 3591 4940 una

2017 4968 2099 5013 est
2127 4963 2429 5030 :Bterni'as,
2457 4974 2558 5030 una
2581 4959 2829 5028 majestas
2847 5001 2863 5026 ,
2891 4957 2991 5014 una
3024 4969 3272 5030 potestas.
3306 4959 3462 5030 Pater
3488 4972 3592 5010 n0u

2018 5039 2098 5082 est
2129 5026 2311 5089 Filius.
2343 5029 2436 5084 sed
2465 5029 2620 5083 Pater
2657 5026 2739 5082 est
2759 5030 2908 5095 Filii;
2944 5026 3106 5083 Filius
3137 5044 3239 5083 non
3280 5037 3362 5082 est
3401 5028 3590 5090 Pater,

2017 5099 2110 5153 sed
2137 5100 2302 5152 Filius
2326 5110 2407 5152 est
2435 5099 2637 5164 Patris;
2665 5099 2891 5166 Spiritus
2929 5109 3142 5153 sanctus
3173 5113 3269 5152 nec
3293 5098 3449 5152 Pater
3469 5107 3552 5152 est
3573 5139 3590 5162 ,

2017 5184 2118 5224 nec
2144 5170 2338 5232 Filius,
2371 5169 2464 5223 sed
2511 5168 2735 5238 Spiritus
2762 5181 2845 5223 est
2869 5170 3041 5223 Patris
3067 5180 3120 5223 et
3160 5169 3276 5223 Filii
3299 5185 3312 5222 :
3336 5177 3446 5223 tres
3471 5183 3593 5238 per-

2015 5256 2183 5305 sonae,
2207 5238 2299 5292 sed
2328 5254 2462 5309 unus
2503 5240 2660 5309 Deus.
2687 5239 2995 5304 Quomodo,
3029 5239 3204 5309 inquis
3226 5281 3242 5304 ,
3266 5247 3376 5294 tres
3423 5239 3591 5293 norni-

2017 5326 2134 5375 nas,
2161 5319 2214 5364 et
2243 5325 2402 5360 unum
2433 5307 2606 5362 dicis?
2629 5308 2862 5365 Ostende
2883 5309 2982 5364 hoc
3007 5307 3349 5376 aut‘ratione,
3381 5318 3470 5363 aut
3498 5309 3594 5362 ali-

2017 5397 2118 5450 qua
2143 5377 2493 5450 similitudine
2512 5420 2533 5450 ,7
2563 5394 2655 5447 per
2679 5395 2836 5449 quam
2889 5380 3110 5449 intelligi
3150 5381 3315 5448 possit
3339 5381 3592 5448 quidnam

2019 5449 2142 5506 illud
2167 5451 2254 5503 sit.
2283 5449 2412 5514 Qtue
2442 5449 2595 5513 ratio,
2625 5461 2717 5502 aut
2740 5466 2856 5518 qua:
2876 5451 3165 5505 similitudo
3195 5451 3268 5504 illi
3301 5451 3379 5506 rei
3410 5451 3595 5505 invisi-

2021 5522 2111 5574 hili
2137 5519 2457 5590 comparari)
2485 5520 2697 5587 potest?
2729 5520 2825 5575 Det
2867 5531 3044 5576 tamen
3078 5523 3285 5577 veniam
3315 5521 3430 5590 ejus
3479 5536 3595 5573 ma-

2015 5593 2182 5662 jestas
2205 5633 2220 5650 ,
2251 5591 2373 5657 quia
2414 5589 2641 5662 aliquam
2673 5591 3068 5646 similitudinem
3105 5608 3224 5662 qua:
3268 5589 3500 5646 oceurrit
3529 5605 3593 5662 ex

2021 5659 2134 5730 ejus
2159 5672 2398 5714 creatura
2432 5661 2578 5728 ponit
2616 5672 2792 5714 nostra
2817 5659 3233 5731 intirmitasfper
3260 5677 3418 5731 quam
3448 5659 3596 5714 intel-

2023 5733 2184 5801 ligare
2215 5731 2378 5802 possit
2407 5740 2579 5784 vestra
2608 5732 2866 5788 Charitas.
2899 5735 3005 5788 Nisi
3031 5735 3171 5788 enim
3208 5732 3296 5787 ille
3327 5731 3599 5802 permitte:

2024 5798 2138 5866 ret,
2165 5801 2284 5870 quis
2309 5810 2546 5873 nostrum
2579 5801 2644 5873 de
2690 5804 2804 5872 ejus
2849 5805 3122 5873 divinitate
3156 5802 3296 5873 loqui
3327 5798 3598 5873 auderet?

2024 5873 2136 5929 Non
2159 5879 2309 5926 vacat
2331 5870 2471 5939 quod
2497 5872 2672 5928 omnis
2698 5870 2941 5928 creatura
2971 5872 3205 5941 subjecta
3227 5870 3304 5928 sit
3326 5872 3597 5934 Creatori;
