4078 6568
453 442 459 450 ,
485 383 586 445 Ges

480 498 607 551 test?
625 496 679 552 Si
701 505 879 562 autem
897 494 1106 551 videbat
1127 509 1246 548 eum
1268 493 1494 565 Moyses,
1518 492 1642 563 quid
1661 501 1742 565 est
1764 494 1904 565 quod
1928 495 2068 552 idem

481 569 591 637 ipse
615 580 731 635 post
758 566 1024 636 paululum
1050 581 1145 634 pro
1173 563 1368 637 magno
1392 566 1540 637 petit,
1567 574 1624 618 et
1646 563 1794 628 dicit,
1818 564 1878 637 Si
1905 568 2070 620 inveni

402 701 409 708 ι
479 635 698 708 gratiam
719 635 833 691 ante
854 647 927 702 te,
956 637 1159 690 ostende
1183 636 1306 688 mihi
1329 635 1506 708 fariem
1531 644 1667 708 tuam
1687 652 1707 701 ,'
1737 644 1790 690 et
1816 635 2070 693 Dominus

482 708 551 762 illi
576 752 589 772 ,
623 707 802 763 Facies
826 709 1028 778 quidem
1049 723 1160 759 mea
1185 722 1285 759 non
1312 705 1556 778 videbitur
1577 706 1828 778 Iibirsnon
1851 708 1980 778 enim
1999 709 2070 759 vi—

482 778 614 831 dubi!
641 782 754 849 quis
775 776 956 849 faciem
983 795 1144 831 meam
1170 785 1214 830 et
1235 776 1408 849 uiuet?
1436 776 1531 849 U_bi
1561 776 1792 849 estillud
1822 777 2069 849 quodvi-

479 846 670 903 debat?
691 849 756 903 Et
775 846 819 903 si
843 849 1076 911 videbat,
1097 863 1197 902 cur
1216 846 1552 902 desiderabat
1573 847 1755 901 videre
1771 847 1909 916 Quod
1935 847 2070 902 vide-

482 920 606 973 bat?
639 922 707 974 At
736 920 1006 987 quomodo
1037 919 1109 972 illi
1135 919 1428 988 negabatur
1456 916 1508 971 id
1540 916 1679 985 quod
1704 917 2068 988 jamdemon—

480 989 780 1043 strabatur?
810 990 1038 1044 Exercet
1064 987 1330 1058 ingenium
1353 989 1660 1058 quaerentis.
1675 987 1907 1058 Videbat
1928 987 2072 1058 Moy-

481 1075 568 1114 ses
601 1060 766 1114 Deum
801 1076 905 1113 non
934 1059 1101 1113 oculis
1127 1057 1422 1127 corporeis,
1451 1057 1545 1112 sed
1568 1057 1736 1112 oculis
1761 1059 1972 1112 mentis.
2004 1057 2071 1112 Et

479 1131 601 1199 quia
632 1130 717 1184 lux
742 1130 829 1184 illa
862 1138 1144 1199 perpetua,
1178 1145 1296 1198 quze
1327 1129 1465 1199 Deus
1493 1137 1593 1193 est,
1620 1128 1886 1199 plus_cum
1911 1144 2069 1197 quam

479 1197 705 1257 caeteros
736 1197 1127 1264 illustraverat,
1178 1197 1297 1253 ideo
1325 1198 1524 1253 dictum
1556 1207 1669 1260 est,
1723 1197 1793 1251 Os
1818 1198 1888 1251 ad
1911 1216 1965 1251 os
1995 1199 2072 1252 lo-

480 1270 724 1340 quebatur
748 1269 828 1324 illi
848 1286 865 1324 :
885 1286 947 1325 ac
968 1271 1010 1324 si
1041 1270 1324 1331 diceretur,
1353 1269 1478 1340 Plus
1497 1269 1744 1323 omnibus
1765 1267 2071 1340 manifesta-

481 1337 566 1394 tus
595 1350 678 1396 est
708 1341 801 1396 illi.
831 1341 886 1395 ln
926 1356 990 1396 eo
1031 1349 1206 1394 autem
1237 1338 1378 1410 quod
1408 1338 1607 1393 dictum
1641 1349 1721 1393 est
1741 1380 1755 1402 ,
1787 1337 1908 1392 Non
1938 1341 2070 1393 enint

481 1411 593 1480 quis
641 1412 822 1482 poterit
851 1410 1016 1465 videre
1063 1411 1243 1482 faciem
1285 1426 1448 1482 meam
1487 1419 1533 1482 e_t
1574 1411 1766 1476 vivere;
1797 1421 2069 1482 ostensum

481 1490 564 1534 est
593 1480 859 1537 neminem
895 1482 974 1536 his
1001 1480 1170 1536 oeulis
1192 1481 1462 1550 corporeis
1499 1480 1660 1533 Deum
1690 1495 1844 1549 posse
1866 1481 2067 1535 videre.

483 1551 618 1675 Quid
668 1561 845 1606 autem
895 1567 1209 1607 concessum
1267 1552 1335 1605 sit
1383 1550 1689 1604 tidelissimo
1733 1551 1929 1605 famulo
1978 1551 2070 1604 Dei

485 1622 511 1675 ll
537 1623 650 1675 ovsi
671 1664 685 1675 .
719 1639 786 1675 ne
817 1633 921 1675 tam
951 1638 1199 1675 magnum
1233 1621 1350 1675 eius
1374 1621 1698 1675 desiderium
1729 1622 1780 1674 in
1824 1622 2070 1675 omnibus

485 1621 650 1692 Moysi
671 1664 685 1687 ,
719 1639 786 1678 ne
817 1633 921 1676 tam
951 1638 1199 1692 magnum
1233 1621 1350 1689 ejus
1374 1621 1698 1675 desiderium
1729 1622 1780 1674 in
1824 1622 2073 1676 omnibus

484 1691 852 1757 frnSIraretur,
881 1691 1224 1748 debet’nosse
1259 1693 1501 1746 Charitas
1529 1700 1722 1745 vestra.
1752 1692 1958 1746 Dictum
1990 1701 2075 1747 cst

485 1763 614 1825 illia
659 1764 1061 1829 Domino,sicut
1093 1763 1276 1818 eadem
1317 1762 1587 1832 Scriptura
1635 1771 1851 1817 narrat:
1893 1761 2032 1816 Vade
2054 1804 2068 1826 ,

484 1835 698 1888 ascende
725 1851 876 1903 super
901 1844 1094 1905 petram
1135 1833 1187 1886 in
1229 1832 1427 1905 Horeb,
1458 1842 1502 1885 et
1536 1840 1614 1905 sto
1645 1832 1750 1905 ibi;
1793 1842 1838 1885 et
1865 1833 2072 1905 transiet

484 1905 690 1966 claritas
710 1921 819 1958 mea
844 1902 960 1958 ante
975 1914 1041 1965 te,
1062 1914 1108 1957 et
1138 1904 1415 1974 posteriora
1440 1919 1550 1955 mea
1560 1902 1755 1974 uidebis
1779 1919 1796 1956 :
1819 1904 1972 1974 facies
1988 1921 2074 1957 au-

489 1984 716 2045 tentimea
736 1976 1096 2045 nont'idebitur
1113 1975 1201 2028 tibi
1220 1973 1404 2045 (Num.
1432 1987 1530 2038 XII,
1549 1973 1602 2034 8,
1621 1982 1666 2026 et
1689 1973 1859 2045 Exod.
1884 1989 2069 2038 XXXIII,

487 2044 694 2115 15-25).
724 2045 800 2099 Ne
835 2044 972 2100 forte
1009 2044 1261 2113 subrepat
1291 2059 1571 2114 perversos
1607 2044 1940 2110 intellectus,
1981 2054 2074 2099 aut

488 2115 770 2177 lnrreticos
789 2131 999 2180 sensus,
1019 2125 1073 2169 et
1092 2125 1238 2186 putet
1259 2115 1382 2186 quis
1402 2115 1564 2186 Deum
1591 2129 1711 2186 esse
1731 2129 2068 2186 corporeum,

485 2186 668 2254 vigilet
713 2187 794 2254 pia
827 2186 959 2240 fides
982 2194 1040 2256 et
1065 2184 1324 2240 catholica
1355 2184 1616 2238 doctrina.
1666 2184 1899 2256 Mysticis
1928 2185 2069 2239 enim

487 2257 669 2325 liguris
700 2256 934 2324 loquitur
961 2255 1139 2310 divina
1169 2257 1461 2324 Scriptura,
1502 2255 1727 2309 servans
1750 2257 1908 2310 rebus
1938 2265 2073 2309 tem-

487 2342 648 2405 pora,
678 2329 867 2396 quibus
894 2327 1180 2405 recognitis
1206 2325 1495 2405 manifesta
1524 2335 1771 2405 exerceat
1807 2325 2028 2405 veritate
2053 2342 2066 2379 :

486 2395 734 2467 quoniam
767 2413 864 2452 nec
909 2397 1009 2451 hoc
1026 2395 1186 2451 vacat
1213 2412 1240 2449 a
1282 2397 1535 2467 mysterio
1559 2438 1574 2461 ,
1607 2395 1858 2467 iquodoin
1890 2408 2071 2451 monte

486 2466 663 2534 l-loreb
687 2483 849 2537 super
881 2477 1079 2537 petram
1106 2468 1288 2536 jussus
1317 2465 1400 2521 est
1424 2466 1717 2521 ascendere
1746 2465 1985 2537 Moyses,
2015 2478 2070 2523 et

487 2547 649 2591 stare.
673 2535 785 2608 Ipsa
813 2535 896 2592 est
921 2538 1013 2608 illa
1031 2535 1199 2606 petra,
1224 2553 1343 2608 qua:
1363 2552 1607 2608 percussa
1637 2535 1884 2608 produxit
1907 2552 2070 2607 aquas

527 2608 682 2676 opulo
703 2607 911 2679 sitienti
947 2607 1140 2679 (Exod.
1169 2607 1296 2671 ιιι-ιι,
1338 2609 1392 2677 6)
1422 2625 1434 2662 :
1464 2607 1530 2661 de
1569 2624 1669 2677 qua
1699 2607 1827 2679 dicit
1855 2617 2071 2663 sanctus

486 2622 682 2731 Bupttltt
713 2622 911 2662 sutenu
947 2622 1140 2679 (Exod.
1169 2624 1296 2671 xvn,
1338 2622 1392 2677 υ)
1422 2625 1434 2662 :
1464 2622 1530 2661 ae
1569 2624 1669 2677 qua
1699 2622 1827 2661 (llCll
1855 2622 2067 2663 sanctus

536 2679 671 2749 avid,
697 2678 923 2747 Disrupit
945 2689 1158 2749 petram,
1178 2688 1222 2733 et
1238 2680 1492 2748 ﬂuxerunt
1511 2693 1655 2746 aqum
1672 2676 1837 2749 (I_’sal.
1860 2693 2067 2742 Lxxvu,

483 2747 597 2818 20).
632 2751 916 2818 Apostolus
943 2747 1120 2804 autem
1148 2747 1421 2818 exponens
1453 2749 1555 2803 hoc
1575 2751 1680 2802 ait:
1707 2747 1889 2803 Patres
1910 2750 2068 2802 nostri

486 2836 649 2882 eseam
692 2821 1007 2885 spiritualem
1050 2819 1479 2890 manducauerunt
1504 2861 1519 2882 ,
1553 2829 1598 2872 et
1629 2819 1856 2890 eumdem
1898 2829 2070 2890 potum

488 2891 801 2951 spiritualem
822 2890 1068 2944 biberunt.
1102 2889 1344 2944 Bibebant
1369 2891 1502 2944 enim
1533 2890 1593 2960 de
1616 2888 2070 2960 spiritualifonse-

524 2969 667 3031 uente
692 2976 775 3031 eos
812 2972 954 3030 petra
979 2976 997 3014 :
1025 2971 1165 3031 petra
1192 2971 1360 3015 autent
1394 2970 1500 3031 erat
1530 2958 1760 3031 Christus
1791 2960 1833 3030 (l
1859 2958 1977 3014 Cor.
2011 2976 2066 3026 κ,

486 2976 667 3082 queute
692 2976 775 3015 eos
812 2976 954 3030 petra
979 2976 997 3014 :
1025 2976 1165 3031 petra
1192 2976 1360 3015 autent
1394 2976 1500 3012 erat
1530 2976 1760 3014 (mrtuus
1791 2976 1833 3030 (I
1859 2976 1977 3014 Lor.
2011 2976 2066 3026 x,

507 3087 513 3095 ι
537 3040 581 3082 et
603 3029 657 3101 5)
691 3029 805 3098 ipsa
834 3039 957 3085 sunt
978 3033 1063 3084 illa
1089 3033 1382 3100 posteriora
1408 3030 1522 3101 Dei,
1547 3029 1791 3084 Christus
1816 3031 1927 3084 Dei.
1961 3031 2072 3085 lloc

486 3099 854 3224 vidit'Mozses
896 3099 1294 3178 prophetando,
1337 3099 1476 3170 quod
1519 3101 1712 3154 Paulus
1741 3102 1958 3167 exponit
1986 3101 2064 3154 di-

488 3170 696 3224 cendo:
771 3188 855 3224 unt
897 3174 1061 3224 venit.
1105 3172 1308 3224 innuit.
1339 3171 1596 3224 plenitudo
1641 3172 2064 3224 temnarisnnisil

488 3170 696 3240 cendo;
729 3170 855 3224 Cum
897 3170 1061 3239 uenit,
1105 3172 1308 3240 inquit,
1339 3171 1596 3238 plenitudo
1641 3172 2070 3240 temporis,misit

494 3239 628 3314 Deus
671 3241 859 3314 Filium
906 3258 1053 3314 suum
1083 3239 1270 3314 factum
1309 3241 1619 3314 ea:__muliere
1662 3240 1858 3312 (Colat.
1885 3257 1955 3306 Iv,
1991 3241 2066 3313 4).

490 3309 759 3365 Mulierem
784 3311 869 3366 hic
897 3313 1063 3380 ponit,
1083 3309 1528 3368 eonSItctudinetn
1551 3309 1770 3366 servans
1791 3309 2070 3367 locutioois

493 3381 741 3446 hebra-ie,
773 3399 891 3452 qua:
918 3399 1103 3437 omnes
1130 3383 1356 3437 feminas
1383 3383 1634 3438 mulieres
1661 3383 1912 3452 appellat.
1937 3383 2068 3437 Nam

489 3453 744 3521 scriptum
776 3462 899 3522 est,
920 3453 1126 3508 Servate
1167 3454 1398 3506 mulieres
1433 3469 1544 3522 qua:
1580 3455 1804 3506 nondum
1829 3470 2072 3522 cognove-

490 3535 606 3574 runt
637 3524 796 3594 uirum
825 3521 1010 3594 (Num.
1053 3540 1175 3578 XXXI
1197 3565 1211 3587 ,
1246 3523 1334 3591 18)
1362 3541 1374 3576 :
1488 3523 1555 3578 dc
1593 3525 1702 3594 ipsa
1731 3523 1838 3577 Eva
1870 3521 2068 3579 dictum

493 3601 578 3664 est
593 3634 607 3657 ,
625 3591 1019 3647 Forntauit'eam
1040 3595 1090 3647 in
1113 3595 1373 3647 mulierem
1395 3593 1548 3664 (Gen.
1563 3591 1624 3657 II,
1641 3593 1753 3662 22);
1782 3605 2067 3664 antequam

491 3661 633 3736 illam
652 3664 790 3736 fill)
827 3665 1214 3736 coniungeret,
1241 3661 1699 3736 eampmuliercm
1715 3661 2036 3736 appellavit.

560 3733 784 3788 CAPUT
824 3734 909 3788 IV.
938 3733 1014 3774 '—
1042 3733 1095 3790 λι.
1129 3735 1314 3791 Christi
1341 3733 1613 3790 Nativitas.
1637 3733 1794 3789 Fides
1807 3733 1989 3791 autem
2017 3747 2071 3791 ct

488 3804 687 3872 veritas
715 3804 815 3858 hoc
842 3805 1114 3874 praedicat,
1143 3805 1283 3875 quod
1312 3805 1555 3860 Christus
1580 3807 1650 3860 sit
1680 3816 1835 3860 natus
1865 3823 1929 3860 ex
1955 3810 2066 3861 vir-

526 3875 630 3947 iiie.
658 3875 744 3931 Sic
775 3876 1056 3947 accepiSIis
1077 3917 1091 3936 ,
1119 3879 1196 3931 sic
1225 3892 1320 3930 vos
1352 3877 1574 3932 credere
1595 3877 1831 3940 dixistis,
1871 3877 2066 3930 Credo.

497 3945 616 4011 Ιιίυε
641 3947 886 4011 pativitas
907 3945 1006 4001 Dei
1028 3958 1081 4002 et
1103 3947 1334 4002 hominis
1359 3947 1492 4002 facta
1514 3957 1596 4002 est
1616 3962 1776 4002 causa
1801 3948 2027 4003 hominis
2054 3968 2065 4002 :

492 3963 616 4011 inec
679 3963 886 4003 attvnas
917 3963 1006 4001 uet
1028 3963 1081 4002 et
1105 3963 1334 4002 nomtms
1359 3963 1492 4002 laeta
1514 3963 1596 4002 ρει
1616 3963 1776 4002 causa
1801 3963 2027 4003 llomlttls
2054 3968 2065 4002 :

491 3963 818 4088 msulilimis
845 4018 931 4074 illa
955 4018 1201 4088 Majestas
1239 4019 1536 4087 procedens
1560 4034 1625 4072 ex
1656 4019 1820 4072 corde
1859 4019 2032 4074 Patris
2053 4062 2065 4081 ,

488 4085 789 4154 infundet-et
815 4103 873 4153 se
913 4089 962 4142 in
990 4085 1142 4144 utero
1169 4085 1383 4156 matris,
1430 4104 1588 4144 causa
1614 4089 1790 4159 exegit
1822 4090 2065 4158 pietatis;

491 4166 548 4228 ut
577 4159 735 4211 homo
763 4159 1087 4212 inveniretur
1117 4159 1350 4228 perditos
1370 4202 1384 4226 ,
1432 4170 1486 4213 et
1517 4160 1624 4214 Deo
1655 4160 1796 4214 Patri
1840 4175 1931 4228 per
1955 4161 2066 4216 Me-

489 4226 748 4293 diatorcm
785 4226 1151 4290 restitueretur
1175 4230 1436 4284 inventus.
1467 4229 1592 4282 Mira
1625 4241 1798 4285 tamen
1827 4226 1941 4285 haec
1972 4248 2065 4284 na-

492 4299 666 4350 tivitas
693 4299 1159 4362 secunda,l‘ratres
1202 4299 1554 4354 dilectissimi.
1607 4300 1872 4355 Caeterum
1923 4301 2066 4356 illam

438 4410 442 4414 .
493 4368 714 4440 primam
758 4385 858 4440 qua
881 4369 956 4440 de
994 4369 1154 4440 Patre
1199 4381 1353 4424 natus
1393 4371 1618 4424 estsine
1663 4371 1836 4438 aliqua
1865 4382 2065 4436 matre,

490 4438 608 4510 quis
647 4438 956 4510 enarrabit?
985 4439 1040 4492 Si
1076 4441 1211 4494 hanc
1237 4456 1339 4492 non
1371 4456 1654 4509 possumus
1679 4442 1974 4510 explicare,
2002 4442 2065 4496 il-

492 4509 592 4560 lam
625 4508 836 4577 quando
881 4509 1119 4563 valemus
1162 4510 1245 4564 vel
1285 4508 1571 4578 inchoare?
1617 4511 1671 4564 Si
1705 4508 1818 4565 inec
1857 4513 1924 4564 ita
1971 4528 2070 4568 nos

489 4586 722 4644 exercet,
753 4589 808 4632 ut
829 4578 948 4652 lidei
979 4579 1066 4633 det
1093 4580 1304 4652 locum;
1337 4581 1482 4652 illam
1508 4583 1718 4650 quando
1739 4583 2064 4652 attingimus,

487 4664 646 4723 quam
675 4649 958 4723 neccorda
987 4647 1271 4723 potuerunt
1294 4647 2063 4723 comprehenderePropheta-

490 4720 645 4773 rum?
672 4721 746 4774 De
785 4720 882 4776 hac
910 4720 1083 4775 tamen
1122 4720 1352 4775 secunda
1396 4723 1527 4776 mira
1558 4731 1610 4788 et
1637 4720 1891 4776 inellabili'
1927 4725 2070 4778 dica-

489 4791 608 4843 inus
646 4791 842 4858 aliquid
867 4833 880 4855 ,
921 4791 1060 4860 quod
1105 4791 1298 4846 factum
1323 4802 1405 4846 est
1434 4807 1530 4860 pro
1557 4793 1732 4858 nobis,
1763 4802 1818 4847 ut
1841 4792 2067 4849 Verbum

488 4875 612 4933 caro
644 4861 824 4926 ﬁeret,
856 4875 909 4916 et
939 4861 1202 4925 habitaret
1246 4865 1299 4918 in
1344 4863 1496 4916 nobis
1528 4863 1702 4933 (Joan.
1733 4880 1769 4926 ι,
1802 4866 1910 4933 Η).
1943 4867 2071 4932 Quis

485 4932 626 4985 enim
659 4947 762 4986 non
789 4943 1138 5000 expavescat,
1169 4949 1290 4988 cum
1321 4934 1465 4986 audit
1496 4932 1664 4988 Deum
1710 4932 1932 4989 natum?
1960 4941 2068 4990 Au-

485 5002 573 5070 dis
594 5011 923 5069 nascentem,
956 5003 1078 5057 vide
1108 5004 1158 5058 in
1192 5005 1306 5073 ipso
1334 5013 1451 5058 ortu
1485 5006 1739 5057 miracula
1767 5004 2068 5060 iacientem.

487 5076 650 5128 Alvus
675 5076 921 5129 tumescit
944 5074 1180 5144 virginis,
1211 5075 1498 5133 claustrum
1523 5075 1738 5144 pudoris
1757 5085 2067 5144 permanet:

486 5144 736 5211 impletur
781 5155 962 5200 uterus
1007 5146 1194 5202 matris
1237 5147 1353 5201 sine
1401 5147 1506 5198 ullo
1547 5146 1827 5215 complexu
1872 5149 2065 5215 patris,

485 5215 645 5286 sentit
674 5217 874 5284 prolem
899 5232 1019 5284 qua:
1040 5230 1098 5270 se
1122 5217 1396 5286 ignm-abat
1416 5217 1719 5286 conjugem.
1748 5217 1983 5286 Angelus
2004 5218 2068 5278 ad

485 5285 739 5357 virginem
763 5287 1070 5357 loquitur,a
1102 5285 1302 5357 virgine
1327 5301 1422 5357 cor
1449 5285 1795 5357 praeparatur,
1827 5285 2071 5342 Christus

484 5354 589 5434 iide
627 5354 1205 5434 Concipitur._Miraris
1237 5356 1388 5413 hare?
1435 5354 1627 5434 Adhuc
1671 5357 1887 5434 mirare.
1928 5359 2074 5434 Parit

485 5430 654 5494 mater
676 5433 730 5478 et
755 5425 921 5494 virgo,
949 5425 1051 5494 leta
1071 5436 1125 5481 et
1151 5429 1342 5482 intaCIa
1371 5446 1383 5480 :
1419 5430 1653 5490 nascitur
1675 5426 1811 5481 illius
1835 5430 1949 5483 sine
1977 5429 2072 5481 lto-

487 5492 629 5571 mine
657 5492 958 5571 patre,‘qtti
991 5493 1118 5571 fecit
1140 5507 1194 5551 et
1238 5499 1405 5566 ipsam
1451 5507 1698 5571 matrem.
1732 5497 1926 5571 Factor
1951 5514 2069 5552 om-

485 5563 629 5633 nium
654 5563 713 5614 tit
740 5563 1080 5633 interromnia
1109 5584 1121 5619 :
1152 5563 1394 5633 portatur
1420 5568 1663 5622 manibus
1685 5569 1871 5622 matris
1897 5577 2072 5624 rector

483 5631 647 5707 uilius
672 5633 815 5685 orbis
840 5650 852 5684 :
885 5632 1072 5707 lambit
1110 5631 1272 5690 uhcra
1295 5679 1310 5700 ,
1343 5652 1533 5707 regens
1563 5638 1742 5692 sidera
1769 5657 1782 5691 :
1812 5647 1978 5703 tacet,
2020 5648 2073 5694 et

486 5700 720 5776 Verbum
759 5700 1124 5781 est.7Ncc.dum
1169 5720 1264 5773 per
1304 5700 1536 5776 ling'uam
1571 5723 1630 5761 se
1673 5700 2075 5781 demonstrabat

480 5784 602 5835 qnts
632 5778 808 5834 esset,
836 5780 889 5824 et
916 5778 1162 5825 universa
1192 5785 1434 5829 creatura
1476 5791 1629 5829 suum
1662 5789 1843 5831 natum
1876 5780 2074 5834 indicat

479 5840 805 5907 Creatorem.
841 5840 1028 5909 Angeli
1058 5844 1355 5917 pastoribus
1383 5848 1726 5911 annuntiant,
1779 5849 2069 5923 steliabﬂa;

1902 380 1990 440 DE
2029 381 2344 444 SYMBOLO

3671 385 3776 444 665

2213 512 2274 552 os
2299 495 2520 552 invitat:
2546 494 3117 569 rusticitaspajtorum
3157 493 3771 569 admonitionemexigit

2213 512 2274 552 OS
2299 509 2485 552 Invuat
2508 513 2520 551 Ζ
2546 509 2814 550 τιιειιοιιιιε
2880 509 3117 550 astorum
3157 509 3572 552 aGmOﬂIIIOlleﬂ'l
3603 509 3765 569 (211811

2175 639 2455 719 emtum-
2487 636 3546 719 basi—'WWH
3593 636 3767 719 initae

2175 679 2455 701 ,w..,.......
2487 679 2959 718 ,τυρς-,ηιηυηηηη
3003 679 3058 690 ,υ
3097 679 3180 691 υ...
3593 679 3767 716 ιω.

2507 679 3304 779 ultimis“
3331 711 3768 776 Minuci-

2173 777 2543 848 dmum!
2574 777 2927 848 Wtqdi
2955 777 3766 848 Ῑὲεὶμίιιιωριιφεωιωλιιιω

2177 847 2373 918 Regem
2397 844 2815 903 :‘dﬁﬁtiﬂuda-i
2831 844 3056 913 arma
3073 844 3285 902 civitate
3307 844 3553 902 Christus
3584 858 3767 918 surgat

2176 934 2418 988 regnare.
2459 919 2678 987 Utrique
2706 917 3014 986 przedicant,
3046 919 3255 987 utrique
3279 919 3635 972 confitentur:
3669 917 3766 975 sed

2177 989 2248 1042 illi
2276 990 2451 1053 aliter,
2495 989 2578 1043 isti
2607 989 2794 1050 aliter;
2824 989 2916 1054 illi,
2947 998 3005 1042 ut
3042 989 3288 1044 inventus
3315 989 3603 1054 adoretur;
3635 989 3724 1044 istI
3747 1032 3761 1052 ,

2177 1069 2233 1111 ut
2253 1068 2438 1128 captus
2467 1068 2702 1114 necetur.
2729 1058 2774 1112 0
2798 1057 2990 1120 Judzei,
3030 1059 3095 1112 ad
3127 1059 3228 1113 hoc
3253 1057 3485 1113 ferentes
3512 1060 3563 1112 in
3594 1061 3766 1114 mani-

2176 1130 2273 1183 bus
2304 1131 2573 1184 lucernam
2604 1129 2792 1198 Legis,
2834 1139 2890 1182 ut
2927 1128 3046 1182 aliis
3084 1131 3220 1183 viam
3251 1129 3668 1194 demonstretis,
3709 1139 3765 1185 et

2176 1201 2326 1254 vobis
2353 1200 2597 1255 tenebras
2620 1199 2870 1269 ingeratis
2897 1217 2908 1252 :
2935 1198 3762 1323 Wa)

2176 1269 2384 1323 Christo
2409 1271 2636 1323 oll‘erunt
2661 1283 2913 1323 munera.
2959 1285 2995 1323 η
3092 1285 3152 1323 so
3173 1286 3263 1323 um
3293 1285 3477 1323 aurum
3498 1310 3514 1323 .
3558 1271 3684 1323 thus
3710 1281 3762 1323 et

2174 1269 2913 1393 (Tmen,
2946 1269 3477 1324 Wtrum
3498 1310 3514 1333 ,
3558 1271 3684 1324 thus
3710 1281 3765 1325 et

2177 1357 2321 1393 tnvrr
2346 1357 2470 1393 tam.
2499 1356 2682 1393 verum
2713 1351 2871 1393 etiam
2901 1340 3107 1393 animas
3137 1355 3260 1393 suas
3284 1357 3298 1393 :
3327 1349 3381 1393 et
3402 1356 3496 1393 vos
3517 1341 3760 1393 repudiat

2177 1340 2682 1409 tumhtm
2713 1340 2871 1395 etiam
2901 1340 3107 1394 animas
3137 1355 3298 1401 suas;
3327 1349 3381 1393 et
3402 1356 3496 1393 vos
3517 1341 3760 1409 repudiat

2177 1401 2428 1481 iniquitas
2457 1401 2668 1480 propria
2691 1453 2706 1476 ,
2740 1419 2798 1481 ut
2825 1411 2970 1464 illum
2997 1411 3085 1480 qui
3111 1426 3207 1463 vos
3237 1411 3383 1481 venit
3409 1401 3670 1480 obligatos
3700 1412 3763 1464 li-

2177 1480 2383 1543 berare,
2413 1482 2688 1536 dementes
2706 1480 2882 1536 eﬂ‘ecti
2902 1495 3022 1535 eum
3046 1480 3297 1549 qumratis
3321 1480 3598 1535 occidere!
3623 1481 3761 1548 Quid

2176 1553 2325 1606 vobis
2348 1551 2546 1622 profuit
2566 1593 2580 1614 ,
2609 1552 2751 1620 quod
2795 1551 3097 1622 prodidistis
3125 1551 3764 1622 Herodi_,_ttbi—Christtts

2177 1620 2518 1677 nasceretur?
2548 1620 3293 1688 Nonné‘vurlmsiﬂﬁqu'am
3325 1620 3536 1675 Christo
3563 1621 3762 1690 aliqttid

2177 1693 2468 1748 nocuistis?
2500 1692 2734 1746 Audiens
2758 1693 2899 1746 enim
2925 1691 3015 1746 ille
3046 1707 3076 1745 a
3105 1692 3256 1746 vobis
3281 1691 3366 1743 ubi
3392 1690 3638 1746 Christus
3664 1708 3762 1746 na-

2177 1774 2260 1818 tus
2299 1764 2466 1833 possit
2506 1763 2764 1828 inveniri,
2795 1770 2990 1816 vestrae
3033 1762 3206 1831 gentis
3247 1760 3476 1816 infantes
3500 1763 3763 1833 continuo

2178 1832 2427 1904 praecepit
2453 1835 2641 1889 occidi.
2678 1833 2840 1904 Saevit
2867 1832 3390 1904 Rgpdcsrmjoter
3412 1832 3608 1886 multos
3631 1848 3762 1903 per-

2174 1899 2452 1977 datuu'um
2480 1923 2492 1957 :
2525 1899 3130 1977 eLLlorimos'ﬁcoando
3160 1919 3219 1977 se
3243 1899 3612 1977 efﬁcit‘reom,
3634 1899 3760 1977 ’.πιθα

2175 1976 2368 2030 occidit
2405 1971 3112 2046 quem—@W
3161 1973 3349 2028 Deum.
3399 1971 3446 2027 0
3487 1972 3758 2044 Herodes,

2175 2060 2364 2113 magna
2402 2039 2498 2099 tua
2529 2039 2820 2114 iniquitas!
2865 2051 2920 2099 et
2963 2043 3192 2114 infidos
3223 2059 3404 2114 necas,
3427 2039 3631 2114 etiam
3659 2059 3760 2097 ne-

2174 2102 2868 2193 qullJWﬂaS}
2901 2123 2955 2193 et
2997 2102 3762 2193 (ζῐῆἶξῑππιρήοηῖῆνειιξ-

2137 2189 2141 2195 ’
2177 2184 2694 2256 unum
2723 2185 2870 2256 venit
2888 2185 3003 2254 ejus
3024 2184 3152 2238 hora
3182 2194 3238 2239 ut
3264 2185 3510 2256 patiatur.
3535 2184 3762 2256 Teneris

2174 2255 2387 2326 quidem
2417 2265 2724 2326 persecutor
2762 2255 2956 2326 Christi
2993 2265 3048 2311 et
3074 2269 3202 2309 reus
3236 2255 3425 2326 mortis
3452 2255 3597 2323 ejus,
3627 2255 3762 2308 nihil

2174 2324 2380 2397 agendo
2419 2324 2470 2382 in
2512 2330 2665 2397 ipso:
2698 2324 2792 2380 sed
2807 2326 2946 2397 dum
2979 2327 3140 2379 multa
3176 2325 3288 2391 agis
3324 2334 3509 2397 contra
3541 2327 3716 2394 ipsum
3743 2365 3760 2387 ,

2176 2395 2449 2468 perdidisti
2476 2395 2545 2453 te
2568 2398 2763 2467 ipsum.
2792 2395 3162 2468 Quidﬂmctnis
3184 2395 3588 2468 talem_Regem
3607 2437 3622 2460 ,
3670 2397 3760 2468 qui

2173 2465 2252 2522 sic
2279 2470 2420 2524 venit
2442 2465 2684 2539 regnare,
2708 2475 2766 2539 ut
2787 2466 2990 2539 tenolit
3009 2466 3290 2539 excludere
3301 2465 3330 2539 ?_
3348 2465 3516 2532 Quem
3538 2465 3759 2534 quaeris,

2175 2539 2286 2594 Rex
2319 2536 2524 2610 regum'
2542 2548 2622 2593 est
2643 2538 2734 2610 :Hsi
2771 2537 2939 2592 velles
2977 2551 3198 2610 securus
3226 2536 3466 2610 obtinere
3494 2544 3642 2590 tuum
3674 2551 3762 2591 re-

2173 2625 2358 2681 gnum,
2382 2607 2490 2679 ipsi
2512 2609 2858 2681 supplicares,
2892 2619 2947 2660 ut
2974 2607 3154 2681 abillo
3175 2607 3446 2681 acciperes
3475 2611 3762 2676 sempiter-

2175 2678 2323 2738 num.
2370 2678 2574 2750 Regnet
2597 2678 2862 2750 Christus
2882 2678 3150 2746 quomodo
3179 2679 3322 2732 venit
3352 2692 3576 2750 regnare
3602 2696 3614 2728 :
3644 2693 3764 2732 sus-

2173 2751 2334 2819 cipiat
2373 2746 2688 2810 credentes,
2737 2746 2956 2802 irrideat
2985 2756 3394 2818 persequentes,
3443 2749 3764 2819 taciatgcer-

2175 2817 2367 2886 tantes,
2400 2821 2612 2891 adjuvet
2651 2819 2988 2891 laborantes,
3021 2817 3240 2874 coronet
3265 2819 3571 2891 vincentes;
3599 2817 3764 2891 donet

2174 2890 2544 2955 sanctitatem,
2590 2899 2737 2945 amet
2777 2890 3108 2954 castitatem,
3154 2897 3460 2944 remaneret
3488 2890 3766 2957 virginita-

2177 2970 2301 3016 tem.
2332 2961 2594 3026 Gaudete,
2635 2961 2868 3030 virgines
2897 2970 3130 3023 sancte,
3172 2961 3321 3028 virgo
3362 2960 3568 3030 peperit
3609 2957 3764 3013 Chri-

2174 3043 2336 3087 stum.
2365 3033 2480 3087 Non
2508 3048 2602 3086 vos
2632 3029 2912 3086 contristet
2937 3031 3214 3096 sterilitas,
3234 3044 3458 3099 quarunt
3489 3029 3620 3084 ﬁdes
3648 3046 3765 3086 ma-

2173 3119 2272 3173 gna
2304 3112 2386 3158 est
2411 3102 2735 3165 fecunditas;
2767 3118 2864 3155 nec
2885 3101 3110 3155 deleatis
3141 3117 3244 3154 non
3273 3115 3368 3153 vos
3387 3114 3508 3154 esse
3534 3111 3756 3173 matres,

2174 3171 2290 3243 qute
2313 3174 2657 3243 spiritualiter
2675 3173 2964 3241 generatis,
2988 3172 3216 3240 virgines
3251 3171 3762 3243 permattetis,lilios

2173 3241 2474 3314 suscipitis,
2523 3244 2876 3312 integritatem
2910 3258 3012 3296 non
3058 3241 3320 3314 amittitis.
3354 3241 3652 3314 Accepistis
3691 3243 3761 3296 ab

2175 3315 2265 3369 illo
2287 3311 2478 3369 nomen
2506 3311 2825 3376 maternum,
2863 3321 2920 3366 ut
2945 3314 3110 3368 decus
3145 3313 3402 3366 castitatis
3430 3311 3481 3365 in
3509 3326 3604 3365 vos
3636 3328 3759 3379 per-

2175 3395 2386 3440 maneat
2410 3387 2814 3454 sempiternum.
2838 3384 3026 3454 Amate
3051 3383 3189 3453 quod
3212 3383 3361 3448 estis,
3384 3391 3594 3454 servate
3617 3382 3760 3451 quod

2173 3457 2472 3524 accepistis.
2515 3453 2795 3510 [mitamini
2836 3453 3020 3508 ﬁdeles
3060 3465 3282 3508 matrem
3331 3453 3520 3521 capitis
3559 3453 3756 3514 vestri,

2173 3529 2354 3596 sponsi
2386 3528 2546 3582 vestri
2572 3544 2585 3579 :
2619 3542 2723 3579 non
2749 3525 2896 3596 vobis
2921 3525 3201 3596 denegavit
3226 3524 3463 3596 pignora.
3487 3524 3575 3596 qui
3605 3535 3762 3577 natus

2174 3594 2258 3650 est
2283 3597 2351 3652 de
2374 3598 2575 3668 virgine
2596 3596 2774 3668 Maria.
2809 3594 2959 3668 Quod
2983 3594 3146 3668 tantm
3169 3595 3322 3668 matri
3348 3595 3592 3668 contulit,
3627 3604 3680 3647 et
3708 3595 3760 3648 itt

2173 3683 2267 3722 sua
2294 3665 2722 3727 carne'servavit,
2752 3665 2856 3720 hoc
2883 3667 3040 3720 etiam
3067 3667 3214 3719 vobis
3236 3665 3453 3718 donavit
3476 3665 3622 3733 virgo
3650 3680 3764 3717 ma-

2175 3747 2275 3799 ter,
2308 3750 2488 3793 sancta
2521 3753 2645 3792 caro
2671 3737 2890 3796 Christi,
2917 3737 2985 3790 ab
3011 3736 3153 3790 omni
3183 3737 3498 3804 contagione
3527 3736 3757 3802 integra.

2173 3807 2276 3863 Sed
2305 3825 2402 3864 nec
2425 3810 2534 3878 ipsa
2557 3823 2682 3862 caro
2702 3807 2818 3878 ejus
2845 3808 3038 3860 sterilis
3065 3807 3180 3872 l'nit,
3203 3805 3330 3859 dum
3363 3822 3456 3878 per
3477 3821 3593 3878 eam
3624 3821 3764 3874 pra:-

2174 3879 2400 3934 dicando
2442 3876 2740 3948 spirituales
2784 3876 2922 3935 ﬁlios
2983 3878 3315 3948 regeneravit
3356 3876 3421 3929 ad
3462 3876 3661 3948 vitam,
3708 3885 3762 3930 et

2177 3959 2291 4018 post
2325 3945 2622 4019 passionem
2656 3964 2749 4020 per
2784 3956 2951 4002 totum
2993 3945 3250 4001 mundum
3285 3945 3624 4002 fructiﬁcavit
3665 3961 3760 4001 oc-

2173 4036 2302 4074 Clel.

2244 4090 2469 4146 C.\PUT
2502 4089 2564 4144 ν.
2592 4090 2740 4145 -—-5.
2787 4088 2988 4143 Passio.
3035 4087 3304 4143 Crucilixi.
3349 4087 3425 4142 Ex
3473 4088 3575 4142 hoc
3614 4088 3762 4142 omni

2175 4162 2419 4217 libertate
2467 4171 2758 4231 assumpta,
2787 4161 3031 4214 tiduciam
3071 4161 3152 4212 sui
3183 4159 3356 4212 anima
3388 4160 3564 4231 capiat
3612 4159 3755 4212 chri-

2173 4234 2364 4286 stiana.
2384 4231 2497 4286 Non
2529 4233 2671 4286 enim
2716 4231 3034 4286 erubescere
3075 4231 3230 4284 debet
3279 4231 3330 4282 in
3357 4230 3669 4283 croeilixum
3702 4243 3763 4284 se

2173 4302 2466 4358 credidisse
2487 4300 2780 4357 Christum.
2829 4303 2968 4356 Crux
3006 4300 3092 4354 illa
3127 4300 3370 4355 tidelibus
3415 4315 3519 4354 non
3551 4313 3632 4354 ρει
3660 4316 3761 4368 op-

2176 4374 2437 4442 probium,
2469 4373 2562 4428 sed
2593 4371 2914 4441 triumphus.
2958 4370 3098 4426 Crux
3130 4371 3217 4424 illa
3238 4370 3488 4442 vexillum
3519 4381 3762 4442 uestrum

2173 4441 2256 4498 est
2282 4454 2464 4498 contra
2503 4443 2864 4499 adversarium
2897 4452 3137 4496 nosuum
3175 4441 3480 4495 diabolum:
3512 4441 3766 4511 pugnavit

2173 4516 2316 4569 enim
2346 4515 2456 4569 Rex
2514 4523 2696 4569 noster
2724 4529 2819 4582 pro
2857 4513 3012 4567 nobis
3049 4521 3232 4566 contra
3278 4511 3640 4565 adversarium
3670 4527 3766 4564 uo-

2175 4595 2363 4639 strum.
2396 4585 2754 4640 Adversarius
2774 4583 3017 4636 diabolus
3047 4593 3229 4636 noster
3255 4592 3480 4636 mortem
3508 4582 3766 4635 n‘tiuando

2177 4657 2428 4720 terrebat,
2480 4656 2573 4711 sed
2604 4655 2853 4710 Christus
2893 4662 3148 4708 aeternam
3195 4653 3353 4705 vitam
3399 4651 3763 4719 promittebat.

2174 4726 2528 4781 Adversarius
2569 4725 2813 4781 diabolus
2858 4739 3072 4778 carnem
3100 4731 3500 4792 perempturum
3555 4739 3614 4777 se
3643 4738 3767 4777 esse

2175 4797 2418 4852 dicebat:
2458 4797 2572 4850 Rex
2598 4805 2776 4850 autem
2817 4803 2998 4848 noster
3024 4803 3080 4847 ut
3107 4795 3325 4848 doceret
3349 4793 3617 4862 quomodo
3646 4793 3766 4861 ejus

2176 4869 2442 4922 exercitus
2471 4869 2726 4932 vinceret,
2769 4867 2821 4920 in
2864 4880 2924 4920 se
2949 4865 3333 4919 demonstravit
3375 4873 3604 4919 mortem
3646 4878 3768 4916 cor-

3791 477 3830 682 l

2177 4937 2323 5006 poris
2351 4953 2454 4992 non
2482 4952 2601 4992 esse
2640 4936 2950 5000 timendam,
2977 4935 3103 4990 dum
3132 4935 3275 5004 prior
3316 4935 3429 5004 ipse
3461 4934 3764 5006 |I_r0_ut_tmi-
3799 4935 3808 4946 '

2177 5003 2274 5062 lius
2299 5008 2542 5078 dignatus
2569 5017 2651 5062 est
2677 5009 2832 5069 mori,
2879 5021 2949 5061 ne.
2977 5007 3093 5078 ejus
3122 5003 3387 5078 exercitus
3412 5021 3441 5057 a
3467 5003 3684 5078 diabolo
3715 5005 3766 5058 in

2177 5075 2564 5148 anima'posset
2594 5078 2783 5133 occidi.
2817 5078 2928 5131 l‘loc
2954 5077 3144 5146 agebat
3173 5076 3225 5130 in
3254 5077 3350 5148 illo
3368 5075 3550 5143 praelio
3581 5075 3767 5148 diabo-

2180 5149 2282 5211 lus,
2321 5151 2364 5202 si
2388 5145 2488 5203 Sibi
2511 5149 2942 5202 consentiretur:
2976 5145 3181 5200 animas
3228 5145 3451 5214 perdere
3490 5145 3763 5214 cupiebat,

2177 5229 2228 5273 et
2281 5221 2504 5274 salutem
2560 5219 2875 5286 corporibus
2923 5217 3284 5285 promittebat.
3339 5216 3587 5270 Christus
3632 5215 3765 5269 mori

2179 5291 2405 5345 docebat
2445 5291 2510 5344 ad
2539 5297 2770 5359 tempus,
2816 5299 2870 5343 et
2906 5290 3137 5359 animam
3177 5295 3233 5342 et
3273 5301 3479 5359 corpus,
3505 5289 3769 5359 vivere-in

2179 5369 2458 5414 :eternnm.
2499 5359 2595 5414 llle
2640 5357 2872 5423 dicebat,
2915 5359 2971 5414 Si
3009 5358 3138 5412 mihi
3174 5358 3578 5417 consenseritis.
3629 5357 3770 5410 dabo

2182 5431 2331 5485 vobis
2362 5433 2522 5484 vitam
2553 5431 2708 5484 istam
2746 5430 3092 5499 temporalem
3119 5447 3133 5494 ;
3161 5427 3406 5482 Christus
3445 5427 3679 5499 dicebat,
3713 5427 3769 5480 Si

2181 5515 2208 5551 a
2253 5517 2337 5556 mc
2376 5517 2481 5555 non
2512 5498 2885 5561 discesseritis,
2926 5515 3026 5554 nec
3065 5499 3413 5567 temporalem
3446 5498 3687 5565 perditis,
3719 5509 3772 5551 et

2182 5572 2487 5625 aeternalem
2510 5572 2804 5639 accipietis.
2831 5571 3079 5626 Diabolus
3098 5569 3330 5630 dicebat,
3349 5568 3522 5639 Nolite
3547 5570 3772 5636 perdere

2184 5642 2337 5696 istam
2369 5644 2536 5697 lucem
2563 5659 2577 5706 ;
2609 5638 2848 5696 Christus
2873 5642 3102 5705 dicebat,
3134 5640 3246 5709 Ego
3273 5639 3360 5706 qui
3385 5638 3483 5693 ieci
3509 5647 3564 5692 et
3589 5639 3772 5706 istam,

2181 5710 2320 5767 dabo
2369 5712 2666 5766 meliorem.
2727 5712 2878 5778 Quod
2929 5712 3018 5766 ille
3075 5711 3364 5778 promittit,
3408 5710 3485 5762 ait
3524 5709 3773 5764 Christus

2186 5794 2384 5845 noster,
2429 5783 2479 5836 in
2513 5792 2772 5849 potestate
2798 5783 2930 5836 dare
2955 5797 3060 5836 non
3093 5781 3271 5843 habet,
3302 5789 3356 5831 et
3385 5779 3501 5834 bzec
3530 5780 3615 5833 lux
3651 5795 3771 5834 mea

2183 5863 2282 5912 est,
2312 5862 2362 5906 et
2409 5852 2521 5906 h.cc
2563 5855 2667 5914 vita
2699 5869 2726 5906 a
2766 5868 2850 5914 me
2878 5863 3056 5910 creata
3087 5859 3208 5906 est:
3260 5849 3353 5907 sed
3413 5850 3496 5904 illa
3555 5861 3774 5920 propter
