4078 6512
599 412 704 467 687

597 527 714 590 ejus
758 520 1017 576 adventus
1063 520 1114 574 in
1141 519 1344 582 anima;
1383 533 1460 590 ne
1492 514 1760 590 peccando
1789 513 1945 590 simul
1975 513 2042 566 ab
2089 514 2180 567 illo

519 616 536 633 ι
597 585 880 649 damnetur
899 606 1025 645 caro
1049 600 1102 644 et
1127 591 1323 643 anima.
1355 585 1504 643 Finis
1528 587 1709 641 mundi
1729 587 1779 638 in
1800 585 2040 654 proximo
2061 593 2175 647 est;

596 674 648 719 et
678 665 720 717 si
748 705 763 729 ,
792 673 850 716 ut
875 661 1088 732 quidam
1114 670 1300 731 ptttaut
1324 701 1338 724 ,
1390 660 1440 713 in
1473 659 1717 732 proximo
1765 653 1870 709 non
1919 653 2180 732 estudies

598 724 813 787 ultimus
851 724 1263 800 uitiuscujiisqne
1312 724 1551 782 nostrum
1603 729 1838 800 incertus
1879 733 1986 800 _es_t.
2041 724 2178 800 Quid

598 803 892 856 tlill‘erimm
913 845 928 867 ,
958 804 999 855 si
1051 795 1114 854 ad
1146 795 1350 855 beatam
1379 800 1537 852 vitam
1589 796 1899 852 tendimus?
1925 795 2177 863 Corriga-

597 890 715 926 mur
739 913 753 936 ,
777 874 902 926 dum
934 883 1140 940 tempus
1163 881 1243 926 est
1273 871 1652 932 emendentur;
1683 869 1848 940 bonas
1878 880 2068 920 causas
2089 869 2180 920 ha-

599 945 819 998 beamus
841 985 855 1006 ,
888 953 941 994 ιιι
973 939 1197 994 laturam
1223 942 1362 993 diem
1385 941 1566 1005 jtulieii
1599 955 1701 993 non
1731 939 2032 991 timeamus.

667 1004 892 1067 CAPUT
921 1013 1012 1068 IX.
1047 1042 1120 1051 —
1143 1012 1196 1067 9.
1234 1011 1308 1064 De
1331 1004 1526 1078 Spiritu
1547 1020 1738 1063 sancto.
1771 1007 1944 1078 Credo
1972 1007 2024 1060 in
2052 1004 2176 1078 Spi-

597 1085 756 1138 ritum
786 1094 1046 1136 sanctum.
1075 1081 1302 1150 Spiritus
1331 1076 1545 1134 sanctus
1575 1082 1714 1133 Deus
1739 1085 1821 1132 est
1843 1119 1858 1142 ,
1901 1077 2055 1130 Patre
2089 1076 2178 1130 Fi-

599 1155 771 1222 lioque
805 1169 909 1205 non
943 1153 1149 1214 mittor;
1175 1152 1266 1207 sed
1301 1168 1398 1204 tina
1445 1153 1694 1222 maiestas
1715 1191 1730 1215 ,
1765 1164 1865 1222 una
1897 1157 2128 1222 potestas
2159 1188 2174 1222 ε

598 1218 966 1290 inseparabilis
994 1222 1258 1286 Trinitas,
1298 1221 1638 1290 tndivi~ibilis
1687 1221 1977 1290 sanctitas,
2019 1218 2176 1271 simul

597 1295 791 1361 ubique
819 1302 924 1346 tota
953 1311 965 1345 :
997 1294 1132 1347 Dens
1162 1295 1347 1357 Pater,
1382 1293 1518 1344 Deus
1544 1289 1707 1343 Filius
1731 1331 1746 1351 ,
1783 1290 1922 1361 Deus
1950 1289 2178 1361 Spiritus

596 1358 846 1425 sanctus,
879 1379 983 1417 non
1026 1373 1134 1416 tres
1164 1363 1268 1426 (lii,
1299 1362 1390 1416 sed
1421 1361 1650 1414 Trinitas
1690 1375 1826 1412 unus
1877 1360 2034 1412 Deus.
2070 1358 2178 1413 Nec

599 1446 839 1500 tempore
861 1432 1135 1502 separatur
1156 1433 1323 1488 Filius
1351 1449 1378 1485 a
1405 1433 1558 1485 Patre
1579 1472 1594 1496 ,
1637 1431 1887 1502 (prouiam
1919 1441 2175 1482 :etcrnttm

599 1499 831 1558 Verbum
860 1499 1030 1558 Patris
1061 1513 1142 1557 cst
1171 1523 1184 1558 :
1215 1518 1312 1557 nec
1338 1503 1505 1568 major
1528 1511 1609 1554 est
1648 1499 1780 1553 Filio
1809 1501 1964 1553 Pater
1983 1540 1995 1560 ,
2042 1515 2178 1567 quo-

597 1576 736 1628 niam
765 1575 1017 1642 mqttalem
1045 1575 1227 1643 genuit
1254 1574 1394 1627 Dens
1435 1573 1597 1643 Deum
1626 1571 1741 1624 sine
1782 1580 2020 1643 tempore
2040 1611 2053 1632 ,
2086 1585 2179 1638 per

597 1661 754 1714 quem
787 1639 909 1714 fecit
941 1639 1198 1713 tempora.
1251 1643 1357 1714 Nec
1392 1642 1620 1711 Spiritus
1647 1651 1862 1696 sanctus
1893 1639 2178 1714 mittor_est

599 1709 755 1768 Patre
777 1723 829 1766 et
876 1709 1192 1779 Filio;'cnm
1220 1716 1288 1768 sit
1313 1709 1545 1767 cltaritas
1574 1722 1732 1780 atque
1758 1711 2043 1780 concordia
2073 1709 2176 1763 Pa-

596 1786 692 1838 tris
723 1795 776 1838 et
807 1783 938 1837 Filii.
957 1777 1236 1852 Quomodo
1261 1785 1401 1838 enim
1426 1783 1589 1838 Filius
1619 1777 1792 1835 minor
1812 1793 1892 1835 est
1919 1777 2095 1852 Patre.
2121 1789 2179 1834 ut

597 1855 810 1909 ariamts
837 1850 1118 1910 hzereticns
1141 1855 1422 1920 praedicat,
1451 1869 1570 1906 cum
1591 1853 1874 1920 Apostolus
1894 1867 2013 1905 eum
2037 1850 2179 1904 dicat

601 1925 694 1978 Dei
727 1924 986 1979 Virtutem
1016 1934 1070 1978 et
1115 1925 1206 1978 Dei
1254 1925 1578 1994 Sapientiam
1628 1924 1668 1992 (I
1699 1921 1903 1987 Cor.t,
1947 1920 2076 1994 ‘24)?
2120 1920 2177 1976 Si

604 1995 778 2048 \‘irtus
808 2005 860 2048 ct
882 1995 1150 2063 Sapientia
1181 1991 1352 2049 Patris
1379 1995 1542 2048 Filius
1570 1991 1684 2056 est,
1715 1994 1805 2062 qui
1832 2008 1952 2047 eum
2004 1991 2178 2044 mino-

595 2081 708 2119 retu
736 2066 896 2129 dicit,
943 2066 1050 2120 Deo
1092 2066 1230 2120 Patri
1285 2064 1666 2118 contumeliam
1719 2063 1876 2128 facit;
1927 2063 2177 2132 quoniam

595 2151 714 2188 eum
768 2146 820 2188 et
851 2136 1106 2190 minorem
1151 2136 1463 2205 sapientiam
1490 2144 1542 2189 et
1570 2135 1832 2205 inﬁrmam
1852 2133 2094 2186 virtutem
2126 2133 2177 2186 in

595 2219 654 2258 se
685 2206 881 2260 habere
905 2205 1196 2259 contendit.
1215 2203 1334 2259 ‘Attt
1356 2203 1625 2272 quomodo
1652 2203 1906 2272 Spiritum
1936 2211 2176 2256 sanctum

595 2275 854 2328 minorem
883 2277 1133 2344 pr:rdicat
1157 2277 1315 2331 etiam
1369 2272 1530 2339 Filio,
1561 2290 1679 2327 eum
1710 2275 1955 2344 membra
1981 2272 2179 2326 Christi

595 2349 850 2416 templum
884 2342 1170 2416 Apostolus
1214 2358 1374 2416 ponat
1415 2346 1642 2413 Spiritus
1669 2345 1875 2416 sancti?
1915 2342 2046 2416 v93,
2101 2345 2182 2397 in-

593 2413 748 2487 quit,
771 2413 1109 2487 estisrorpus
1139 2413 1324 2471 Christi
1351 2427 1396 2469 et
1435 2416 1654 2468 membra
1686 2414 1795 2483 (Id.
1821 2430 1891 2469 xu
1913 2455 1928 2480 ,
1955 2413 2050 2482 27)
2081 2432 2094 2487 ς
2127 2423 2180 2468 et

591 2487 697 2539 alio
715 2486 830 2540 loco
849 2527 864 2552 ,
890 2485 1126 2552 Nescitis,
1153 2488 1339 2556 inquit,
1363 2487 1728 2556 quiantembra
1755 2495 1914 2538 vestra
1938 2485 2180 2556 templum

592 2557 643 2628 in
684 2557 820 2610 vobis
871 2567 942 2611 est
987 2555 1422 2628 Spiritus'sancti
1453 2555 1564 2626 (Id.
1595 2573 1677 2619 γι,
1715 2556 1850 2624 I9)?
1900 2555 2180 2628 Quomodo

594 2626 732 2680 Dens
753 2644 856 2680 non
880 2637 990 2694 est,
1019 2625 1110 2698 qui
1143 2629 1398 2697 templum
1435 2625 1596 2681 habet
1625 2643 1638 2678 :
1668 2635 1758 2679 ant
1784 2625 2180 2698 qtmttiodo_r_tii-

593 2712 692 2750 nor
716 2705 798 2752 est
821 2695 1070 2763 Christo,
1098 2695 1518 2768 cnjns’membra
1551 2699 1804 2768 templum
1837 2695 2035 2749 habet?
2061 2695 2178 2750 Non

590 2768 922 2822 stmtdiversi
945 2769 1139 2837 gradus
1166 2811 1178 2831 ,
1205 2770 1290 2822 tibi
1316 2779 1396 2824 est
1423 2783 1526 2820 una
1543 2767 1774 2821 Trinitas
1796 2774 1850 2820 et
1872 2767 2006 2820 trina
2025 2775 2181 2820 alter-

593 2838 748 2891 nitas.
771 2839 868 2904 Qui
913 2840 1054 2894 enim
1084 2841 1324 2894 diversos
1369 2838 1562 2908 gradus
1605 2837 1914 2905 componit,
1966 2837 2079 2906 ipse
2121 2851 2182 2892 se

588 2908 658 2961 ab
686 2909 886 2963 unitate
913 2910 1167 2977 prmcidit.
1215 2910 1494 2977 Quomodo
1514 2908 1747 2962 exsultas
1768 2949 1782 2973 ,
1811 2909 2011 2972 ariane,
2037 2908 2179 2976 quod

591 2988 775 3032 teneas
805 2981 1120 3044 veritatem,
1152 2996 1272 3035 cum
1324 2989 1374 3033 te
1421 2979 1593 3032 malus
1639 2991 1792 3032 error
1837 2992 1868 3031 a
1919 2978 2178 3033 catholica

592 3047 832 3103 doctrina
863 3065 1117 3118 separaris
1139 3093 1153 3112 ,
1186 3050 1597 3118 haereticumque
1628 3056 1930 3117 protestaus
1976 3063 2006 3100 a
2033 3063 2182 3103 corn-

594 3120 844 3174 munione
867 3121 1028 3173 totius
1054 3123 1198 3175 orbis
1227 3135 1512 3174 secernens
1541 3119 1592 3173 in
1617 3134 1723 3172 uno
1745 3118 1938 3186 angulo
1960 3118 2181 3172 damna-

595 3189 766 3242 verit"
795 3191 989 3244 Cavete
1015 3231 1030 3255 ,
1062 3191 1253 3245 fratres
1273 3233 1288 3256 ,
1321 3190 1591 3245 doctrinas
1621 3189 1991 3242 harreticorum
2016 3231 2030 3256 ,
2059 3196 2178 3242 tan-

589 3275 750 3328 quam
779 3260 995 3316 insidias
1023 3263 1284 3330 lnporum.
1313 3259 1453 3315 Oves
1495 3259 1724 3323 Christi,
1771 3259 1948 3330 audite
1993 3274 2178 3314 vocem

591 3331 820 3411 pastoris
852 3332 1031 3386 vestri.
1078 3329 1191 3411 tQui
1220 3332 1375 3411 intrat
1404 3347 1492 3397 per
1509 3330 1769 3411 ostiuntin
1810 3329 1940 3411 ovile
1966 3330 2134 3383 ovium
2159 3373 2175 3399 ,

591 3399 679 3453 ille
705 3411 880 3470 pastor
904 3412 975 3455 est
995 3443 1009 3464 ,
1043 3403 1116 3456 ait
1139 3420 1151 3455 :
1183 3403 1284 3473 qui
1318 3412 1486 3454 autent
1511 3401 1733 3473 ascendit
1761 3416 1846 3473 p_cr
1868 3399 2024 3473 aliam
2049 3418 2175 3470 par-

589 3480 686 3524 tem
712 3513 726 3536 ,
755 3475 842 3543 fur
864 3483 934 3527 est
982 3482 1028 3527 et
1072 3470 1204 3526 latro
1233 3471 1408 3542 (Joau.
1464 3488 1530 3543 it,
1566 3473 1587 3526 1
1613 3513 1626 3532 ,
1659 3471 1736 3540 2).
1766 3470 1963 3543 Cavete
1992 3470 2133 3525 fures
2160 3513 2174 3536 ,

587 3541 774 3614 cavete
804 3543 1037 3614 latrones
1080 3561 1092 3596 :
1143 3541 1247 3597 non
1274 3541 1516 3614 quiescit
1531 3552 1710 3614 pastor
1739 3541 1971 3596 clamare
1992 3583 2006 3606 ,
2069 3559 2175 3596 non

589 3611 716 3664 sinit
747 3613 905 3668 etiam
929 3629 1055 3668 suos
1080 3629 1240 3667 canes
1273 3611 1469 3669 tacere.
1502 3611 1617 3666 Non
1649 3627 1708 3666 se
1734 3620 2035 3680 seqttcstret
2061 3613 2177 3668 ovis

585 3697 616 3735 a
644 3697 852 3736 summo
877 3695 1120 3752 pasmre,
1150 3700 1218 3739 ne
1249 3686 1359 3753 ipsa
1391 3699 1447 3737 se
1479 3683 1529 3736 iit
1579 3682 2031 3752 depraedationem
2081 3699 2176 3738 ne-

595 3753 832 3822 qtlissittti
863 3753 1050 3807 offerat
1079 3755 1185 3823 lttpi
1215 3756 1460 3822 raptoris.

658 3825 886 3880 CAPUT
912 3825 976 3879 Χ.
1011 3856 1080 3865 -
1115 3827 1195 3880 10.
1232 3826 1306 3879 De
1336 3824 1627 3878 remissione
1647 3832 1983 3892 peccatorum.
2009 3823 2061 3877 In
2086 3840 2175 3879 rc-

588 3895 895 3949 missionem
949 3907 1307 3964 peccatorum.
1368 3896 1595 3949 Fortiter
1649 3903 1826 3948 tenete
1864 3933 1877 3953 .
1949 3894 2176 3949 Iidelilcr

585 3974 798 4034 sperate
823 4009 836 4027 ,
859 3969 1121 4037 patienter
1145 3975 1451 4035 exstieetate
1485 3984 1495 4016 :
1527 3964 1777 4019 reddetur
1794 3964 1942 4037 vobis
1967 3966 2174 4037 novitas

588 4052 682 4104 per
709 4035 1034 4106 Baptistntun
1057 4077 1071 4102 ,
1104 4046 1366 4090 vetustate
1395 4037 1742 4099 discedente;
1797 4035 2174 4090 deonerabitttr

585 4105 760 4159 anima
803 4109 1027 4161 sarcinis
1066 4119 1440 4176 peccatorum,
1473 4117 1532 4161 ut
1585 4107 1826 4160 libertate
1875 4121 2026 4158 nova:
2055 4107 2174 4160 vitae

587 4177 799 4239 induta,
863 4175 1116 4230 adversus
1172 4178 1441 4231 diabolum
1494 4192 1612 4230 cum
1665 4176 1928 4244 adjutorio
1991 4175 2172 4230 divino

588 4247 762 4299 valeat
813 4245 1021 4301 fortiter
1071 4248 1353 4312 dimicare,
1411 4261 1642 4315 eumque
1689 4261 1719 4299 a
1771 4262 1878 4315 quo
1926 4257 2172 4314 superata

583 4325 668 4369 est
721 4317 787 4369 ita
838 4325 1085 4386 superet,
1117 4325 1172 4372 nt
1211 4319 1262 4372 in
1295 4334 1456 4385 regno
1512 4317 1604 4370 Dei
1652 4318 1936 4379 translata,
1964 4316 2031 4370 de
2078 4317 2173 4370 ho-

584 4395 684 4457 ste,
713 4386 920 4440 (IPViI'IO
970 4404 1154 4442 secura
1187 4431 1202 4453 ,
1247 4397 1434 4457 regnet
1453 4403 1571 4442 cum
1601 4402 1697 4441 suo
1743 4388 1913 4455 capite
1938 4386 2170 4441 Christo.

657 4456 882 4511 CAPUT
913 4457 1003 4511 Xl.
1037 4488 1103 4497 —
1133 4460 1218 4513 11.
1257 4456 1330 4512 De
1357 4457 1720 4510 resurrectione
1769 4457 1956 4510 carnis.
1985 4457 2171 4513 Carnis

505 4577 516 4593 ,
585 4529 1048 4581 resurrectionem.
1075 4528 1259 4600 Magna
1291 4529 1426 4584 ﬁdes
1446 4537 1529 4582 est
1556 4531 1853 4600 necessaria
1877 4569 1897 4600 ,_
1921 4530 2169 4596 quoniam

585 4613 833 4666 magnum
867 4600 1140 4668 pl'ﬂlmllllﬂ
1163 4597 1527 4669 'promittitttr.
1583 4597 1693 4652 Nee
1719 4597 2005 4653 attendatis
2045 4600 2170 4668 quid

587 4685 727 4722 nunc
778 4670 869 4734 Iit,
918 4669 1009 4722 sed
1035 4669 1158 4736 quid
1190 4679 1316 4724 tunc
1347 4671 1442 4722 Iit‘
1469 4687 1482 4724 :
1513 4669 1653 4739 quod
1694 4670 1835 4721 ettim
1883 4684 2025 4723 nunc
2069 4672 2166 4736 Iit,

583 4741 778 4792 multos
806 4751 1000 4794 movet.
1035 4741 1200 4808 Quem
1247 4741 1388 4794 enim
1438 4756 1543 4794 non
1593 4748 1804 4805 movet,
1851 4755 1972 4793 cum
2026 4741 2171 4794 videt

584 4819 781 4864 tantam
809 4812 1042 4880 speciem
1066 4853 1079 4869 .
1111 4820 1311 4864 tantam
1343 4810 1785 4881 pulchritudinem
1807 4852 1822 4874 ,
1856 4819 2171 4881 tantumque

581 4881 829 4934 decorem
853 4923 866 4946 ,
897 4881 1162 4935 hominem
1197 4882 1481 4936 formatum
1531 4880 1724 4935 resolvi
1782 4881 1834 4934 in
1875 4880 2122 4949 pulveres
2151 4924 2165 4947 ,

580 4965 698 5004 ossa
727 4952 994 5022 dispergi,
1027 4961 1219 5006 terram
1267 4961 1422 5006 terra:
1448 4951 1725 5006 mandari?
1767 4951 1880 5004 Non
1913 4961 1964 5006 te
2014 4954 2111 5006 ista
2151 4994 2165 5016 ,

579 5022 901 5087 Christiane,
941 5023 1268 5078 deterreant.
1325 5023 1625 5077 Seminattts
1682 5031 1765 5076 est
1814 5023 2007 5087 homo,
2062 5039 2167 5076 non

581 5093 837 5160 perditus.
867 5095 1052 5147 Anima
1081 5095 1295 5165 quidem
1323 5093 1632 5150 discedente
1661 5091 2018 5148 habitaculum
2051 5093 2168 5163 ejus

643 5226 662 5258 ί
697 5231 746 5273 ιιι
765 5232 892 5285 Mss,
917 5226 1034 5288 quid
1054 5240 1176 5278 nunc
1188 5233 1282 5292 sat,
1305 5233 1390 5280 sed
1414 5241 1540 5279 nunc
1562 5228 1682 5292 quid
1694 5225 1765 5292 ﬁt.

1483 398 1572 455 DE
1608 382 1924 455 SYMBOLO
1961 395 2187 450 statuto
2225 395 2315 450 AD
2352 396 2922 455 CATECIIUMENOS.

3774 403 3864 460 668

2285 513 2544 567 solvitur:
2577 529 2679 586 non
2709 525 2788 569 est
2814 513 2960 586 enim
2991 522 3187 584 praesto
3218 513 3302 568 illa
3334 513 3547 571 domina
3569 559 3582 580 ,
3631 531 3752 586 quae
3773 534 3857 572 cn-

2287 599 2397 655 ram
2424 593 2572 652 gerat
2612 585 2768 640 lutea:
2792 585 2983 640 domus
3001 625 3015 649 ,
3045 594 3202 655 atque
3225 586 3338 652 ejus
3367 595 3634 642 restattret
3655 585 3855 643 ruinas.

2291 653 2446 727 Vadit
2471 656 2613 708 enim
2641 697 2654 717 ,
2712 664 2767 727 nt
2820 670 3012 727 magno
3057 653 3278 724 praemio
3325 672 3545 726 regnum
3593 671 3857 727 comparet

2285 725 2686 796 sempiternum.
2720 725 2853 793 Qttid
2898 740 3027 796 ergo
3071 727 3294 796 metuis,
3326 741 3359 778 o
3395 725 3615 782 anima?
3659 725 3859 782 Christo

2287 793 2511 866 Domino
2539 796 2708 866 dicata
2735 813 2827 859 es;
2857 793 3015 865 atque
3042 796 3160 866 ipso
3181 795 3415 852 donante
3458 799 3593 851 bene
3616 800 3748 853 vivis
3767 842 3780 862 ,
3809 811 3856 853 et

2284 864 2361 938 ad
2380 881 2599 938 regnum
2628 865 2722 920 Dei
2751 864 3578 938 pervenirecontendis:lltquid
3613 868 3856 924 formidas

2285 935 2798 1007 vehiculnmtmortis
2821 937 2844 990 ?
2872 937 3230 991 Prolicisceris
3251 935 3502 1005 quidem,
3547 950 3601 993 et
3624 940 3858 1007 injuriatn

2287 1005 2516 1070 patietur
2541 1005 2606 1059 ad
2636 1016 2845 1074 tempus
2871 1022 2996 1060 caro
3029 1017 3113 1060 tua
3145 1024 3157 1060 :
3193 1009 3480 1062 reverteris
3505 1024 3624 1062 cum
3657 1005 3858 1064 summo

2286 1075 2428 1143 Rege
2461 1091 2686 1146 regnans
2707 1119 2719 1138 ,
2743 1087 2796 1132 et
2821 1077 2938 1130 talis
2965 1077 3056 1130 tibi
3081 1077 3331 1131 reddetur
3352 1095 3469 1148 qiue
3497 1092 3725 1147 nequeat
3751 1096 3860 1133 cor-

2283 1147 2486 1220 rumpi.
2514 1156 2566 1199 et
2585 1158 2758 1220 tecum
2789 1157 2998 1201 maneat
3025 1147 3378 1220 sempiterna.
3394 1150 3447 1204 Si
3469 1150 3534 1203 ad
3565 1150 3666 1204 hoc
3695 1151 3860 1220 pergis

2283 1225 2340 1269 ut
2368 1219 2555 1270 melior
2581 1217 2860 1283 efliciaris,
2897 1235 2999 1270 non
3029 1219 3203 1272 credis
3227 1220 3475 1288 quoniam
3502 1217 3711 1274 meliori
3741 1217 3859 1274 et'iu

2282 1303 2446 1350 regno
2476 1288 2732 1342 caelorum
2767 1288 2783 1319 ¹
2813 1288 3044 1352 quodam
3069 1288 3227 1341 modo
3254 1289 3648 1345 administranti
3681 1292 3860 1345 melius

2285 1357 2375 1410 tibi
2407 1358 2786 1427 prreparabitttr
2815 1358 3100 1426 hospitium
3124 1361 3148 1411 ’ἶ
3172 1359 3226 1414 Si
3257 1359 3368 1412 ha‘c
3397 1369 3605 1414 terrena
3627 1403 3642 1425 ,
3685 1362 3817 1414 lutea
3844 1403 3858 1426 ,

2284 1427 2520 1491 fragilis,
2579 1440 2778 1482 tantam
2813 1429 2903 1481 tibi
2952 1428 3196 1482 exhibuit
3251 1430 3731 1498 pulchritudinem;
3777 1449 3856 1484 re-

2280 1509 2512 1552 atanrata
2539 1509 2591 1552 et
2619 1499 2850 1553 cmlestis
2866 1498 3048 1553 eIl'ecta
3071 1499 3278 1568 qualem
3308 1501 3396 1554 tibi
3414 1501 3692 1556 exhibebit
3712 1502 3860 1555 deco-
3888 1509 3892 1512 ’

2283 1570 2435 1623 rem?
2462 1570 2516 1623 Si
2538 1571 2672 1623 hanc
2703 1578 2902 1622 tantum
2935 1570 3108 1636 diligis
3127 1611 3141 1632 ,
3175 1586 3291 1640 qua:
3311 1571 3580 1638 paululum
3613 1583 3788 1625 manet
3814 1583 3864 1627 et

2283 1641 2464 1692 transit
2488 1641 2537 1693 iit
2563 1650 2800 1708 tempore
2824 1657 2837 1701 ;
2864 1640 3005 1692 illam
3023 1650 3273 1707 quantum
3293 1642 3516 1706 amabis,
3541 1658 3661 1707 «iure
3678 1644 3862 1696 decore

2281 1725 2377 1763 suo
2392 1725 2658 1776 nunquam
2672 1709 2868 1764 carebit
2880 1710 3145 1776 ,qttoniam
3162 1711 3212 1764 iit
3226 1721 3480 1766 aeternum
3495 1713 3598 1766 vita
3616 1713 3863 1766 manebit?

2352 1779 2578 1852 CAPUT
2603 1781 2714 1852 XII.
2733 1809 2804 1818 ——
2831 1779 2918 1834 12.
2941 1779 3020 1852 De
3039 1781 3140 1852 vita
3162 1793 3369 1834 a'terna.
3405 1781 3515 1837 Iloc
3547 1785 3787 1852 sequitur
3812 1784 3860 1838 itt

2282 1861 2466 1904 sancto
2493 1851 2780 1921 Symbolo,
2814 1850 2953 1918 quod
2980 1851 3154 1923 omnia
3183 1868 3301 1920 ane
3330 1854 3600 1923 credimus
3632 1850 3698 1908 et
3743 1869 3861 1923 spe-

2283 1936 2462 1973 ramus
2483 1963 2496 1984 ,
2531 1924 2581 1974 in
2609 1923 2713 1974 vita
2731 1929 2930 1975 :ctcrna
2960 1921 3330 1989 percipiamus.
3366 1922 3486 1977 Vita
3518 1934 3720 1978 aiterna
3743 1921 3860 1989 ,di-

2285 1991 2556 2062 lectissimi
2583 2032 2597 2056 ,
2631 2006 2896 2060 nunquam
2925 1992 3146 2045 vilescat
3171 2033 3184 2052 .
3223 2009 3542 2062 semperque
3571 1995 3858 2048 dulcescat.

2283 2061 2337 2115 Si
2409 2071 2616 2116 amatur
2661 2063 2766 2116 vita
2815 2103 2831 2127 ,
2908 2077 3074 2132 quare
3124 2077 3228 2117 non
3275 2061 3531 2130 quaeritur
3582 2065 3759 2118 vera?
3809 2065 3863 2120 Si

2282 2143 2492 2203 amatur
2517 2134 2620 2186 vita
2651 2175 2666 2198 ,
2702 2133 2820 2186 talis
2865 2141 3133 2201 quaeratur
3170 2150 3288 2201 (tute
3331 2151 3597 2203 nunquam
3629 2135 3859 2192 finiatur.

2284 2201 2350 2256 Et
2375 2203 2416 2256 si
2449 2213 2687 2267 amatur,
2718 2217 2881 2270 quare
2911 2217 3014 2256 non
3045 2203 3338 2272 qumritnr?
3368 2201 3532 2259 aut—si
3571 2207 3857 2272 qua-ritur,

2282 2273 2403 2345 quia
2453 2272 2537 2327 hic
2571 2289 2673 2327 non
2717 2283 2832 2345 est,
2863 2273 3080 2345 adcum
3111 2273 3283 2345 locum
3311 2275 3398 2328 ubi
3426 2285 3508 2329 est
3537 2291 3701 2345 quare
3758 2292 3861 2330 non

2284 2342 2600 2414 festinatur?
2624 2343 2789 2411 Quid.
2819 2343 2956 2413 quod
2987 2345 3146 2397 etiam
3183 2343 3322 2398 ultro
3345 2361 3403 2400 se
3432 2342 3584 2399 nobis
3614 2347 3729 2414 ipsa
3760 2347 3861 2400 vita

2285 2413 2542 2481 ingessit?
2569 2414 2810 2469 Christus
2839 2423 2921 2468 est
2940 2415 3081 2468 enim
3105 2415 3242 2468 Deus
3265 2431 3419 2470 verus
3438 2427 3488 2470 et
3512 2417 3619 2470 vita
3642 2413 3859 2470 teterna.

2284 2483 2442 2538 Venit
2468 2483 2533 2538 ad
2562 2500 2660 2539 nos
2691 2485 2925 2554 perditos
2953 2494 3005 2538 et
3028 2484 3253 2540 redemit
3283 2487 3524 2541 inventos
3553 2504 3568 2540 :
3596 2487 3744 2540 venit
3766 2487 3864 2542 huc

2284 2554 2349 2608 ad
2381 2554 2649 2626 regionem
2682 2555 2983 2608 mortalium
3009 2556 3267 2626 ipsavera
3297 2556 3402 2610 vita
3436 2574 3450 2608 τ
3490 2557 3638 2611 dedit
3661 2568 3866 2626 gustum

2283 2625 2489 2693 saporis
2519 2628 2633 2690 sui;
2667 2627 2991 2694 gnstavimus
3014 2625 3038 2690 ,⁷
3057 2625 3286 2680 vidimus
3308 2627 3554 2695 quoniam
3568 2625 3751 2682 suavis
3767 2638 3864 2682 est.

2285 2695 2562 2750 Prreccssit
2595 2712 2692 2750 nos
2719 2738 2733 2758 ,
2765 2697 3077 2750 invitavitttt
3102 2711 3422 2765 sequamur;
3451 2707 3505 2752 et
3531 2697 3595 2751 ad
3627 2707 3734 2752 tam
3763 2715 3868 2752 ma-

2284 2781 2444 2838 gnum
2476 2767 2602 2838 illud
2629 2767 2865 2838 donum,
2886 2771 3049 2838 cujus
3081 2767 3238 2838 talem
3268 2770 3601 2838 suscepimus
3633 2780 3863 2837 gustum,

2284 2837 2433 2906 sequi
2465 2837 2850 2891 formidamus?
2882 2837 3038 2892 Venit
3064 2837 3130 2892 ad
3159 2848 3209 2892 te
3240 2839 3344 2890 vita
3370 2855 3384 2903 ;
3409 2839 3646 2908 repende
3675 2845 3864 2902 viceni,

2286 2908 2465 2961 veniet
2488 2908 2617 2961 tuad
2646 2907 3059 2976 illam.Suscepit
3077 2908 3376 2963 vehiculum
3397 2907 3606 2976 martis,
3627 2920 3680 2963 nt
3709 2920 3867 2964 trans-

2285 2977 2400 3032 iens
2419 2978 2662 3032 liberaret
2682 2987 2758 3032 te:
2781 2980 2991 3048 suscipe
3014 2986 3132 3032 etttt
3154 2987 3402 3045 mortem,
3422 2988 3477 3034 tit
3493 2994 3615 3033 cum
3642 2980 3709 3034 ad
3730 2982 3865 3035 illam

2284 3050 2515 3112 veneris,
2537 3050 2608 3103 ita
2638 3050 2705 3102 ab
2732 3049 2817 3102 illa
2851 3049 3176 3172 susciinaris,
3198 3061 3250 3103 ut
3281 3065 3547 3123 nunquam
3595 3053 3856 3105 moriaris.

2355 3119 2582 3172 CAPUT
2611 3119 2748 3172 XIII.
2780 3149 2851 3159 —
2878 3121 2965 3172 15.
3047 3137 3074 3172 e
3101 3131 3278 3172 sancta
3309 3118 3561 3172 Ecclesia.
3620 3122 3856 3172 Sanctam

2355 3119 2582 3174 CAPUT
2611 3119 2748 3174 XIII.
2780 3149 2851 3159 —
2878 3121 2965 3174 15.
2995 3117 3074 3174 De
3101 3131 3278 3173 sancta
3309 3117 3561 3175 Ecclesia.
3620 3122 3865 3176 Sanctam

2283 3189 2596 3264 Ecclesiaut.
2627 3190 2913 3264 Protiterea
2943 3190 3097 3264 hujus
3121 3192 3392 3264 conclusio
3420 3194 3742 3264 sacramenti
3775 3208 3867 3264 per

2286 3269 2525 3314 sanctam
2548 3261 2842 3332 Ecclesiam
2871 3261 3484 3331 terminatttr,qttoniam
3521 3263 3565 3316 si
3592 3262 3715 3332 quis
3742 3261 3864 3316 abs-

2282 3345 2386 3400 que
2436 3346 2499 3386 ea
2549 3332 2796 3384 inventus
2824 3331 3012 3396 fuerit,
3039 3332 3248 3386 alienus
3276 3333 3378 3387 erit
3404 3347 3434 3386 a
3477 3331 3707 3387 numero
3739 3335 3868 3388 lilio.

2286 3416 2411 3472 rtth
2436 3419 2449 3454 :
2485 3417 2582 3472 nec
2609 3402 2821 3457 habebit
2850 3402 3016 3456 Deum
3046 3401 3260 3457 Patrem
3288 3443 3302 3465 ,
3335 3404 3423 3472 qui
3448 3402 3750 3458 Ecclesiam
3778 3419 3867 3456 no-

2285 3471 2698 3544 lttcrithliabere
2749 3482 3030 3544 matrem,
3072 3473 3310 3542 nihilque
3355 3471 3412 3527 ei
3465 3473 3668 3528 valebit
3730 3474 3865 3544 quod

2281 3542 2508 3596 credidit
2550 3543 2632 3597 vel
2678 3543 2799 3597 fecit
2844 3551 2988 3598 tanta
3021 3543 3155 3598 bona
3185 3543 3300 3597 sine
3331 3544 3433 3598 line
3464 3545 3659 3598 summi
3720 3542 3861 3599 boni.

2283 3612 2551 3684 Ecclesia,
2603 3623 2774 3668 mater
2818 3623 2900 3668 est
2948 3613 3237 3684 spiritualis
3284 3630 3297 3666 :
3351 3614 3630 3680 Ecclesia,
3671 3631 3864 3682 Sponsa

2280 3682 2477 3755 Christi
2520 3693 2634 3755 e~t;
2665 3685 2826 3752 gratia
2859 3682 3249 3752 ejus'dealbata
3276 3726 3290 3745 ,
3325 3686 3556 3753 pretioso
3607 3689 3866 3755 Sanguine

2279 3753 2480 3824 dotata.
2514 3753 2703 3807 Totum
2737 3755 2974 3822 DDSSIIICI
2998 3755 3136 3822 qttod
3187 3771 3214 3808 a
3248 3755 3360 3808 viro
3408 3770 3507 3809 suo
3554 3753 3763 3824 accepit
3815 3757 3864 3809 itt

2281 3823 2425 3879 dote.
2446 3825 2588 3893 Lego
2615 3825 2822 3878 tabulas
2854 3826 3269 3880 tttalrimottiztles
3291 3826 3405 3886 eius
3430 3867 3442 3882 .
3469 3823 3727 3879 recitabo.
3760 3829 3866 3880 Au-

2281 3895 2387 3948 dite
2406 3937 2420 3958 ,
2447 3896 2702 3957 lucretici,
2734 3895 2857 3962 quid
2875 3898 3132 3964 scriptum
3162 3897 3229 3949 sit
3254 3914 3266 3948 :
3304 3896 3578 3965 Oportebat
3606 3895 3862 3951 Christum

2280 3966 2386 4035 pati
2407 3975 2449 4039 et
2472 3982 2728 4039 resurgere
2752 3983 2782 4018 η
2809 3968 3019 4039 mortuis
3038 4009 3051 4027 ,
3086 3976 3132 4019 et
3160 3967 3425 4034 praedicari
3449 3969 3501 4020 in
3527 3970 3731 4020 nomine
3760 3969 3864 4039 ejus

2279 4037 2620 4109 paenitentiam
2650 4045 2697 4089 et
2721 4038 3059 4109 remissionem
3083 4049 3399 4107 peccatorum
3422 4054 3511 4107 per
3545 4055 3720 4109 onore:
3746 4037 3870 4109 gen-

2279 4116 2350 4158 tes
2377 4105 2523 4170 (Luc.
2555 4123 2702 4170 xxxv,
2729 4109 2843 4176 47).
2874 4105 3287 4174 Οιιιιιεςςξοηιες
3337 4105 3478 4161 totus
3511 4105 3866 4163 mundns'est.

2279 4176 2517 4248 Ecclesia
2541 4185 2704 4230 totum
2727 4177 2978 4246 possidet,
2998 4177 3133 4248 quod
3153 4193 3180 4230 a
3199 4178 3422 4231 virosuo
3433 4180 3639 4247 accepit
3659 4180 3711 4232 in
3725 4179 3870 4234 dote.

2277 4247 2639 4319 Qua'cumqne
2664 4247 3309 4319 congregatiocujnslibct
3334 4249 3552 4319 liguresis
3581 4251 3632 4303 in
3659 4251 3869 4319 angulis

2278 4318 2429 4373 sedet
2452 4335 2464 4371 :
2487 4318 2782 4372 concubina
2803 4318 2885 4373 est
2902 4361 2917 4384 ,
2942 4335 3046 4372 non
3067 4330 3328 4372 matrona.
3347 4318 3391 4374 Ο
3413 4319 3635 4373 haeresis
3660 4318 3866 4382 ariatza,

2276 4388 2403 4461 quid
2435 4389 2656 4443 insultas
2677 4431 2692 4449 .
2718 4389 2847 4461 quid
2889 4388 3140 4444 exsnfllas
3162 4432 3176 4452 ,
3209 4390 3334 4459 quid
3361 4391 3522 4461 etiam
3549 4390 3621 4461 ad
3656 4400 3869 4461 tempus

2277 4460 2444 4513 multa
2473 4458 2737 4528 usurpas?
2764 4459 3014 4528 Injuriam
3043 4477 3071 4513 a
3104 4469 3154 4514 te
3186 4458 3380 4528 patitur
3414 4460 3633 4514 domina
3662 4461 3732 4515 ab
3772 4458 3871 4515 an-

2277 4530 2397 4584 cilla
2422 4549 2437 4593 ;
2468 4531 2660 4585 multas
2679 4531 2727 4584 ei
2760 4531 2955 4600 ingeris
2983 4531 3334 4585 contumelias
3357 4548 3369 4583 :
3389 4530 3514 4586 licet
3538 4532 3652 4585 lucc
3666 4532 3870 4599 doleat,

2276 4618 2382 4655 non
2411 4610 2460 4655 te
2485 4617 2676 4671 magno
2706 4603 2892 4656 metuit
2916 4616 3110 4670 sponsa
3127 4601 3327 4655 Christi
3359 4610 3540 4654 sancta
3569 4601 3870 4657 Catholica.

2275 4671 2406 4726 Cum
2435 4673 2574 4726 enim
2604 4673 2900 4740 respexerit
2929 4673 3017 4726 ille
3041 4687 3270 4741 sponsus
3291 4715 3305 4736 ,
3335 4672 3565 4740 ejicieris
3589 4681 3646 4726 tu
3681 4683 3739 4727 ut
3758 4690 3860 4727 an-

2275 4743 2395 4797 cilla
2426 4757 2546 4797 cum
2580 4743 2702 4796 ﬁliis
2731 4743 2834 4796 tuis
2860 4759 2872 4803 ;
2906 4743 3154 4812 quoniam
3185 4757 3289 4796 non
3318 4751 3476 4795 erunt
3499 4743 3749 4798 bzeredes
3776 4744 3871 4798 lilii

2275 4814 2479 4868 ancillae
2504 4829 2624 4868 cum
2658 4813 2776 4867 filiis
2799 4811 2979 4868 liberat
3006 4812 3159 4882 (Gen.
3189 4829 3319 4878 XXI,
3352 4813 3461 4883 I0).
3496 4811 3876 4884 Cognoscatur

2277 4900 2395 4956 una,
2433 4895 2612 4956 sancta
2665 4893 2723 4956 et
2752 4898 2875 4956 vera
2916 4885 3096 4956 regina
3146 4884 3450 4946 Catholica,
3507 4885 3594 4938 cui
3646 4900 3880 4956 regnum

2273 4955 2517 5009 Christus
2543 4955 2649 5008 tale
2695 4954 2874 5018 dedit,
2926 4944 3069 5024 quod
3121 4969 3238 5009 eam
3288 4969 3385 5022 per
3412 4944 3582 5008 totum
3613 4944 3880 5010 muhdum

2272 5025 2576 5080 diffundens
2601 5067 2614 5090 ,
2638 5025 2706 5078 ab
2726 5027 2867 5077 omni
2903 5025 3114 5079 macula
3136 5035 3189 5077 et
3215 5040 3344 5094 ruga
3374 5025 3665 5094 mandans,
3711 5036 3882 5082 totam

2275 5096 2548 5167 pulchram
2581 5112 2676 5148 suo
2703 5095 2931 5150 adventu
2958 5096 3295 5166 praeparavit.

2339 5232 2351 5260 ι
2388 5231 2787 5278 Gemmettcencis
2815 5234 2895 5277 us.
2910 5263 2924 5289 ,
2948 5227 3000 5278 in
3022 5239 3172 5291 regna
3194 5227 3444 5280 caelorum.

3903 5087 3917 5120 I
