4078 6542
305 430 3578 500 M
893 519 1036 635 s.
1094 436 2571 639 naiﬁi‘i‘nuais
2579 478 2986 645 eis}:

1454 716 1961 778 HIPPONENSIS
2004 719 2358 782 EPISCOPI

1744 852 2144 934 SERMO

435 986 710 1129 DE
837 979 1981 1206 1318011)ng
1937 974 3443 1214 MELHRISTIANA‘.

360 1262 591 1320 CAPUT
649 1259 936 1317 PRIMUM.
987 1287 1061 1299 ——
1107 1258 1154 1311 1.
1205 1256 1464 1312 Sermonis
1503 1264 1876 1327 argumentum.

288 1354 523 1409 Locutus
586 1362 669 1407 est
729 1353 795 1406 ad
851 1364 949 1405 nos
1001 1364 1180 1404 sermo
1233 1349 1374 1414 Dei,
1430 1357 1484 1402 et
1539 1348 1885 1418 depromptus

288 1455 371 1500 est
400 1445 468 1499 ad
521 1444 950 1499 exhortationem
993 1451 1228 1495 nostram
1255 1482 1270 1507 ,
1317 1439 1528 1494 dicente
1574 1440 1883 1509 Scriptura,

287 1536 517 1607 Accipite
547 1537 869 1602 disciplinam
900 1536 953 1587 in
992 1534 1141 1587 domo
1172 1532 1454 1602 disciplina:
1484 1530 1669 1604 (Eecti.
1701 1547 1770 1597 LI,
1795 1532 1883 1596 51,

287 1630 400 1700 36).
434 1630 744 1701 Disciplina,
772 1644 802 1683 a
834 1626 1089 1683 discendo
1120 1625 1259 1679 dicta
1283 1634 1365 1679 est
1408 1643 1421 1679 :
1455 1624 1751 1693 disciplina:
1780 1623 1880 1677 do-

286 1738 442 1787 mus,
492 1730 576 1775 est
626 1721 863 1775 Ecclesia
911 1716 1127 1773 Christi.
1173 1716 1308 1783 Quid
1336 1732 1464 1786 ergo
1495 1716 1581 1770 hic
1624 1716 1880 1781 discitur,

286 1813 371 1867 vel
399 1827 566 1883 quare
586 1811 809 1866 discitur
829 1810 851 1864 ?
874 1810 975 1878 Qui
996 1817 1120 1864 sunt
1139 1808 1229 1878 qui
1256 1808 1470 1862 discunt
1488 1849 1504 1873 ,
1536 1816 1587 1862 et
1615 1823 1646 1861 a
1672 1822 1778 1877 quo
1798 1806 1883 1861 di-

285 1904 484 1959 scunt?
512 1902 740 1957 [)iscilur
766 1903 900 1957 bene
921 1902 1117 1955 vivere.
1145 1899 1369 1968 Propter
1392 1898 1493 1953 hoc
1508 1898 1732 1952 discitur
1746 1897 1885 1952 bene

284 1995 489 2057 vivere,
524 2004 580 2047 ut
634 1993 977 2064 perveniatur
1020 1990 1088 2046 ad
1139 2005 1359 2060 semper
1404 1989 1604 2044 vivere.
1660 1990 1886 2044 Discunt

281 2084 595 2152 Christiani,
627 2085 783 2141 docet
810 2085 1073 2140 Christus.
1103 2083 1283 2137 Primo
1311 2098 1460 2153 ergo,
1490 2080 1615 2152 quid
1646 2082 1714 2135 sit
1746 2081 1883 2137 bene

283 2180 494 2243 vivere;
525 2178 740 2244 deinde,
770 2194 890 2249 quae
934 2178 1004 2232 sit
1055 2192 1265 2232 merces
1310 2176 1464 2230 bona:
1496 2176 1647 2240 vitae;
1684 2176 1839 2230 tertio
1863 2216 1879 2242 ,

280 2272 372 2341 qui
392 2272 499 2325 sint
525 2272 634 2326 veri
664 2272 948 2325 Christiani
972 2286 987 2336 ;
1016 2280 1208 2342 quarto
1230 2312 1245 2336 ,
1279 2269 1399 2339 quis
1427 2270 1496 2323 sit
1524 2285 1681 2324 verus
1713 2270 1881 2339 magi-

279 2373 413 2428 ster,
440 2378 606 2432 pauca
642 2362 986 2433 loquentibus
1016 2362 1205 2426 nobis,
1231 2361 1370 2415 sicut
1395 2359 1560 2414 donat
1585 2359 1874 2426 Dominus,

277 2455 467 2508 audire
494 2455 806 2525 dignemini.
836 2454 1036 2510 Omnes
1060 2454 1113 2508 in
1143 2453 1304 2508 domo
1334 2452 1631 2522 disciplina:
1659 2466 1874 2517 sumus,

278 2546 373 2601 sed
400 2546 551 2601 multi
580 2546 767 2600 nolunt
796 2546 991 2600 habere
1005 2545 1375 2614 disciplinam;
1400 2553 1453 2597 et
1482 2543 1621 2613 quod
1647 2553 1727 2597 εει
1748 2558 1872 2612 per-

278 2638 512 2704 versius,
549 2653 646 2692 nec
672 2639 725 2691 in
751 2638 910 2691 domo
946 2637 1244 2705 disciplinae
1273 2635 1457 2689 volunt
1490 2635 1686 2689 habere
1713 2633 1879 2688 disci-

278 2731 503 2801 plinam.
529 2732 661 2785 Cum
690 2740 968 2801 propterea
1005 2730 1234 2785 debeant
1280 2729 1334 2784 in
1362 2728 1529 2783 domo
1583 2726 1880 2797 disciplina:

276 2824 527 2894 accipere
552 2821 920 2891 disciplinam,
954 2830 1011 2874 ut
1042 2829 1255 2874 servent
1292 2819 1435 2873 illam
1462 2828 1518 2873 et
1546 2818 1601 2873 in
1626 2818 1875 2872 domibus

276 2916 419 2978 suis;
444 2914 544 2984 ipsi
572 2924 784 2981 contra,
807 2913 1352 2982 indisciplinalioncm
1375 2928 1481 2966 non
1501 2912 1673 2966 solum
1708 2910 1759 2964 in
1784 2909 1881 2965 do-

277 3006 457 3062 mibus
485 3009 598 3063 suis
628 3006 825 3061 habere
855 3007 1058 3071 volunt,
1087 3005 1179 3060 sed
1207 3004 1350 3059 ferre
1371 3005 1515 3057 illam
1534 3019 1715 3058 secum
1736 3010 1787 3057 et
1803 3002 1870 3055 ad

275 3098 497 3155 domum
524 3098 842 3169 disciplinae.
860 3097 981 3152 Ideo
1011 3096 1150 3166 apud
1181 3112 1315 3166 quos
1338 3110 1443 3149 non
1470 3103 1623 3149 vacat
1646 3094 1877 3149 verbum

279 3191 413 3259 Dei,
445 3192 535 3262 qui
562 3206 658 3246 cor
684 3191 797 3245 auri
828 3190 1192 3260 coniungunt;
1221 3187 1311 3258 qui
1340 3203 1445 3241 non
1474 3195 1600 3241 sunt
1625 3186 1742 3247 via,
1775 3185 1877 3276 .ubi

276 3298 468 3341 semen
497 3300 619 3338 cum
668 3282 923 3338 ceciderit
949 3281 1017 3336 ab
1066 3280 1254 3335 avibus
1301 3278 1602 3349 colligitur;
1651 3277 1739 3348 qui
1773 3293 1880 3330 non

277 3386 405 3432 sunt
432 3385 645 3445 petrosa
672 3376 787 3429 loca
817 3417 831 3441 ,
863 3373 949 3427 ubi
982 3388 1165 3428 semen
1208 3372 1368 3424 altam
1415 3369 1650 3424 radicem
1683 3368 1881 3422 habere

282 3484 393 3524 non
423 3476 621 3537 potest,
642 3476 697 3521 et
724 3466 790 3520 ad
820 3468 1001 3520 horam
1030 3465 1159 3531 exit,
1193 3473 1248 3518 et
1277 3463 1328 3516 in
1372 3470 1504 3515 testu
1535 3461 1760 3519 arescit;
1790 3460 1878 3529 qni

277 3574 389 3616 non
411 3569 535 3613 sunt
562 3574 692 3629 ager
717 3558 989 3629 spinosus.
1019 3555 1103 3608 ubi
1128 3569 1313 3609 semen
1342 3568 1464 3607 cum
1500 3549 1882 3622 germinaverit

278 3653 408 3709 etin
429 3667 587 3706 auras
614 3664 834 3720 surgere
864 3648 1110 3717 coeperit,
1140 3647 1415 3717 spinarum
1439 3643 1703 3697 densitate
1717 3640 1880 3695 sntio-

276 3752 434 3799 catur
464 3760 477 3795 :
508 3742 601 3797 sed
629 3742 717 3811 qui
743 3750 867 3795 sunt
889 3750 1026 3793 terra
1058 3739 1192 3793 bona
1222 3745 1404 3806 parata
1437 3749 1621 3789 semen
1665 3733 1878 3801 accipe-

278 3850 341 3891 re
361 3876 377 3901 ,
406 3842 461 3889 et
486 3832 713 3888 fructum
737 3832 961 3887 reddere
983 3830 1067 3884 vel
1090 3839 1397 3889 centenum,
1417 3825 1497 3880 vel
1526 3839 1876 3893 semgenum,

279 3928 369 3983 vel
397 3927 659 3981 triceuum
694 3922 1092 3997 (recordamini,
1125 3921 1213 3991 qui
1247 3934 1350 3973 non
1376 3918 1492 3971 sine
1522 3932 1681 3971 causa
1712 3917 1878 3969 intra-

279 4021 351 4075 tis
375 4019 669 4088 diseiplinre
692 4017 929 4071 scholam
948 4056 962 4080 ,
985 4015 1081 4068 has
1110 4028 1195 4068 me
1218 4010 1592 4066 similitudines
1618 4024 1679 4061 ex
1708 4007 1882 4060 Evan-

277 4110 424 4183 gelio
449 4123 901 4164 commemorasse
946 4104 1300 4179 [Mattlt.x1It,
1345 4098 1576 4173 5-251):
1609 4098 1697 4169 qui
1746 4113 1880 4169 ergo

282 4205 421 4259 tales
452 4212 594 4269 sunt,
623 4202 884 4271 accipiant
937 4198 1077 4270 quod
1123 4214 1218 4268 per
1263 4211 1349 4250 me
1410 4194 1663 4248 Dominus
1702 4192 1882 4247 dicere

278 4296 552 4366 dignatur.
586 4295 698 4364 Ego
719 4294 861 4348 enim
879 4334 893 4359 ,
917 4290 1170 4362 quoniam
1193 4289 1281 4343 ille
1307 4287 1554 4349 seminat,
1576 4284 1699 4355 quid
1717 4284 1878 4337 sum?

278 4386 385 4442 Vix
412 4386 673 4456 c0phiuus
698 4382 1029 4439 seminantis.
1057 4381 1174 4449 Ipse
1220 4380 1271 4433 in
1320 4393 1405 4433 me
1449 4391 1649 4445 ponere
1691 4374 1880 4443 digna-

279 4490 375 4536 tur
394 4482 415 4511 ¹
443 4478 583 4549 quod
614 4478 765 4531 vobis
783 4482 1018 4546 spargat.
1051 4473 1228 4528 Nolite
1256 4488 1381 4542 ergo
1406 4470 1681 4524 attendere
1703 4467 1769 4521 ad
1799 4467 1880 4521 vi-

278 4574 487 4629 litatem
509 4571 721 4641 cophini
744 4612 758 4635 ,
786 4570 877 4624 sed
902 4568 968 4623 ad
998 4568 1311 4624 charitatem
1338 4564 1565 4620 seminis
1592 4571 1645 4617 et
1677 4560 1740 4615 ad
1777 4576 1877 4630 po-

279 4673 532 4720 testatem
562 4662 925 4716 seminatoris.

356 4752 584 4809 CAPUT
618 4751 682 4806 11.
717 4779 789 4790 -
825 4750 881 4804 2.
932 4747 1217 4802 Dicendum
1262 4746 1385 4816 quid
1432 4745 1496 4799 sit
1535 4745 1655 4798 bene
1698 4744 1879 4799 vivere.

282 4845 551 4915 Prtecepta
577 4844 700 4897 bene
727 4841 923 4896 vivendi
939 4857 1037 4894 uno
1056 4841 1190 4893 brevi
1214 4847 1458 4907 etaperto
1484 4838 1724 4890 mandato
1746 4853 1884 4890 com-

281 4939 554 5011 prehensa.
600 4934 736 5003 Quid
786 4942 869 4989 est
935 4948 1064 5003 ergo
1122 4931 1257 4985 bene
1322 4931 1543 4993 vivere,
1605 4927 1745 4998 quod
1798 4927 1886 4983 hic

280 5029 546 5086 discitur?
561 5028 831 5096 Praecepta
847 5022 1011 5078 multa
1027 5031 1149 5076 sunt
1169 5021 1219 5073 in
1234 5019 1395 5090 Lege,
1411 5020 1601 5102 quibus
1616 5019 1723 5087 ipsa
1744 5018 1881 5071 bona

282 5123 392 5176 vita
433 5120 758 5183 continetur,
790 5117 1082 5187 imperatur
1109 5123 1163 5167 et
1192 5113 1433 5166 discitur.
1462 5110 1620 5163 Multa
1658 5112 1877 5164 oumino

282 5223 551 5285 praecepta
579 5218 739 5275 sunt,
773 5204 1199 5263 innumerabilia.
1227 5204 1620 5271 Prmeeptnrum
1640 5203 1878 5269 ipsorum

282 5306 509 5378 paginas
538 5305 622 5359 vix
651 5303 933 5373 quisquam
964 5305 1261 5362 enumerat,
1292 5306 1492 5365 quanto
1520 5295 1685 5359 magis
1718 5310 1828 5363 ipsa
1857 5295 1880 5347 ?

1990 1257 2121 1323 Qum
2151 1258 2319 1313 voluit
2373 1269 2548 1315 tamen
2581 1260 2745 1329 Deus,
2774 1268 2995 1332 prOpter
3018 1276 3112 1316 eos
3156 1263 3243 1333 qui
3286 1278 3343 1319 se
3372 1274 3591 1335 possent

1994 1365 2251 1404 excusare
2276 1393 2290 1415 ,
2340 1351 2422 1405 vel
2468 1353 2587 1421 quia
2644 1353 2724 1410 eis
2754 1369 2859 1409 non
2890 1363 3041 1408 vacat
3072 1355 3248 1425 legere
3277 1398 3291 1419 ,
3342 1358 3421 1409 vel
3467 1360 3589 1427 quia

1993 1458 2098 1496 non
2148 1452 2341 1497 norunt
2402 1444 2621 1515 legere,
2690 1446 2770 1500 vel
2821 1447 2943 1517 quia
3000 1463 3104 1501 non
3157 1458 3380 1517 possunt
3437 1448 3589 1503 facile

1994 1535 2331 1605 intelligere,
2392 1545 2449 1589 ut
2499 1538 2899 1610 excusationem
2957 1553 3116 1592 nemo
3161 1539 3354 1592 haheat
3403 1540 3454 1592 in
3506 1539 3593 1593 die

1988 1626 2211 1696 judicii,
2265 1627 2472 1693 voluit,
2526 1629 2661 1683 sicut
2713 1631 2974 1700 scriptum
3039 1640 3157 1698 est,
3214 1646 3591 1686 consummare

1992 1726 2045 1772 et
2098 1717 2342 1774 breviare
2396 1720 2618 1773 verbum
2678 1736 2841 1790 super
2897 1732 3131 1787 terram,
3188 1722 3325 1777 sicut
3374 1722 3443 1777 de
3496 1724 3590 1778 illo

1991 1809 2252 1878 propheta
2315 1810 2636 1879 prmdixerat
2682 1830 2695 1866 :
2751 1811 2971 1866 Verbum
3032 1814 3164 1867 enim
3233 1830 3590 1870 consummans

1990 1914 2035 1956 et
2057 1902 2285 1958 brevians
2313 1906 2461 1974 faciet
2488 1904 2736 1960 Dominus
2765 1922 2918 1975 super
2946 1918 3130 1963 terram
3174 1906 3336 1979 (Isai.
3384 1925 3439 1971 ι,
3466 1907 3588 1977 25).

1991 1994 2103 2049 11οε
2127 1997 2305 2064 ipsum
2336 1997 2558 2052 verbum
2589 2008 3017 2053 consummatum
3048 2008 3102 2053 et
3138 1998 3455 2067 breviatum,
3486 2017 3589 2057 nec

1988 2086 2275 2141 obscurum
2310 2103 2431 2143 esse
2464 2088 2605 2143 Deus
2628 2088 2813 2143 voluit.
2843 2088 2969 2145 ldeo
2998 2089 3181 2151 breve,
3207 2106 3274 2145 ne
3302 2106 3404 2143 non
3427 2107 3585 2145 vaea-

1988 2186 2069 2231 ret
2091 2177 2269 2248 legere
2301 2196 2313 2230 :
2346 2178 2467 2233 ideo
2494 2189 2774 2248 apertum,
2823 2196 2891 2235 ne
2921 2180 3097 2247 dicat,
3129 2180 3253 2234 Mihi
3296 2198 3399 2235 non
3427 2180 3580 2237 licuit

1988 2266 2305 2339 intelligere.
2354 2269 2662 2325 Thesaurus
2710 2286 2837 2340 ergo
2880 2280 2963 2326 est
3006 2288 3229 2341 magnus
3274 2272 3576 2327 divinarum

1985 2358 2402 2430 Scripturarum,
2433 2363 2634 2419 habens
2658 2363 2710 2418 in
2736 2378 2794 2418 se
2820 2363 3079 2417 mirabilia
3107 2373 3371 2433 przecepta
3388 2365 3576 2427 multa.

1987 2460 2237 2522 tanquam
2267 2454 2462 2509 multas
2488 2470 2747 2524 gemmas,
2776 2464 2829 2509 et
2858 2456 3088 2525 pretiosa
3119 2456 3359 2519 monilia,
3378 2465 3573 2511 etvasa

1986 2546 2220 2616 ingentia
2247 2555 2301 2601 et
2335 2548 2509 2616 magni
2556 2548 2777 2602 metalli.
2831 2547 2937 2603 Sed
2985 2548 3104 2618 quis
3136 2556 3311 2617 potest
3351 2551 3581 2602 scrutari

1986 2639 2297 2694 thesaurum
2321 2640 2478 2694 istum
2501 2683 2516 2705 ,
2545 2650 2600 2695 et
2640 2640 2713 2695 uti
2746 2656 2810 2695 eo
2832 2682 2847 2707 ,
2889 2650 2943 2695 et
2974 2640 3254 2709 pervenire
3303 2640 3369 2694 ad
3399 2639 3580 2695 omnia

1985 2744 2103 2798 quae
2129 2729 2200 2783 ibi
2232 2738 2355 2787 sunt
2377 2729 2400 2782 ?
2425 2729 2647 2798 Quando
2676 2730 2811 2784 hanc
2862 2729 3267 2785 similitudinem
3322 2729 3579 2785 Dominus

1985 2819 2133 2874 dedit
2156 2821 2207 2875 in
2242 2821 2527 2891 Evangelio
2548 2836 2664 2883 Stto,
2698 2830 2753 2875 et
2775 2821 2927 2885 dixit.
2953 2821 3133 2876 Simile
3156 2830 3228 2875 est
3249 2838 3457 2891 regnum
3480 2836 3586 2875 ca:-

1986 2912 2150 2965 lorum
2175 2913 2408 2966 thesauro
2430 2913 2628 2967 invento
2652 2914 2701 2966 in
2728 2929 2874 2983 agro;
2898 2928 2963 2967 ne
2987 2913 3105 2985 quis
3147 2927 3206 2967 se
3237 2913 3411 2967 minus
3456 2911 3573 2966 ido—

1987 3018 2144 3057 neum
2175 3004 2375 3059 diceret
2402 3005 2465 3058 ad
2490 3005 2932 3073 perscrutandum
2957 3004 3263 3059 thesaurum
3284 3046 3299 3071 ,
3322 3004 3578 3060 continuo

1985 3094 2132 3149 dedit
2163 3096 2320 3149 aliam
2352 3097 2778 3160 similitudinem,
2825 3097 3007 3151 Simile
3045 3106 3153 3162 est,
3188 3098 3466 3167 inquiens,
3494 3114 3582 3151 re-

1984 3202 2140 3256 gnum
2168 3186 2407 3240 ctelorum
2437 3186 2627 3240 homini
2656 3187 2955 3258 negotiatori
2984 3188 3224 3257 qua’renti
3246 3186 3403 3240 bonas
3437 3204 3579 3241 mar-

1985 3278 2212 3347 garitas,
2266 3279 2353 3348 qui
2395 3278 2581 3331 invenit
2627 3295 2781 3331 unam
2827 3279 3102 3351 pretiosam
3133 3278 3496 3347 margaritam,
3528 3286 3576 3333 et

1986 3368 2207 3421 rendidit
2235 3368 2404 3421 omnia
2425 3384 2537 3436 quae
2556 3368 2752 3435 habuit,
2775 3378 2823 3424 et
2862 3369 2977 3423 emit
3013 3369 3157 3423 illan:
3192 3368 3402 3442 (Matth.
3448 3384 3543 3424 xnt
3564 3410 3581 3435 ,

1988 3460 2283 3532 ι4-16);ιιι
2308 3462 2350 3514 si
2373 3461 2519 3530 piger
2544 3477 2665 3516 eras
2688 3460 2754 3515 ad
2774 3460 3217 3530 perscrutandum
3248 3461 3580 3529 thesaurum,

1988 3567 2092 3605 non
2120 3554 2192 3606 sis
2220 3552 2366 3622 piger
2394 3569 2552 3607 unam
2595 3554 2935 3624 margaritam
2980 3554 3081 3610 sub
3112 3554 3291 3626 lingua
3319 3556 3458 3611 l'erre
3479 3597 3494 3623 ,
3517 3563 3575 3610 et

1986 3657 2091 3711 quo
2114 3642 2190 3695 vis
2218 3658 2439 3698 securus
2469 3644 2743 3699 ambulare
2771 3644 2811 3697 ⁸.

2057 3732 2284 3788 CAPUT
2313 3731 2399 3787 111.
2430 3735 2574 3789 —'5.
2608 3733 2912 3788 Mandatum
2935 3734 3179 3806 diligendi
3210 3734 3372 3787 Deum
3394 3743 3440 3787 et
3459 3750 3583 3804 pro-

1985 3821 2482 3877 a'imum.Proximns
2507 3825 2635 3894 quis.
2660 3824 2811 3892 Quod
2834 3834 2915 3877 est
2939 3840 3065 3894 ergo
3092 3824 3311 3878 verbum
3330 3840 3585 3878 consum-

1990 3930 2141 3969 tnans
2156 3925 2209 3969 et
2226 3915 2511 3969 breviatis?
2533 3913 2727 3986 Diliges
2759 3912 3029 3968 Dominum
3051 3915 3207 3967 Deum
3230 3925 3368 3968 tuum
3390 3931 3454 3968 ea:
3480 3925 3585 3969 toto

1988 4006 2137 4059 corde
2166 4015 2272 4070 tuo,
2306 4015 2351 4059 et
2380 4023 2440 4059 ex
2466 4015 2568 4058 tota
2598 4007 2767 4059 animo
2789 4017 2905 4071 tua,
2930 4016 2976 4059 et
2998 4023 3059 4059 ea:
3089 4016 3191 4059 tota
3220 4018 3383 4061 mente
3403 4015 3513 4071 tua;
3538 4015 3586 4060 et

1989 4096 2168 4167 diliges
2195 4098 2481 4165 proximum
2506 4107 2650 4150 tuum
2680 4098 2811 4150 sicut
2839 4109 2885 4150 te
2931 4102 3119 4167 ipsum.
3164 4095 3227 4149 In
3272 4097 3349 4150 Itis
3391 4096 3587 4151 duobus

1991 4191 2252 4260 prteceptis
2282 4200 2385 4243 tota
2430 4189 2537 4243 Lex
2586 4192 2769 4260 pendet
2810 4205 2853 4245 et
2890 4189 3159 4262 Prophetm
3196 4190 3305 4263 (Id.
3338 4190 3588 4257 xxn,57o

1991 4283 2105 4350 40).
2135 4283 2271 4337 Ecce
2288 4283 2428 4352 quod
2459 4283 2683 4339 discitur
2706 4284 2756 4337 in
2788 4283 2949 4337 domo
2976 4283 3273 4353 diseiplinm
3306 4302 3317 4337 :
3357 4284 3586 4352 Diligere

1993 4375 2179 4437 Deum,
2211 4374 2432 4445 diligere
2484 4380 2817 4445 proximum;
2868 4377 3032 4430 Deum
3089 4387 3337 4445 tanquam
3371 4376 3576 4442 Deum,

1992 4469 2290 4536 proximum
2322 4478 2570 4539 tanquam
2597 4479 2667 4522 te.
2699 4468 2811 4522 Non
2841 4470 2981 4542 enim
3014 4469 3221 4524 iuvenis
3244 4484 3421 4538 parem
3449 4469 3578 4531 Deo,

1992 4571 2048 4614 ut
2077 4562 2243 4630 possit
2269 4561 2360 4615 tibi
2385 4562 2511 4627 dici,
2536 4562 2702 4632 Dilige
2733 4563 2897 4617 Deum
2931 4564 3072 4618 sicut
3111 4563 3287 4635 diligis
3311 4564 3475 4618 illum.
3511 4563 3586 4619 De

1995 4653 2235 4721 proximo
2267 4651 2476 4706 inventa
2523 4665 2605 4707 εει
2662 4654 2755 4709 tibi
2808 4656 3028 4725 regula,
3061 4656 3181 4724 quia
3232 4657 3477 4709 inventus
3531 4669 3590 4708 rs

1994 4746 2237 4814 proximo
2267 4753 2357 4799 tuo
2388 4762 2483 4815 par
2532 4756 2585 4801 tu
2642 4747 2776 4815 ipse.
2823 4746 3030 4815 Qttatris
3085 4746 3356 4816 quomodo
3401 4745 3590 4813 diligas

1993 4838 2292 4909 proximum
2316 4839 2583 4894 ?Attende
2607 4851 2656 4894 te
2689 4840 2892 4909 ipsum;
2915 4850 2968 4894 et
3003 4838 3271 4907 quomodo
3304 4846 3358 4892 te
3389 4836 3587 4904 diligis,

1993 4931 2069 4985 sic
2099 4931 2257 5001 dilige
2288 4934 2613 5000 proximum.
2660 4931 2774 4985 Non
2821 4941 2903 4986 est
2946 4930 3031 4983 ubi
3075 4942 3246 4983 erres.
3306 4927 3442 4979 Volo
3479 4926 3589 4993 jam

1994 5038 2121 5093 ergo
2160 5033 2214 5077 et
2265 5023 2356 5078 tibi
2381 5024 2719 5078 committere
2752 5024 3050 5092 proximum
3083 5031 3230 5073 tuum
3254 5059 3267 5082 ,
3301 5028 3357 5071 ut
3399 5016 3590 5087 diligas

1994 5130 2115 5169 eum
2150 5125 2399 5183 tanquam
2432 5124 2482 5168 te
2509 5114 2679 5183 ipsum
2706 5132 2719 5165 :
2749 5114 2891 5177 volo,
2921 5111 3013 5165 sed
3044 5110 3215 5162 adhuc
3241 5109 3425 5162 timeo.
3456 5106 3589 5158 Volo

1998 5208 2089 5261 tibi
2130 5207 2308 5261 dicere
2338 5247 2353 5269 ,
2404 5207 2567 5274 Dilige
2623 5205 2923 5274 proximum
2981 5213 3129 5257 tuum
3161 5202 3299 5255 sicut
3330 5200 3505 5269 diligis
3538 5207 3590 5253 te

1998 5296 2677 5368 ipsu:n;ettimeo:adhuc
2710 5296 2849 5349 enim
2882 5295 3147 5349 discutere
3182 5293 3303 5345 volo
3325 5290 3593 5361 quomodo

1468 5400 1752 5439 ADSIONITIO
1792 5403 1870 5441 PP.
1914 5404 2396 5444 BENEDICTINUBUI.

346 5501 513 5542 sermo
532 5491 596 5539 de
618 5485 871 5549 Disciplina
886 5482 1426 5549 Christiana_castigatus
1450 5486 1525 5528 est
1549 5478 1879 5549 adfnt‘lieicns

1989 5481 2213 5549 gwdieem
2237 5490 2350 5549 ante
2374 5493 2525 5549 annos
2546 5480 2738 5529 circiter
2862 5478 3112 5549 scriptum,
3126 5475 3183 5523 ad
3193 5483 3591 5549 Qermnensem,

277 5540 757 5605 Gemmeticensem;
774 5551 1085 5611 Bigotianum,
1109 5546 1168 5594 ad
1193 5540 1525 5593 Fossatensem
1550 5542 1755 5589 abhatire
1780 5550 1823 5589 ε.
1853 5546 2015 5598 Mauri.
2041 5545 2099 5592 ad
2122 5546 2471 5593 Cistercienses
2490 5544 2631 5601 duos,
2660 5548 2709 5590 et
2733 5542 2791 5588 ad
2817 5540 3061 5588 editiones
3083 5547 3157 5587 ιιι.
3183 5545 3235 5588 ει
3256 5545 3367 5587 Lov.

366 5634 886 5719 Comparavimus
918 5639 1216 5711 praeterea
1252 5646 1349 5687 eas
1382 5645 1587 5687 omnes
1619 5625 1921 5686 editiones
1953 5628 2137 5690 initio
2176 5630 2341 5688 Rctr.
2367 5635 2421 5683 et
2449 5626 2764 5695 Confess.,
2787 5634 2832 5684 ι.
2869 5629 2925 5695 1,
2955 5631 3324 5683 memoratas
3424 5621 3504 5694 M.

351 5748 365 5777 ¹
390 5752 454 5807 ιιι
479 5751 585 5807 Mss.
615 5740 865 5807 plerisque
901 5734 1173 5807 appellatur
1210 5728 1888 5807 liber,autlibeti'ttsrlingu-

280 5790 485 5858 stini‘tie
509 5790 776 5865 Disciplina
785 5790 815 5849 ἰ
824 5790 1093 5865 inﬁtianti,
1108 5798 1213 5845 sive
1233 5797 1295 5865 de
1320 5791 1583 5865 Ifisriplimi
1598 5790 1890 5865 t‘ltristizmo-

285 5851 490 5918 3.5.1}.
509 5851 664 5915 editis
688 5869 761 5910 Er.
789 5870 841 5910 ει
858 5868 964 5909 Lov.
989 5851 1197 5917 additur,
1225 5857 1295 5907 vel
1321 5858 1380 5907 de
1405 5851 1532 5905 nimo
1560 5852 1659 5904 hist
1676 5851 1856 5916 iplinte.

355 5933 376 5964 ⁸
412 5929 603 5984 ΑΙίοιιοι
629 5934 755 5984 Μεε.,
784 5922 1023 5984 dignetur.

2065 5733 2078 5762 ¹
2119 5731 2339 5793 Hei-ique
2365 5738 2491 5789 Mss,
2514 5736 2557 5780 et
2580 5741 2672 5792 mro
2694 5727 2778 5790 ris,
2804 5740 2998 5779 securus
3018 5724 3228 5777 ambula.
