4078 6514
537 436 649 494 ’671

551 554 739 623 diligas
755 559 808 606 te
828 547 1021 619 ipsum.
1041 540 1154 597 Noli
1170 551 1299 609 ergo
1314 550 1454 605 (egre
1472 533 1630 587 ferre.
1650 528 1765 623 Non
1784 542 1841 580 es
1860 534 1912 623 tu
1931 522 2042 592 ipse
2060 518 2140 571 fa-

550 616 1032 700 cile—dimittendus,
1062 633 1147 688 cui
1168 639 1250 686 est
1272 628 1550 699 proximus
1563 616 2008 678 committendus:
2038 625 2147 664 non

554 939 612 978 re
625 915 1045 991 proximum,vel
1063 912 1313 972 fratrem,
1343 906 1427 959 vel
1448 910 1730 972 cognatum
1752 937 1765 960 ,
1796 894 1879 948 vel
1908 890 2143 991 afﬁnem.

556 980 839 1068 Proximus
864 980 1006 1062 enim
1031 1013 1113 1059 est
1129 1000 1272 1056 omni
1294 995 1495 1052 homini
1519 991 1691 1047 omnis
1711 989 1892 1042 homo.
1912 980 2147 1039 Proximi

555 1107 657 1162 sibi
690 1104 939 1159 dicuntur
961 1107 1111 1169 pater
1140 1104 1194 1150 et
1223 1093 1379 1155 ﬁlius,
1402 1102 1556 1144 socer
1583 1094 1636 1139 et
1664 1096 1847 1153 gener.
1877 1075 2020 1132 Nihil
2042 1083 2149 1128 tam

556 1198 859 1271 proximum
884 1236 898 1257 ,
921 1205 1079 1262 quam
1108 1188 1269 1242 homo
1297 1192 1351 1239 et
1379 1182 1558 1235 homo.
1578 1175 1681 1231 Sed
1704 1174 1747 1228 si
1777 1182 2021 1242 putamus
2046 1182 2150 1220 non

557 1267 679 1348 esse
703 1289 994 1361 proximos,
1031 1283 1133 1337 nisi
1158 1280 1247 1351 qui
1278 1278 1345 1333 de
1374 1274 1561 1330 iisdem
1589 1267 1896 1341 parentibus
1924 1277 2152 1318 nascun-

560 1395 679 1451 tur;
704 1355 887 1436 -Adam
933 1387 987 1433 et
1020 1376 1183 1430 Evam
1220 1368 1588 1428 attendamus;
1618 1371 1672 1417 et
1721 1372 1910 1415 omnes
1960 1355 2152 1408 fratres

560 1447 767 1533 sumus.
798 1473 865 1528 Et
893 1469 1105 1541 quidem
1145 1466 1337 1520 fratres
1379 1457 1672 1516 secundum
1717 1450 1855 1524 quod
1908 1447 2153 1502 homines

561 1580 767 1631 sumus,
797 1538 993 1634 quanto
1029 1556 1195 1627 magis
1239 1551 1531 1609 secundum
1560 1544 1700 1618 quod
1740 1538 2013 1599 christiani
2059 1552 2153 1591 su-

562 1659 729 1716 mus?
754 1632 827 1712 At
851 1655 900 1710 id
925 1651 1063 1722 quod
1108 1651 1269 1704 homo
1313 1662 1371 1701 es
1390 1686 1404 1710 ,
1451 1658 1588 1697 unus
1622 1649 1772 1709 pater
1825 1634 1921 1689 fuit
1951 1632 2153 1694 Adam,

562 1767 667 1808 una
696 1759 862 1806 mater
886 1747 996 1802 Eva
1025 1762 1039 1798 ε
1070 1743 1136 1799 ad
1167 1742 1219 1796 id
1261 1737 1403 1809 quod
1433 1733 1755 1790 christianus
1775 1744 1833 1783 es
1852 1768 1868 1795 ,
1891 1738 2031 1781 unus
2057 1737 2153 1794 pa-

565 1856 647 1900 ter
665 1852 747 1899 est
764 1843 923 1905 Deus,
953 1851 1056 1892 una
1087 1843 1259 1889 mater
1286 1827 1549 1884 Ecclesia.

639 1932 867 1991 CAPUT
900 1930 988 1985 IV.
1013 1926 1161 1981 -4.
1195 1920 1461 1989 Quomodo
1502 1916 1709 1986 diligere
1737 1927 1789 1967 se
1834 1908 2032 1971 debeat,
2077 1904 2157 1958 cui

566 2028 777 2101 jubetur
820 2022 1030 2092 diligere
1060 2017 1350 2087 proximum
1397 2020 1636 2080 tanquam
1677 2021 1749 2059 se.
1785 1999 1975 2101 Vide-te
2030 2010 2159 2101 ergo

567 2090 797 2189 quantos
824 2090 1097 2183 proximos
1121 2106 1312 2161 habeat
1335 2100 1672 2157 unushomo.
1690 2096 1892 2151 Omnes
1913 2090 2162 2189 homines

572 2179 627 2263 in
664 2219 799 2277 quos
827 2179 1149 2264 incurrerit,
1198 2196 1390 2268 quibus
1425 2189 1577 2262 juugi
1609 2185 1878 2258 potuerit,
1932 2179 2160 2277 proximi

570 2270 697 2369 ejus.
716 2304 859 2351 sunt.
892 2290 1172 2362 Quomodo
1197 2301 1325 2357 ergo
1349 2279 1715 2340 discutiendus
1740 2285 1824 2331 est
1864 2283 2042 2329 utrum
2074 2270 2159 2325 di-

570 2364 698 2460 ligat
723 2402 801 2451 se,
833 2386 917 2441 cui
943 2377 1312 2438 committendi
1342 2383 1467 2430 sunt
1496 2381 1573 2428 tot
1602 2368 1860 2441 proximi,
1884 2374 1941 2420 ut
1967 2364 2046 2418 sic
2069 2374 2165 2416 eos

570 2457 757 2550 diligat
783 2486 1031 2545 tanquam
1061 2471 1154 2526 se?
1173 2469 1290 2524 Non
1320 2481 1449 2537 ergo
1479 2464 1741 2518 irascatur
1774 2457 2161 2550 unusquisque,

577 2571 624 2627 si
645 2544 876 2624 diseutio
894 2544 1171 2637 quomodo
1195 2575 1255 2616 se
1300 2558 1503 2628 diligat.
1559 2554 1714 2609 Certe
1757 2564 1856 2619 ego
1898 2544 2161 2637 discutio,

572 2665 687 2734 ipse
711 2676 769 2717 se
791 2636 1043 2715 inveniat.
1065 2653 1264 2724 thuid
1307 2651 1451 2706 enim
1477 2644 1747 2702 discutio?
1777 2642 1901 2712 quia
1943 2652 2043 2709 ego
2084 2636 2167 2690 in-

570 2764 832 2811 venturus
861 2750 1025 2808 sum?
1052 2749 1176 2803 Ideo
1206 2742 1458 2806 discutio,
1492 2750 1549 2795 ut
1597 2740 1711 2807 ipse
1754 2751 1811 2789 se
1840 2734 2164 2799 interroget,

571 2847 689 2918 ipse
718 2845 817 2900 sibi
849 2848 1120 2914 appareat,
1143 2838 1258 2908 ipse
1281 2850 1339 2890 se
1368 2849 1471 2888 non
1506 2832 1689 2895 lateat,
1710 2829 1824 2897 ipse
1851 2823 1950 2878 sibi
1980 2834 2166 2875 senon

572 2937 901 3003 abscondat,
959 2936 1074 3006 ipse
1104 2930 1205 2985 sibi
1245 2945 1304 2984 se
1332 2935 1455 2981 ante
1482 2922 1668 2977 oculos
1698 2934 1825 2974 suos
1851 2957 1865 2981 ,
1900 2930 2006 2968 non
2048 2919 2169 2981 post

576 3032 795 3087 dorsum
826 3005 1007 3098 ponat.
1040 3024 1123 3078 Me
1150 3023 1401 3091 loquente
1432 3016 1589 3070 faciat
1620 3013 1743 3077 hoc,
1774 3024 1861 3063 me
1892 3005 2167 3061 nesciente

576 3123 739 3178 faciat
764 3096 886 3175 hoc.
914 3115 1197 3186 Quomodo
1227 3124 1278 3167 te
1304 3110 1481 3180 diligis
1508 3108 1532 3160 ’ἰ
1559 3103 1815 3173 Quisquis
1843 3115 1930 3154 me
1968 3096 2123 3152 audis
2145 3135 2162 3161 ,

577 3216 686 3269 imo
713 3211 953 3283 quisquis
982 3210 1146 3263 Deum
1177 3218 1372 3276 penne
1398 3200 1570 3264 audis,
1596 3198 1647 3251 in
1672 3197 1772 3250 hac
1801 3193 1963 3247 domo
2003 3189 2167 3244 disci-

576 3280 758 3378 plinze,
784 3280 1000 3358 attende
1037 3311 1088 3355 te
1113 3341 1127 3361 ,
1162 3294 1431 3369 quomodo
1466 3304 1516 3348 te
1537 3290 1731 3360 diligis.
1763 3286 2008 3341 Profecto
2026 3280 2167 3336 enim

578 3375 622 3454 si
648 3408 699 3452 te
725 3397 1048 3462 interrogem
1076 3399 1250 3445 utrum
1283 3387 1473 3456 diligas
1506 3394 1576 3446 te,
1609 3378 1904 3457 respondes
1934 3379 2054 3447 quia
2084 3375 2168 3429 di-

579 3490 720 3557 ligis.
767 3487 897 3556 Quis
942 3484 1084 3540 enim
1124 3497 1183 3536 se
1210 3479 1322 3534 odit
1359 3478 1382 3531 ?
1434 3477 1543 3530 lloc
1591 3474 1829 3527 dicturus
1872 3486 1931 3526 es
1976 3489 1987 3523 :
2039 3471 2167 3539 Quis

578 3582 723 3636 enim
771 3593 831 3633 se
895 3576 1010 3631 odit
1050 3575 1072 3628 ?
1119 3573 1258 3642 Ergo
1305 3586 1409 3625 non
1470 3567 1644 3636 diligis
1700 3564 2029 3635 iniquitatem
2057 3603 2072 3628 ,
2123 3563 2168 3617 si

581 3684 634 3728 te
653 3670 847 3741 diligis.
880 3668 1011 3723 Nam
1053 3666 1095 3719 si
1124 3663 1298 3733 diligis
1342 3660 1673 3730 iniquitatem
1699 3698 1714 3723 ,
1747 3673 1852 3710 non
1881 3671 1979 3726 ego
2010 3654 2167 3721 dico,

581 3765 846 3819 Psalmum
878 3758 1021 3825 audi,
1057 3758 1157 3823 Qui
1184 3754 1351 3825 diligit
1378 3752 1692 3821 iniquitatem
1718 3791 1731 3814 ,
1783 3748 1887 3802 odit
1945 3747 2171 3799 animam

578 3873 723 3911 suam
751 3853 919 3924 (Psal.
947 3868 999 3917 x,
1045 3850 1123 3919 6).
1156 3848 1294 3918 Ergo
1320 3846 1365 3900 si
1397 3843 1572 3912 diligis
1627 3842 1994 3908 iniquitatem,
2045 3837 2170 3893 audi

580 3950 893 4009 veritatem;
926 3943 1200 3996 veritatem
1245 3954 1350 3993 non
1376 3948 1426 3991 te
1456 3935 1759 4006 palpantem
1787 3975 1802 4000 ,
1846 3932 1940 3986 sed
1986 3940 2171 4000 aperte

581 4040 675 4094 tibi
703 4038 965 4093 dicentem
988 4077 1002 4101 ,
1026 4033 1154 4088 0dis
1185 4041 1257 4085 te.
1289 4030 1498 4097 Quanto
1519 4026 1686 4097 magis
1716 4024 1849 4078 dicis
1874 4023 1993 4093 quia
2023 4037 2171 4075 amas

582 4147 654 4197 te,
688 4131 804 4185 odis
827 4138 878 4184 te
909 4146 922 4181 :
958 4127 1059 4191 Qui
1084 4124 1226 4179 enim
1259 4121 1423 4191 diligit
1452 4118 1788 4188 iniquitatem,
1818 4115 1922 4169 odit
1948 4114 2173 4167 animant

580 4239 747 4278 suam.
774 4220 911 4287 Quid
931 4219 1102 4272 dicam
1127 4215 1193 4269 de
1224 4227 1409 4278 carne,
1438 4225 1555 4280 qum
1573 4224 1696 4279 pars
1723 4208 1879 4261 vilior
1898 4214 1981 4260 est
2000 4206 2173 4258 homi-

588 4315 671 4367 nis
697 4313 720 4365 ’ἰ
749 4312 802 4366 Si
831 4311 1064 4364 animam
1088 4305 1220 4369 odit,
1245 4317 1459 4358 carnem
1484 4299 1755 4371 quomodo
1782 4298 1995 4367 diligit?
2021 4298 2176 4352 Deni-

582 4420 687 4474 que
709 4406 796 4473 qui
820 4408 1002 4456 ammt
1028 4397 1385 4467 iniquitatem,
1406 4401 1460 4448 et
1487 4391 1719 4446 oderunt
1743 4390 1975 4443 animam
1995 4404 2169 4452 suam,

581 4514 796 4554 omnem
844 4494 1223 4566 turpitudinem
1272 4497 1527 4545 exercent
1573 4486 1641 4541 de
1686 4500 1846 4539 carne
1890 4500 2006 4538 sua.
2052 4483 2170 4538 Jam

483 4616 491 4631 ι
584 4607 737 4662 ergo,
774 4590 862 4660 qui
891 4587 1067 4657 diligis
1118 4583 1480 4654 iniquitatem,
1528 4577 1796 4650 quomodo
1839 4577 1930 4632 tibi
1960 4576 2174 4632 volebas

581 4681 842 4739 eonnuitti
892 4679 1200 4751 proximum
1223 4718 1236 4742 ,
1270 4684 1328 4729 ut
1354 4673 1602 4742 diligeres
1630 4686 1751 4724 eum
1782 4679 2035 4739 tanquam
2075 4668 2173 4722 te?

584 4774 791 4837 llomo,
816 4769 940 4841 quid
984 4766 1162 4839 perdis
1202 4765 1298 4820 te?
1335 4764 1388 4819 Si
1419 4764 1563 4817 enim
1596 4770 1647 4813 tu
1676 4762 1789 4830 ipse
1816 4760 1892 4814 sic
1921 4768 1972 4813 ιε
1998 4759 2174 4829 diligis

582 4878 641 4921 ut
666 4865 860 4935 perdas
890 4873 978 4928 te;
1003 4863 1079 4917 sic
1110 4858 1351 4931 profecto
1379 4856 1689 4929 perditurus
1710 4871 1767 4909 es
1799 4862 1851 4909 et
1868 4869 1988 4908 eum
2014 4868 2175 4922 quem

581 4959 763 5029 diligis
784 4958 925 5011 sicut
950 4965 1021 5009 te.
1053 4953 1188 5007 Nolo
1214 4965 1343 5019 ergo
1370 4963 1691 5019 quemquam
1716 4945 1903 5015 diligas
1926 4963 1939 4998 :
1964 4945 2047 4998 vel
2084 4959 2174 4997 so-

580 5046 1146 5121 lus,peri.Autcorrige
1175 5043 1513 5099 dilectionem
1544 5080 1558 5105 ,
1596 5047 1686 5093 aut
1724 5052 1917 5108 respue
1951 5036 2176 5090 societa-

584 5154 710 5198 tem.

652 5231 878 5287 CAPUT
915 5230 983 5284 ν.
1005 5260 1075 5270 --
1095 5229 1148 5285 5.
1178 5226 1302 5292 Quis
1347 5223 1624 5296 perniciose
1665 5222 1842 5291 diligat
1864 5223 2174 5292 proximum.

584 5324 847 5377 Bclluinus
877 5324 1046 5376 homo.
1088 5322 1334 5375 Dicturus
1378 5316 1507 5371 milii
1542 5331 1637 5370 es:
1671 5315 1839 5383 Diligo
1878 5313 2176 5383 proximum

587 5426 835 5483 tanquam
862 5429 947 5467 me
969 5414 1162 5483 ipsum.
1195 5410 1369 5467 Audio
1404 5410 1583 5479 plane,
1611 5407 1788 5462 audio.
1816 5405 2070 5461 lnebriari
2101 5405 2181 5459 vis

586 5522 706 5561 cum
734 5505 842 5568 illo,
866 5519 1023 5573 quem
1057 5504 1231 5571 diligis
1262 5512 1510 5572 tanquam
1546 5510 1597 5554 te
1624 5501 1816 5568 ipsum.
1845 5498 1987 5551 Bene
2028 5496 2180 5549 nobis

588 5595 843 5651 faciamus
885 5593 1078 5654 hodie,
1124 5604 1376 5661 quantum
1422 5607 1702 5660 possumus
1741 5590 2005 5645 bibamus.
2049 5588 2181 5643 Vide

588 5688 710 5757 quia
744 5687 821 5740 sic
850 5695 899 5739 te
924 5683 1096 5751 diligis
1116 5725 1130 5748 ,
1160 5693 1209 5737 et
1242 5685 1387 5737 illum
1426 5684 1491 5737 ad
1538 5691 1589 5737 te
1623 5683 1790 5736 trahis
1812 5725 1828 5748 ,
1858 5692 1911 5736 et
1940 5682 2003 5735 ad
2035 5680 2178 5750 quod

598 5793 743 5833 amas
769 5791 949 5831 vocas.
974 5774 1202 5829 Necesse
1230 5783 1308 5826 est
1340 5784 1396 5827 ut
1429 5789 1585 5843 quem
1622 5773 1797 5842 diligis
1837 5781 2088 5842 tanquam
2126 5780 2178 5826 te

589 5868 926 5935 lltsUlll,iilUC
962 5866 1107 5920 illum
1142 5865 1319 5919 trahas
1345 5865 1409 5920 ad
1440 5865 1579 5935 quod
1611 5875 1663 5921 et
1693 5874 1747 5919 tu
1786 5874 1835 5919 te
1872 5880 2036 5919 amas.
2070 5864 2178 5919 l-lu-

1779 411 1837 466 S.
1880 397 2244 462 AUGUSTINI
2289 398 2586 455 EPISCOPI

3749 406 3853 462 672

2257 531 2446 571 manus
2477 518 2657 575 homo.
2682 519 2789 573 imo
2819 519 3100 586 belluinus,
3124 519 3352 575 amando
3377 521 3497 576 talia
3520 521 3698 592 qualia
3734 523 3847 575 bel-

2256 608 2376 662 lua).
2410 610 2621 665 Belluas
2658 611 2799 665 enim
2833 612 2973 666 Deus
3011 622 3301 681 prostratas
3344 612 3395 667 in
3440 613 3630 668 faciem
3684 612 3848 676 fecit,

2255 709 2463 768 pastum
2499 712 2799 768 quaerentes
2825 702 2891 756 de
2920 713 3058 757 terra
3089 721 3101 756 :
3137 713 3188 757 te
3219 704 3269 757 in
3301 704 3434 757 duos
3478 704 3646 774 pedes
3675 705 3851 758 erexit

2253 790 2321 844 de
2350 800 2509 845 terra.
2544 792 2710 846 Tuam
2741 793 2925 848 faciem
2958 809 3171 848 sursum
3203 794 3480 849 attendere
3512 795 3699 850 voluit.
3732 794 3848 848 Non

2254 881 2522 938 discordet
2560 899 2655 937 cor
2685 894 2832 939 tuum
2871 900 2901 938 a
2946 886 3078 941 facie
3118 895 3227 940 tua.
3259 887 3372 940 Non
3411 888 3612 942 habeas
3659 887 3848 941 faciem

2255 988 2489 1041 sursum,
2522 985 2576 1029 et
2602 990 2696 1030 cor
2725 976 2976 1031 deorsum
3010 996 3022 1030 :
3054 978 3160 1033 imo
3198 995 3385 1033 verum
3414 979 3536 1033 audi
3572 990 3626 1033 et
3655 994 3843 1033 verum

2257 1064 2358 1127 fac,
2389 1064 2609 1119 Sursum
2640 1080 2772 1131 cor;
2814 1082 2881 1122 ne
2920 1068 3196 1122 mentiaris
3236 1070 3287 1122 in
3329 1068 3490 1123 domo
3528 1068 3848 1138 disciplinae.

2254 1156 2479 1224 Quando
2513 1159 2654 1212 enim
2685 1159 2869 1223 audis,
2910 1160 3217 1231 responde:
3251 1161 3344 1216 sed
3377 1162 3447 1215 sit
3482 1179 3669 1217 verum
3706 1162 3848 1231 quod

2256 1249 2671 1319 respondes.Sic
2699 1260 2750 1306 te
2780 1251 2961 1322 dilige,
2988 1260 3041 1306 et
3062 1251 3251 1323 diliges
3273 1253 3572 1322 proximum
3594 1262 3846 1321 tanquam

2257 1350 2307 1395 te
2338 1343 2526 1412 ipsum.
2550 1342 2683 1410 Quid
2716 1352 2797 1398 est
2819 1344 2959 1398 enim
2983 1359 3194 1399 sursum
3215 1344 3413 1400 habere
3441 1360 3556 1409 cor,
3576 1345 3678 1398 nisi
3708 1344 3850 1415 quod

2256 1435 2455 1491 dictum
2486 1445 2569 1491 est
2598 1436 2762 1506 prius,
2793 1436 2984 1509 Diliges
3010 1438 3278 1492 Dominum
3320 1437 3480 1492 Deum
3504 1448 3646 1492 tuum
3666 1454 3731 1491 ea:
3752 1449 3851 1491 toto

2257 1526 2408 1580 corde
2437 1536 2543 1593 tuo,
2581 1536 2629 1580 et
2655 1544 2718 1580 ea:
2746 1537 2850 1581 tota
2883 1529 3051 1581 anima
3079 1538 3187 1596 tua,
3222 1538 3267 1582 et
3300 1545 3362 1583 ea:
3392 1538 3495 1583 tota
3525 1538 3690 1582 mente
3724 1529 3851 1581 tua?

2257 1617 2391 1683 Quia
2435 1632 2563 1687 ergo
2601 1616 2708 1671 duo
2749 1627 3014 1687 praecepta
3048 1628 3191 1684 sunt,
3222 1619 3267 1672 si
3290 1634 3451 1673 unum
3478 1618 3721 1682 diceret,
3745 1635 3850 1673 non

2260 1708 2568 1764 safﬁceret?
2594 1708 2804 1764 Sufﬁcit
2828 1718 2883 1763 et
2909 1724 3071 1763 unum
3096 1752 3110 1777 ,
3134 1711 3179 1765 si
3210 1711 3552 1781 intelligatur.
3582 1710 3719 1765 Nam
3750 1710 3850 1765 ali-

2260 1802 2472 1872 quando
2497 1803 2575 1857 sic
2601 1801 2834 1872 loquitur
2853 1800 3147 1872 Scriptura,
3167 1803 3305 1858 sicut
3329 1804 3527 1858 Paulus
3548 1806 3851 1873 apostolus:

2264 1893 2384 1949 Non
2411 1894 2745 1961 adulterabis,
2776 1912 2877 1948 non
2898 1895 3221 1948 homicidium
3271 1896 3447 1966 facies,
3478 1913 3579 1949 nou
3616 1899 3856 1968 concupi-

2262 2001 2407 2040 sces:
2432 1994 2477 2038 et
2506 1986 2551 2039 si
2570 1986 2705 2055 quod
2725 1995 2800 2040 est
2831 1985 2976 2040 aliud
3004 1987 3496 2051 mandatum,inltoc
3511 2003 3741 2043 sermone
3777 2005 3855 2042 re-

2264 2077 2594 2147 capitulatur,
2630 2076 2823 2149 Diliges
2855 2078 3141 2145 proximum
3174 2087 3572 2149 tuumtanquam
3594 2088 3641 2133 te
3664 2079 3852 2148 ipsum.

2266 2168 2482 2223 Dilectio
2508 2169 2721 2237 proximi
2750 2170 2941 2222 malum
2967 2185 3066 2223 non
3093 2178 3352 2238 aperatur.
3385 2167 3661 2222 Plenitudo
3687 2182 3856 2223 autem

2269 2259 2416 2331 Legis
2459 2271 2531 2315 est
2566 2260 2787 2314 Charitas
2814 2259 2989 2325 (Rom.
3024 2276 3119 2315 χιιι
3140 2302 3154 2325 ,
3185 2260 3239 2327 9,
3265 2260 3375 2331 10).
3403 2260 3541 2329 Quid
3572 2270 3655 2315 est
3679 2260 3857 2314 chari-

2268 2354 2385 2407 ιιιεῖ
2412 2353 2653 2407 Dilectio.
2678 2351 2815 2406 Nihil
2862 2352 3072 2406 videtur
3104 2352 3312 2407 dixisse
3337 2352 3403 2406 de
3431 2352 3717 2407 dilectione
3748 2353 3854 2418 Dei,

2268 2443 2362 2499 sed
2402 2444 2568 2497 solam
2606 2442 2833 2512 proximi
2860 2443 3199 2497 dilectionem
3231 2442 3364 2497 dixit
3388 2442 3635 2498 sufﬁcere
3661 2444 3729 2497 ad
3758 2444 3856 2497 im-

2272 2536 2514 2606 plendam
2537 2537 2728 2606 legem.
2758 2535 3024 2606 Quidquid
3050 2545 3131 2592 est
3151 2536 3292 2591 aliud
3320 2535 3651 2602 mandatum,
3686 2537 3739 2590 in
3762 2535 3860 2591 hoc

2270 2643 2519 2683 sermone
2546 2628 2941 2697 recapitulatur,
2974 2630 3023 2681 in
3058 2629 3159 2682 hoc
3200 2642 3451 2683 sermone
3496 2628 3772 2699 impletur.
3804 2628 3857 2683 ln

2271 2720 2415 2790 quo?
2444 2718 2632 2789 Diliges
2654 2720 2939 2787 proximam
2967 2728 3109 2772 tuum
3136 2729 3376 2789 tanquam
3418 2728 3465 2772 te
3501 2720 3689 2789 ipsum.
3729 2720 3860 2775 Ecce

2272 2827 2433 2865 unum
2476 2820 2579 2866 est.
2610 2811 2767 2866 Certe
2795 2810 2899 2865 duo
2928 2818 3192 2880 praaeepta
3233 2820 3394 2877 sunt,
3437 2811 3490 2866 in
3518 2810 3713 2882 quibus
3754 2820 3859 2866 tota

2273 2902 2380 2957 Lex
2409 2902 2604 2969 pendet
2628 2910 2681 2955 et
2698 2900 2998 2970 Prophetze.

2342 2994 2568 3050 CAPUT
2597 2993 2681 3048 Vl.
2700 3024 2771 3033 —
2788 2993 2927 3048 Deus
2944 2994 3154 3060 homini,
3178 3004 3228 3047 ut
3251 2994 3422 3048 beatus
3448 2994 3529 3057 sit,
3554 2992 3857 3063 diligendus.

2273 3087 2497 3143 Pecunia
2523 3104 2621 3141 non
2652 3088 2723 3142 sic
2741 3086 2981 3153 amanda,
3006 3096 3178 3141 utnon
3196 3087 3263 3141 sis
3286 3097 3491 3155 paratus
3514 3087 3738 3140 dividere
3755 3103 3860 3141 cum

2274 3181 2524 3252 proximo.
2554 3178 2740 3233 Videte
2775 3180 3046 3249 quomodo
3072 3178 3190 3249 plus
3216 3179 3508 3233 breviatum
3549 3189 3662 3244 est,
3692 3190 3747 3233 et
3770 3177 3860 3231 ad-

2274 3274 2378 3331 huc
2407 3274 2539 3344 pigrl
2567 3288 2769 3328 sumus.
2799 3273 2936 3327 Ecce
2974 3288 3091 3342 quae
3117 3271 3221 3326 duo
3250 3281 3435 3336 erant,
3467 3287 3632 3325 unum
3669 3271 3859 3325 factum

2274 3376 2376 3422 est.
2399 3367 2627 3421 Prorsus
2655 3366 2951 3435 proximum
2977 3364 3138 3433 dilige
3159 3406 3174 3431 ,
3216 3372 3270 3418 et
3308 3362 3524 3417 sufﬁeit.
3565 3362 3673 3418 Sed
3712 3364 3863 3433 dilige

2274 3458 2542 3530 quomodo
2583 3464 2638 3535 te
2678 3458 2848 3527 ipsum
2899 3456 3092 3526 diligis,
3143 3470 3250 3510 non
3294 3456 3565 3525 quomodo
3613 3464 3665 3509 te
3696 3458 3859 3524 ipsum

2274 3552 2451 3607 odisti.
2485 3551 2649 3620 Dilige
2672 3549 2969 3619 proximum
2999 3556 3148 3602 tuum
3179 3556 3425 3618 tanquam
3455 3556 3505 3602 te
3534 3548 3707 3616 ipsum
3732 3566 3743 3601 :
3771 3547 3858 3601 sed

2276 3643 2424 3713 prius
2448 3650 2529 3696 est
2557 3651 2612 3696 ut
2640 3641 2829 3711 diligas
2852 3652 2901 3695 te
2923 3640 3118 3710 ipsum.

2350 3733 2401 3787 6.
2440 3732 2693 3799 Quaerere
2731 3731 2898 3786 habes
2938 3729 3206 3800 quomodo
3244 3728 3436 3800 diligas
3478 3738 3531 3785 te
3578 3729 3787 3800 ipsum;
3816 3738 3863 3785 ct

2276 3825 2461 3881 audire
2505 3824 2692 3890 habes,
2719 3823 2911 3893 Diliges
2958 3821 3235 3877 Dominum
3276 3821 3438 3875 Deum
3483 3833 3626 3875 tuum
3665 3839 3729 3876 ea:
3771 3832 3864 3875 toto

2277 3918 2427 3972 corde
2457 3926 2563 3981 tuo,
2605 3925 2649 3968 et
2685 3931 2748 3969 ex
2786 3925 2890 3969 tota
2918 3915 3088 3968 anima
3114 3924 3221 3979 tua,
3250 3923 3297 3967 et
3322 3930 3384 3967 ea:
3410 3922 3512 3967 tota
3554 3923 3718 3967 mente
3764 3924 3862 3965 tua.

2279 4011 2449 4065 llmno
2470 4010 2611 4064 enim
2640 4009 2906 4080 quomodo
2943 4024 2975 4062 a
3018 4023 3077 4063 se
3120 4008 3235 4062 ﬁeri
3280 4023 3384 4061 non
3427 4007 3633 4077 potuit,
3666 4008 3745 4060 sic
3778 4021 3867 4061 nec

2255 4101 2464 4163 ,boatus
2492 4101 2603 4156 ﬁeri
2626 4116 2654 4153 a
2693 4114 2751 4154 se
2780 4107 2972 4169 potest.
3008 4099 3123 4153 Alia
3152 4114 3238 4153 res
3268 4114 3389 4152 eum
3423 4097 3547 4151 fecit
3575 4096 3865 4161 hominem,

2279 4193 2542 4265 quodnon
2566 4202 2647 4247 est
2674 4193 2788 4263 ipse
2806 4193 2965 4247 homo
2996 4192 3130 4246 :alia
3158 4206 3244 4246 res
3271 4206 3393 4246 eum
3426 4191 3622 4245 factura
3653 4200 3737 4245 est
3752 4190 3870 4245 bea-

2280 4296 2413 4353 tum,
2442 4286 2583 4356 quod
2616 4301 2719 4339 non
2748 4294 2830 4339 est
2871 4284 2983 4354 ipse
3020 4282 3201 4337 homo.
3235 4283 3477 4352 Denique
3504 4297 3697 4337 errans
3731 4282 3871 4336 videt

2281 4380 2414 4449 ipse,
2438 4379 2559 4449 quia
2591 4394 2685 4447 per
2702 4393 2761 4433 se
2784 4392 2885 4433 non
2908 4385 3082 4445 potest
3107 4376 3290 4431 beatus
3317 4391 3456 4440 esse,
3481 4386 3535 4430 et
3564 4384 3709 4428 amat
3730 4371 3871 4429 aliud

2281 4472 2422 4526 unde
2442 4472 2509 4525 sit
2535 4471 2739 4525 beatus.
2759 4470 2913 4526 Unde
2940 4484 2997 4525 se
3020 4468 3129 4524 ﬁeri
3148 4477 3299 4539 putat
3315 4468 3551 4533 beatum,
3575 4467 3679 4521 hoc
3711 4474 3869 4519 amat.

2280 4564 2439 4631 Quid,
2474 4572 2741 4633 putamus,
2785 4571 2947 4628 amat,
2981 4560 3122 4615 unde
3167 4570 3314 4629 putat
3359 4576 3418 4615 se
3462 4558 3577 4614 ﬁeri
3624 4558 3872 4613 beatum?

2282 4656 2591 4719 Pecuniam,
2623 4670 2833 4719 aurum,
2862 4663 3162 4724 argentum,
3196 4653 3566 4723 possessiones
3599 4669 3612 4704 :
3644 4652 3873 4705 breviter

2281 4750 2419 4816 dico,
2453 4748 2961 4820 pecuniam.Totum
2988 4748 3130 4804 enim
3159 4747 3411 4818 quidquid
3439 4747 3684 4802 homines
3711 4748 3875 4816 possi-

2280 4841 2410 4898 dent
2455 4844 2505 4897 in
2549 4852 2709 4907 terra,
2741 4842 2919 4895 omnia
2964 4856 3191 4911 quorum
3228 4839 3431 4894 domini
3463 4848 3610 4905 sunt,
3651 4840 3874 4909 pecunia

2283 4946 2520 4992 vocatur.
2551 4937 2747 4991 Servus
2772 4936 2857 5001 sit,
2882 4951 2997 4999 vas,
3018 4950 3162 5006 ager,
3188 4933 3367 5000 arbor,
3394 4948 3588 5003 pecus;
3619 4931 3875 5003 quidquid

2283 5028 2473 5083 horum
2502 5036 2605 5089 ests
2641 5026 2859 5096 pecunia
2889 5025 3102 5081 dicitur.
3128 5024 3195 5078 Et
3222 5023 3362 5078 unde
3387 5032 3469 5078 est
3504 5024 3742 5093 primum
3784 5039 3878 5077 vo-

2282 5130 2398 5175 Cata
2423 5119 2669 5189 pecunia.
2701 5117 2824 5172 Ideo
2851 5115 3098 5186 pecunia,
3124 5115 3248 5186 quia
3285 5115 3485 5184 antiqui
3521 5123 3693 5169 totum
3734 5115 3873 5185 quod

2284 5210 2578 5274 habebant,
2608 5214 2658 5266 in
2691 5210 2971 5281 pecoribus
3014 5209 3301 5264 habebant.
3340 5213 3384 5263 A
3425 5224 3621 5278 pecore
3652 5208 3875 5277 pecunia

2284 5315 2519 5360 vocatur.
2550 5303 2799 5373 Legimus
2835 5302 3084 5371 antiquos
3125 5311 3304 5371 patres
3349 5300 3514 5353 fuisse
3550 5299 3748 5354 divites
3784 5316 3877 5369 pa-

2283 5409 2477 5453 stores.
2504 5394 2646 5465 Ergo
2681 5394 2961 5465 pecuniam
3003 5392 3199 5462 diligis,
3229 5406 3262 5444 o
3302 5390 3461 5444 homo
3494 5408 3508 5449 ε
3539 5388 3682 5444 unde
3727 5399 3878 5460 putas

2287 5500 2338 5545 te
2370 5491 2480 5544 ﬁeri
2512 5489 2745 5551 beatum,
2784 5486 3005 5556 pecunia
3029 5494 3131 5549 est,
3163 5494 3217 5538 et
3248 5483 3471 5537 multum
3516 5498 3637 5537 eam
3679 5482 3877 5552 diligis.

2288 5582 2516 5636 Volebas
2539 5580 2760 5647 diligere
2784 5576 3082 5646 proximum
3109 5584 3360 5643 tanquam
3385 5583 3434 5626 te
3458 5574 3630 5640 ipsum
3651 5612 3668 5639 ,
3703 5572 3881 5627 divide

2285 5689 2406 5728 cum
2429 5672 2520 5726 illo
2543 5669 2818 5741 pecuniam
2843 5678 3006 5722 tuam.
3037 5666 3172 5735 Quid
3200 5681 3347 5720 esses
3375 5664 3728 5719 discutiebam
3759 5682 3773 5719 :
3804 5665 3885 5719 in-

2286 5776 2475 5822 ventus
2510 5780 2603 5829 es;
2633 5762 2921 5834 apparuisti
2948 5761 3063 5828 tibi,
3092 5760 3270 5814 vidisti
3304 5769 3389 5824 te,
3419 5758 3776 5813 considerasti
3808 5765 3882 5814 te.

2288 5865 2401 5920 Non
2430 5879 2486 5919 cs
2506 5868 2718 5933 paratus
2740 5855 2976 5914 dividere
3004 5870 3123 5911 cum
3142 5854 3386 5923 proximo
3410 5853 3693 5924 pecuniam
3713 5865 3882 5909 tuam.
