  <div class='ocr_page' id='page_1' title='image "/cluster/home/n/w/nwhite01/storage/ocr_20150623/40-41/uc1.31175026811482/344.png"; bbox 0 0 4078 6540; ppageno 0'>
   <div class='ocr_carea' id='block_1_1' title="bbox 285 469 392 524">
    <p class='ocr_par' dir='ltr' id='par_1_1' title="bbox 285 469 392 524">
     <span class='ocr_line' id='line_1_1' title="bbox 285 469 392 524; baseline 0.009 -1"><span class='ocrx_word' id='word_1_1' title='bbox 285 469 392 524; x_wconf 79' lang='lat'><strong>673</strong></span> 
     </span>
    </p>
   </div>
   <div class='ocr_carea' id='block_1_2' title="bbox 282 573 1875 656">
    <p class='ocr_par' dir='ltr' id='par_1_2' title="bbox 282 573 1875 656">
     <span class='ocr_line' id='line_1_2' title="bbox 282 573 1875 656; baseline -0.011 -11"><span class='ocrx_word' id='word_1_2' title='bbox 282 587 392 645; x_wconf 84' lang='lat' dir='ltr'><strong>Sed</strong></span> <span class='ocrx_word' id='word_1_3' title='bbox 419 584 545 656; x_wconf 85' lang='lat' dir='ltr'><strong>quid</strong></span> <span class='ocrx_word' id='word_1_4' title='bbox 572 584 700 638; x_wconf 91' lang='lat' dir='ltr'><strong>mihi</strong></span> <span class='ocrx_word' id='word_1_5' title='bbox 733 580 1020 652; x_wconf 89' lang='lat' dir='ltr'><strong>respondet</strong></span> <span class='ocrx_word' id='word_1_6' title='bbox 1046 579 1269 649; x_wconf 86' lang='lat' dir='ltr'><strong>benigna</strong></span> <span class='ocrx_word' id='word_1_7' title='bbox 1291 578 1548 633; x_wconf 85' lang='lat' dir='ltr'><strong>avaritia?</strong></span> <span class='ocrx_word' id='word_1_8' title='bbox 1573 576 1713 644; x_wconf 88' lang='lat' dir='ltr'><strong>Quid</strong></span> <span class='ocrx_word' id='word_1_9' title='bbox 1743 573 1875 630; x_wconf 89' lang='lat' dir='ltr'><strong>mihi</strong></span> 
     </span>
    </p>
   </div>
   <div class='ocr_carea' id='block_1_3' title="bbox 282 668 1869 751">
    <p class='ocr_par' dir='ltr' id='par_1_3' title="bbox 282 668 1869 751">
     <span class='ocr_line' id='line_1_3' title="bbox 282 668 1869 751; baseline -0.009 -14"><span class='ocrx_word' id='word_1_10' title='bbox 282 679 609 751; x_wconf 74' lang='lat' dir='ltr'><strong>respondet?</strong></span> <span class='ocrx_word' id='word_1_11' title='bbox 638 678 695 733; x_wconf 91' lang='lat' dir='ltr'><strong>Si</strong></span> <span class='ocrx_word' id='word_1_12' title='bbox 719 677 953 731; x_wconf 86' lang='lat' dir='ltr'><strong>divisere</strong></span> <span class='ocrx_word' id='word_1_13' title='bbox 982 689 1106 729; x_wconf 92' lang='lat' dir='ltr'><strong>cum</strong></span> <span class='ocrx_word' id='word_1_14' title='bbox 1146 674 1258 738; x_wconf 90' lang='lat' dir='ltr'><strong>illo,</strong></span> <span class='ocrx_word' id='word_1_15' title='bbox 1290 674 1467 727; x_wconf 91' lang='lat' dir='ltr'><strong>minus</strong></span> <span class='ocrx_word' id='word_1_16' title='bbox 1507 673 1612 727; x_wconf 89' lang='lat' dir='ltr'><strong>erit</strong></span> <span class='ocrx_word' id='word_1_17' title='bbox 1645 679 1702 726; x_wconf 86' lang='lat' dir='ltr'><strong>et</strong></span> <span class='ocrx_word' id='word_1_18' title='bbox 1740 668 1869 724; x_wconf 88' lang='lat' dir='ltr'><strong>mihi</strong></span> 
     </span>
    </p>
   </div>
   <div class='ocr_carea' id='block_1_4' title="bbox 278 759 1870 838">
    <p class='ocr_par' dir='ltr' id='par_1_4' title="bbox 278 759 1870 838">
     <span class='ocr_line' id='line_1_4' title="bbox 278 759 1870 838; baseline -0.008 -11"><span class='ocrx_word' id='word_1_19' title='bbox 278 772 474 827; x_wconf 84' lang='lat' dir='ltr'><strong>etilli:</strong></span> <span class='ocrx_word' id='word_1_20' title='bbox 504 767 774 823; x_wconf 83' lang='lat' dir='ltr'><strong>minuetur</strong></span> <span class='ocrx_word' id='word_1_21' title='bbox 806 765 949 838; x_wconf 92' lang='lat' dir='ltr'><strong>quod</strong></span> <span class='ocrx_word' id='word_1_22' title='bbox 977 780 1119 831; x_wconf 90' lang='lat' dir='ltr'><strong>amo,</strong></span> <span class='ocrx_word' id='word_1_23' title='bbox 1154 779 1254 819; x_wconf 90' lang='lat' dir='ltr'><strong>nec</strong></span> <span class='ocrx_word' id='word_1_24' title='bbox 1291 772 1459 817; x_wconf 89' lang='lat' dir='ltr'><strong>totum</strong></span> <span class='ocrx_word' id='word_1_25' title='bbox 1502 760 1719 816; x_wconf 91' lang='lat' dir='ltr'><strong>habebit</strong></span> <span class='ocrx_word' id='word_1_26' title='bbox 1745 759 1870 827; x_wconf 89' lang='lat' dir='ltr'><strong>ille,</strong></span> 
     </span>
    </p>
   </div>
   <div class='ocr_carea' id='block_1_5' title="bbox 279 853 1868 928">
    <p class='ocr_par' dir='ltr' id='par_1_5' title="bbox 279 853 1868 928">
     <span class='ocr_line' id='line_1_5' title="bbox 279 853 1868 928; baseline -0.012 -7"><span class='ocrx_word' id='word_1_27' title='bbox 279 880 380 920; x_wconf 89' lang='lat' dir='ltr'><strong>uec</strong></span> <span class='ocrx_word' id='word_1_28' title='bbox 410 872 577 919; x_wconf 89' lang='lat' dir='ltr'><strong>totum</strong></span> <span class='ocrx_word' id='word_1_29' title='bbox 599 860 808 915; x_wconf 79' lang='lat' dir='ltr'><strong>habebo</strong></span> <span class='ocrx_word' id='word_1_30' title='bbox 830 874 949 928; x_wconf 90' lang='lat' dir='ltr'><strong>ego.</strong></span> <span class='ocrx_word' id='word_1_31' title='bbox 971 855 1077 913; x_wconf 88' lang='lat' dir='ltr'><strong>Sed</strong></span> <span class='ocrx_word' id='word_1_32' title='bbox 1106 855 1230 927; x_wconf 90' lang='lat' dir='ltr'><strong>quia</strong></span> <span class='ocrx_word' id='word_1_33' title='bbox 1265 853 1429 923; x_wconf 80' lang='lat' dir='ltr'><strong>diligo</strong></span> <span class='ocrx_word' id='word_1_34' title='bbox 1464 866 1586 908; x_wconf 83' lang='lat' dir='ltr'><strong>eum</strong></span> <span class='ocrx_word' id='word_1_35' title='bbox 1618 861 1868 921; x_wconf 77' lang='lat' dir='ltr'><strong>tanquam</strong></span> 
     </span>
    </p>
   </div>
   <div class='ocr_carea' id='block_1_6' title="bbox 279 945 1870 1027">
    <p class='ocr_par' dir='ltr' id='par_1_6' title="bbox 279 945 1870 1027">
     <span class='ocr_line' id='line_1_6' title="bbox 279 945 1870 1027; baseline -0.012 -13"><span class='ocrx_word' id='word_1_36' title='bbox 279 973 369 1013; x_wconf 90' lang='lat' dir='ltr'><strong>me</strong></span> <span class='ocrx_word' id='word_1_37' title='bbox 392 957 589 1027; x_wconf 91' lang='lat' dir='ltr'><strong>ipsum,</strong></span> <span class='ocrx_word' id='word_1_38' title='bbox 625 963 753 1023; x_wconf 92' lang='lat' dir='ltr'><strong>opto</strong></span> <span class='ocrx_word' id='word_1_39' title='bbox 782 951 857 1007; x_wconf 86' lang='lat' dir='ltr'><strong>illi</strong></span> <span class='ocrx_word' id='word_1_40' title='bbox 886 959 945 1004; x_wconf 92' lang='lat' dir='ltr'><strong>ut</strong></span> <span class='ocrx_word' id='word_1_41' title='bbox 980 958 1185 1002; x_wconf 91' lang='lat' dir='ltr'><strong>tantum</strong></span> <span class='ocrx_word' id='word_1_42' title='bbox 1216 945 1441 1011; x_wconf 79' lang='lat' dir='ltr'><strong>habeat;</strong></span> <span class='ocrx_word' id='word_1_43' title='bbox 1471 950 1533 998; x_wconf 88' lang='lat' dir='ltr'><strong>ut</strong></span> <span class='ocrx_word' id='word_1_44' title='bbox 1563 956 1664 999; x_wconf 88' lang='lat' dir='ltr'><strong>nec</strong></span> <span class='ocrx_word' id='word_1_45' title='bbox 1689 956 1870 997; x_wconf 87' lang='lat' dir='ltr'><strong>meum</strong></span> 
     </span>
    </p>
   </div>
   <div class='ocr_carea' id='block_1_7' title="bbox 278 1042 1294 1114">
    <p class='ocr_par' dir='ltr' id='par_1_7' title="bbox 278 1042 1294 1114">
     <span class='ocr_line' id='line_1_7' title="bbox 278 1042 1294 1114; baseline -0.015 -8"><span class='ocrx_word' id='word_1_46' title='bbox 278 1056 570 1109; x_wconf 87' lang='lat' dir='ltr'><strong>minuatur,</strong></span> <span class='ocrx_word' id='word_1_47' title='bbox 597 1055 651 1101; x_wconf 92' lang='lat' dir='ltr'><strong>et</strong></span> <span class='ocrx_word' id='word_1_48' title='bbox 678 1045 791 1114; x_wconf 88' lang='lat' dir='ltr'><strong>ipse</strong></span> <span class='ocrx_word' id='word_1_49' title='bbox 816 1042 944 1097; x_wconf 90' lang='lat' dir='ltr'><strong>mihi</strong></span> <span class='ocrx_word' id='word_1_50' title='bbox 969 1048 1294 1109; x_wconf 59' lang='lat' dir='ltr'><strong>coaxquetur.</strong></span> 
     </span>
    </p>
   </div>
   <div class='ocr_carea' id='block_1_8' title="bbox 348 1124 1867 1195">
    <p class='ocr_par' dir='ltr' id='par_1_8' title="bbox 348 1124 1867 1195">
     <span class='ocr_line' id='line_1_8' title="bbox 348 1124 1867 1195; baseline -0.011 0"><span class='ocrx_word' id='word_1_51' title='bbox 348 1136 577 1195; x_wconf 69' lang='lat' dir='ltr'><strong>CAPUT</strong></span> <span class='ocrx_word' id='word_1_52' title='bbox 617 1134 814 1189; x_wconf 86' lang='lat' dir='ltr'><strong>Vll.—</strong></span> <span class='ocrx_word' id='word_1_53' title='bbox 837 1134 889 1186; x_wconf 87' lang='lat'><strong>7.</strong></span> <span class='ocrx_word' id='word_1_54' title='bbox 922 1130 1208 1184; x_wconf 83' lang='lat' dir='ltr'><strong>Invidentia</strong></span> <span class='ocrx_word' id='word_1_55' title='bbox 1244 1128 1419 1182; x_wconf 88' lang='lat' dir='ltr'><strong>vitium</strong></span> <span class='ocrx_word' id='word_1_56' title='bbox 1452 1124 1757 1181; x_wconf 86' lang='lat' dir='ltr'><strong>diabolicum</strong></span> <span class='ocrx_word' id='word_1_57' title='bbox 1784 1140 1867 1178; x_wconf 86' lang='lat' dir='ltr'><strong>ve-</strong></span> 
     </span>
    </p>
   </div>
   <div class='ocr_carea' id='block_1_9' title="bbox 279 1216 1871 1297">
    <p class='ocr_par' dir='ltr' id='par_1_9' title="bbox 279 1216 1871 1297">
     <span class='ocr_line' id='line_1_9' title="bbox 279 1216 1871 1297; baseline -0.009 -13"><span class='ocrx_word' id='word_1_58' title='bbox 279 1232 422 1284; x_wconf 84' lang='lat' dir='ltr'><strong>niens</strong></span> <span class='ocrx_word' id='word_1_59' title='bbox 442 1245 505 1283; x_wconf 81' lang='lat' dir='ltr'><strong>ea:</strong></span> <span class='ocrx_word' id='word_1_60' title='bbox 518 1226 771 1297; x_wconf 76' lang='lat' dir='ltr'><strong>superbia.</strong></span> <span class='ocrx_word' id='word_1_61' title='bbox 792 1223 926 1278; x_wconf 83' lang='lat' dir='ltr'><strong>Bene</strong></span> <span class='ocrx_word' id='word_1_62' title='bbox 942 1230 1170 1294; x_wconf 85' lang='lat' dir='ltr'><strong>optantes</strong></span> <span class='ocrx_word' id='word_1_63' title='bbox 1187 1220 1368 1291; x_wconf 82' lang='lat' dir='ltr'><strong>egenti,</strong></span> <span class='ocrx_word' id='word_1_64' title='bbox 1391 1235 1480 1273; x_wconf 90' lang='lat' dir='ltr'><strong>nec</strong></span> <span class='ocrx_word' id='word_1_65' title='bbox 1502 1227 1667 1273; x_wconf 89' lang='lat' dir='ltr'><strong>tamen</strong></span> <span class='ocrx_word' id='word_1_66' title='bbox 1677 1216 1871 1287; x_wconf 84' lang='lat' dir='ltr'><strong>aliquid</strong></span> 
     </span>
    </p>
   </div>
   <div class='ocr_carea' id='block_1_10' title="bbox 277 1309 1868 1387">
    <p class='ocr_par' dir='ltr' id='par_1_10' title="bbox 277 1309 1868 1387">
     <span class='ocr_line' id='line_1_10' title="bbox 277 1309 1868 1387; baseline -0.007 -13"><span class='ocrx_word' id='word_1_67' title='bbox 277 1322 477 1374; x_wconf 78' lang='lat' dir='ltr'><strong>dantes.</strong></span> <span class='ocrx_word' id='word_1_68' title='bbox 496 1317 662 1387; x_wconf 84' lang='lat' dir='ltr'><strong>Optas</strong></span> <span class='ocrx_word' id='word_1_69' title='bbox 679 1314 817 1371; x_wconf 88' lang='lat' dir='ltr'><strong>unde</strong></span> <span class='ocrx_word' id='word_1_70' title='bbox 835 1314 965 1369; x_wconf 85' lang='lat' dir='ltr'><strong>nihil</strong></span> <span class='ocrx_word' id='word_1_71' title='bbox 994 1312 1185 1382; x_wconf 88' lang='lat' dir='ltr'><strong>perdas</strong></span> <span class='ocrx_word' id='word_1_72' title='bbox 1211 1330 1223 1365; x_wconf 89' lang='lat'><strong>:</strong></span> <span class='ocrx_word' id='word_1_73' title='bbox 1248 1320 1407 1381; x_wconf 89' lang='lat' dir='ltr'><strong>atque</strong></span> <span class='ocrx_word' id='word_1_74' title='bbox 1433 1311 1632 1365; x_wconf 85' lang='lat' dir='ltr'><strong>utinam</strong></span> <span class='ocrx_word' id='word_1_75' title='bbox 1652 1309 1751 1364; x_wconf 92' lang='lat' dir='ltr'><strong>hoc</strong></span> <span class='ocrx_word' id='word_1_76' title='bbox 1773 1323 1868 1363; x_wconf 84' lang='lat' dir='ltr'><strong>ve-</strong></span> 
     </span>
    </p>
   </div>
   <div class='ocr_carea' id='block_1_11' title="bbox 277 1399 1870 1476">
    <p class='ocr_par' dir='ltr' id='par_1_11' title="bbox 277 1399 1870 1476">
     <span class='ocr_line' id='line_1_11' title="bbox 277 1399 1870 1476; baseline -0.009 -9"><span class='ocrx_word' id='word_1_77' title='bbox 277 1429 398 1466; x_wconf 90' lang='lat' dir='ltr'><strong>rum</strong></span> <span class='ocrx_word' id='word_1_78' title='bbox 424 1411 593 1476; x_wconf 87' lang='lat' dir='ltr'><strong>dicas,</strong></span> <span class='ocrx_word' id='word_1_79' title='bbox 625 1407 708 1463; x_wconf 89' lang='lat' dir='ltr'><strong>vel</strong></span> <span class='ocrx_word' id='word_1_80' title='bbox 735 1415 907 1476; x_wconf 87' lang='lat' dir='ltr'><strong>optes.</strong></span> <span class='ocrx_word' id='word_1_81' title='bbox 937 1405 1123 1459; x_wconf 82' lang='lat' dir='ltr'><strong>Timeo</strong></span> <span class='ocrx_word' id='word_1_82' title='bbox 1157 1403 1299 1459; x_wconf 91' lang='lat' dir='ltr'><strong>enim</strong></span> <span class='ocrx_word' id='word_1_83' title='bbox 1329 1419 1395 1458; x_wconf 91' lang='lat' dir='ltr'><strong>ne</strong></span> <span class='ocrx_word' id='word_1_84' title='bbox 1426 1402 1683 1458; x_wconf 87' lang='lat' dir='ltr'><strong>invideas.</strong></span> <span class='ocrx_word' id='word_1_85' title='bbox 1717 1399 1870 1467; x_wconf 84' lang='lat' dir='ltr'><strong>Quo-</strong></span> 
     </span>
    </p>
   </div>
   <div class='ocr_carea' id='block_1_12' title="bbox 278 1495 1869 1564">
    <p class='ocr_par' dir='ltr' id='par_1_12' title="bbox 278 1495 1869 1564">
     <span class='ocr_line' id='line_1_12' title="bbox 278 1495 1869 1564; baseline -0.008 -6"><span class='ocrx_word' id='word_1_86' title='bbox 278 1502 441 1560; x_wconf 84' lang='lat' dir='ltr'><strong>:nodo</strong></span> <span class='ocrx_word' id='word_1_87' title='bbox 481 1502 622 1556; x_wconf 90' lang='lat' dir='ltr'><strong>enim</strong></span> <span class='ocrx_word' id='word_1_88' title='bbox 653 1498 863 1553; x_wconf 87' lang='lat' dir='ltr'><strong>socialis</strong></span> <span class='ocrx_word' id='word_1_89' title='bbox 901 1497 1001 1551; x_wconf 91' lang='lat' dir='ltr'><strong>erit</strong></span> <span class='ocrx_word' id='word_1_90' title='bbox 1042 1495 1267 1550; x_wconf 73' lang='lat' dir='ltr'><strong>felicitas</strong></span> <span class='ocrx_word' id='word_1_91' title='bbox 1302 1504 1387 1548; x_wconf 93' lang='lat' dir='ltr'><strong>tua</strong></span> <span class='ocrx_word' id='word_1_92' title='bbox 1412 1536 1426 1559; x_wconf 95' lang='lat'><strong>,</strong></span> <span class='ocrx_word' id='word_1_93' title='bbox 1455 1509 1613 1564; x_wconf 88' lang='lat' dir='ltr'><strong>quam</strong></span> <span class='ocrx_word' id='word_1_94' title='bbox 1658 1500 1869 1562; x_wconf 87' lang='lat' dir='ltr'><strong>torquet</strong></span> 
     </span>
    </p>
   </div>
   <div class='ocr_carea' id='block_1_13' title="bbox 276 1586 1867 1658">
    <p class='ocr_par' dir='ltr' id='par_1_13' title="bbox 276 1586 1867 1658">
     <span class='ocr_line' id='line_1_13' title="bbox 276 1586 1867 1658; baseline -0.008 -8"><span class='ocrx_word' id='word_1_95' title='bbox 276 1597 503 1652; x_wconf 91' lang='lat' dir='ltr'><strong>felicitas</strong></span> <span class='ocrx_word' id='word_1_96' title='bbox 531 1591 740 1648; x_wconf 88' lang='lat' dir='ltr'><strong>aliena?</strong></span> <span class='ocrx_word' id='word_1_97' title='bbox 768 1590 953 1646; x_wconf 80' lang='lat' dir='ltr'><strong>Nonne</strong></span> <span class='ocrx_word' id='word_1_98' title='bbox 976 1604 1097 1644; x_wconf 91' lang='lat' dir='ltr'><strong>cum</strong></span> <span class='ocrx_word' id='word_1_99' title='bbox 1126 1588 1352 1658; x_wconf 68' lang='lat' dir='ltr'><strong>cmperit</strong></span> <span class='ocrx_word' id='word_1_100' title='bbox 1374 1587 1638 1642; x_wconf 87' lang='lat' dir='ltr'><strong>ditescere</strong></span> <span class='ocrx_word' id='word_1_101' title='bbox 1662 1586 1867 1639; x_wconf 91' lang='lat' dir='ltr'><strong>vicinus</strong></span> 
     </span>
    </p>
   </div>
   <div class='ocr_carea' id='block_1_14' title="bbox 277 1679 1867 1754">
    <p class='ocr_par' dir='ltr' id='par_1_14' title="bbox 277 1679 1867 1754">
     <span class='ocr_line' id='line_1_14' title="bbox 277 1679 1867 1754; baseline -0.006 -12"><span class='ocrx_word' id='word_1_102' title='bbox 277 1697 420 1753; x_wconf 93' lang='lat' dir='ltr'><strong>tuus,</strong></span> <span class='ocrx_word' id='word_1_103' title='bbox 452 1695 507 1741; x_wconf 91' lang='lat' dir='ltr'><strong>et</strong></span> <span class='ocrx_word' id='word_1_104' title='bbox 541 1685 773 1754; x_wconf 86' lang='lat' dir='ltr'><strong>incipere</strong></span> <span class='ocrx_word' id='word_1_105' title='bbox 802 1683 952 1753; x_wconf 91' lang='lat' dir='ltr'><strong>quasi</strong></span> <span class='ocrx_word' id='word_1_106' title='bbox 996 1696 1235 1751; x_wconf 87' lang='lat' dir='ltr'><strong>surgere,</strong></span> <span class='ocrx_word' id='word_1_107' title='bbox 1268 1689 1321 1734; x_wconf 92' lang='lat' dir='ltr'><strong>et</strong></span> <span class='ocrx_word' id='word_1_108' title='bbox 1344 1680 1420 1734; x_wconf 87' lang='lat' dir='ltr'><strong>ire</strong></span> <span class='ocrx_word' id='word_1_109' title='bbox 1452 1687 1573 1749; x_wconf 90' lang='lat' dir='ltr'><strong>post</strong></span> <span class='ocrx_word' id='word_1_110' title='bbox 1612 1688 1683 1742; x_wconf 90' lang='lat' dir='ltr'><strong>te,</strong></span> <span class='ocrx_word' id='word_1_111' title='bbox 1711 1679 1867 1733; x_wconf 89' lang='lat' dir='ltr'><strong>times</strong></span> 
     </span>
    </p>
   </div>
   <div class='ocr_carea' id='block_1_15' title="bbox 275 1767 1869 1845">
    <p class='ocr_par' dir='ltr' id='par_1_15' title="bbox 275 1767 1869 1845">
     <span class='ocr_line' id='line_1_15' title="bbox 275 1767 1869 1845; baseline -0.006 -14"><span class='ocrx_word' id='word_1_112' title='bbox 275 1793 345 1833; x_wconf 90' lang='lat' dir='ltr'><strong>ne</strong></span> <span class='ocrx_word' id='word_1_113' title='bbox 393 1786 647 1845; x_wconf 89' lang='lat' dir='ltr'><strong>sequatur</strong></span> <span class='ocrx_word' id='word_1_114' title='bbox 688 1785 768 1839; x_wconf 91' lang='lat' dir='ltr'><strong>te,</strong></span> <span class='ocrx_word' id='word_1_115' title='bbox 804 1775 960 1828; x_wconf 88' lang='lat' dir='ltr'><strong>times</strong></span> <span class='ocrx_word' id='word_1_116' title='bbox 1009 1788 1077 1827; x_wconf 93' lang='lat' dir='ltr'><strong>ne</strong></span> <span class='ocrx_word' id='word_1_117' title='bbox 1119 1779 1353 1826; x_wconf 87' lang='lat' dir='ltr'><strong>transeat</strong></span> <span class='ocrx_word' id='word_1_118' title='bbox 1382 1770 1469 1824; x_wconf 84' lang='lat' dir='ltr'><strong>tu?</strong></span> <span class='ocrx_word' id='word_1_119' title='bbox 1497 1770 1653 1823; x_wconf 82' lang='lat' dir='ltr'><strong>Certe</strong></span> <span class='ocrx_word' id='word_1_120' title='bbox 1694 1767 1869 1838; x_wconf 82' lang='lat' dir='ltr'><strong>diligis</strong></span> 
     </span>
    </p>
   </div>
   <div class='ocr_carea' id='block_1_16' title="bbox 276 1858 1871 1938">
    <p class='ocr_par' dir='ltr' id='par_1_16' title="bbox 276 1858 1871 1938">
     <span class='ocr_line' id='line_1_16' title="bbox 276 1858 1871 1938; baseline -0.006 -16"><span class='ocrx_word' id='word_1_121' title='bbox 276 1870 580 1938; x_wconf 82' lang='lat' dir='ltr'><strong>proximum</strong></span> <span class='ocrx_word' id='word_1_122' title='bbox 617 1876 863 1936; x_wconf 90' lang='lat' dir='ltr'><strong>tanquam</strong></span> <span class='ocrx_word' id='word_1_123' title='bbox 896 1874 946 1918; x_wconf 90' lang='lat' dir='ltr'><strong>te</strong></span> <span class='ocrx_word' id='word_1_124' title='bbox 978 1863 1171 1933; x_wconf 89' lang='lat' dir='ltr'><strong>ipsum.</strong></span> <span class='ocrx_word' id='word_1_125' title='bbox 1196 1861 1301 1916; x_wconf 89' lang='lat' dir='ltr'><strong>Sed</strong></span> <span class='ocrx_word' id='word_1_126' title='bbox 1335 1876 1437 1915; x_wconf 91' lang='lat' dir='ltr'><strong>non</strong></span> <span class='ocrx_word' id='word_1_127' title='bbox 1467 1861 1655 1930; x_wconf 92' lang='lat' dir='ltr'><strong>loquor</strong></span> <span class='ocrx_word' id='word_1_128' title='bbox 1682 1858 1750 1913; x_wconf 88' lang='lat' dir='ltr'><strong>de</strong></span> <span class='ocrx_word' id='word_1_129' title='bbox 1790 1860 1871 1912; x_wconf 89' lang='lat' dir='ltr'><strong>in-</strong></span> 
     </span>
    </p>
   </div>
   <div class='ocr_carea' id='block_1_17' title="bbox 273 1950 1869 2020">
    <p class='ocr_par' dir='ltr' id='par_1_17' title="bbox 273 1950 1869 2020">
     <span class='ocr_line' id='line_1_17' title="bbox 273 1950 1869 2020; baseline -0.005 -8"><span class='ocrx_word' id='word_1_130' title='bbox 273 1960 471 2013; x_wconf 68' lang='lat' dir='ltr'><strong>vidis‘.</strong></span> <span class='ocrx_word' id='word_1_131' title='bbox 501 1959 721 2013; x_wconf 84' lang='lat' dir='ltr'><strong>Avertat</strong></span> <span class='ocrx_word' id='word_1_132' title='bbox 766 1955 910 2010; x_wconf 89' lang='lat' dir='ltr'><strong>enim</strong></span> <span class='ocrx_word' id='word_1_133' title='bbox 956 1954 1096 2008; x_wconf 91' lang='lat' dir='ltr'><strong>Deus</strong></span> <span class='ocrx_word' id='word_1_134' title='bbox 1138 1952 1276 2006; x_wconf 90' lang='lat' dir='ltr'><strong>hanc</strong></span> <span class='ocrx_word' id='word_1_135' title='bbox 1322 1960 1523 2020; x_wconf 89' lang='lat' dir='ltr'><strong>pestem</strong></span> <span class='ocrx_word' id='word_1_136' title='bbox 1568 1951 1635 2007; x_wconf 88' lang='lat' dir='ltr'><strong>ab</strong></span> <span class='ocrx_word' id='word_1_137' title='bbox 1675 1950 1869 2004; x_wconf 88' lang='lat' dir='ltr'><strong>animis</strong></span> 
     </span>
    </p>
   </div>
   <div class='ocr_carea' id='block_1_18' title="bbox 274 2041 1865 2111">
    <p class='ocr_par' dir='ltr' id='par_1_18' title="bbox 274 2041 1865 2111">
     <span class='ocr_line' id='line_1_18' title="bbox 274 2041 1865 2111; baseline -0.007 -5"><span class='ocrx_word' id='word_1_138' title='bbox 274 2052 516 2106; x_wconf 90' lang='lat' dir='ltr'><strong>omnium</strong></span> <span class='ocrx_word' id='word_1_139' title='bbox 566 2048 874 2111; x_wconf 90' lang='lat' dir='ltr'><strong>hominum,</strong></span> <span class='ocrx_word' id='word_1_140' title='bbox 926 2046 1120 2100; x_wconf 86' lang='lat' dir='ltr'><strong>nedum</strong></span> <span class='ocrx_word' id='word_1_141' title='bbox 1175 2042 1629 2107; x_wconf 88' lang='lat' dir='ltr'><strong>Christianorum;</strong></span> <span class='ocrx_word' id='word_1_142' title='bbox 1681 2041 1865 2095; x_wconf 90' lang='lat' dir='ltr'><strong>vitium</strong></span> 
     </span>
    </p>
   </div>
   <div class='ocr_carea' id='block_1_19' title="bbox 273 2132 1867 2209">
    <p class='ocr_par' dir='ltr' id='par_1_19' title="bbox 273 2132 1867 2209">
     <span class='ocr_line' id='line_1_19' title="bbox 273 2132 1867 2209; baseline -0.008 -12"><span class='ocrx_word' id='word_1_143' title='bbox 273 2142 621 2206; x_wconf 90' lang='lat' dir='ltr'><strong>diabolieum,</strong></span> <span class='ocrx_word' id='word_1_144' title='bbox 650 2154 755 2209; x_wconf 88' lang='lat' dir='ltr'><strong>quo</strong></span> <span class='ocrx_word' id='word_1_145' title='bbox 776 2138 922 2192; x_wconf 81' lang='lat' dir='ltr'><strong>solus</strong></span> <span class='ocrx_word' id='word_1_146' title='bbox 942 2136 1184 2191; x_wconf 89' lang='lat' dir='ltr'><strong>diabolus</strong></span> <span class='ocrx_word' id='word_1_147' title='bbox 1214 2149 1339 2189; x_wconf 89' lang='lat' dir='ltr'><strong>reus</strong></span> <span class='ocrx_word' id='word_1_148' title='bbox 1365 2143 1469 2198; x_wconf 89' lang='lat' dir='ltr'><strong>est,</strong></span> <span class='ocrx_word' id='word_1_149' title='bbox 1500 2142 1553 2189; x_wconf 91' lang='lat' dir='ltr'><strong>et</strong></span> <span class='ocrx_word' id='word_1_150' title='bbox 1574 2132 1867 2202; x_wconf 81' lang='lat' dir='ltr'><strong>inexpiabi-</strong></span> 
     </span>
    </p>
   </div>
   <div class='ocr_carea' id='block_1_20' title="bbox 274 2223 1861 2291">
    <p class='ocr_par' dir='ltr' id='par_1_20' title="bbox 274 2223 1861 2291">
     <span class='ocr_line' id='line_1_20' title="bbox 274 2223 1861 2291; baseline -0.009 -1"><span class='ocrx_word' id='word_1_151' title='bbox 274 2236 397 2291; x_wconf 90' lang='lat' dir='ltr'><strong>liter</strong></span> <span class='ocrx_word' id='word_1_152' title='bbox 443 2249 587 2288; x_wconf 91' lang='lat' dir='ltr'><strong>reus.</strong></span> <span class='ocrx_word' id='word_1_153' title='bbox 634 2231 749 2286; x_wconf 87' lang='lat' dir='ltr'><strong>Non</strong></span> <span class='ocrx_word' id='word_1_154' title='bbox 795 2230 938 2285; x_wconf 92' lang='lat' dir='ltr'><strong>enim</strong></span> <span class='ocrx_word' id='word_1_155' title='bbox 985 2227 1178 2283; x_wconf 90' lang='lat' dir='ltr'><strong>dicitur</strong></span> <span class='ocrx_word' id='word_1_156' title='bbox 1215 2225 1429 2281; x_wconf 87' lang='lat' dir='ltr'><strong>diabolo</strong></span> <span class='ocrx_word' id='word_1_157' title='bbox 1468 2234 1527 2279; x_wconf 92' lang='lat' dir='ltr'><strong>ut</strong></span> <span class='ocrx_word' id='word_1_158' title='bbox 1562 2223 1861 2288; x_wconf 86' lang='lat' dir='ltr'><strong>damnetur,</strong></span> 
     </span>
    </p>
   </div>
   <div class='ocr_carea' id='block_1_21' title="bbox 270 2314 1863 2384">
    <p class='ocr_par' dir='ltr' id='par_1_21' title="bbox 270 2314 1863 2384">
     <span class='ocr_line' id='line_1_21' title="bbox 270 2314 1863 2384; baseline -0.01 -2"><span class='ocrx_word' id='word_1_159' title='bbox 270 2326 609 2382; x_wconf 82' lang='lat' dir='ltr'><strong>Adulterium</strong></span> <span class='ocrx_word' id='word_1_160' title='bbox 631 2320 967 2384; x_wconf 87' lang='lat' dir='ltr'><strong>commisisti,</strong></span> <span class='ocrx_word' id='word_1_161' title='bbox 994 2319 1186 2374; x_wconf 87' lang='lat' dir='ltr'><strong>furtum</strong></span> <span class='ocrx_word' id='word_1_162' title='bbox 1212 2316 1403 2382; x_wconf 81' lang='lat' dir='ltr'><strong>fecisti,</strong></span> <span class='ocrx_word' id='word_1_163' title='bbox 1429 2315 1607 2369; x_wconf 90' lang='lat' dir='ltr'><strong>villam</strong></span> <span class='ocrx_word' id='word_1_164' title='bbox 1636 2314 1863 2368; x_wconf 85' lang='lat' dir='ltr'><strong>alienam</strong></span> 
     </span>
    </p>
   </div>
   <div class='ocr_carea' id='block_1_22' title="bbox 272 2402 1869 2486">
    <p class='ocr_par' dir='ltr' id='par_1_22' title="bbox 272 2402 1869 2486">
     <span class='ocr_line' id='line_1_22' title="bbox 272 2402 1869 2486; baseline -0.01 -14"><span class='ocrx_word' id='word_1_165' title='bbox 272 2417 532 2486; x_wconf 87' lang='lat' dir='ltr'><strong>rapuisti:</strong></span> <span class='ocrx_word' id='word_1_166' title='bbox 557 2413 674 2480; x_wconf 90' lang='lat' dir='ltr'><strong>sed,</strong></span> <span class='ocrx_word' id='word_1_167' title='bbox 702 2411 909 2467; x_wconf 80' lang='lat' dir='ltr'><strong>Homini</strong></span> <span class='ocrx_word' id='word_1_168' title='bbox 938 2410 1094 2464; x_wconf 89' lang='lat' dir='ltr'><strong>stanti</strong></span> <span class='ocrx_word' id='word_1_169' title='bbox 1124 2409 1304 2478; x_wconf 90' lang='lat' dir='ltr'><strong>lapsus</strong></span> <span class='ocrx_word' id='word_1_170' title='bbox 1334 2404 1589 2461; x_wconf 87' lang='lat' dir='ltr'><strong>invidisti.</strong></span> <span class='ocrx_word' id='word_1_171' title='bbox 1623 2402 1869 2459; x_wconf 85' lang='lat' dir='ltr'><strong>Inviden-</strong></span> 
     </span>
    </p>
   </div>
   <div class='ocr_carea' id='block_1_23' title="bbox 274 2498 1863 2563">
    <p class='ocr_par' dir='ltr' id='par_1_23' title="bbox 274 2498 1863 2563">
     <span class='ocr_line' id='line_1_23' title="bbox 274 2498 1863 2563; baseline -0.011 0"><span class='ocrx_word' id='word_1_172' title='bbox 274 2510 344 2563; x_wconf 85' lang='lat' dir='ltr'><strong>tia</strong></span> <span class='ocrx_word' id='word_1_173' title='bbox 388 2506 715 2563; x_wconf 89' lang='lat' dir='ltr'><strong>diabolicum</strong></span> <span class='ocrx_word' id='word_1_174' title='bbox 746 2503 930 2558; x_wconf 89' lang='lat' dir='ltr'><strong>vitium</strong></span> <span class='ocrx_word' id='word_1_175' title='bbox 957 2510 1037 2556; x_wconf 88' lang='lat' dir='ltr'><strong>est</strong></span> <span class='ocrx_word' id='word_1_176' title='bbox 1064 2518 1078 2555; x_wconf 92' lang='lat'>:</span> <span class='ocrx_word' id='word_1_177' title='bbox 1107 2499 1201 2554; x_wconf 89' lang='lat' dir='ltr'><strong>sed</strong></span> <span class='ocrx_word' id='word_1_178' title='bbox 1233 2498 1392 2553; x_wconf 89' lang='lat' dir='ltr'><strong>habet</strong></span> <span class='ocrx_word' id='word_1_179' title='bbox 1432 2505 1658 2551; x_wconf 89' lang='lat' dir='ltr'><strong>matrem</strong></span> <span class='ocrx_word' id='word_1_180' title='bbox 1690 2510 1863 2555; x_wconf 86' lang='lat' dir='ltr'><strong>suam.</strong></span> 
     </span>
    </p>
   </div>
   <div class='ocr_carea' id='block_1_24' title="bbox 271 2587 1860 2673">
    <p class='ocr_par' dir='ltr' id='par_1_24' title="bbox 271 2587 1860 2673">
     <span class='ocr_line' id='line_1_24' title="bbox 271 2587 1860 2673; baseline -0.01 -16"><span class='ocrx_word' id='word_1_181' title='bbox 271 2601 534 2673; x_wconf 88' lang='lat' dir='ltr'><strong>Superbia</strong></span> <span class='ocrx_word' id='word_1_182' title='bbox 564 2608 784 2654; x_wconf 89' lang='lat' dir='ltr'><strong>vocatur</strong></span> <span class='ocrx_word' id='word_1_183' title='bbox 810 2605 978 2650; x_wconf 88' lang='lat' dir='ltr'><strong>mater</strong></span> <span class='ocrx_word' id='word_1_184' title='bbox 1003 2592 1325 2649; x_wconf 68' lang='lat' dir='ltr'><strong>invidendas.</strong></span> <span class='ocrx_word' id='word_1_185' title='bbox 1356 2588 1619 2659; x_wconf 86' lang='lat' dir='ltr'><strong>Superbia</strong></span> <span class='ocrx_word' id='word_1_186' title='bbox 1653 2587 1860 2642; x_wconf 84' lang='lat' dir='ltr'><strong>invidos</strong></span> 
     </span>
    </p>
   </div>
   <div class='ocr_carea' id='block_1_25' title="bbox 272 2678 1863 2752">
    <p class='ocr_par' dir='ltr' id='par_1_25' title="bbox 272 2678 1863 2752">
     <span class='ocr_line' id='line_1_25' title="bbox 272 2678 1863 2752; baseline -0.012 -3"><span class='ocrx_word' id='word_1_187' title='bbox 272 2695 416 2749; x_wconf 65' lang='lat' dir='ltr'><strong>Cicit.</strong></span> <span class='ocrx_word' id='word_1_188' title='bbox 450 2690 662 2747; x_wconf 82' lang='lat' dir='ltr'><strong>Sull&#39;oca</strong></span> <span class='ocrx_word' id='word_1_189' title='bbox 690 2698 911 2743; x_wconf 82' lang='lat' dir='ltr'><strong>matrem</strong></span> <span class='ocrx_word' id='word_1_190' title='bbox 934 2728 949 2752; x_wconf 93' lang='lat'><strong>,</strong></span> <span class='ocrx_word' id='word_1_191' title='bbox 976 2695 1031 2739; x_wconf 90' lang='lat' dir='ltr'><strong>et</strong></span> <span class='ocrx_word' id='word_1_192' title='bbox 1060 2700 1164 2739; x_wconf 92' lang='lat' dir='ltr'><strong>non</strong></span> <span class='ocrx_word' id='word_1_193' title='bbox 1203 2684 1307 2739; x_wconf 87' lang='lat' dir='ltr'><strong>erit</strong></span> <span class='ocrx_word' id='word_1_194' title='bbox 1336 2682 1462 2736; x_wconf 87' lang='lat' dir='ltr'><strong>lilia.</strong></span> <span class='ocrx_word' id='word_1_195' title='bbox 1494 2680 1620 2735; x_wconf 91' lang='lat' dir='ltr'><strong>Ideo</strong></span> <span class='ocrx_word' id='word_1_196' title='bbox 1646 2678 1863 2733; x_wconf 89' lang='lat' dir='ltr'><strong>humili-</strong></span> 
     </span>
    </p>
   </div>
   <div class='ocr_carea' id='block_1_26' title="bbox 271 2770 1863 2846">
    <p class='ocr_par' dir='ltr' id='par_1_26' title="bbox 271 2770 1863 2846">
     <span class='ocr_line' id='line_1_26' title="bbox 271 2770 1863 2846; baseline -0.011 -5"><span class='ocrx_word' id='word_1_197' title='bbox 271 2797 437 2840; x_wconf 88' lang='lat' dir='ltr'><strong>tatem</strong></span> <span class='ocrx_word' id='word_1_198' title='bbox 465 2783 648 2839; x_wconf 86' lang='lat' dir='ltr'><strong>docuit</strong></span> <span class='ocrx_word' id='word_1_199' title='bbox 671 2780 930 2835; x_wconf 87' lang='lat' dir='ltr'><strong>Christus.</strong></span> <span class='ocrx_word' id='word_1_200' title='bbox 959 2777 1075 2831; x_wconf 84' lang='lat' dir='ltr'><strong>Nun</strong></span> <span class='ocrx_word' id='word_1_201' title='bbox 1106 2791 1235 2846; x_wconf 89' lang='lat' dir='ltr'><strong>ergo</strong></span> <span class='ocrx_word' id='word_1_202' title='bbox 1265 2775 1454 2844; x_wconf 91' lang='lat' dir='ltr'><strong>loquor</strong></span> <span class='ocrx_word' id='word_1_203' title='bbox 1484 2771 1699 2836; x_wconf 88' lang='lat' dir='ltr'><strong>invidis,</strong></span> <span class='ocrx_word' id='word_1_204' title='bbox 1726 2770 1863 2825; x_wconf 86' lang='lat' dir='ltr'><strong>bene</strong></span> 
     </span>
    </p>
   </div>
   <div class='ocr_carea' id='block_1_27' title="bbox 271 2862 1859 2949">
    <p class='ocr_par' dir='ltr' id='par_1_27' title="bbox 271 2862 1859 2949">
     <span class='ocr_line' id='line_1_27' title="bbox 271 2862 1859 2949; baseline -0.011 -17"><span class='ocrx_word' id='word_1_205' title='bbox 271 2877 581 2949; x_wconf 88' lang='lat' dir='ltr'><strong>optantibus</strong></span> <span class='ocrx_word' id='word_1_206' title='bbox 604 2876 811 2944; x_wconf 87' lang='lat' dir='ltr'><strong>loquor.</strong></span> <span class='ocrx_word' id='word_1_207' title='bbox 843 2871 948 2926; x_wconf 93' lang='lat' dir='ltr'><strong>lllis</strong></span> <span class='ocrx_word' id='word_1_208' title='bbox 972 2870 1159 2940; x_wconf 92' lang='lat' dir='ltr'><strong>loquor</strong></span> <span class='ocrx_word' id='word_1_209' title='bbox 1179 2868 1267 2938; x_wconf 93' lang='lat' dir='ltr'><strong>qui</strong></span> <span class='ocrx_word' id='word_1_210' title='bbox 1294 2874 1478 2936; x_wconf 88' lang='lat' dir='ltr'><strong>optant</strong></span> <span class='ocrx_word' id='word_1_211' title='bbox 1499 2865 1636 2920; x_wconf 87' lang='lat' dir='ltr'><strong>bene</strong></span> <span class='ocrx_word' id='word_1_212' title='bbox 1653 2862 1859 2927; x_wconf 86' lang='lat' dir='ltr'><strong>amicis,</strong></span> 
     </span>
    </p>
   </div>
   <div class='ocr_carea' id='block_1_28' title="bbox 272 2955 1867 3034">
    <p class='ocr_par' dir='ltr' id='par_1_28' title="bbox 272 2955 1867 3034">
     <span class='ocr_line' id='line_1_28' title="bbox 272 2955 1867 3034; baseline -0.009 -11"><span class='ocrx_word' id='word_1_213' title='bbox 272 2982 330 3024; x_wconf 90' lang='lat' dir='ltr'><strong>ut</strong></span> <span class='ocrx_word' id='word_1_214' title='bbox 375 2970 610 3023; x_wconf 88' lang='lat' dir='ltr'><strong>habeant</strong></span> <span class='ocrx_word' id='word_1_215' title='bbox 645 2974 848 3020; x_wconf 89' lang='lat' dir='ltr'><strong>tantum</strong></span> <span class='ocrx_word' id='word_1_216' title='bbox 880 2971 1134 3034; x_wconf 89' lang='lat' dir='ltr'><strong>quantum</strong></span> <span class='ocrx_word' id='word_1_217' title='bbox 1180 2960 1379 3014; x_wconf 86' lang='lat' dir='ltr'><strong>habent</strong></span> <span class='ocrx_word' id='word_1_218' title='bbox 1424 2968 1476 3012; x_wconf 91' lang='lat' dir='ltr'><strong>et</strong></span> <span class='ocrx_word' id='word_1_219' title='bbox 1516 2957 1635 3027; x_wconf 92' lang='lat' dir='ltr'><strong>ipsi.</strong></span> <span class='ocrx_word' id='word_1_220' title='bbox 1669 2955 1867 3025; x_wconf 88' lang='lat' dir='ltr'><strong>Optant</strong></span> 
     </span>
    </p>
   </div>
   <div class='ocr_carea' id='block_1_29' title="bbox 271 3047 1863 3129">
    <p class='ocr_par' dir='ltr' id='par_1_29' title="bbox 271 3047 1863 3129">
     <span class='ocr_line' id='line_1_29' title="bbox 271 3047 1863 3129; baseline -0.011 -12"><span class='ocrx_word' id='word_1_221' title='bbox 271 3063 411 3117; x_wconf 87' lang='lat' dir='ltr'><strong>bene</strong></span> <span class='ocrx_word' id='word_1_222' title='bbox 439 3058 738 3129; x_wconf 84' lang='lat' dir='ltr'><strong>egentibus,</strong></span> <span class='ocrx_word' id='word_1_223' title='bbox 764 3065 820 3111; x_wconf 89' lang='lat' dir='ltr'><strong>ut</strong></span> <span class='ocrx_word' id='word_1_224' title='bbox 840 3056 1069 3110; x_wconf 88' lang='lat' dir='ltr'><strong>habeant</strong></span> <span class='ocrx_word' id='word_1_225' title='bbox 1094 3061 1349 3122; x_wconf 85' lang='lat' dir='ltr'><strong>quantum</strong></span> <span class='ocrx_word' id='word_1_226' title='bbox 1380 3060 1439 3104; x_wconf 89' lang='lat' dir='ltr'><strong>et</strong></span> <span class='ocrx_word' id='word_1_227' title='bbox 1467 3050 1566 3119; x_wconf 88' lang='lat' dir='ltr'><strong>ipsi</strong></span> <span class='ocrx_word' id='word_1_228' title='bbox 1595 3064 1608 3100; x_wconf 92' lang='lat'>:</span> <span class='ocrx_word' id='word_1_229' title='bbox 1644 3047 1738 3102; x_wconf 86' lang='lat' dir='ltr'><strong>sed</strong></span> <span class='ocrx_word' id='word_1_230' title='bbox 1763 3061 1863 3101; x_wconf 90' lang='lat' dir='ltr'><strong>no-</strong></span> 
     </span>
    </p>
   </div>
   <div class='ocr_carea' id='block_1_30' title="bbox 272 3138 1862 3215">
    <p class='ocr_par' dir='ltr' id='par_1_30' title="bbox 272 3138 1862 3215">
     <span class='ocr_line' id='line_1_30' title="bbox 272 3138 1862 3215; baseline -0.01 -9"><span class='ocrx_word' id='word_1_231' title='bbox 272 3152 390 3207; x_wconf 91' lang='lat' dir='ltr'><strong>lunt</strong></span> <span class='ocrx_word' id='word_1_232' title='bbox 434 3152 541 3205; x_wconf 89' lang='lat' dir='ltr'><strong>illis</strong></span> <span class='ocrx_word' id='word_1_233' title='bbox 582 3149 712 3203; x_wconf 88' lang='lat' dir='ltr'><strong>dare</strong></span> <span class='ocrx_word' id='word_1_234' title='bbox 749 3163 814 3202; x_wconf 81' lang='lat' dir='ltr'><strong>ex</strong></span> <span class='ocrx_word' id='word_1_235' title='bbox 851 3160 917 3201; x_wconf 87' lang='lat' dir='ltr'><strong>eo</strong></span> <span class='ocrx_word' id='word_1_236' title='bbox 958 3143 1100 3215; x_wconf 91' lang='lat' dir='ltr'><strong>quod</strong></span> <span class='ocrx_word' id='word_1_237' title='bbox 1141 3142 1356 3197; x_wconf 90' lang='lat' dir='ltr'><strong>habent.</strong></span> <span class='ocrx_word' id='word_1_238' title='bbox 1403 3140 1530 3194; x_wconf 86' lang='lat' dir='ltr'><strong>inde</strong></span> <span class='ocrx_word' id='word_1_239' title='bbox 1580 3147 1632 3193; x_wconf 92' lang='lat' dir='ltr'><strong>te</strong></span> <span class='ocrx_word' id='word_1_240' title='bbox 1669 3138 1862 3208; x_wconf 86' lang='lat' dir='ltr'><strong>jactas,</strong></span> 
     </span>
    </p>
   </div>
   <div class='ocr_carea' id='block_1_31' title="bbox 272 3234 1867 3311">
    <p class='ocr_par' dir='ltr' id='par_1_31' title="bbox 272 3234 1867 3311">
     <span class='ocr_line' id='line_1_31' title="bbox 272 3234 1867 3311; baseline -0.012 -10"><span class='ocrx_word' id='word_1_241' title='bbox 272 3248 438 3301; x_wconf 90' lang='lat' dir='ltr'><strong>homo</strong></span> <span class='ocrx_word' id='word_1_242' title='bbox 467 3242 781 3308; x_wconf 89' lang='lat' dir='ltr'><strong>christiane,</strong></span> <span class='ocrx_word' id='word_1_243' title='bbox 799 3239 920 3311; x_wconf 90' lang='lat' dir='ltr'><strong>quia</strong></span> <span class='ocrx_word' id='word_1_244' title='bbox 939 3248 1090 3308; x_wconf 92' lang='lat' dir='ltr'><strong>optas</strong></span> <span class='ocrx_word' id='word_1_245' title='bbox 1118 3234 1296 3291; x_wconf 74' lang='lat' dir='ltr'><strong>bene?</strong></span> <span class='ocrx_word' id='word_1_246' title='bbox 1324 3234 1510 3288; x_wconf 82' lang='lat' dir='ltr'><strong>Melior</strong></span> <span class='ocrx_word' id='word_1_247' title='bbox 1535 3241 1587 3286; x_wconf 91' lang='lat' dir='ltr'><strong>te</strong></span> <span class='ocrx_word' id='word_1_248' title='bbox 1617 3238 1699 3285; x_wconf 90' lang='lat' dir='ltr'><strong>est</strong></span> <span class='ocrx_word' id='word_1_249' title='bbox 1724 3244 1867 3283; x_wconf 87' lang='lat' dir='ltr'><strong>men-</strong></span> 
     </span>
    </p>
   </div>
   <div class='ocr_carea' id='block_1_32' title="bbox 271 3322 1868 3405">
    <p class='ocr_par' dir='ltr' id='par_1_32' title="bbox 271 3322 1868 3405">
     <span class='ocr_line' id='line_1_32' title="bbox 271 3322 1868 3405; baseline -0.011 -13"><span class='ocrx_word' id='word_1_250' title='bbox 271 3338 446 3400; x_wconf 85' lang='lat' dir='ltr'><strong>dicus,</strong></span> <span class='ocrx_word' id='word_1_251' title='bbox 494 3335 583 3405; x_wconf 89' lang='lat' dir='ltr'><strong>qui</strong></span> <span class='ocrx_word' id='word_1_252' title='bbox 619 3334 769 3403; x_wconf 90' lang='lat' dir='ltr'><strong>plura</strong></span> <span class='ocrx_word' id='word_1_253' title='bbox 817 3331 909 3386; x_wconf 93' lang='lat' dir='ltr'><strong>tibi</strong></span> <span class='ocrx_word' id='word_1_254' title='bbox 948 3339 1117 3400; x_wconf 83' lang='lat' dir='ltr'><strong>Optat,</strong></span> <span class='ocrx_word' id='word_1_255' title='bbox 1144 3337 1198 3382; x_wconf 89' lang='lat' dir='ltr'><strong>et</strong></span> <span class='ocrx_word' id='word_1_256' title='bbox 1241 3326 1369 3380; x_wconf 87' lang='lat' dir='ltr'><strong>nihil</strong></span> <span class='ocrx_word' id='word_1_257' title='bbox 1407 3324 1585 3379; x_wconf 88' lang='lat' dir='ltr'><strong>habet.</strong></span> <span class='ocrx_word' id='word_1_258' title='bbox 1613 3323 1759 3377; x_wconf 89' lang='lat' dir='ltr'><strong>Bene</strong></span> <span class='ocrx_word' id='word_1_259' title='bbox 1787 3322 1868 3375; x_wconf 85' lang='lat' dir='ltr'><strong>vis</strong></span> 
     </span>
    </p>
   </div>
   <div class='ocr_carea' id='block_1_33' title="bbox 272 3413 1862 3501">
    <p class='ocr_par' dir='ltr' id='par_1_33' title="bbox 272 3413 1862 3501">
     <span class='ocr_line' id='line_1_33' title="bbox 272 3413 1862 3501; baseline -0.012 -16"><span class='ocrx_word' id='word_1_260' title='bbox 272 3440 459 3501; x_wconf 89' lang='lat' dir='ltr'><strong>optare</strong></span> <span class='ocrx_word' id='word_1_261' title='bbox 489 3428 620 3481; x_wconf 89' lang='lat' dir='ltr'><strong>nihil</strong></span> <span class='ocrx_word' id='word_1_262' title='bbox 650 3442 679 3479; x_wconf 87' lang='lat' dir='ltr'><strong>a</strong></span> <span class='ocrx_word' id='word_1_263' title='bbox 711 3434 762 3480; x_wconf 91' lang='lat' dir='ltr'><strong>te</strong></span> <span class='ocrx_word' id='word_1_264' title='bbox 786 3422 1065 3493; x_wconf 85' lang='lat' dir='ltr'><strong>acetpienti</strong></span> <span class='ocrx_word' id='word_1_265' title='bbox 1097 3439 1109 3475; x_wconf 89' lang='lat'><strong>:</strong></span> <span class='ocrx_word' id='word_1_266' title='bbox 1138 3421 1204 3474; x_wconf 90' lang='lat' dir='ltr'><strong>da</strong></span> <span class='ocrx_word' id='word_1_267' title='bbox 1233 3418 1431 3489; x_wconf 90' lang='lat' dir='ltr'><strong>aliquid</strong></span> <span class='ocrx_word' id='word_1_268' title='bbox 1474 3418 1610 3471; x_wconf 90' lang='lat' dir='ltr'><strong>bene</strong></span> <span class='ocrx_word' id='word_1_269' title='bbox 1635 3413 1862 3485; x_wconf 81' lang='lat' dir='ltr'><strong>optanti.</strong></span> 
     </span>
    </p>
   </div>
   <div class='ocr_carea' id='block_1_34' title="bbox 271 3508 1863 3587">
    <p class='ocr_par' dir='ltr' id='par_1_34' title="bbox 271 3508 1863 3587">
     <span class='ocr_line' id='line_1_34' title="bbox 271 3508 1863 3587; baseline -0.012 -7"><span class='ocrx_word' id='word_1_270' title='bbox 271 3526 327 3583; x_wconf 91' lang='lat' dir='ltr'><strong>Si</strong></span> <span class='ocrx_word' id='word_1_271' title='bbox 366 3526 565 3579; x_wconf 90' lang='lat' dir='ltr'><strong>bonum</strong></span> <span class='ocrx_word' id='word_1_272' title='bbox 606 3530 689 3576; x_wconf 88' lang='lat' dir='ltr'><strong>est</strong></span> <span class='ocrx_word' id='word_1_273' title='bbox 731 3520 868 3574; x_wconf 87' lang='lat' dir='ltr'><strong>bene</strong></span> <span class='ocrx_word' id='word_1_274' title='bbox 896 3526 1111 3587; x_wconf 85' lang='lat' dir='ltr'><strong>optare,</strong></span> <span class='ocrx_word' id='word_1_275' title='bbox 1144 3514 1309 3569; x_wconf 88' lang='lat' dir='ltr'><strong>redde</strong></span> <span class='ocrx_word' id='word_1_276' title='bbox 1339 3510 1667 3567; x_wconf 88' lang='lat' dir='ltr'><strong>mercedem.</strong></span> <span class='ocrx_word' id='word_1_277' title='bbox 1703 3508 1863 3579; x_wconf 84' lang='lat' dir='ltr'><strong>Optat</strong></span> 
     </span>
    </p>
   </div>
   <div class='ocr_carea' id='block_1_35' title="bbox 273 3599 1865 3686">
    <p class='ocr_par' dir='ltr' id='par_1_35' title="bbox 273 3599 1865 3686">
     <span class='ocr_line' id='line_1_35' title="bbox 273 3599 1865 3686; baseline -0.014 -11"><span class='ocrx_word' id='word_1_278' title='bbox 273 3620 370 3675; x_wconf 78' lang='lat' dir='ltr'><strong>tibi</strong></span> <span class='ocrx_word' id='word_1_279' title='bbox 419 3620 557 3673; x_wconf 87' lang='lat' dir='ltr'><strong>bene</strong></span> <span class='ocrx_word' id='word_1_280' title='bbox 595 3629 825 3686; x_wconf 90' lang='lat' dir='ltr'><strong>pauper,</strong></span> <span class='ocrx_word' id='word_1_281' title='bbox 870 3610 995 3682; x_wconf 87' lang='lat' dir='ltr'><strong>quid</strong></span> <span class='ocrx_word' id='word_1_282' title='bbox 1037 3606 1310 3678; x_wconf 79' lang='lat' dir='ltr'><strong>trepidas?</strong></span> <span class='ocrx_word' id='word_1_283' title='bbox 1343 3604 1493 3660; x_wconf 78' lang='lat' dir='ltr'><strong>Addo</strong></span> <span class='ocrx_word' id='word_1_284' title='bbox 1530 3601 1729 3672; x_wconf 89' lang='lat' dir='ltr'><strong>aliquid</strong></span> <span class='ocrx_word' id='word_1_285' title='bbox 1760 3618 1773 3653; x_wconf 88' lang='lat'><strong>:</strong></span> <span class='ocrx_word' id='word_1_286' title='bbox 1810 3599 1865 3653; x_wconf 88' lang='lat' dir='ltr'><strong>In</strong></span> 
     </span>
    </p>
   </div>
   <div class='ocr_carea' id='block_1_36' title="bbox 270 3691 1867 3776">
    <p class='ocr_par' dir='ltr' id='par_1_36' title="bbox 270 3691 1867 3776">
     <span class='ocr_line' id='line_1_36' title="bbox 270 3691 1867 3776; baseline -0.016 -8"><span class='ocrx_word' id='word_1_287' title='bbox 270 3713 438 3768; x_wconf 89' lang='lat' dir='ltr'><strong>domo</strong></span> <span class='ocrx_word' id='word_1_288' title='bbox 465 3709 762 3776; x_wconf 67' lang='lat' dir='ltr'><strong>disciplina:</strong></span> <span class='ocrx_word' id='word_1_289' title='bbox 791 3721 869 3759; x_wconf 91' lang='lat' dir='ltr'><strong>es.</strong></span> <span class='ocrx_word' id='word_1_290' title='bbox 903 3702 1054 3757; x_wconf 89' lang='lat' dir='ltr'><strong>Addo</strong></span> <span class='ocrx_word' id='word_1_291' title='bbox 1079 3699 1276 3770; x_wconf 91' lang='lat' dir='ltr'><strong>aliquid</strong></span> <span class='ocrx_word' id='word_1_292' title='bbox 1324 3698 1407 3752; x_wconf 92' lang='lat' dir='ltr'><strong>his</strong></span> <span class='ocrx_word' id='word_1_293' title='bbox 1440 3711 1558 3766; x_wconf 71' lang='lat' dir='ltr'><strong>qua:</strong></span> <span class='ocrx_word' id='word_1_294' title='bbox 1585 3694 1757 3759; x_wconf 79' lang='lat' dir='ltr'><strong>dixi’,</strong></span> <span class='ocrx_word' id='word_1_295' title='bbox 1794 3691 1867 3745; x_wconf 92' lang='lat' dir='ltr'><strong>Da</strong></span> 
     </span>
    </p>
   </div>
   <div class='ocr_carea' id='block_1_37' title="bbox 273 3785 1868 3874">
    <p class='ocr_par' dir='ltr' id='par_1_37' title="bbox 273 3785 1868 3874">
     <span class='ocr_line' id='line_1_37' title="bbox 273 3785 1868 3874; baseline -0.016 -11"><span class='ocrx_word' id='word_1_296' title='bbox 273 3808 415 3863; x_wconf 87' lang='lat' dir='ltr'><strong>bene</strong></span> <span class='ocrx_word' id='word_1_297' title='bbox 444 3803 684 3874; x_wconf 90' lang='lat' dir='ltr'><strong>optanti;</strong></span> <span class='ocrx_word' id='word_1_298' title='bbox 707 3798 951 3854; x_wconf 87' lang='lat' dir='ltr'><strong>Christus</strong></span> <span class='ocrx_word' id='word_1_299' title='bbox 974 3803 1076 3852; x_wconf 90' lang='lat' dir='ltr'><strong>est.</strong></span> <span class='ocrx_word' id='word_1_300' title='bbox 1104 3794 1223 3865; x_wconf 84' lang='lat' dir='ltr'><strong>Ipse</strong></span> <span class='ocrx_word' id='word_1_301' title='bbox 1248 3808 1278 3847; x_wconf 90' lang='lat' dir='ltr'><strong>a</strong></span> <span class='ocrx_word' id='word_1_302' title='bbox 1302 3801 1353 3846; x_wconf 88' lang='lat' dir='ltr'><strong>te</strong></span> <span class='ocrx_word' id='word_1_303' title='bbox 1372 3790 1503 3861; x_wconf 89' lang='lat' dir='ltr'><strong>petit</strong></span> <span class='ocrx_word' id='word_1_304' title='bbox 1529 3788 1619 3858; x_wconf 91' lang='lat' dir='ltr'><strong>qui</strong></span> <span class='ocrx_word' id='word_1_305' title='bbox 1648 3787 1740 3840; x_wconf 89' lang='lat' dir='ltr'><strong>tibi</strong></span> <span class='ocrx_word' id='word_1_306' title='bbox 1768 3785 1868 3839; x_wconf 86' lang='lat' dir='ltr'><strong>de—</strong></span> 
     </span>
    </p>
   </div>
   <div class='ocr_carea' id='block_1_38' title="bbox 270 3877 1869 3956">
    <p class='ocr_par' dir='ltr' id='par_1_38' title="bbox 270 3877 1869 3956">
     <span class='ocr_line' id='line_1_38' title="bbox 270 3877 1869 3956; baseline -0.014 -2"><span class='ocrx_word' id='word_1_307' title='bbox 270 3898 373 3954; x_wconf 91' lang='lat' dir='ltr'><strong>dit.</strong></span> <span class='ocrx_word' id='word_1_308' title='bbox 408 3895 702 3953; x_wconf 84' lang='lat' dir='ltr'><strong>Erubesce.</strong></span> <span class='ocrx_word' id='word_1_309' title='bbox 736 3890 830 3945; x_wconf 83' lang='lat' dir='ltr'><strong>llle</strong></span> <span class='ocrx_word' id='word_1_310' title='bbox 854 3889 1010 3943; x_wconf 89' lang='lat' dir='ltr'><strong>dives</strong></span> <span class='ocrx_word' id='word_1_311' title='bbox 1035 3900 1239 3956; x_wconf 86' lang='lat' dir='ltr'><strong>pauper</strong></span> <span class='ocrx_word' id='word_1_312' title='bbox 1259 3899 1377 3939; x_wconf 90' lang='lat' dir='ltr'><strong>esse</strong></span> <span class='ocrx_word' id='word_1_313' title='bbox 1407 3880 1594 3943; x_wconf 90' lang='lat' dir='ltr'><strong>voluit,</strong></span> <span class='ocrx_word' id='word_1_314' title='bbox 1621 3889 1677 3933; x_wconf 92' lang='lat' dir='ltr'><strong>ut</strong></span> <span class='ocrx_word' id='word_1_315' title='bbox 1703 3877 1869 3933; x_wconf 89' lang='lat' dir='ltr'><strong>habe-</strong></span> 
     </span>
    </p>
   </div>
   <div class='ocr_carea' id='block_1_39' title="bbox 272 3967 1866 4057">
    <p class='ocr_par' dir='ltr' id='par_1_39' title="bbox 272 3967 1866 4057">
     <span class='ocr_line' id='line_1_39' title="bbox 272 3967 1866 4057; baseline -0.014 -13"><span class='ocrx_word' id='word_1_316' title='bbox 272 4005 367 4044; x_wconf 85' lang='lat' dir='ltr'><strong>res</strong></span> <span class='ocrx_word' id='word_1_317' title='bbox 410 3999 672 4057; x_wconf 87' lang='lat' dir='ltr'><strong>pauperes</strong></span> <span class='ocrx_word' id='word_1_318' title='bbox 698 3982 891 4053; x_wconf 88' lang='lat' dir='ltr'><strong>quibus</strong></span> <span class='ocrx_word' id='word_1_319' title='bbox 917 3979 1092 4034; x_wconf 84' lang='lat' dir='ltr'><strong>dares.</strong></span> <span class='ocrx_word' id='word_1_320' title='bbox 1127 3977 1201 4031; x_wconf 88' lang='lat' dir='ltr'><strong>Da</strong></span> <span class='ocrx_word' id='word_1_321' title='bbox 1238 3972 1436 4044; x_wconf 88' lang='lat' dir='ltr'><strong>aliquid</strong></span> <span class='ocrx_word' id='word_1_322' title='bbox 1468 3970 1616 4026; x_wconf 84' lang='lat' dir='ltr'><strong>fratri</strong></span> <span class='ocrx_word' id='word_1_323' title='bbox 1646 3980 1770 4034; x_wconf 92' lang='lat' dir='ltr'><strong>tuo,</strong></span> <span class='ocrx_word' id='word_1_324' title='bbox 1801 3967 1866 4023; x_wconf 90' lang='lat' dir='ltr'><strong>da</strong></span> 
     </span>
    </p>
   </div>
   <div class='ocr_carea' id='block_1_40' title="bbox 272 4062 1869 4150">
    <p class='ocr_par' dir='ltr' id='par_1_40' title="bbox 272 4062 1869 4150">
     <span class='ocr_line' id='line_1_40' title="bbox 272 4062 1869 4150; baseline -0.011 -14"><span class='ocrx_word' id='word_1_325' title='bbox 272 4079 475 4150; x_wconf 87' lang='lat' dir='ltr'><strong>aliquid</strong></span> <span class='ocrx_word' id='word_1_326' title='bbox 522 4077 764 4148; x_wconf 82' lang='lat' dir='ltr'><strong>proximo</strong></span> <span class='ocrx_word' id='word_1_327' title='bbox 792 4086 902 4139; x_wconf 92' lang='lat' dir='ltr'><strong>tuo,</strong></span> <span class='ocrx_word' id='word_1_328' title='bbox 933 4072 998 4127; x_wconf 92' lang='lat' dir='ltr'><strong>da</strong></span> <span class='ocrx_word' id='word_1_329' title='bbox 1026 4068 1226 4140; x_wconf 90' lang='lat' dir='ltr'><strong>aliquid</strong></span> <span class='ocrx_word' id='word_1_330' title='bbox 1254 4066 1435 4124; x_wconf 92' lang='lat' dir='ltr'><strong>comiti</strong></span> <span class='ocrx_word' id='word_1_331' title='bbox 1464 4074 1574 4120; x_wconf 90' lang='lat' dir='ltr'><strong>tuo.</strong></span> <span class='ocrx_word' id='word_1_332' title='bbox 1600 4064 1680 4119; x_wconf 86' lang='lat' dir='ltr'><strong>Tu</strong></span> <span class='ocrx_word' id='word_1_333' title='bbox 1719 4062 1869 4118; x_wconf 88' lang='lat' dir='ltr'><strong>dives</strong></span> 
     </span>
    </p>
   </div>
   <div class='ocr_carea' id='block_1_41' title="bbox 273 4156 1872 4240">
    <p class='ocr_par' dir='ltr' id='par_1_41' title="bbox 273 4156 1872 4240">
     <span class='ocr_line' id='line_1_41' title="bbox 273 4156 1872 4240; baseline -0.011 -10"><span class='ocrx_word' id='word_1_334' title='bbox 273 4188 338 4230; x_wconf 84' lang='lat' dir='ltr'><strong>es</strong></span> <span class='ocrx_word' id='word_1_335' title='bbox 362 4215 375 4237; x_wconf 91' lang='lat'><strong>,</strong></span> <span class='ocrx_word' id='word_1_336' title='bbox 406 4172 492 4226; x_wconf 89' lang='lat' dir='ltr'><strong>ille</strong></span> <span class='ocrx_word' id='word_1_337' title='bbox 521 4185 721 4240; x_wconf 87' lang='lat' dir='ltr'><strong>pauper</strong></span> <span class='ocrx_word' id='word_1_338' title='bbox 745 4176 845 4223; x_wconf 91' lang='lat' dir='ltr'><strong>est.</strong></span> <span class='ocrx_word' id='word_1_339' title='bbox 874 4165 991 4220; x_wconf 86' lang='lat' dir='ltr'><strong>Vita</strong></span> <span class='ocrx_word' id='word_1_340' title='bbox 1021 4166 1118 4219; x_wconf 89' lang='lat' dir='ltr'><strong>ista</strong></span> <span class='ocrx_word' id='word_1_341' title='bbox 1141 4162 1221 4217; x_wconf 84' lang='lat' dir='ltr'><strong>via</strong></span> <span class='ocrx_word' id='word_1_342' title='bbox 1250 4170 1353 4226; x_wconf 89' lang='lat' dir='ltr'><strong>est,</strong></span> <span class='ocrx_word' id='word_1_343' title='bbox 1379 4159 1537 4215; x_wconf 89' lang='lat' dir='ltr'><strong>simul</strong></span> <span class='ocrx_word' id='word_1_344' title='bbox 1562 4156 1872 4213; x_wconf 71' lang='lat' dir='ltr'><strong>ambulatis.</strong></span> 
     </span>
    </p>
   </div>
   <div class='ocr_carea' id='block_1_42' title="bbox 352 4250 1871 4321">
    <p class='ocr_par' dir='ltr' id='par_1_42' title="bbox 352 4250 1871 4321">
     <span class='ocr_line' id='line_1_42' title="bbox 352 4250 1871 4321; baseline -0.014 0"><span class='ocrx_word' id='word_1_345' title='bbox 352 4264 465 4321; x_wconf 71' lang='lat' dir='ltr'><strong>CM</strong></span> <span class='ocrx_word' id='word_1_346' title='bbox 490 4264 577 4320; x_wconf 89' lang='lat' dir='ltr'><strong>UT</strong></span> <span class='ocrx_word' id='word_1_347' title='bbox 602 4260 865 4316; x_wconf 79' lang='lat' dir='ltr'><strong>V|l|.-—8.</strong></span> <span class='ocrx_word' id='word_1_348' title='bbox 889 4259 1104 4314; x_wconf 89' lang='lat' dir='ltr'><strong>Sarcina</strong></span> <span class='ocrx_word' id='word_1_349' title='bbox 1126 4255 1415 4309; x_wconf 81' lang='lat' dir='ltr'><strong>divitiarum</strong></span> <span class='ocrx_word' id='word_1_350' title='bbox 1442 4251 1734 4316; x_wconf 88' lang='lat' dir='ltr'><strong>ntinuenda,</strong></span> <span class='ocrx_word' id='word_1_351' title='bbox 1769 4250 1871 4303; x_wconf 85' lang='lat' dir='ltr'><strong>lar-</strong></span> 
     </span>
    </p>
   </div>
   <div class='ocr_carea' id='block_1_43' title="bbox 274 4341 1872 4430">
    <p class='ocr_par' dir='ltr' id='par_1_43' title="bbox 274 4341 1872 4430">
     <span class='ocr_line' id='line_1_43' title="bbox 274 4341 1872 4430; baseline -0.011 -19"><span class='ocrx_word' id='word_1_352' title='bbox 274 4356 464 4430; x_wconf 83' lang='lat' dir='ltr'><strong>giendo</strong></span> <span class='ocrx_word' id='word_1_353' title='bbox 499 4354 730 4425; x_wconf 82' lang='lat' dir='ltr'><strong>pauperi.</strong></span> <span class='ocrx_word' id='word_1_354' title='bbox 765 4349 1038 4405; x_wconf 76' lang='lat' dir='ltr'><strong>Excusatio</strong></span> <span class='ocrx_word' id='word_1_355' title='bbox 1081 4346 1300 4402; x_wconf 85' lang='lat' dir='ltr'><strong>crudelis</strong></span> <span class='ocrx_word' id='word_1_356' title='bbox 1352 4358 1623 4397; x_wconf 87' lang='lat' dir='ltr'><strong>avarorum</strong></span> <span class='ocrx_word' id='word_1_357' title='bbox 1673 4341 1872 4410; x_wconf 86' lang='lat' dir='ltr'><strong>pietatis</strong></span> 
     </span>
    </p>
   </div>
   <div class='ocr_carea' id='block_1_44' title="bbox 275 4434 1871 4507">
    <p class='ocr_par' dir='ltr' id='par_1_44' title="bbox 275 4434 1871 4507">
     <span class='ocr_line' id='line_1_44' title="bbox 275 4434 1871 4507; baseline -0.014 -2"><span class='ocrx_word' id='word_1_358' title='bbox 275 4451 482 4506; x_wconf 84' lang='lat' dir='ltr'><strong>nomine</strong></span> <span class='ocrx_word' id='word_1_359' title='bbox 504 4448 683 4500; x_wconf 83' lang='lat' dir='ltr'><strong>velata.</strong></span> <span class='ocrx_word' id='word_1_360' title='bbox 717 4443 824 4499; x_wconf 88' lang='lat' dir='ltr'><strong>Sed</strong></span> <span class='ocrx_word' id='word_1_361' title='bbox 847 4442 982 4497; x_wconf 89' lang='lat' dir='ltr'><strong>forte</strong></span> <span class='ocrx_word' id='word_1_362' title='bbox 1002 4441 1135 4495; x_wconf 88' lang='lat' dir='ltr'><strong>dicis</strong></span> <span class='ocrx_word' id='word_1_363' title='bbox 1167 4461 1179 4492; x_wconf 91' lang='lat'><strong>:</strong></span> <span class='ocrx_word' id='word_1_364' title='bbox 1214 4438 1325 4507; x_wconf 83' lang='lat' dir='ltr'><strong>Ego</strong></span> <span class='ocrx_word' id='word_1_365' title='bbox 1352 4436 1521 4502; x_wconf 89' lang='lat' dir='ltr'><strong>dives,</strong></span> <span class='ocrx_word' id='word_1_366' title='bbox 1553 4434 1644 4488; x_wconf 88' lang='lat' dir='ltr'><strong>ille</strong></span> <span class='ocrx_word' id='word_1_367' title='bbox 1668 4446 1871 4502; x_wconf 84' lang='lat' dir='ltr'><strong>pauper</strong></span> 
     </span>
    </p>
   </div>
   <div class='ocr_carea' id='block_1_45' title="bbox 274 4523 1866 4601">
    <p class='ocr_par' dir='ltr' id='par_1_45' title="bbox 274 4523 1866 4601">
     <span class='ocr_line' id='line_1_45' title="bbox 274 4523 1866 4601; baseline -0.016 -2"><span class='ocrx_word' id='word_1_368' title='bbox 274 4553 384 4599; x_wconf 88' lang='lat' dir='ltr'><strong>est.</strong></span> <span class='ocrx_word' id='word_1_369' title='bbox 433 4540 601 4596; x_wconf 92' lang='lat' dir='ltr'><strong>Simul</strong></span> <span class='ocrx_word' id='word_1_370' title='bbox 644 4536 948 4601; x_wconf 87' lang='lat' dir='ltr'><strong>ambulatis,</strong></span> <span class='ocrx_word' id='word_1_371' title='bbox 999 4529 1221 4586; x_wconf 89' lang='lat' dir='ltr'><strong>annon?</strong></span> <span class='ocrx_word' id='word_1_372' title='bbox 1254 4528 1390 4595; x_wconf 85' lang='lat' dir='ltr'><strong>Quid</strong></span> <span class='ocrx_word' id='word_1_373' title='bbox 1421 4524 1669 4595; x_wconf 86' lang='lat' dir='ltr'><strong>estquod</strong></span> <span class='ocrx_word' id='word_1_374' title='bbox 1713 4523 1866 4585; x_wconf 91' lang='lat' dir='ltr'><strong>dicis,</strong></span> 
     </span>
    </p>
   </div>
   <div class='ocr_carea' id='block_1_46' title="bbox 274 4614 1869 4707">
    <p class='ocr_par' dir='ltr' id='par_1_46' title="bbox 274 4614 1869 4707">
     <span class='ocr_line' id='line_1_46' title="bbox 274 4614 1869 4707; baseline -0.017 -12"><span class='ocrx_word' id='word_1_375' title='bbox 274 4640 393 4707; x_wconf 83' lang='lat' dir='ltr'><strong>Ego</strong></span> <span class='ocrx_word' id='word_1_376' title='bbox 423 4636 591 4703; x_wconf 85' lang='lat' dir='ltr'><strong>dives,</strong></span> <span class='ocrx_word' id='word_1_377' title='bbox 625 4633 715 4687; x_wconf 91' lang='lat' dir='ltr'><strong>ille</strong></span> <span class='ocrx_word' id='word_1_378' title='bbox 747 4644 979 4701; x_wconf 88' lang='lat' dir='ltr'><strong>pauper;</strong></span> <span class='ocrx_word' id='word_1_379' title='bbox 1010 4626 1134 4690; x_wconf 90' lang='lat' dir='ltr'><strong>nisi,</strong></span> <span class='ocrx_word' id='word_1_380' title='bbox 1156 4625 1267 4695; x_wconf 88' lang='lat' dir='ltr'><strong>Ego</strong></span> <span class='ocrx_word' id='word_1_381' title='bbox 1296 4628 1569 4686; x_wconf 88' lang='lat' dir='ltr'><strong>oneratus,</strong></span> <span class='ocrx_word' id='word_1_382' title='bbox 1603 4616 1694 4673; x_wconf 90' lang='lat' dir='ltr'><strong>ille</strong></span> <span class='ocrx_word' id='word_1_383' title='bbox 1709 4614 1869 4670; x_wconf 86' lang='lat' dir='ltr'><strong>levis?</strong></span> 
     </span>
    </p>
   </div>
   <div class='ocr_carea' id='block_1_47' title="bbox 278 4718 1870 4800">
    <p class='ocr_par' dir='ltr' id='par_1_47' title="bbox 278 4718 1870 4800">
     <span class='ocr_line' id='line_1_47' title="bbox 278 4718 1870 4800; baseline -0.016 -14"><span class='ocrx_word' id='word_1_384' title='bbox 278 4732 395 4800; x_wconf 83' lang='lat' dir='ltr'><strong>Ego</strong></span> <span class='ocrx_word' id='word_1_385' title='bbox 422 4728 592 4789; x_wconf 86' lang='lat' dir='ltr'><strong>dives,</strong></span> <span class='ocrx_word' id='word_1_386' title='bbox 618 4725 707 4779; x_wconf 92' lang='lat' dir='ltr'><strong>ille</strong></span> <span class='ocrx_word' id='word_1_387' title='bbox 734 4737 952 4794; x_wconf 77' lang='lat' dir='ltr'><strong>pauper.</strong></span> <span class='ocrx_word' id='word_1_388' title='bbox 973 4718 1248 4774; x_wconf 87' lang='lat' dir='ltr'><strong>Sarcinam</strong></span> <span class='ocrx_word' id='word_1_389' title='bbox 1279 4723 1426 4769; x_wconf 91' lang='lat' dir='ltr'><strong>tuam</strong></span> <span class='ocrx_word' id='word_1_390' title='bbox 1453 4723 1870 4774; x_wconf 88' lang='lat' dir='ltr'><strong>commemoras,</strong></span> 
     </span>
    </p>
   </div>
   <div class='ocr_carea' id='block_1_48' title="bbox 279 4798 1872 4892">
    <p class='ocr_par' dir='ltr' id='par_1_48' title="bbox 279 4798 1872 4892">
     <span class='ocr_line' id='line_1_48' title="bbox 279 4798 1872 4892; baseline -0.015 -16"><span class='ocrx_word' id='word_1_391' title='bbox 279 4798 494 4892; x_wconf 83' lang='lat' dir='ltr'><strong>pondus</strong></span> <span class='ocrx_word' id='word_1_392' title='bbox 525 4828 670 4872; x_wconf 92' lang='lat' dir='ltr'><strong>tuum</strong></span> <span class='ocrx_word' id='word_1_393' title='bbox 702 4814 908 4869; x_wconf 86' lang='lat' dir='ltr'><strong>laudas.</strong></span> <span class='ocrx_word' id='word_1_394' title='bbox 939 4811 1008 4866; x_wconf 91' lang='lat' dir='ltr'><strong>Et</strong></span> <span class='ocrx_word' id='word_1_395' title='bbox 1046 4808 1188 4881; x_wconf 91' lang='lat' dir='ltr'><strong>quod</strong></span> <span class='ocrx_word' id='word_1_396' title='bbox 1217 4807 1432 4878; x_wconf 88' lang='lat' dir='ltr'><strong>gravius</strong></span> <span class='ocrx_word' id='word_1_397' title='bbox 1461 4811 1576 4868; x_wconf 90' lang='lat' dir='ltr'><strong>est,</strong></span> <span class='ocrx_word' id='word_1_398' title='bbox 1600 4798 1872 4857; x_wconf 86' lang='lat' dir='ltr'><strong>constrin-</strong></span> 
     </span>
    </p>
   </div>
   <div class='ocr_carea' id='block_1_49' title="bbox 278 4894 1874 4972">
    <p class='ocr_par' dir='ltr' id='par_1_49' title="bbox 278 4894 1874 4972">
     <span class='ocr_line' id='line_1_49' title="bbox 278 4894 1874 4972; baseline -0.014 -1"><span class='ocrx_word' id='word_1_399' title='bbox 278 4918 407 4972; x_wconf 76' lang='lat' dir='ltr'><strong>xisti</strong></span> <span class='ocrx_word' id='word_1_400' title='bbox 439 4913 503 4968; x_wconf 89' lang='lat' dir='ltr'><strong>ad</strong></span> <span class='ocrx_word' id='word_1_401' title='bbox 535 4924 586 4967; x_wconf 93' lang='lat' dir='ltr'><strong>te</strong></span> <span class='ocrx_word' id='word_1_402' title='bbox 613 4912 877 4965; x_wconf 89' lang='lat' dir='ltr'><strong>sarcinam</strong></span> <span class='ocrx_word' id='word_1_403' title='bbox 910 4916 1051 4961; x_wconf 89' lang='lat' dir='ltr'><strong>tuam</strong></span> <span class='ocrx_word' id='word_1_404' title='bbox 1086 4921 1098 4955; x_wconf 91' lang='lat'>:</span> <span class='ocrx_word' id='word_1_405' title='bbox 1136 4902 1255 4957; x_wconf 86' lang='lat' dir='ltr'><strong>ideo</strong></span> <span class='ocrx_word' id='word_1_406' title='bbox 1285 4916 1392 4954; x_wconf 90' lang='lat' dir='ltr'><strong>non</strong></span> <span class='ocrx_word' id='word_1_407' title='bbox 1423 4906 1576 4968; x_wconf 90' lang='lat' dir='ltr'><strong>potes</strong></span> <span class='ocrx_word' id='word_1_408' title='bbox 1602 4894 1874 4965; x_wconf 87' lang='lat' dir='ltr'><strong>porrigere</strong></span> 
     </span>
    </p>
   </div>
   <div class='ocr_carea' id='block_1_50' title="bbox 278 4987 1875 5071">
    <p class='ocr_par' dir='ltr' id='par_1_50' title="bbox 278 4987 1875 5071">
     <span class='ocr_line' id='line_1_50' title="bbox 278 4987 1875 5071; baseline -0.016 -6"><span class='ocrx_word' id='word_1_409' title='bbox 278 5024 523 5065; x_wconf 86' lang='lat' dir='ltr'><strong>manum.</strong></span> <span class='ocrx_word' id='word_1_410' title='bbox 548 5006 801 5067; x_wconf 90' lang='lat' dir='ltr'><strong>Onerate,</strong></span> <span class='ocrx_word' id='word_1_411' title='bbox 830 5002 1010 5071; x_wconf 86' lang='lat' dir='ltr'><strong>ligate,</strong></span> <span class='ocrx_word' id='word_1_412' title='bbox 1044 4997 1167 5068; x_wconf 91' lang='lat' dir='ltr'><strong>quid</strong></span> <span class='ocrx_word' id='word_1_413' title='bbox 1200 5004 1251 5050; x_wconf 90' lang='lat' dir='ltr'><strong>te</strong></span> <span class='ocrx_word' id='word_1_414' title='bbox 1272 4992 1488 5064; x_wconf 75' lang='lat' dir='ltr'><strong>iactas?</strong></span> <span class='ocrx_word' id='word_1_415' title='bbox 1516 4989 1646 5061; x_wconf 90' lang='lat' dir='ltr'><strong>quid</strong></span> <span class='ocrx_word' id='word_1_416' title='bbox 1673 4998 1723 5043; x_wconf 91' lang='lat' dir='ltr'><strong>te</strong></span> <span class='ocrx_word' id='word_1_417' title='bbox 1762 4987 1875 5040; x_wconf 84' lang='lat' dir='ltr'><strong>Iau-</strong></span> 
     </span>
    </p>
   </div>
   <div class='ocr_carea' id='block_1_51' title="bbox 288 5079 1875 5157">
    <p class='ocr_par' dir='ltr' id='par_1_51' title="bbox 288 5079 1875 5157">
     <span class='ocr_line' id='line_1_51' title="bbox 288 5079 1875 5157; baseline -0.016 0"><span class='ocrx_word' id='word_1_418' title='bbox 288 5100 428 5157; x_wconf 76' lang='lat' dir='ltr'><strong>das?</strong></span> <span class='ocrx_word' id='word_1_419' title='bbox 466 5098 625 5154; x_wconf 89' lang='lat' dir='ltr'><strong>Solve</strong></span> <span class='ocrx_word' id='word_1_420' title='bbox 672 5094 879 5149; x_wconf 87' lang='lat' dir='ltr'><strong>vincula</strong></span> <span class='ocrx_word' id='word_1_421' title='bbox 920 5102 1029 5154; x_wconf 83' lang='lat' dir='ltr'><strong>tua,</strong></span> <span class='ocrx_word' id='word_1_422' title='bbox 1068 5091 1248 5143; x_wconf 89' lang='lat' dir='ltr'><strong>minue</strong></span> <span class='ocrx_word' id='word_1_423' title='bbox 1283 5087 1350 5141; x_wconf 92' lang='lat' dir='ltr'><strong>de</strong></span> <span class='ocrx_word' id='word_1_424' title='bbox 1393 5085 1600 5141; x_wconf 91' lang='lat' dir='ltr'><strong>sarcina</strong></span> <span class='ocrx_word' id='word_1_425' title='bbox 1648 5090 1754 5135; x_wconf 89' lang='lat' dir='ltr'><strong>tua.</strong></span> <span class='ocrx_word' id='word_1_426' title='bbox 1799 5079 1875 5132; x_wconf 93' lang='lat' dir='ltr'><strong>Da</strong></span> 
     </span>
    </p>
   </div>
   <div class='ocr_carea' id='block_1_52' title="bbox 278 5174 1873 5254">
    <p class='ocr_par' dir='ltr' id='par_1_52' title="bbox 278 5174 1873 5254">
     <span class='ocr_line' id='line_1_52' title="bbox 278 5174 1873 5254; baseline -0.017 -5"><span class='ocrx_word' id='word_1_427' title='bbox 278 5193 491 5254; x_wconf 89' lang='lat' dir='ltr'><strong>comiti,</strong></span> <span class='ocrx_word' id='word_1_428' title='bbox 530 5200 587 5245; x_wconf 89' lang='lat' dir='ltr'><strong>et</strong></span> <span class='ocrx_word' id='word_1_429' title='bbox 614 5188 761 5243; x_wconf 89' lang='lat' dir='ltr'><strong>illum</strong></span> <span class='ocrx_word' id='word_1_430' title='bbox 789 5185 1027 5253; x_wconf 89' lang='lat' dir='ltr'><strong>adjuvas,</strong></span> <span class='ocrx_word' id='word_1_431' title='bbox 1061 5191 1115 5235; x_wconf 90' lang='lat' dir='ltr'><strong>et</strong></span> <span class='ocrx_word' id='word_1_432' title='bbox 1139 5190 1190 5234; x_wconf 93' lang='lat' dir='ltr'><strong>te</strong></span> <span class='ocrx_word' id='word_1_433' title='bbox 1213 5179 1439 5233; x_wconf 89' lang='lat' dir='ltr'><strong>relevas.</strong></span> <span class='ocrx_word' id='word_1_434' title='bbox 1481 5175 1623 5228; x_wconf 91' lang='lat' dir='ltr'><strong>Inter</strong></span> <span class='ocrx_word' id='word_1_435' title='bbox 1654 5174 1749 5224; x_wconf 87' lang='lat' dir='ltr'><strong>has</strong></span> <span class='ocrx_word' id='word_1_436' title='bbox 1780 5185 1873 5223; x_wconf 71' lang='lat' dir='ltr'><strong>vo-</strong></span> 
     </span>
    </p>
   </div>
   <div class='ocr_carea' id='block_1_53' title="bbox 277 5263 1866 5342">
    <p class='ocr_par' dir='ltr' id='par_1_53' title="bbox 277 5263 1866 5342">
     <span class='ocr_line' id='line_1_53' title="bbox 277 5263 1866 5342; baseline -0.018 0"><span class='ocrx_word' id='word_1_437' title='bbox 277 5302 372 5342; x_wconf 83' lang='lat' dir='ltr'><strong>ces</strong></span> <span class='ocrx_word' id='word_1_438' title='bbox 401 5296 518 5337; x_wconf 88' lang='lat' dir='ltr'><strong>tuas</strong></span> <span class='ocrx_word' id='word_1_439' title='bbox 568 5279 843 5335; x_wconf 89' lang='lat' dir='ltr'><strong>laudantes</strong></span> <span class='ocrx_word' id='word_1_440' title='bbox 881 5275 1144 5329; x_wconf 86' lang='lat' dir='ltr'><strong>sarcinam</strong></span> <span class='ocrx_word' id='word_1_441' title='bbox 1188 5280 1365 5333; x_wconf 91' lang='lat' dir='ltr'><strong>tuam,</strong></span> <span class='ocrx_word' id='word_1_442' title='bbox 1398 5265 1572 5320; x_wconf 90' lang='lat' dir='ltr'><strong>adhuc</strong></span> <span class='ocrx_word' id='word_1_443' title='bbox 1617 5263 1866 5317; x_wconf 71' lang='lat' dir='ltr'><strong>Christus</strong></span> 
     </span>
    </p>
   </div>
   <div class='ocr_carea' id='block_1_54' title="bbox 281 5356 1878 5449">
    <p class='ocr_par' dir='ltr' id='par_1_54' title="bbox 281 5356 1878 5449">
     <span class='ocr_line' id='line_1_54' title="bbox 281 5356 1878 5449; baseline -0.017 -18"><span class='ocrx_word' id='word_1_444' title='bbox 281 5380 440 5449; x_wconf 83' lang='lat' dir='ltr'><strong>petit,</strong></span> <span class='ocrx_word' id='word_1_445' title='bbox 471 5384 525 5429; x_wconf 90' lang='lat' dir='ltr'><strong>et</strong></span> <span class='ocrx_word' id='word_1_446' title='bbox 549 5388 654 5426; x_wconf 92' lang='lat' dir='ltr'><strong>non</strong></span> <span class='ocrx_word' id='word_1_447' title='bbox 682 5369 911 5438; x_wconf 89' lang='lat' dir='ltr'><strong>accipit:</strong></span> <span class='ocrx_word' id='word_1_448' title='bbox 944 5376 996 5420; x_wconf 92' lang='lat' dir='ltr'><strong>et</strong></span> <span class='ocrx_word' id='word_1_449' title='bbox 1022 5362 1269 5419; x_wconf 89' lang='lat' dir='ltr'><strong>obtendis</strong></span> <span class='ocrx_word' id='word_1_450' title='bbox 1288 5374 1482 5414; x_wconf 89' lang='lat' dir='ltr'><strong>nomen</strong></span> <span class='ocrx_word' id='word_1_451' title='bbox 1508 5356 1718 5425; x_wconf 90' lang='lat' dir='ltr'><strong>pietatis</strong></span> <span class='ocrx_word' id='word_1_452' title='bbox 1756 5369 1878 5406; x_wconf 88' lang='lat' dir='ltr'><strong>cru-</strong></span> 
     </span>
    </p>
   </div>
   <div class='ocr_carea' id='block_1_55' title="bbox 278 5445 1877 5527">
    <p class='ocr_par' dir='ltr' id='par_1_55' title="bbox 278 5445 1877 5527">
     <span class='ocr_line' id='line_1_55' title="bbox 278 5445 1877 5527; baseline -0.018 -2"><span class='ocrx_word' id='word_1_453' title='bbox 278 5445 494 5525; x_wconf 79' lang='lat' dir='ltr'><strong>delihus</strong></span> <span class='ocrx_word' id='word_1_454' title='bbox 514 5466 758 5527; x_wconf 88' lang='lat' dir='ltr'><strong>vocibus,</strong></span> <span class='ocrx_word' id='word_1_455' title='bbox 793 5472 847 5516; x_wconf 92' lang='lat' dir='ltr'><strong>et</strong></span> <span class='ocrx_word' id='word_1_456' title='bbox 877 5460 1043 5519; x_wconf 86' lang='lat' dir='ltr'><strong>dicis.</strong></span> <span class='ocrx_word' id='word_1_457' title='bbox 1072 5458 1140 5512; x_wconf 90' lang='lat' dir='ltr'><strong>Et</strong></span> <span class='ocrx_word' id='word_1_458' title='bbox 1176 5453 1303 5525; x_wconf 87' lang='lat' dir='ltr'><strong>quid</strong></span> <span class='ocrx_word' id='word_1_459' title='bbox 1335 5465 1492 5506; x_wconf 88' lang='lat' dir='ltr'><strong>servo</strong></span> <span class='ocrx_word' id='word_1_460' title='bbox 1530 5448 1652 5502; x_wconf 87' lang='lat' dir='ltr'><strong>ﬁliis</strong></span> <span class='ocrx_word' id='word_1_461' title='bbox 1700 5445 1877 5500; x_wconf 82' lang='lat' dir='ltr'><strong>meis?</strong></span> 
     </span>
    </p>
   </div>
   <div class='ocr_carea' id='block_1_56' title="bbox 278 5538 1875 5626">
    <p class='ocr_par' dir='ltr' id='par_1_56' title="bbox 278 5538 1875 5626">
     <span class='ocr_line' id='line_1_56' title="bbox 278 5538 1875 5626; baseline -0.018 -7"><span class='ocrx_word' id='word_1_462' title='bbox 278 5565 555 5619; x_wconf 80' lang='lat' dir='ltr'><strong>Christum</strong></span> <span class='ocrx_word' id='word_1_463' title='bbox 602 5560 675 5613; x_wconf 89' lang='lat' dir='ltr'><strong>illi</strong></span> <span class='ocrx_word' id='word_1_464' title='bbox 712 5571 926 5626; x_wconf 89' lang='lat' dir='ltr'><strong>oppono</strong></span> <span class='ocrx_word' id='word_1_465' title='bbox 950 5596 965 5621; x_wconf 94' lang='lat'><strong>,</strong></span> <span class='ocrx_word' id='word_1_466' title='bbox 990 5552 1131 5606; x_wconf 90' lang='lat' dir='ltr'><strong>ﬁlios</strong></span> <span class='ocrx_word' id='word_1_467' title='bbox 1169 5563 1295 5603; x_wconf 86' lang='lat' dir='ltr'><strong>suos</strong></span> <span class='ocrx_word' id='word_1_468' title='bbox 1334 5544 1463 5600; x_wconf 91' lang='lat' dir='ltr'><strong>mihi</strong></span> <span class='ocrx_word' id='word_1_469' title='bbox 1498 5541 1729 5611; x_wconf 89' lang='lat' dir='ltr'><strong>reponit.</strong></span> <span class='ocrx_word' id='word_1_470' title='bbox 1773 5538 1875 5592; x_wconf 85' lang='lat' dir='ltr'><strong>Ista</strong></span> 
     </span>
    </p>
   </div>
   <div class='ocr_carea' id='block_1_57' title="bbox 283 5629 1880 5723">
    <p class='ocr_par' dir='ltr' id='par_1_57' title="bbox 283 5629 1880 5723">
     <span class='ocr_line' id='line_1_57' title="bbox 283 5629 1880 5723; baseline -0.018 -11"><span class='ocrx_word' id='word_1_471' title='bbox 283 5672 411 5712; x_wconf 78' lang='lat' dir='ltr'><strong>vero</strong></span> <span class='ocrx_word' id='word_1_472' title='bbox 451 5668 643 5723; x_wconf 86' lang='lat' dir='ltr'><strong>magna</strong></span> <span class='ocrx_word' id='word_1_473' title='bbox 682 5648 906 5717; x_wconf 56' lang='lat' dir='ltr'><strong>justitia,</strong></span> <span class='ocrx_word' id='word_1_474' title='bbox 942 5656 995 5698; x_wconf 89' lang='lat' dir='ltr'><strong>ut</strong></span> <span class='ocrx_word' id='word_1_475' title='bbox 1030 5642 1219 5697; x_wconf 87' lang='lat' dir='ltr'><strong>habeat</strong></span> <span class='ocrx_word' id='word_1_476' title='bbox 1247 5638 1387 5693; x_wconf 90' lang='lat' dir='ltr'><strong>unde</strong></span> <span class='ocrx_word' id='word_1_477' title='bbox 1418 5635 1716 5689; x_wconf 82' lang='lat' dir='ltr'><strong>luxurietur</strong></span> <span class='ocrx_word' id='word_1_478' title='bbox 1739 5629 1880 5684; x_wconf 87' lang='lat' dir='ltr'><strong>ﬁlius</strong></span> 
     </span>
    </p>
   </div>
   <div class='ocr_carea' id='block_1_58' title="bbox 282 5722 1876 5816">
    <p class='ocr_par' dir='ltr' id='par_1_58' title="bbox 282 5722 1876 5816">
     <span class='ocr_line' id='line_1_58' title="bbox 282 5722 1876 5816; baseline -0.018 -12"><span class='ocrx_word' id='word_1_479' title='bbox 282 5760 425 5812; x_wconf 84' lang='lat' dir='ltr'><strong>tuus,</strong></span> <span class='ocrx_word' id='word_1_480' title='bbox 462 5722 621 5816; x_wconf 86' lang='lat' dir='ltr'><strong>egeat</strong></span> <span class='ocrx_word' id='word_1_481' title='bbox 648 5741 907 5795; x_wconf 89' lang='lat' dir='ltr'><strong>Dominus</strong></span> <span class='ocrx_word' id='word_1_482' title='bbox 935 5735 1091 5792; x_wconf 80' lang='lat' dir='ltr'><strong>tuus?</strong></span> <span class='ocrx_word' id='word_1_483' title='bbox 1120 5734 1245 5788; x_wconf 85' lang='lat' dir='ltr'><strong>Cum</strong></span> <span class='ocrx_word' id='word_1_484' title='bbox 1274 5733 1406 5785; x_wconf 89' lang='lat' dir='ltr'><strong>enim</strong></span> <span class='ocrx_word' id='word_1_485' title='bbox 1449 5728 1536 5781; x_wconf 89' lang='lat' dir='ltr'><strong>uni</strong></span> <span class='ocrx_word' id='word_1_486' title='bbox 1565 5742 1627 5779; x_wconf 69' lang='lat' dir='ltr'><strong>cat</strong></span> <span class='ocrx_word' id='word_1_487' title='bbox 1656 5722 1876 5776; x_wconf 89' lang='lat' dir='ltr'><strong>minimis</strong></span> 
     </span>
    </p>
   </div>
   <div class='ocr_carea' id='block_1_59' title="bbox 346 5883 1787 5958">
    <p class='ocr_par' dir='ltr' id='par_1_59' title="bbox 346 5883 1787 5958">
     <span class='ocr_line' id='line_1_59' title="bbox 346 5883 1787 5958; baseline -0.019 -5"><span class='ocrx_word' id='word_1_488' title='bbox 346 5907 363 5935; x_wconf 77' lang='grc' dir='ltr'><strong>ι</strong></span> <span class='ocrx_word' id='word_1_489' title='bbox 397 5909 546 5952; x_wconf 74' lang='lat' dir='ltr'><strong>Juxta</strong></span> <span class='ocrx_word' id='word_1_490' title='bbox 568 5906 625 5947; x_wconf 72' lang='lat' dir='ltr'><strong>Fr</strong></span> <span class='ocrx_word' id='word_1_491' title='bbox 642 5894 790 5958; x_wconf 83' lang='lat' dir='ltr'><strong>Lugd.</strong></span> <span class='ocrx_word' id='word_1_492' title='bbox 812 5902 949 5943; x_wconf 75' lang='lat' dir='ltr'><strong>\’en.:</strong></span> <span class='ocrx_word' id='word_1_493' title='bbox 974 5890 1075 5958; x_wconf 67' lang='grc' dir='ltr'><strong>ειτάΔ</strong></span> <span class='ocrx_word' id='word_1_494' title='bbox 1088 5903 1180 5958; x_wconf 85' lang='lat' dir='ltr'><strong>non</strong></span> <span class='ocrx_word' id='word_1_495' title='bbox 1200 5887 1363 5958; x_wconf 71' lang='lat' dir='ltr'><strong>loquar</strong></span> <span class='ocrx_word' id='word_1_496' title='bbox 1389 5885 1447 5958; x_wconf 69' lang='lat' dir='ltr'><strong>de</strong></span> <span class='ocrx_word' id='word_1_497' title='bbox 1469 5883 1699 5958; x_wconf 51' lang='lat' dir='ltr'><strong>invidis.“</strong></span> <span class='ocrx_word' id='word_1_498' title='bbox 1731 5887 1787 5927; x_wconf 82' lang='grc' dir='ltr'><strong>Μ.</strong></span> 
     </span>
    </p>
   </div>
   <div class='ocr_carea' id='block_1_60' title="bbox 345 5945 1720 6020">
    <p class='ocr_par' dir='ltr' id='par_1_60' title="bbox 345 5945 1720 6020">
     <span class='ocr_line' id='line_1_60' title="bbox 345 5945 1720 6020; baseline -0.02 -4"><span class='ocrx_word' id='word_1_499' title='bbox 345 5969 365 5999; x_wconf 80' lang='grc'><strong><em>⁸</em></strong></span> <span class='ocrx_word' id='word_1_500' title='bbox 569 5945 644 6009; x_wconf 69' lang='lat' dir='ltr'><strong>Er.</strong></span> <span class='ocrx_word' id='word_1_501' title='bbox 671 5945 814 6020; x_wconf 59' lang='lat' dir='ltr'><strong>Lugd.</strong></span> <span class='ocrx_word' id='word_1_502' title='bbox 839 5965 977 6004; x_wconf 82' lang='lat' dir='ltr'><strong>\‘en.:</strong></span> <span class='ocrx_word' id='word_1_503' title='bbox 1010 5953 1142 6003; x_wconf 63' lang='lat' dir='ltr'><strong>.tddo</strong></span> <span class='ocrx_word' id='word_1_504' title='bbox 1164 5945 1296 6001; x_wconf 70' lang='lat' dir='ltr'><strong>aliud</strong></span> <span class='ocrx_word' id='word_1_505' title='bbox 1322 5946 1447 6011; x_wconf 82' lang='lat' dir='ltr'><strong>quod</strong></span> <span class='ocrx_word' id='word_1_506' title='bbox 1473 5945 1597 5997; x_wconf 76' lang='lat' dir='ltr'><strong>dta‘i.</strong></span> <span class='ocrx_word' id='word_1_507' title='bbox 1665 5951 1720 5991; x_wconf 76' lang='grc' dir='ltr'><strong>Μ.</strong></span> 
     </span>
    </p>
   </div>
   <div class='ocr_carea' id='block_1_61' title="bbox 1303 457 2555 520">
    <p class='ocr_par' dir='ltr' id='par_1_61' title="bbox 1303 457 2555 520">
     <span class='ocr_line' id='line_1_61' title="bbox 1303 457 2555 520; baseline -0.001 -1"><span class='ocrx_word' id='word_1_508' title='bbox 1303 461 1532 519; x_wconf 79' lang='lat' dir='ltr'><strong>SERMO</strong></span> <span class='ocrx_word' id='word_1_509' title='bbox 1572 460 1660 516; x_wconf 83' lang='lat' dir='ltr'><strong>DE</strong></span> <span class='ocrx_word' id='word_1_510' title='bbox 1702 457 2081 516; x_wconf 60' lang='lat' dir='ltr'><strong>DlSClPLlNA</strong></span> <span class='ocrx_word' id='word_1_511' title='bbox 2120 460 2555 520; x_wconf 74' lang='lat' dir='ltr'><strong>CHRISTIANA.</strong></span> 
     </span>
    </p>
   </div>
   <div class='ocr_carea' id='block_1_62' title="bbox 3467 470 3563 526">
    <p class='ocr_par' dir='ltr' id='par_1_62' title="bbox 3467 470 3563 526">
     <span class='ocr_line' id='line_1_62' title="bbox 3467 470 3563 526; baseline -0.021 -1"><span class='ocrx_word' id='word_1_512' title='bbox 3467 470 3563 526; x_wconf 69' lang='grc'><strong>674</strong></span> 
     </span>
    </p>
   </div>
   <div class='ocr_carea' id='block_1_63' title="bbox 1983 576 3563 654">
    <p class='ocr_par' dir='ltr' id='par_1_63' title="bbox 1983 576 3563 654">
     <span class='ocr_line' id='line_1_63' title="bbox 1983 576 3563 654; baseline 0.008 -27"><span class='ocrx_word' id='word_1_513' title='bbox 1983 576 2105 629; x_wconf 89' lang='lat' dir='ltr'><strong>meis</strong></span> <span class='ocrx_word' id='word_1_514' title='bbox 2125 578 2334 647; x_wconf 74' lang='lat' dir='ltr'><strong>fecistis,</strong></span> <span class='ocrx_word' id='word_1_515' title='bbox 2365 581 2490 633; x_wconf 82' lang='lat' dir='ltr'><strong>mihi</strong></span> <span class='ocrx_word' id='word_1_516' title='bbox 2516 582 2721 650; x_wconf 77' lang='lat' dir='ltr'><strong>fecistis.</strong></span> <span class='ocrx_word' id='word_1_517' title='bbox 2750 582 2863 637; x_wconf 87' lang='lat' dir='ltr'><strong>Non</strong></span> <span class='ocrx_word' id='word_1_518' title='bbox 2891 583 3086 654; x_wconf 88' lang='lat' dir='ltr'><strong>legisti,</strong></span> <span class='ocrx_word' id='word_1_519' title='bbox 3112 601 3217 641; x_wconf 89' lang='lat' dir='ltr'><strong>non</strong></span> <span class='ocrx_word' id='word_1_520' title='bbox 3245 585 3563 641; x_wconf 82' lang='lat' dir='ltr'><strong>advertisti?</strong></span> 
     </span>
    </p>
   </div>
   <div class='ocr_carea' id='block_1_64' title="bbox 1981 666 3563 748">
    <p class='ocr_par' dir='ltr' id='par_1_64' title="bbox 1981 666 3563 748">
     <span class='ocr_line' id='line_1_64' title="bbox 1981 666 3563 748; baseline 0.006 -26"><span class='ocrx_word' id='word_1_521' title='bbox 1981 666 2108 723; x_wconf 82' lang='lat' dir='ltr'><strong>Cum</strong></span> <span class='ocrx_word' id='word_1_522' title='bbox 2137 671 2225 723; x_wconf 90' lang='lat' dir='ltr'><strong>uni</strong></span> <span class='ocrx_word' id='word_1_523' title='bbox 2250 687 2313 725; x_wconf 70' lang='lat' dir='ltr'><strong>ea:</strong></span> <span class='ocrx_word' id='word_1_524' title='bbox 2338 672 2563 726; x_wconf 88' lang='lat' dir='ltr'><strong>minimis</strong></span> <span class='ocrx_word' id='word_1_525' title='bbox 2589 675 2711 728; x_wconf 88' lang='lat' dir='ltr'><strong>meis</strong></span> <span class='ocrx_word' id='word_1_526' title='bbox 2736 690 2837 728; x_wconf 92' lang='lat' dir='ltr'><strong>non</strong></span> <span class='ocrx_word' id='word_1_527' title='bbox 2865 678 3072 745; x_wconf 78' lang='lat' dir='ltr'><strong>fecistis,</strong></span> <span class='ocrx_word' id='word_1_528' title='bbox 3101 694 3191 730; x_wconf 89' lang='lat' dir='ltr'><strong>nec</strong></span> <span class='ocrx_word' id='word_1_529' title='bbox 3220 679 3347 731; x_wconf 85' lang='lat' dir='ltr'><strong>mihi</strong></span> <span class='ocrx_word' id='word_1_530' title='bbox 3376 678 3563 748; x_wconf 76' lang='lat' dir='ltr'><strong>fecistis</strong></span> 
     </span>
    </p>
   </div>
   <div class='ocr_carea' id='block_1_65' title="bbox 1984 758 3564 835">
    <p class='ocr_par' dir='ltr' id='par_1_65' title="bbox 1984 758 3564 835">
     <span class='ocr_line' id='line_1_65' title="bbox 1984 758 3564 835; baseline 0.008 -23"><span class='ocrx_word' id='word_1_531' title='bbox 1984 758 2192 831; x_wconf 77' lang='lat' dir='ltr'><strong>(Matth.</strong></span> <span class='ocrx_word' id='word_1_532' title='bbox 2224 778 2352 828; x_wconf 78' lang='lat' dir='ltr'><strong>xxv,</strong></span> <span class='ocrx_word' id='word_1_533' title='bbox 2381 763 2469 827; x_wconf 75' lang='grc'><strong>40,</strong></span> <span class='ocrx_word' id='word_1_534' title='bbox 2494 764 2608 832; x_wconf 71' lang='grc'><strong>45).</strong></span> <span class='ocrx_word' id='word_1_535' title='bbox 2638 764 2754 819; x_wconf 83' lang='grc' dir='ltr'>Νοιι</span> <span class='ocrx_word' id='word_1_536' title='bbox 2782 765 2975 835; x_wconf 90' lang='lat' dir='ltr'><strong>legisti,</strong></span> <span class='ocrx_word' id='word_1_537' title='bbox 2995 784 3101 821; x_wconf 89' lang='lat' dir='ltr'><strong>non</strong></span> <span class='ocrx_word' id='word_1_538' title='bbox 3131 770 3395 823; x_wconf 85' lang='lat' dir='ltr'><strong>timuisti?</strong></span> <span class='ocrx_word' id='word_1_539' title='bbox 3424 769 3564 824; x_wconf 85' lang='lat' dir='ltr'><strong>Ecce</strong></span> 
     </span>
    </p>
   </div>
   <div class='ocr_carea' id='block_1_66' title="bbox 1976 852 3562 922">
    <p class='ocr_par' dir='ltr' id='par_1_66' title="bbox 1976 852 3562 922">
     <span class='ocr_line' id='line_1_66' title="bbox 1976 852 3562 922; baseline 0.005 -18"><span class='ocrx_word' id='word_1_540' title='bbox 1976 852 2096 921; x_wconf 89' lang='lat' dir='ltr'><strong>quis</strong></span> <span class='ocrx_word' id='word_1_541' title='bbox 2127 862 2263 922; x_wconf 88' lang='lat' dir='ltr'><strong>eget,</strong></span> <span class='ocrx_word' id='word_1_542' title='bbox 2292 862 2348 909; x_wconf 87' lang='lat' dir='ltr'><strong>et</strong></span> <span class='ocrx_word' id='word_1_543' title='bbox 2374 854 2513 909; x_wconf 92' lang='lat' dir='ltr'><strong>ﬁlios</strong></span> <span class='ocrx_word' id='word_1_544' title='bbox 2554 864 2671 910; x_wconf 90' lang='lat' dir='ltr'><strong>tuos</strong></span> <span class='ocrx_word' id='word_1_545' title='bbox 2714 856 3001 911; x_wconf 74' lang='lat' dir='ltr'><strong>numeras?</strong></span> <span class='ocrx_word' id='word_1_546' title='bbox 3027 858 3306 915; x_wconf 87' lang='lat' dir='ltr'><strong>Postremo</strong></span> <span class='ocrx_word' id='word_1_547' title='bbox 3341 874 3562 914; x_wconf 90' lang='lat' dir='ltr'><strong>numera</strong></span> 
     </span>
    </p>
   </div>
   <div class='ocr_carea' id='block_1_67' title="bbox 1977 943 3560 1016">
    <p class='ocr_par' dir='ltr' id='par_1_67' title="bbox 1977 943 3560 1016">
     <span class='ocr_line' id='line_1_67' title="bbox 1977 943 3560 1016; baseline 0.003 -19"><span class='ocrx_word' id='word_1_548' title='bbox 1977 943 2115 1000; x_wconf 90' lang='lat' dir='ltr'><strong>ﬁlios</strong></span> <span class='ocrx_word' id='word_1_549' title='bbox 2163 954 2302 1010; x_wconf 91' lang='lat' dir='ltr'><strong>tuos,</strong></span> <span class='ocrx_word' id='word_1_550' title='bbox 2342 945 2481 1002; x_wconf 88' lang='lat' dir='ltr'><strong>adde</strong></span> <span class='ocrx_word' id='word_1_551' title='bbox 2516 963 2678 1001; x_wconf 89' lang='lat' dir='ltr'><strong>unum</strong></span> <span class='ocrx_word' id='word_1_552' title='bbox 2722 948 2861 1003; x_wconf 90' lang='lat' dir='ltr'><strong>inter</strong></span> <span class='ocrx_word' id='word_1_553' title='bbox 2884 948 3025 1016; x_wconf 91' lang='lat' dir='ltr'><strong>illos,</strong></span> <span class='ocrx_word' id='word_1_554' title='bbox 3061 950 3341 1005; x_wconf 90' lang='lat' dir='ltr'><strong>Dominum</strong></span> <span class='ocrx_word' id='word_1_555' title='bbox 3390 960 3560 1004; x_wconf 89' lang='lat' dir='ltr'><strong>tuum.</strong></span> 
     </span>
    </p>
   </div>
   <div class='ocr_carea' id='block_1_68' title="bbox 1975 1034 3561 1107">
    <p class='ocr_par' dir='ltr' id='par_1_68' title="bbox 1975 1034 3561 1107">
     <span class='ocr_line' id='line_1_68' title="bbox 1975 1034 3561 1107; baseline 0.003 -16"><span class='ocrx_word' id='word_1_556' title='bbox 1975 1034 2151 1091; x_wconf 88' lang='lat' dir='ltr'><strong>Unum</strong></span> <span class='ocrx_word' id='word_1_557' title='bbox 2180 1036 2365 1104; x_wconf 90' lang='lat' dir='ltr'><strong>habes,</strong></span> <span class='ocrx_word' id='word_1_558' title='bbox 2404 1037 2474 1092; x_wconf 92' lang='lat' dir='ltr'><strong>sit</strong></span> <span class='ocrx_word' id='word_1_559' title='bbox 2519 1038 2610 1093; x_wconf 91' lang='lat' dir='ltr'><strong>ille</strong></span> <span class='ocrx_word' id='word_1_560' title='bbox 2649 1038 2955 1107; x_wconf 89' lang='lat' dir='ltr'><strong>secundus;</strong></span> <span class='ocrx_word' id='word_1_561' title='bbox 2984 1040 3120 1096; x_wconf 91' lang='lat' dir='ltr'><strong>duos</strong></span> <span class='ocrx_word' id='word_1_562' title='bbox 3158 1041 3342 1105; x_wconf 89' lang='lat' dir='ltr'><strong>habes,</strong></span> <span class='ocrx_word' id='word_1_563' title='bbox 3375 1043 3445 1095; x_wconf 89' lang='lat' dir='ltr'><strong>sit</strong></span> <span class='ocrx_word' id='word_1_564' title='bbox 3470 1042 3561 1096; x_wconf 94' lang='lat' dir='ltr'><strong>ille</strong></span> 
     </span>
    </p>
   </div>
   <div class='ocr_carea' id='block_1_69' title="bbox 1976 1129 3560 1202">
    <p class='ocr_par' dir='ltr' id='par_1_69' title="bbox 1976 1129 3560 1202">
     <span class='ocr_line' id='line_1_69' title="bbox 1976 1129 3560 1202; baseline 0.002 -19"><span class='ocrx_word' id='word_1_565' title='bbox 1976 1129 2193 1194; x_wconf 85' lang='lat' dir='ltr'><strong>tertius;</strong></span> <span class='ocrx_word' id='word_1_566' title='bbox 2229 1138 2337 1184; x_wconf 89' lang='lat' dir='ltr'><strong>tres</strong></span> <span class='ocrx_word' id='word_1_567' title='bbox 2360 1129 2544 1194; x_wconf 90' lang='lat' dir='ltr'><strong>habes,</strong></span> <span class='ocrx_word' id='word_1_568' title='bbox 2575 1131 2646 1185; x_wconf 91' lang='lat' dir='ltr'><strong>sit</strong></span> <span class='ocrx_word' id='word_1_569' title='bbox 2670 1131 2759 1186; x_wconf 90' lang='lat' dir='ltr'><strong>ille</strong></span> <span class='ocrx_word' id='word_1_570' title='bbox 2797 1141 3056 1202; x_wconf 87' lang='lat' dir='ltr'><strong>quartus:</strong></span> <span class='ocrx_word' id='word_1_571' title='bbox 3080 1132 3212 1188; x_wconf 90' lang='lat' dir='ltr'><strong>nihil</strong></span> <span class='ocrx_word' id='word_1_572' title='bbox 3239 1132 3430 1188; x_wconf 88' lang='lat' dir='ltr'><strong>horum</strong></span> <span class='ocrx_word' id='word_1_573' title='bbox 3459 1134 3560 1188; x_wconf 91' lang='lat' dir='ltr'><strong>vis.</strong></span> 
     </span>
    </p>
   </div>
   <div class='ocr_carea' id='block_1_70' title="bbox 1974 1222 3562 1297">
    <p class='ocr_par' dir='ltr' id='par_1_70' title="bbox 1974 1222 3562 1297">
     <span class='ocr_line' id='line_1_70' title="bbox 1974 1222 3562 1297; baseline 0.003 -20"><span class='ocrx_word' id='word_1_574' title='bbox 1974 1222 2116 1278; x_wconf 87' lang='lat' dir='ltr'><strong>Ecce</strong></span> <span class='ocrx_word' id='word_1_575' title='bbox 2144 1223 2413 1292; x_wconf 90' lang='lat' dir='ltr'><strong>quomodo</strong></span> <span class='ocrx_word' id='word_1_576' title='bbox 2433 1224 2608 1295; x_wconf 84' lang='lat' dir='ltr'><strong>diligis</strong></span> <span class='ocrx_word' id='word_1_577' title='bbox 2638 1226 2941 1294; x_wconf 82' lang='lat' dir='ltr'><strong>proximum</strong></span> <span class='ocrx_word' id='word_1_578' title='bbox 2970 1236 3138 1293; x_wconf 89' lang='lat' dir='ltr'><strong>tuum,</strong></span> <span class='ocrx_word' id='word_1_579' title='bbox 3169 1241 3327 1297; x_wconf 90' lang='lat' dir='ltr'><strong>quem</strong></span> <span class='ocrx_word' id='word_1_580' title='bbox 3353 1226 3449 1282; x_wconf 92' lang='lat' dir='ltr'><strong>tibi</strong></span> <span class='ocrx_word' id='word_1_581' title='bbox 3479 1226 3562 1282; x_wconf 82' lang='lat' dir='ltr'><strong>fa-</strong></span> 
     </span>
    </p>
   </div>
   <div class='ocr_carea' id='block_1_71' title="bbox 1974 1316 3006 1387">
    <p class='ocr_par' dir='ltr' id='par_1_71' title="bbox 1974 1316 3006 1387">
     <span class='ocr_line' id='line_1_71' title="bbox 1974 1316 3006 1387; baseline 0.002 -17"><span class='ocrx_word' id='word_1_582' title='bbox 1974 1316 2084 1370; x_wconf 88' lang='lat' dir='ltr'><strong>cias</strong></span> <span class='ocrx_word' id='word_1_583' title='bbox 2112 1316 2316 1370; x_wconf 90' lang='lat' dir='ltr'><strong>socium</strong></span> <span class='ocrx_word' id='word_1_584' title='bbox 2344 1316 2411 1370; x_wconf 91' lang='lat' dir='ltr'><strong>ad</strong></span> <span class='ocrx_word' id='word_1_585' title='bbox 2441 1317 2598 1370; x_wconf 92' lang='lat' dir='ltr'><strong>istam</strong></span> <span class='ocrx_word' id='word_1_586' title='bbox 2628 1319 3006 1387; x_wconf 88' lang='lat' dir='ltr'><strong>perditionem.</strong></span> 
     </span>
    </p>
   </div>
   <div class='ocr_carea' id='block_1_72' title="bbox 2047 1409 3567 1483">
    <p class='ocr_par' dir='ltr' id='par_1_72' title="bbox 2047 1409 3567 1483">
     <span class='ocr_line' id='line_1_72' title="bbox 2047 1409 3567 1483; baseline 0 -19"><span class='ocrx_word' id='word_1_587' title='bbox 2047 1410 2103 1464; x_wconf 93' lang='lat'><strong>9.</strong></span> <span class='ocrx_word' id='word_1_588' title='bbox 2129 1409 2266 1476; x_wconf 87' lang='lat' dir='ltr'><strong>Quid</strong></span> <span class='ocrx_word' id='word_1_589' title='bbox 2290 1410 2383 1465; x_wconf 93' lang='lat' dir='ltr'><strong>tibi</strong></span> <span class='ocrx_word' id='word_1_590' title='bbox 2409 1410 2649 1465; x_wconf 91' lang='lat' dir='ltr'><strong>dicturus</strong></span> <span class='ocrx_word' id='word_1_591' title='bbox 2675 1426 2813 1475; x_wconf 89' lang='lat' dir='ltr'><strong>sum,</strong></span> <span class='ocrx_word' id='word_1_592' title='bbox 2848 1412 3032 1482; x_wconf 89' lang='lat' dir='ltr'><strong>Diligis</strong></span> <span class='ocrx_word' id='word_1_593' title='bbox 3053 1412 3354 1483; x_wconf 84' lang='lat' dir='ltr'><strong>proximum</strong></span> <span class='ocrx_word' id='word_1_594' title='bbox 3384 1410 3567 1467; x_wconf 88' lang='lat' dir='ltr'><strong>tuum?</strong></span> 
     </span>
    </p>
   </div>
   <div class='ocr_carea' id='block_1_73' title="bbox 1974 1501 3561 1572">
    <p class='ocr_par' dir='ltr' id='par_1_73' title="bbox 1974 1501 3561 1572">
     <span class='ocr_line' id='line_1_73' title="bbox 1974 1501 3561 1572; baseline 0.001 -16"><span class='ocrx_word' id='word_1_595' title='bbox 1974 1501 2109 1570; x_wconf 91' lang='lat' dir='ltr'><strong>Quid</strong></span> <span class='ocrx_word' id='word_1_596' title='bbox 2133 1503 2206 1557; x_wconf 92' lang='lat' dir='ltr'><strong>illi</strong></span> <span class='ocrx_word' id='word_1_597' title='bbox 2234 1504 2285 1557; x_wconf 92' lang='lat' dir='ltr'><strong>in</strong></span> <span class='ocrx_word' id='word_1_598' title='bbox 2302 1518 2461 1558; x_wconf 90' lang='lat' dir='ltr'><strong>aures</strong></span> <span class='ocrx_word' id='word_1_599' title='bbox 2482 1504 2862 1571; x_wconf 89' lang='lat' dir='ltr'><strong>insusurrabis,</strong></span> <span class='ocrx_word' id='word_1_600' title='bbox 2884 1505 3045 1560; x_wconf 88' lang='lat' dir='ltr'><strong>homo</strong></span> <span class='ocrx_word' id='word_1_601' title='bbox 3068 1521 3261 1571; x_wconf 90' lang='lat' dir='ltr'><strong>avare;</strong></span> <span class='ocrx_word' id='word_1_602' title='bbox 3286 1505 3408 1571; x_wconf 88' lang='lat' dir='ltr'><strong>nisi,</strong></span> <span class='ocrx_word' id='word_1_603' title='bbox 3440 1504 3561 1572; x_wconf 85' lang='lat' dir='ltr'><strong>Fili,</strong></span> 
     </span>
    </p>
   </div>
   <div class='ocr_carea' id='block_1_74' title="bbox 1973 1593 3562 1664">
    <p class='ocr_par' dir='ltr' id='par_1_74' title="bbox 1973 1593 3562 1664">
     <span class='ocr_line' id='line_1_74' title="bbox 1973 1593 3562 1664; baseline 0.003 -17"><span class='ocrx_word' id='word_1_604' title='bbox 1973 1603 2065 1648; x_wconf 90' lang='lat' dir='ltr'><strong>aut</strong></span> <span class='ocrx_word' id='word_1_605' title='bbox 2089 1593 2271 1660; x_wconf 89' lang='lat' dir='ltr'><strong>frater,</strong></span> <span class='ocrx_word' id='word_1_606' title='bbox 2300 1604 2390 1649; x_wconf 90' lang='lat' dir='ltr'><strong>aut</strong></span> <span class='ocrx_word' id='word_1_607' title='bbox 2420 1602 2589 1664; x_wconf 90' lang='lat' dir='ltr'><strong>pater,</strong></span> <span class='ocrx_word' id='word_1_608' title='bbox 2616 1594 2814 1649; x_wconf 89' lang='lat' dir='ltr'><strong>bonum</strong></span> <span class='ocrx_word' id='word_1_609' title='bbox 2841 1604 2924 1650; x_wconf 88' lang='lat' dir='ltr'><strong>est</strong></span> <span class='ocrx_word' id='word_1_610' title='bbox 2950 1596 3104 1651; x_wconf 91' lang='lat' dir='ltr'><strong>nobis</strong></span> <span class='ocrx_word' id='word_1_611' title='bbox 3131 1606 3187 1650; x_wconf 93' lang='lat' dir='ltr'><strong>ut</strong></span> <span class='ocrx_word' id='word_1_612' title='bbox 3215 1612 3335 1651; x_wconf 92' lang='lat' dir='ltr'><strong>cum</strong></span> <span class='ocrx_word' id='word_1_613' title='bbox 3368 1596 3458 1651; x_wconf 86' lang='lat' dir='ltr'><strong>hic</strong></span> <span class='ocrx_word' id='word_1_614' title='bbox 3484 1596 3562 1651; x_wconf 88' lang='lat' dir='ltr'><strong>vi-</strong></span> 
     </span>
    </p>
   </div>
   <div class='ocr_carea' id='block_1_75' title="bbox 1975 1684 3558 1751">
    <p class='ocr_par' dir='ltr' id='par_1_75' title="bbox 1975 1684 3558 1751">
     <span class='ocr_line' id='line_1_75' title="bbox 1975 1684 3558 1751; baseline 0.003 -16"><span class='ocrx_word' id='word_1_615' title='bbox 1975 1685 2166 1751; x_wconf 88' lang='lat' dir='ltr'><strong>vimus,</strong></span> <span class='ocrx_word' id='word_1_616' title='bbox 2196 1684 2331 1739; x_wconf 84' lang='lat' dir='ltr'><strong>bene</strong></span> <span class='ocrx_word' id='word_1_617' title='bbox 2358 1685 2428 1739; x_wconf 91' lang='lat' dir='ltr'><strong>sit</strong></span> <span class='ocrx_word' id='word_1_618' title='bbox 2448 1684 2641 1740; x_wconf 78' lang='lat' dir='ltr'><strong>nohis?</strong></span> <span class='ocrx_word' id='word_1_619' title='bbox 2664 1685 2929 1751; x_wconf 90' lang='lat' dir='ltr'><strong>Quantum</strong></span> <span class='ocrx_word' id='word_1_620' title='bbox 2954 1686 3199 1749; x_wconf 84' lang='lat' dir='ltr'><strong>habebis,</strong></span> <span class='ocrx_word' id='word_1_621' title='bbox 3222 1696 3398 1741; x_wconf 90' lang='lat' dir='ltr'><strong>tantus</strong></span> <span class='ocrx_word' id='word_1_622' title='bbox 3427 1686 3558 1741; x_wconf 88' lang='lat' dir='ltr'><strong>eris.</strong></span> 
     </span>
    </p>
   </div>
   <div class='ocr_carea' id='block_1_76' title="bbox 1974 1774 3563 1847">
    <p class='ocr_par' dir='ltr' id='par_1_76' title="bbox 1974 1774 3563 1847">
     <span class='ocr_line' id='line_1_76' title="bbox 1974 1774 3563 1847; baseline 0.001 -17"><span class='ocrx_word' id='word_1_623' title='bbox 1974 1774 2182 1847; x_wconf 84' lang='lat' dir='ltr'><strong>Frange</strong></span> <span class='ocrx_word' id='word_1_624' title='bbox 2211 1776 2412 1841; x_wconf 88' lang='lat' dir='ltr'><strong>lunam,</strong></span> <span class='ocrx_word' id='word_1_625' title='bbox 2429 1785 2484 1830; x_wconf 90' lang='lat' dir='ltr'><strong>et</strong></span> <span class='ocrx_word' id='word_1_626' title='bbox 2507 1776 2589 1830; x_wconf 90' lang='lat' dir='ltr'><strong>fac</strong></span> <span class='ocrx_word' id='word_1_627' title='bbox 2611 1774 2896 1831; x_wconf 90' lang='lat' dir='ltr'><strong>fortunam.</strong></span> <span class='ocrx_word' id='word_1_628' title='bbox 2922 1776 3027 1831; x_wconf 86' lang='lat' dir='ltr'><strong>Ista</strong></span> <span class='ocrx_word' id='word_1_629' title='bbox 3045 1778 3349 1831; x_wconf 88' lang='lat' dir='ltr'><strong>susurrabis</strong></span> <span class='ocrx_word' id='word_1_630' title='bbox 3380 1776 3563 1847; x_wconf 64' lang='lat' dir='ltr'><strong>presio</strong></span> 
     </span>
    </p>
   </div>
   <div class='ocr_carea' id='block_1_77' title="bbox 1974 1866 3564 1939">
    <p class='ocr_par' dir='ltr' id='par_1_77' title="bbox 1974 1866 3564 1939">
     <span class='ocr_line' id='line_1_77' title="bbox 1974 1866 3564 1939; baseline 0.003 -19"><span class='ocrx_word' id='word_1_631' title='bbox 1974 1881 2063 1920; x_wconf 93' lang='lat' dir='ltr'><strong>mo</strong></span> <span class='ocrx_word' id='word_1_632' title='bbox 2098 1877 2209 1934; x_wconf 91' lang='lat' dir='ltr'><strong>tuo,</strong></span> <span class='ocrx_word' id='word_1_633' title='bbox 2238 1883 2358 1936; x_wconf 67' lang='lat' dir='ltr'><strong>quas</strong></span> <span class='ocrx_word' id='word_1_634' title='bbox 2402 1881 2509 1922; x_wconf 91' lang='lat' dir='ltr'><strong>non</strong></span> <span class='ocrx_word' id='word_1_635' title='bbox 2555 1866 2788 1923; x_wconf 90' lang='lat' dir='ltr'><strong>didicisti</strong></span> <span class='ocrx_word' id='word_1_636' title='bbox 2833 1868 2888 1923; x_wconf 89' lang='lat' dir='ltr'><strong>in</strong></span> <span class='ocrx_word' id='word_1_637' title='bbox 2914 1868 3075 1923; x_wconf 90' lang='lat' dir='ltr'><strong>domo</strong></span> <span class='ocrx_word' id='word_1_638' title='bbox 3103 1868 3434 1939; x_wconf 77' lang='lat' dir='ltr'><strong>disciplinae,</strong></span> <span class='ocrx_word' id='word_1_639' title='bbox 3465 1882 3564 1925; x_wconf 87' lang='lat' dir='ltr'><strong>nec</strong></span> 
     </span>
    </p>
   </div>
   <div class='ocr_carea' id='block_1_78' title="bbox 1972 1958 2302 2015">
    <p class='ocr_par' dir='ltr' id='par_1_78' title="bbox 1972 1958 2302 2015">
     <span class='ocr_line' id='line_1_78' title="bbox 1972 1958 2302 2015; baseline -0.003 -2"><span class='ocrx_word' id='word_1_640' title='bbox 1972 1959 2163 2014; x_wconf 89' lang='lat' dir='ltr'><strong>audisti</strong></span> <span class='ocrx_word' id='word_1_641' title='bbox 2195 1958 2302 2015; x_wconf 88' lang='lat' dir='ltr'><strong>hic.</strong></span> 
     </span>
    </p>
   </div>
   <div class='ocr_carea' id='block_1_79' title="bbox 2042 2049 3563 2122">
    <p class='ocr_par' dir='ltr' id='par_1_79' title="bbox 2042 2049 3563 2122">
     <span class='ocr_line' id='line_1_79' title="bbox 2042 2049 3563 2122; baseline 0.001 -18"><span class='ocrx_word' id='word_1_642' title='bbox 2042 2049 2270 2106; x_wconf 84' lang='lat' dir='ltr'><strong>CAPUT</strong></span> <span class='ocrx_word' id='word_1_643' title='bbox 2309 2049 2401 2105; x_wconf 82' lang='lat' dir='ltr'><strong>1X.</strong></span> <span class='ocrx_word' id='word_1_644' title='bbox 2424 2079 2497 2090; x_wconf 95' lang='lat'><strong>—</strong></span> <span class='ocrx_word' id='word_1_645' title='bbox 2534 2050 2809 2104; x_wconf 79' lang='lat' dir='ltr'><strong>Avarorum</strong></span> <span class='ocrx_word' id='word_1_646' title='bbox 2851 2050 3133 2119; x_wconf 88' lang='lat' dir='ltr'><strong>perniciosa</strong></span> <span class='ocrx_word' id='word_1_647' title='bbox 3178 2050 3429 2122; x_wconf 86' lang='lat' dir='ltr'><strong>colloquia</strong></span> <span class='ocrx_word' id='word_1_648' title='bbox 3471 2068 3563 2105; x_wconf 81' lang='lat' dir='ltr'><strong>ca-</strong></span> 
     </span>
    </p>
   </div>
   <div class='ocr_carea' id='block_1_80' title="bbox 1970 2140 3561 2214">
    <p class='ocr_par' dir='ltr' id='par_1_80' title="bbox 1970 2140 3561 2214">
     <span class='ocr_line' id='line_1_80' title="bbox 1970 2140 3561 2214; baseline 0.003 -20"><span class='ocrx_word' id='word_1_649' title='bbox 1970 2143 2150 2196; x_wconf 85' lang='lat' dir='ltr'><strong>venda.</strong></span> <span class='ocrx_word' id='word_1_650' title='bbox 2192 2140 2326 2198; x_wconf 90' lang='lat' dir='ltr'><strong>Nolo</strong></span> <span class='ocrx_word' id='word_1_651' title='bbox 2353 2142 2432 2196; x_wconf 89' lang='lat' dir='ltr'><strong>sic</strong></span> <span class='ocrx_word' id='word_1_652' title='bbox 2456 2141 2647 2211; x_wconf 87' lang='lat' dir='ltr'><strong>diligas</strong></span> <span class='ocrx_word' id='word_1_653' title='bbox 2676 2142 2978 2211; x_wconf 75' lang='lat' dir='ltr'><strong>proximum</strong></span> <span class='ocrx_word' id='word_1_654' title='bbox 3003 2151 3175 2196; x_wconf 89' lang='lat' dir='ltr'><strong>tttum.</strong></span> <span class='ocrx_word' id='word_1_655' title='bbox 3205 2141 3249 2197; x_wconf 90' lang='grc' dir='ltr'>Ο</span> <span class='ocrx_word' id='word_1_656' title='bbox 3277 2143 3320 2197; x_wconf 90' lang='lat' dir='ltr'><strong>si</strong></span> <span class='ocrx_word' id='word_1_657' title='bbox 3345 2158 3561 2214; x_wconf 86' lang='lat' dir='ltr'><strong>possem</strong></span> 
     </span>
    </p>
   </div>
   <div class='ocr_carea' id='block_1_81' title="bbox 1973 2231 3563 2304">
    <p class='ocr_par' dir='ltr' id='par_1_81' title="bbox 1973 2231 3563 2304">
     <span class='ocr_line' id='line_1_81' title="bbox 1973 2231 3563 2304; baseline 0.003 -20"><span class='ocrx_word' id='word_1_658' title='bbox 1973 2231 2169 2297; x_wconf 87' lang='lat' dir='ltr'><strong>facere,</strong></span> <span class='ocrx_word' id='word_1_659' title='bbox 2212 2240 2272 2286; x_wconf 86' lang='grc' dir='ltr'><strong>ιιι</strong></span> <span class='ocrx_word' id='word_1_660' title='bbox 2314 2232 2445 2286; x_wconf 89' lang='lat' dir='ltr'><strong>nulli</strong></span> <span class='ocrx_word' id='word_1_661' title='bbox 2484 2232 2815 2304; x_wconf 85' lang='lat' dir='ltr'><strong>jungereris!</strong></span> <span class='ocrx_word' id='word_1_662' title='bbox 2850 2233 3193 2303; x_wconf 83' lang='lat' dir='ltr'><strong>Corrumpunt</strong></span> <span class='ocrx_word' id='word_1_663' title='bbox 3223 2234 3365 2289; x_wconf 90' lang='lat' dir='ltr'><strong>enim</strong></span> <span class='ocrx_word' id='word_1_664' title='bbox 3400 2251 3563 2289; x_wconf 88' lang='lat' dir='ltr'><strong>mores</strong></span> 
     </span>
    </p>
   </div>
   <div class='ocr_carea' id='block_1_82' title="bbox 1970 2321 3562 2395">
    <p class='ocr_par' dir='ltr' id='par_1_82' title="bbox 1970 2321 3562 2395">
     <span class='ocr_line' id='line_1_82' title="bbox 1970 2321 3562 2395; baseline 0.004 -20"><span class='ocrx_word' id='word_1_665' title='bbox 1970 2321 2127 2375; x_wconf 85' lang='lat' dir='ltr'><strong>bonos</strong></span> <span class='ocrx_word' id='word_1_666' title='bbox 2153 2323 2407 2394; x_wconf 85' lang='lat' dir='ltr'><strong>colloquia</strong></span> <span class='ocrx_word' id='word_1_667' title='bbox 2433 2324 2569 2376; x_wconf 89' lang='lat' dir='ltr'><strong>mala</strong></span> <span class='ocrx_word' id='word_1_668' title='bbox 2600 2323 2643 2393; x_wconf 87' lang='grc' dir='ltr'>(Ι</span> <span class='ocrx_word' id='word_1_669' title='bbox 2664 2323 2781 2377; x_wconf 89' lang='lat' dir='ltr'><strong>Cor.</strong></span> <span class='ocrx_word' id='word_1_670' title='bbox 2812 2339 2904 2390; x_wconf 83' lang='lat' dir='ltr'><strong>xv,</strong></span> <span class='ocrx_word' id='word_1_671' title='bbox 2930 2326 3041 2395; x_wconf 77' lang='grc'><strong>55).</strong></span> <span class='ocrx_word' id='word_1_672' title='bbox 3067 2324 3174 2380; x_wconf 90' lang='lat' dir='ltr'><strong>Sed</strong></span> <span class='ocrx_word' id='word_1_673' title='bbox 3205 2340 3310 2379; x_wconf 92' lang='lat' dir='ltr'><strong>non</strong></span> <span class='ocrx_word' id='word_1_674' title='bbox 3344 2341 3562 2395; x_wconf 91' lang='lat' dir='ltr'><strong>possum</strong></span> 
     </span>
    </p>
   </div>
   <div class='ocr_carea' id='block_1_83' title="bbox 1971 2412 3555 2485">
    <p class='ocr_par' dir='ltr' id='par_1_83' title="bbox 1971 2412 3555 2485">
     <span class='ocr_line' id='line_1_83' title="bbox 1971 2412 3555 2485; baseline 0.003 -20"><span class='ocrx_word' id='word_1_675' title='bbox 1971 2412 2147 2467; x_wconf 88' lang='lat' dir='ltr'><strong>facere</strong></span> <span class='ocrx_word' id='word_1_676' title='bbox 2171 2421 2228 2467; x_wconf 91' lang='lat' dir='ltr'><strong>ut</strong></span> <span class='ocrx_word' id='word_1_677' title='bbox 2254 2414 2452 2467; x_wconf 90' lang='lat' dir='ltr'><strong>nemini</strong></span> <span class='ocrx_word' id='word_1_678' title='bbox 2488 2413 2729 2484; x_wconf 89' lang='lat' dir='ltr'><strong>jungaris</strong></span> <span class='ocrx_word' id='word_1_679' title='bbox 2748 2455 2763 2476; x_wconf 92' lang='lat'><strong>,</strong></span> <span class='ocrx_word' id='word_1_680' title='bbox 2791 2415 2875 2468; x_wconf 91' lang='lat' dir='ltr'><strong>cui</strong></span> <span class='ocrx_word' id='word_1_681' title='bbox 2904 2415 3042 2468; x_wconf 89' lang='lat' dir='ltr'><strong>mala</strong></span> <span class='ocrx_word' id='word_1_682' title='bbox 3067 2415 3165 2469; x_wconf 87' lang='lat' dir='ltr'><strong>ista</strong></span> <span class='ocrx_word' id='word_1_683' title='bbox 3193 2431 3311 2485; x_wconf 75' lang='lat' dir='ltr'><strong>qua:</strong></span> <span class='ocrx_word' id='word_1_684' title='bbox 3341 2432 3447 2469; x_wconf 90' lang='lat' dir='ltr'><strong>non</strong></span> <span class='ocrx_word' id='word_1_685' title='bbox 3474 2417 3555 2470; x_wconf 90' lang='lat' dir='ltr'><strong>vis</strong></span> 
     </span>
    </p>
   </div>
   <div class='ocr_carea' id='block_1_84' title="bbox 1969 2500 3560 2573">
    <p class='ocr_par' dir='ltr' id='par_1_84' title="bbox 1969 2500 3560 2573">
     <span class='ocr_line' id='line_1_84' title="bbox 1969 2500 3560 2573; baseline 0.002 -17"><span class='ocrx_word' id='word_1_686' title='bbox 1969 2500 2246 2557; x_wconf 82' lang='lat' dir='ltr'><strong>dediscere</strong></span> <span class='ocrx_word' id='word_1_687' title='bbox 2285 2502 2617 2566; x_wconf 82' lang='lat' dir='ltr'><strong>insusurres;</strong></span> <span class='ocrx_word' id='word_1_688' title='bbox 2646 2510 2700 2557; x_wconf 88' lang='lat' dir='ltr'><strong>et</strong></span> <span class='ocrx_word' id='word_1_689' title='bbox 2745 2517 2850 2557; x_wconf 92' lang='lat' dir='ltr'><strong>non</strong></span> <span class='ocrx_word' id='word_1_690' title='bbox 2897 2504 3070 2557; x_wconf 88' lang='lat' dir='ltr'><strong>solum</strong></span> <span class='ocrx_word' id='word_1_691' title='bbox 3114 2504 3253 2559; x_wconf 91' lang='lat' dir='ltr'><strong>nolis</strong></span> <span class='ocrx_word' id='word_1_692' title='bbox 3286 2504 3560 2573; x_wconf 89' lang='lat' dir='ltr'><strong>dedoceri,</strong></span> 
     </span>
    </p>
   </div>
   <div class='ocr_carea' id='block_1_85' title="bbox 1969 2593 3562 2661">
    <p class='ocr_par' dir='ltr' id='par_1_85' title="bbox 1969 2593 3562 2661">
     <span class='ocr_line' id='line_1_85' title="bbox 1969 2593 3562 2661; baseline 0.002 -14"><span class='ocrx_word' id='word_1_693' title='bbox 1969 2593 2064 2648; x_wconf 87' lang='lat' dir='ltr'><strong>sed</strong></span> <span class='ocrx_word' id='word_1_694' title='bbox 2108 2593 2321 2649; x_wconf 85' lang='lat' dir='ltr'><strong>all‘ectes</strong></span> <span class='ocrx_word' id='word_1_695' title='bbox 2363 2594 2524 2648; x_wconf 90' lang='lat' dir='ltr'><strong>etiam</strong></span> <span class='ocrx_word' id='word_1_696' title='bbox 2550 2593 2765 2648; x_wconf 88' lang='lat' dir='ltr'><strong>docere.</strong></span> <span class='ocrx_word' id='word_1_697' title='bbox 2809 2594 2962 2661; x_wconf 83' lang='lat' dir='ltr'><strong>Nolo,</strong></span> <span class='ocrx_word' id='word_1_698' title='bbox 3008 2596 3114 2650; x_wconf 92' lang='lat' dir='ltr'><strong>imo</strong></span> <span class='ocrx_word' id='word_1_699' title='bbox 3145 2595 3299 2659; x_wconf 90' lang='lat' dir='ltr'><strong>volo,</strong></span> <span class='ocrx_word' id='word_1_700' title='bbox 3328 2596 3423 2650; x_wconf 91' lang='lat' dir='ltr'><strong>sed</strong></span> <span class='ocrx_word' id='word_1_701' title='bbox 3453 2613 3562 2651; x_wconf 92' lang='lat' dir='ltr'><strong>non</strong></span> 
     </span>
    </p>
   </div>
   <div class='ocr_carea' id='block_1_86' title="bbox 1970 2684 3559 2754">
    <p class='ocr_par' dir='ltr' id='par_1_86' title="bbox 1970 2684 3559 2754">
     <span class='ocr_line' id='line_1_86' title="bbox 1970 2684 3559 2754; baseline 0.001 -16"><span class='ocrx_word' id='word_1_702' title='bbox 1970 2699 2212 2753; x_wconf 90' lang='lat' dir='ltr'><strong>possum,</strong></span> <span class='ocrx_word' id='word_1_703' title='bbox 2239 2684 2547 2754; x_wconf 88' lang='lat' dir='ltr'><strong>disjungere</strong></span> <span class='ocrx_word' id='word_1_704' title='bbox 2574 2693 2625 2739; x_wconf 92' lang='lat' dir='ltr'><strong>te</strong></span> <span class='ocrx_word' id='word_1_705' title='bbox 2651 2684 2719 2738; x_wconf 86' lang='lat' dir='ltr'><strong>ab</strong></span> <span class='ocrx_word' id='word_1_706' title='bbox 2746 2686 2963 2739; x_wconf 88' lang='lat' dir='ltr'><strong>auribus</strong></span> <span class='ocrx_word' id='word_1_707' title='bbox 2997 2685 3248 2741; x_wconf 89' lang='lat' dir='ltr'><strong>aliorum.</strong></span> <span class='ocrx_word' id='word_1_708' title='bbox 3285 2686 3434 2740; x_wconf 81' lang='lat' dir='ltr'><strong>Alios</strong></span> <span class='ocrx_word' id='word_1_709' title='bbox 3461 2687 3559 2740; x_wconf 83' lang='lat' dir='ltr'><strong>ad-</strong></span> 
     </span>
    </p>
   </div>
   <div class='ocr_carea' id='block_1_87' title="bbox 1969 2778 3561 2848">
    <p class='ocr_par' dir='ltr' id='par_1_87' title="bbox 1969 2778 3561 2848">
     <span class='ocr_line' id='line_1_87' title="bbox 1969 2778 3561 2848; baseline 0 -15"><span class='ocrx_word' id='word_1_710' title='bbox 1969 2793 2239 2839; x_wconf 90' lang='lat' dir='ltr'><strong>moneam,</strong></span> <span class='ocrx_word' id='word_1_711' title='bbox 2262 2778 2329 2833; x_wconf 88' lang='lat' dir='ltr'><strong>ad</strong></span> <span class='ocrx_word' id='word_1_712' title='bbox 2357 2793 2586 2846; x_wconf 91' lang='lat' dir='ltr'><strong>quorum</strong></span> <span class='ocrx_word' id='word_1_713' title='bbox 2609 2793 2770 2832; x_wconf 91' lang='lat' dir='ltr'><strong>aures</strong></span> <span class='ocrx_word' id='word_1_714' title='bbox 2795 2778 2986 2841; x_wconf 87' lang='lat' dir='ltr'><strong>ambis,</strong></span> <span class='ocrx_word' id='word_1_715' title='bbox 3018 2792 3247 2848; x_wconf 90' lang='lat' dir='ltr'><strong>quorum</strong></span> <span class='ocrx_word' id='word_1_716' title='bbox 3280 2793 3438 2833; x_wconf 91' lang='lat' dir='ltr'><strong>aures</strong></span> <span class='ocrx_word' id='word_1_717' title='bbox 3469 2794 3561 2847; x_wconf 91' lang='lat' dir='ltr'><strong>pe-</strong></span> 
     </span>
    </p>
   </div>
   <div class='ocr_carea' id='block_1_88' title="bbox 1970 2870 3563 2940">
    <p class='ocr_par' dir='ltr' id='par_1_88' title="bbox 1970 2870 3563 2940">
     <span class='ocr_line' id='line_1_88' title="bbox 1970 2870 3563 2940; baseline -0.001 -14"><span class='ocrx_word' id='word_1_718' title='bbox 1970 2879 2186 2926; x_wconf 87' lang='lat' dir='ltr'><strong>netrare</strong></span> <span class='ocrx_word' id='word_1_719' title='bbox 2215 2871 2442 2934; x_wconf 89' lang='lat' dir='ltr'><strong>moliris,</strong></span> <span class='ocrx_word' id='word_1_720' title='bbox 2483 2870 2549 2925; x_wconf 87' lang='lat' dir='ltr'><strong>ad</strong></span> <span class='ocrx_word' id='word_1_721' title='bbox 2579 2886 2807 2940; x_wconf 87' lang='lat' dir='ltr'><strong>quorum</strong></span> <span class='ocrx_word' id='word_1_722' title='bbox 2838 2870 2998 2924; x_wconf 88' lang='lat' dir='ltr'><strong>corda</strong></span> <span class='ocrx_word' id='word_1_723' title='bbox 3033 2886 3129 2939; x_wconf 88' lang='lat' dir='ltr'><strong>per</strong></span> <span class='ocrx_word' id='word_1_724' title='bbox 3173 2886 3332 2925; x_wconf 87' lang='lat' dir='ltr'><strong>aures</strong></span> <span class='ocrx_word' id='word_1_725' title='bbox 3363 2870 3563 2925; x_wconf 88' lang='lat' dir='ltr'><strong>intrare</strong></span> 
     </span>
    </p>
   </div>
   <div class='ocr_carea' id='block_1_89' title="bbox 1969 2961 3563 3034">
    <p class='ocr_par' dir='ltr' id='par_1_89' title="bbox 1969 2961 3563 3034">
     <span class='ocr_line' id='line_1_89' title="bbox 1969 2961 3563 3034; baseline -0.003 -15"><span class='ocrx_word' id='word_1_726' title='bbox 1969 2964 2231 3034; x_wconf 88' lang='lat' dir='ltr'><strong>disponis.</strong></span> <span class='ocrx_word' id='word_1_727' title='bbox 2262 2963 2306 3018; x_wconf 92' lang='lat'>0</span> <span class='ocrx_word' id='word_1_728' title='bbox 2326 2964 2416 3034; x_wconf 92' lang='lat' dir='ltr'><strong>qui</strong></span> <span class='ocrx_word' id='word_1_729' title='bbox 2451 2964 2650 3034; x_wconf 90' lang='lat' dir='ltr'><strong>accipis</strong></span> <span class='ocrx_word' id='word_1_730' title='bbox 2672 2963 2892 3018; x_wconf 89' lang='lat' dir='ltr'><strong>verbum</strong></span> <span class='ocrx_word' id='word_1_731' title='bbox 2920 2977 3106 3018; x_wconf 89' lang='lat' dir='ltr'><strong>sanum</strong></span> <span class='ocrx_word' id='word_1_732' title='bbox 3136 2963 3189 3016; x_wconf 93' lang='lat' dir='ltr'><strong>in</strong></span> <span class='ocrx_word' id='word_1_733' title='bbox 3216 2961 3378 3017; x_wconf 88' lang='lat' dir='ltr'><strong>domo</strong></span> <span class='ocrx_word' id='word_1_734' title='bbox 3403 2962 3563 3017; x_wconf 88' lang='lat' dir='ltr'><strong>disci-</strong></span> 
     </span>
    </p>
   </div>
   <div class='ocr_carea' id='block_1_90' title="bbox 1970 3051 3561 3127">
    <p class='ocr_par' dir='ltr' id='par_1_90' title="bbox 1970 3051 3561 3127">
     <span class='ocr_line' id='line_1_90' title="bbox 1970 3051 3561 3127; baseline -0.003 -17"><span class='ocrx_word' id='word_1_735' title='bbox 1970 3056 2150 3127; x_wconf 63' lang='lat' dir='ltr'><strong>plinas,</strong></span> <span class='ocrx_word' id='word_1_736' title='bbox 2181 3055 2306 3125; x_wconf 84' lang='lat' dir='ltr'><strong>Sepi</strong></span> <span class='ocrx_word' id='word_1_737' title='bbox 2334 3071 2479 3108; x_wconf 84' lang='lat' dir='ltr'><strong>aures</strong></span> <span class='ocrx_word' id='word_1_738' title='bbox 2506 3065 2618 3108; x_wconf 88' lang='lat' dir='ltr'><strong>tuas</strong></span> <span class='ocrx_word' id='word_1_739' title='bbox 2655 3054 2815 3123; x_wconf 84' lang='lat' dir='ltr'><strong>spinis</strong></span> <span class='ocrx_word' id='word_1_740' title='bbox 2855 3053 3043 3123; x_wconf 83' lang='lat' dir='ltr'><strong>(Eccli.</strong></span> <span class='ocrx_word' id='word_1_741' title='bbox 3070 3068 3264 3118; x_wconf 79' lang='lat' dir='ltr'><strong>xxvnt,</strong></span> <span class='ocrx_word' id='word_1_742' title='bbox 3290 3052 3403 3122; x_wconf 75' lang='lat'><strong>28).</strong></span> <span class='ocrx_word' id='word_1_743' title='bbox 3427 3051 3561 3107; x_wconf 87' lang='lat' dir='ltr'><strong>Cor-</strong></span> 
     </span>
    </p>
   </div>
   <div class='ocr_carea' id='block_1_91' title="bbox 1968 3144 3563 3215">
    <p class='ocr_par' dir='ltr' id='par_1_91' title="bbox 1968 3144 3563 3215">
     <span class='ocr_line' id='line_1_91' title="bbox 1968 3144 3563 3215; baseline -0.002 -14"><span class='ocrx_word' id='word_1_744' title='bbox 1968 3158 2209 3215; x_wconf 82' lang='lat' dir='ltr'><strong>rumpunt</strong></span> <span class='ocrx_word' id='word_1_745' title='bbox 2236 3146 2390 3201; x_wconf 89' lang='lat' dir='ltr'><strong>bonos</strong></span> <span class='ocrx_word' id='word_1_746' title='bbox 2419 3162 2580 3200; x_wconf 87' lang='lat' dir='ltr'><strong>mores</strong></span> <span class='ocrx_word' id='word_1_747' title='bbox 2609 3144 2860 3215; x_wconf 80' lang='lat' dir='ltr'><strong>colloquia</strong></span> <span class='ocrx_word' id='word_1_748' title='bbox 2894 3145 3029 3199; x_wconf 86' lang='lat' dir='ltr'><strong>mala</strong></span> <span class='ocrx_word' id='word_1_749' title='bbox 3060 3160 3077 3198; x_wconf 94' lang='lat'><em>:</em></span> <span class='ocrx_word' id='word_1_750' title='bbox 3116 3146 3224 3215; x_wconf 88' lang='lat' dir='ltr'><strong>sepi</strong></span> <span class='ocrx_word' id='word_1_751' title='bbox 3262 3161 3409 3198; x_wconf 81' lang='lat' dir='ltr'><strong>aures</strong></span> <span class='ocrx_word' id='word_1_752' title='bbox 3451 3153 3563 3198; x_wconf 90' lang='lat' dir='ltr'><strong>tuas</strong></span> 
     </span>
    </p>
   </div>
   <div class='ocr_carea' id='block_1_92' title="bbox 1970 3234 3567 3308">
    <p class='ocr_par' dir='ltr' id='par_1_92' title="bbox 1970 3234 3567 3308">
     <span class='ocr_line' id='line_1_92' title="bbox 1970 3234 3567 3308; baseline -0.003 -16"><span class='ocrx_word' id='word_1_753' title='bbox 1970 3239 2151 3308; x_wconf 83' lang='lat' dir='ltr'><strong>spinis.</strong></span> <span class='ocrx_word' id='word_1_754' title='bbox 2180 3237 2326 3307; x_wconf 89' lang='lat' dir='ltr'><strong>Sepi,</strong></span> <span class='ocrx_word' id='word_1_755' title='bbox 2350 3246 2399 3292; x_wconf 92' lang='lat' dir='ltr'><strong>et</strong></span> <span class='ocrx_word' id='word_1_756' title='bbox 2428 3236 2596 3305; x_wconf 90' lang='lat' dir='ltr'><strong>spinis</strong></span> <span class='ocrx_word' id='word_1_757' title='bbox 2629 3235 2777 3305; x_wconf 88' lang='lat' dir='ltr'><strong>sepi;</strong></span> <span class='ocrx_word' id='word_1_758' title='bbox 2813 3243 2871 3288; x_wconf 94' lang='lat' dir='ltr'><strong>ut</strong></span> <span class='ocrx_word' id='word_1_759' title='bbox 2902 3235 2988 3290; x_wconf 89' lang='lat' dir='ltr'><strong>ille</strong></span> <span class='ocrx_word' id='word_1_760' title='bbox 3018 3234 3107 3304; x_wconf 93' lang='lat' dir='ltr'><strong>qui</strong></span> <span class='ocrx_word' id='word_1_761' title='bbox 3152 3235 3454 3304; x_wconf 88' lang='lat' dir='ltr'><strong>importune</strong></span> <span class='ocrx_word' id='word_1_762' title='bbox 3485 3234 3567 3288; x_wconf 86' lang='lat' dir='ltr'><strong>in-</strong></span> 
     </span>
    </p>
   </div>
   <div class='ocr_carea' id='block_1_93' title="bbox 1972 3324 3558 3395">
    <p class='ocr_par' dir='ltr' id='par_1_93' title="bbox 1972 3324 3558 3395">
     <span class='ocr_line' id='line_1_93' title="bbox 1972 3324 3558 3395; baseline -0.003 -11"><span class='ocrx_word' id='word_1_763' title='bbox 1972 3339 2115 3384; x_wconf 86' lang='lat' dir='ltr'><strong>trare</strong></span> <span class='ocrx_word' id='word_1_764' title='bbox 2158 3343 2319 3383; x_wconf 89' lang='lat' dir='ltr'><strong>ausus</strong></span> <span class='ocrx_word' id='word_1_765' title='bbox 2351 3326 2528 3392; x_wconf 90' lang='lat' dir='ltr'><strong>fuerit,</strong></span> <span class='ocrx_word' id='word_1_766' title='bbox 2553 3342 2661 3380; x_wconf 91' lang='lat' dir='ltr'><strong>non</strong></span> <span class='ocrx_word' id='word_1_767' title='bbox 2708 3326 2879 3379; x_wconf 90' lang='lat' dir='ltr'><strong>solum</strong></span> <span class='ocrx_word' id='word_1_768' title='bbox 2919 3326 3228 3395; x_wconf 86' lang='lat' dir='ltr'><strong>repellatur,</strong></span> <span class='ocrx_word' id='word_1_769' title='bbox 3262 3324 3356 3379; x_wconf 90' lang='lat' dir='ltr'><strong>sed</strong></span> <span class='ocrx_word' id='word_1_770' title='bbox 3398 3326 3558 3379; x_wconf 89' lang='lat' dir='ltr'><strong>etiam</strong></span> 
     </span>
    </p>
   </div>
   <div class='ocr_carea' id='block_1_94' title="bbox 1971 3417 3565 3491">
    <p class='ocr_par' dir='ltr' id='par_1_94' title="bbox 1971 3417 3565 3491">
     <span class='ocr_line' id='line_1_94' title="bbox 1971 3417 3565 3491; baseline -0.002 -15"><span class='ocrx_word' id='word_1_771' title='bbox 1971 3429 2378 3491; x_wconf 87' lang='lat' dir='ltr'><strong>compungatur.</strong></span> <span class='ocrx_word' id='word_1_772' title='bbox 2424 3418 2648 3488; x_wconf 83' lang='lat' dir='ltr'><strong>Repelle</strong></span> <span class='ocrx_word' id='word_1_773' title='bbox 2690 3418 2839 3472; x_wconf 89' lang='lat' dir='ltr'><strong>illum</strong></span> <span class='ocrx_word' id='word_1_774' title='bbox 2874 3433 2905 3471; x_wconf 93' lang='lat' dir='ltr'><strong>a</strong></span> <span class='ocrx_word' id='word_1_775' title='bbox 2954 3426 3025 3473; x_wconf 87' lang='lat' dir='ltr'><strong>te.</strong></span> <span class='ocrx_word' id='word_1_776' title='bbox 3062 3418 3157 3472; x_wconf 93' lang='lat' dir='ltr'><strong>Dic</strong></span> <span class='ocrx_word' id='word_1_777' title='bbox 3188 3436 3201 3472; x_wconf 90' lang='lat'>:</span> <span class='ocrx_word' id='word_1_778' title='bbox 3231 3417 3565 3473; x_wconf 86' lang='lat' dir='ltr'><strong>Christianus</strong></span> 
     </span>
    </p>
   </div>
   <div class='ocr_carea' id='block_1_95' title="bbox 1972 3509 3559 3578">
    <p class='ocr_par' dir='ltr' id='par_1_95' title="bbox 1972 3509 3559 3578">
     <span class='ocr_line' id='line_1_95' title="bbox 1972 3509 3559 3578; baseline -0.003 -10"><span class='ocrx_word' id='word_1_779' title='bbox 1972 3527 2051 3578; x_wconf 87' lang='lat' dir='ltr'><strong>es,</strong></span> <span class='ocrx_word' id='word_1_780' title='bbox 2084 3511 2420 3566; x_wconf 89' lang='lat' dir='ltr'><strong>Christianus</strong></span> <span class='ocrx_word' id='word_1_781' title='bbox 2458 3524 2577 3564; x_wconf 89' lang='lat' dir='ltr'><strong>sum</strong></span> <span class='ocrx_word' id='word_1_782' title='bbox 2608 3526 2620 3563; x_wconf 93' lang='lat'><strong>:</strong></span> <span class='ocrx_word' id='word_1_783' title='bbox 2654 3524 2763 3563; x_wconf 90' lang='lat' dir='ltr'><strong>non</strong></span> <span class='ocrx_word' id='word_1_784' title='bbox 2808 3509 2909 3563; x_wconf 92' lang='lat' dir='ltr'><strong>hoc</strong></span> <span class='ocrx_word' id='word_1_785' title='bbox 2950 3509 3254 3578; x_wconf 90' lang='lat' dir='ltr'><strong>accepimus</strong></span> <span class='ocrx_word' id='word_1_786' title='bbox 3295 3509 3346 3563; x_wconf 88' lang='lat' dir='ltr'><strong>in</strong></span> <span class='ocrx_word' id='word_1_787' title='bbox 3396 3509 3559 3564; x_wconf 90' lang='lat' dir='ltr'><strong>domo</strong></span> 
     </span>
    </p>
   </div>
   <div class='ocr_carea' id='block_1_96' title="bbox 1971 3600 3563 3674">
    <p class='ocr_par' dir='ltr' id='par_1_96' title="bbox 1971 3600 3563 3674">
     <span class='ocr_line' id='line_1_96' title="bbox 1971 3600 3563 3674; baseline -0.004 -14"><span class='ocrx_word' id='word_1_788' title='bbox 1971 3605 2293 3674; x_wconf 71' lang='lat' dir='ltr'><strong>disciplima,</strong></span> <span class='ocrx_word' id='word_1_789' title='bbox 2325 3618 2430 3657; x_wconf 93' lang='lat' dir='ltr'><strong>non</strong></span> <span class='ocrx_word' id='word_1_790' title='bbox 2472 3602 2573 3656; x_wconf 87' lang='lat' dir='ltr'><strong>hoc</strong></span> <span class='ocrx_word' id='word_1_791' title='bbox 2610 3601 2896 3656; x_wconf 88' lang='lat' dir='ltr'><strong>didicimus</strong></span> <span class='ocrx_word' id='word_1_792' title='bbox 2945 3601 3000 3655; x_wconf 92' lang='lat' dir='ltr'><strong>in</strong></span> <span class='ocrx_word' id='word_1_793' title='bbox 3047 3600 3137 3654; x_wconf 92' lang='lat' dir='ltr'><strong>illa</strong></span> <span class='ocrx_word' id='word_1_794' title='bbox 3176 3600 3359 3655; x_wconf 88' lang='lat' dir='ltr'><strong>schola</strong></span> <span class='ocrx_word' id='word_1_795' title='bbox 3402 3616 3563 3668; x_wconf 84' lang='lat' dir='ltr'><strong>quam</strong></span> 
     </span>
    </p>
   </div>
   <div class='ocr_carea' id='block_1_97' title="bbox 1971 3691 3566 3768">
    <p class='ocr_par' dir='ltr' id='par_1_97' title="bbox 1971 3691 3566 3768">
     <span class='ocr_line' id='line_1_97' title="bbox 1971 3691 3566 3768; baseline -0.008 -15"><span class='ocrx_word' id='word_1_796' title='bbox 1971 3698 2138 3768; x_wconf 90' lang='lat' dir='ltr'><strong>gratis</strong></span> <span class='ocrx_word' id='word_1_797' title='bbox 2177 3695 2524 3758; x_wconf 87' lang='lat' dir='ltr'><strong>intravimus;</strong></span> <span class='ocrx_word' id='word_1_798' title='bbox 2556 3708 2661 3747; x_wconf 93' lang='lat' dir='ltr'><strong>non</strong></span> <span class='ocrx_word' id='word_1_799' title='bbox 2701 3693 2801 3746; x_wconf 91' lang='lat' dir='ltr'><strong>hoc</strong></span> <span class='ocrx_word' id='word_1_800' title='bbox 2827 3691 3111 3746; x_wconf 90' lang='lat' dir='ltr'><strong>didicimus</strong></span> <span class='ocrx_word' id='word_1_801' title='bbox 3141 3691 3241 3744; x_wconf 92' lang='lat' dir='ltr'><strong>sub</strong></span> <span class='ocrx_word' id='word_1_802' title='bbox 3270 3691 3361 3744; x_wconf 93' lang='lat' dir='ltr'><strong>illo</strong></span> <span class='ocrx_word' id='word_1_803' title='bbox 3400 3691 3566 3760; x_wconf 83' lang='lat' dir='ltr'><strong>magi-</strong></span> 
     </span>
    </p>
   </div>
   <div class='ocr_carea' id='block_1_98' title="bbox 1974 3780 3559 3856">
    <p class='ocr_par' dir='ltr' id='par_1_98' title="bbox 1974 3780 3559 3856">
     <span class='ocr_line' id='line_1_98' title="bbox 1974 3780 3559 3856; baseline -0.006 -13"><span class='ocrx_word' id='word_1_804' title='bbox 1974 3798 2085 3843; x_wconf 89' lang='lat' dir='ltr'><strong>stro</strong></span> <span class='ocrx_word' id='word_1_805' title='bbox 2114 3788 2264 3856; x_wconf 90' lang='lat' dir='ltr'><strong>cujus</strong></span> <span class='ocrx_word' id='word_1_806' title='bbox 2291 3783 2543 3839; x_wconf 90' lang='lat' dir='ltr'><strong>cathedra</strong></span> <span class='ocrx_word' id='word_1_807' title='bbox 2570 3784 2620 3836; x_wconf 92' lang='lat' dir='ltr'><strong>in</strong></span> <span class='ocrx_word' id='word_1_808' title='bbox 2643 3784 2781 3838; x_wconf 75' lang='lat' dir='ltr'><strong>ctelo</strong></span> <span class='ocrx_word' id='word_1_809' title='bbox 2802 3791 2902 3836; x_wconf 91' lang='lat' dir='ltr'><strong>est.</strong></span> <span class='ocrx_word' id='word_1_810' title='bbox 2928 3780 3046 3835; x_wconf 87' lang='lat' dir='ltr'><strong>Noli</strong></span> <span class='ocrx_word' id='word_1_811' title='bbox 3075 3781 3203 3835; x_wconf 91' lang='lat' dir='ltr'><strong>mihi</strong></span> <span class='ocrx_word' id='word_1_812' title='bbox 3232 3781 3328 3834; x_wconf 91' lang='lat' dir='ltr'><strong>ista</strong></span> <span class='ocrx_word' id='word_1_813' title='bbox 3357 3780 3559 3845; x_wconf 91' lang='lat' dir='ltr'><strong>dicere,</strong></span> 
     </span>
    </p>
   </div>
   <div class='ocr_carea' id='block_1_99' title="bbox 1973 3872 3564 3943">
    <p class='ocr_par' dir='ltr' id='par_1_99' title="bbox 1973 3872 3564 3943">
     <span class='ocr_line' id='line_1_99' title="bbox 1973 3872 3564 3943; baseline -0.004 -9"><span class='ocrx_word' id='word_1_814' title='bbox 1973 3888 2066 3934; x_wconf 93' lang='lat' dir='ltr'><strong>aut</strong></span> <span class='ocrx_word' id='word_1_815' title='bbox 2094 3878 2202 3933; x_wconf 90' lang='lat' dir='ltr'><strong>noli</strong></span> <span class='ocrx_word' id='word_1_816' title='bbox 2235 3876 2302 3932; x_wconf 89' lang='lat' dir='ltr'><strong>ad</strong></span> <span class='ocrx_word' id='word_1_817' title='bbox 2331 3891 2418 3931; x_wconf 89' lang='lat' dir='ltr'><strong>me</strong></span> <span class='ocrx_word' id='word_1_818' title='bbox 2449 3874 2724 3931; x_wconf 87' lang='lat' dir='ltr'><strong>accedere.</strong></span> <span class='ocrx_word' id='word_1_819' title='bbox 2755 3874 2867 3929; x_wconf 82' lang='lat' dir='ltr'><strong>Hoc</strong></span> <span class='ocrx_word' id='word_1_820' title='bbox 2903 3881 2986 3929; x_wconf 91' lang='lat' dir='ltr'><strong>est</strong></span> <span class='ocrx_word' id='word_1_821' title='bbox 3024 3872 3166 3927; x_wconf 88' lang='lat' dir='ltr'><strong>enim</strong></span> <span class='ocrx_word' id='word_1_822' title='bbox 3186 3912 3203 3937; x_wconf 93' lang='lat'><strong>,</strong></span> <span class='ocrx_word' id='word_1_823' title='bbox 3250 3872 3375 3943; x_wconf 83' lang='lat' dir='ltr'><strong>Sepi</strong></span> <span class='ocrx_word' id='word_1_824' title='bbox 3413 3888 3564 3928; x_wconf 80' lang='lat' dir='ltr'><strong>aures</strong></span> 
     </span>
    </p>
   </div>
   <div class='ocr_carea' id='block_1_100' title="bbox 1974 3971 2294 4049">
    <p class='ocr_par' dir='ltr' id='par_1_100' title="bbox 1974 3971 2294 4049">
     <span class='ocr_line' id='line_1_100' title="bbox 1974 3971 2294 4049; baseline -0.006 -24"><span class='ocrx_word' id='word_1_825' title='bbox 1974 3981 2085 4049; x_wconf 85' lang='lat' dir='ltr'><strong>tuas</strong></span> <span class='ocrx_word' id='word_1_826' title='bbox 2113 3971 2294 4041; x_wconf 83' lang='lat' dir='ltr'><strong>spinis.</strong></span> 
     </span>
    </p>
   </div>
   <div class='ocr_carea' id='block_1_101' title="bbox 2050 4053 3563 4124">
    <p class='ocr_par' dir='ltr' id='par_1_101' title="bbox 2050 4053 3563 4124">
     <span class='ocr_line' id='line_1_101' title="bbox 2050 4053 3563 4124; baseline -0.006 -8"><span class='ocrx_word' id='word_1_827' title='bbox 2050 4061 2134 4116; x_wconf 85' lang='grc'><strong>10.</strong></span> <span class='ocrx_word' id='word_1_828' title='bbox 2175 4060 2494 4115; x_wconf 88' lang='lat' dir='ltr'><strong>Convertam</strong></span> <span class='ocrx_word' id='word_1_829' title='bbox 2521 4073 2608 4113; x_wconf 90' lang='lat' dir='ltr'><strong>me</strong></span> <span class='ocrx_word' id='word_1_830' title='bbox 2629 4056 2694 4112; x_wconf 89' lang='lat' dir='ltr'><strong>ad</strong></span> <span class='ocrx_word' id='word_1_831' title='bbox 2724 4056 2896 4111; x_wconf 91' lang='lat' dir='ltr'><strong>illum.</strong></span> <span class='ocrx_word' id='word_1_832' title='bbox 2921 4055 3126 4110; x_wconf 82' lang='lat' dir='ltr'><strong>Avarus</strong></span> <span class='ocrx_word' id='word_1_833' title='bbox 3154 4068 3213 4110; x_wconf 90' lang='lat' dir='ltr'><strong>es</strong></span> <span class='ocrx_word' id='word_1_834' title='bbox 3237 4094 3252 4119; x_wconf 92' lang='lat'><strong>,</strong></span> <span class='ocrx_word' id='word_1_835' title='bbox 3283 4053 3563 4124; x_wconf 89' lang='lat' dir='ltr'><strong>pecuniam</strong></span> 
     </span>
    </p>
   </div>
   <div class='ocr_carea' id='block_1_102' title="bbox 1974 4145 3564 4210">
    <p class='ocr_par' dir='ltr' id='par_1_102' title="bbox 1974 4145 3564 4210">
     <span class='ocr_line' id='line_1_102' title="bbox 1974 4145 3564 4210; baseline -0.005 0"><span class='ocrx_word' id='word_1_836' title='bbox 1974 4170 2122 4210; x_wconf 91' lang='lat' dir='ltr'><strong>amas</strong></span> <span class='ocrx_word' id='word_1_837' title='bbox 2156 4172 2169 4208; x_wconf 92' lang='lat'>:</span> <span class='ocrx_word' id='word_1_838' title='bbox 2200 4154 2386 4208; x_wconf 90' lang='lat' dir='ltr'><strong>beatus</strong></span> <span class='ocrx_word' id='word_1_839' title='bbox 2411 4166 2531 4207; x_wconf 89' lang='lat' dir='ltr'><strong>esse</strong></span> <span class='ocrx_word' id='word_1_840' title='bbox 2558 4152 2677 4205; x_wconf 86' lang='lat' dir='ltr'><strong>vis?</strong></span> <span class='ocrx_word' id='word_1_841' title='bbox 2706 4151 2868 4204; x_wconf 89' lang='lat' dir='ltr'><strong>Deum</strong></span> <span class='ocrx_word' id='word_1_842' title='bbox 2900 4158 3046 4203; x_wconf 90' lang='lat' dir='ltr'><strong>tuum</strong></span> <span class='ocrx_word' id='word_1_843' title='bbox 3078 4162 3217 4203; x_wconf 88' lang='lat' dir='ltr'><strong>ama.</strong></span> <span class='ocrx_word' id='word_1_844' title='bbox 3247 4145 3475 4201; x_wconf 84' lang='lat' dir='ltr'><strong>Pecunia</strong></span> <span class='ocrx_word' id='word_1_845' title='bbox 3512 4156 3564 4202; x_wconf 87' lang='lat' dir='ltr'><strong>te</strong></span> 
     </span>
    </p>
   </div>
   <div class='ocr_carea' id='block_1_103' title="bbox 1976 4230 3564 4305">
    <p class='ocr_par' dir='ltr' id='par_1_103' title="bbox 1976 4230 3564 4305">
     <span class='ocr_line' id='line_1_103' title="bbox 1976 4230 3564 4305; baseline -0.006 -4"><span class='ocrx_word' id='word_1_846' title='bbox 1976 4263 2083 4301; x_wconf 91' lang='lat' dir='ltr'><strong>non</strong></span> <span class='ocrx_word' id='word_1_847' title='bbox 2110 4245 2233 4300; x_wconf 88' lang='lat' dir='ltr'><strong>facit</strong></span> <span class='ocrx_word' id='word_1_848' title='bbox 2258 4244 2473 4300; x_wconf 88' lang='lat' dir='ltr'><strong>beatum</strong></span> <span class='ocrx_word' id='word_1_849' title='bbox 2505 4260 2518 4294; x_wconf 92' lang='lat'><strong>:</strong></span> <span class='ocrx_word' id='word_1_850' title='bbox 2548 4252 2603 4296; x_wconf 91' lang='lat' dir='ltr'><strong>tu</strong></span> <span class='ocrx_word' id='word_1_851' title='bbox 2630 4257 2749 4296; x_wconf 89' lang='lat' dir='ltr'><strong>eam</strong></span> <span class='ocrx_word' id='word_1_852' title='bbox 2779 4230 2911 4295; x_wconf 89' lang='lat' dir='ltr'><strong>facis</strong></span> <span class='ocrx_word' id='word_1_853' title='bbox 2940 4249 3183 4294; x_wconf 87' lang='lat' dir='ltr'><strong>ornatam</strong></span> <span class='ocrx_word' id='word_1_854' title='bbox 3205 4279 3220 4305; x_wconf 96' lang='lat'><strong>,</strong></span> <span class='ocrx_word' id='word_1_855' title='bbox 3257 4254 3362 4293; x_wconf 90' lang='lat' dir='ltr'><strong>non</strong></span> <span class='ocrx_word' id='word_1_856' title='bbox 3396 4237 3482 4291; x_wconf 91' lang='lat' dir='ltr'><strong>illa</strong></span> <span class='ocrx_word' id='word_1_857' title='bbox 3512 4246 3564 4292; x_wconf 89' lang='lat' dir='ltr'><strong>te</strong></span> 
     </span>
    </p>
   </div>
   <div class='ocr_carea' id='block_1_104' title="bbox 1977 4329 3566 4405">
    <p class='ocr_par' dir='ltr' id='par_1_104' title="bbox 1977 4329 3566 4405">
     <span class='ocr_line' id='line_1_104' title="bbox 1977 4329 3566 4405; baseline -0.006 -11"><span class='ocrx_word' id='word_1_858' title='bbox 1977 4340 2211 4395; x_wconf 90' lang='lat' dir='ltr'><strong>beatum.</strong></span> <span class='ocrx_word' id='word_1_859' title='bbox 2242 4335 2347 4391; x_wconf 88' lang='lat' dir='ltr'><strong>Sed</strong></span> <span class='ocrx_word' id='word_1_860' title='bbox 2373 4335 2495 4405; x_wconf 91' lang='lat' dir='ltr'><strong>quia</strong></span> <span class='ocrx_word' id='word_1_861' title='bbox 2522 4334 2747 4389; x_wconf 89' lang='lat' dir='ltr'><strong>multum</strong></span> <span class='ocrx_word' id='word_1_862' title='bbox 2786 4347 2935 4387; x_wconf 90' lang='lat' dir='ltr'><strong>amas</strong></span> <span class='ocrx_word' id='word_1_863' title='bbox 2971 4332 3287 4402; x_wconf 89' lang='lat' dir='ltr'><strong>pecuniam,</strong></span> <span class='ocrx_word' id='word_1_864' title='bbox 3330 4339 3383 4384; x_wconf 90' lang='lat' dir='ltr'><strong>et</strong></span> <span class='ocrx_word' id='word_1_865' title='bbox 3410 4329 3566 4385; x_wconf 90' lang='lat' dir='ltr'><strong>video</strong></span> 
     </span>
    </p>
   </div>
   <div class='ocr_carea' id='block_1_105' title="bbox 1977 4425 3567 4504">
    <p class='ocr_par' dir='ltr' id='par_1_105' title="bbox 1977 4425 3567 4504">
     <span class='ocr_line' id='line_1_105' title="bbox 1977 4425 3567 4504; baseline -0.008 -16"><span class='ocrx_word' id='word_1_866' title='bbox 1977 4434 2100 4504; x_wconf 87' lang='lat' dir='ltr'><strong>quia</strong></span> <span class='ocrx_word' id='word_1_867' title='bbox 2131 4431 2306 4503; x_wconf 84' lang='lat' dir='ltr'><strong>pergis</strong></span> <span class='ocrx_word' id='word_1_868' title='bbox 2341 4444 2446 4499; x_wconf 90' lang='lat' dir='ltr'><strong>quo</strong></span> <span class='ocrx_word' id='word_1_869' title='bbox 2486 4426 2707 4498; x_wconf 85' lang='lat' dir='ltr'><strong>jusserit</strong></span> <span class='ocrx_word' id='word_1_870' title='bbox 2738 4426 3040 4496; x_wconf 90' lang='lat' dir='ltr'><strong>cupiditas;</strong></span> <span class='ocrx_word' id='word_1_871' title='bbox 3069 4425 3237 4495; x_wconf 87' lang='lat' dir='ltr'><strong>piger,</strong></span> <span class='ocrx_word' id='word_1_872' title='bbox 3266 4438 3425 4493; x_wconf 86' lang='lat' dir='ltr'><strong>perge</strong></span> <span class='ocrx_word' id='word_1_873' title='bbox 3460 4438 3567 4493; x_wconf 93' lang='lat' dir='ltr'><strong>quo</strong></span> 
     </span>
    </p>
   </div>
   <div class='ocr_carea' id='block_1_106' title="bbox 1972 4515 3568 4595">
    <p class='ocr_par' dir='ltr' id='par_1_106' title="bbox 1972 4515 3568 4595">
     <span class='ocr_line' id='line_1_106' title="bbox 1972 4515 3568 4595; baseline -0.006 -15"><span class='ocrx_word' id='word_1_874' title='bbox 1972 4524 2124 4595; x_wconf 89' lang='lat' dir='ltr'><strong>jubet</strong></span> <span class='ocrx_word' id='word_1_875' title='bbox 2142 4524 2375 4579; x_wconf 88' lang='lat' dir='ltr'><strong>cbaritas</strong></span> <span class='ocrx_word' id='word_1_876' title='bbox 2397 4537 2413 4577; x_wconf 91' lang='lat'><strong>:</strong></span> <span class='ocrx_word' id='word_1_877' title='bbox 2434 4521 2666 4592; x_wconf 89' lang='lat' dir='ltr'><strong>respice,</strong></span> <span class='ocrx_word' id='word_1_878' title='bbox 2696 4528 2752 4574; x_wconf 88' lang='lat' dir='ltr'><strong>et</strong></span> <span class='ocrx_word' id='word_1_879' title='bbox 2772 4517 2891 4572; x_wconf 88' lang='lat' dir='ltr'><strong>vide</strong></span> <span class='ocrx_word' id='word_1_880' title='bbox 2914 4527 3167 4588; x_wconf 90' lang='lat' dir='ltr'><strong>quantum</strong></span> <span class='ocrx_word' id='word_1_881' title='bbox 3193 4515 3405 4572; x_wconf 91' lang='lat' dir='ltr'><strong>intersit</strong></span> <span class='ocrx_word' id='word_1_882' title='bbox 3428 4515 3568 4570; x_wconf 92' lang='lat' dir='ltr'><strong>inter</strong></span> 
     </span>
    </p>
   </div>
   <div class='ocr_carea' id='block_1_107' title="bbox 1980 4606 3567 4688">
    <p class='ocr_par' dir='ltr' id='par_1_107' title="bbox 1980 4606 3567 4688">
     <span class='ocr_line' id='line_1_107' title="bbox 1980 4606 3567 4688; baseline -0.009 -14"><span class='ocrx_word' id='word_1_883' title='bbox 1980 4617 2258 4688; x_wconf 90' lang='lat' dir='ltr'><strong>pecuniam</strong></span> <span class='ocrx_word' id='word_1_884' title='bbox 2289 4623 2435 4668; x_wconf 89' lang='lat' dir='ltr'><strong>tuam</strong></span> <span class='ocrx_word' id='word_1_885' title='bbox 2466 4622 2523 4669; x_wconf 89' lang='lat' dir='ltr'><strong>et</strong></span> <span class='ocrx_word' id='word_1_886' title='bbox 2544 4613 2709 4667; x_wconf 91' lang='lat' dir='ltr'><strong>Deum</strong></span> <span class='ocrx_word' id='word_1_887' title='bbox 2746 4620 2914 4665; x_wconf 91' lang='lat' dir='ltr'><strong>tuum.</strong></span> <span class='ocrx_word' id='word_1_888' title='bbox 2942 4608 3223 4663; x_wconf 90' lang='lat' dir='ltr'><strong>Pulchrior</strong></span> <span class='ocrx_word' id='word_1_889' title='bbox 3249 4616 3331 4662; x_wconf 89' lang='lat' dir='ltr'><strong>est</strong></span> <span class='ocrx_word' id='word_1_890' title='bbox 3358 4606 3458 4661; x_wconf 92' lang='lat' dir='ltr'><strong>istc</strong></span> <span class='ocrx_word' id='word_1_891' title='bbox 3488 4606 3567 4661; x_wconf 89' lang='lat' dir='ltr'><strong>sol</strong></span> 
     </span>
    </p>
   </div>
   <div class='ocr_carea' id='block_1_108' title="bbox 1979 4699 3569 4780">
    <p class='ocr_par' dir='ltr' id='par_1_108' title="bbox 1979 4699 3569 4780">
     <span class='ocr_line' id='line_1_108' title="bbox 1979 4699 3569 4780; baseline -0.008 -16"><span class='ocrx_word' id='word_1_892' title='bbox 1979 4723 2139 4780; x_wconf 87' lang='lat' dir='ltr'><strong>quam</strong></span> <span class='ocrx_word' id='word_1_893' title='bbox 2186 4705 2409 4778; x_wconf 89' lang='lat' dir='ltr'><strong>pecunia</strong></span> <span class='ocrx_word' id='word_1_894' title='bbox 2453 4713 2565 4771; x_wconf 89' lang='lat' dir='ltr'><strong>tua,</strong></span> <span class='ocrx_word' id='word_1_895' title='bbox 2601 4713 2657 4759; x_wconf 87' lang='lat' dir='ltr'><strong>et</strong></span> <span class='ocrx_word' id='word_1_896' title='bbox 2697 4712 2873 4758; x_wconf 89' lang='lat' dir='ltr'><strong>tamen</strong></span> <span class='ocrx_word' id='word_1_897' title='bbox 2903 4701 2982 4755; x_wconf 89' lang='lat' dir='ltr'><strong>sol</strong></span> <span class='ocrx_word' id='word_1_898' title='bbox 3024 4701 3125 4756; x_wconf 93' lang='lat' dir='ltr'><strong>iste</strong></span> <span class='ocrx_word' id='word_1_899' title='bbox 3168 4716 3275 4754; x_wconf 92' lang='lat' dir='ltr'><strong>non</strong></span> <span class='ocrx_word' id='word_1_900' title='bbox 3313 4707 3395 4754; x_wconf 89' lang='lat' dir='ltr'><strong>est</strong></span> <span class='ocrx_word' id='word_1_901' title='bbox 3426 4699 3569 4753; x_wconf 89' lang='lat' dir='ltr'><strong>Deus</strong></span> 
     </span>
    </p>
   </div>
   <div class='ocr_carea' id='block_1_109' title="bbox 1981 4787 3567 4867">
    <p class='ocr_par' dir='ltr' id='par_1_109' title="bbox 1981 4787 3567 4867">
     <span class='ocr_line' id='line_1_109' title="bbox 1981 4787 3567 4867; baseline -0.009 -10"><span class='ocrx_word' id='word_1_902' title='bbox 1981 4811 2117 4857; x_wconf 89' lang='lat' dir='ltr'><strong>tuus.</strong></span> <span class='ocrx_word' id='word_1_903' title='bbox 2146 4800 2314 4854; x_wconf 89' lang='lat' dir='ltr'><strong>Porro</strong></span> <span class='ocrx_word' id='word_1_904' title='bbox 2333 4798 2377 4852; x_wconf 87' lang='lat' dir='ltr'><strong>si</strong></span> <span class='ocrx_word' id='word_1_905' title='bbox 2400 4795 2669 4867; x_wconf 91' lang='lat' dir='ltr'><strong>pulchrior</strong></span> <span class='ocrx_word' id='word_1_906' title='bbox 2686 4803 2770 4849; x_wconf 90' lang='lat' dir='ltr'><strong>est</strong></span> <span class='ocrx_word' id='word_1_907' title='bbox 2790 4793 2877 4846; x_wconf 82' lang='lat' dir='ltr'><strong>lux</strong></span> <span class='ocrx_word' id='word_1_908' title='bbox 2902 4792 2999 4846; x_wconf 90' lang='lat' dir='ltr'><strong>ista</strong></span> <span class='ocrx_word' id='word_1_909' title='bbox 3020 4806 3180 4861; x_wconf 87' lang='lat' dir='ltr'><strong>quam</strong></span> <span class='ocrx_word' id='word_1_910' title='bbox 3211 4787 3431 4858; x_wconf 88' lang='lat' dir='ltr'><strong>pecunia</strong></span> <span class='ocrx_word' id='word_1_911' title='bbox 3455 4796 3567 4842; x_wconf 89' lang='lat' dir='ltr'><strong>tua.</strong></span> 
     </span>
    </p>
   </div>
   <div class='ocr_carea' id='block_1_110' title="bbox 1980 4879 3569 4966">
    <p class='ocr_par' dir='ltr' id='par_1_110' title="bbox 1980 4879 3569 4966">
     <span class='ocr_line' id='line_1_110' title="bbox 1980 4879 3569 4966; baseline -0.011 -17"><span class='ocrx_word' id='word_1_912' title='bbox 1980 4900 2233 4966; x_wconf 81' lang='lat' dir='ltr'><strong>quantum</strong></span> <span class='ocrx_word' id='word_1_913' title='bbox 2260 4898 2344 4945; x_wconf 92' lang='lat' dir='ltr'><strong>est</strong></span> <span class='ocrx_word' id='word_1_914' title='bbox 2369 4888 2638 4958; x_wconf 85' lang='lat' dir='ltr'><strong>pulchrior</strong></span> <span class='ocrx_word' id='word_1_915' title='bbox 2665 4885 2753 4955; x_wconf 87' lang='lat' dir='ltr'><strong>qui</strong></span> <span class='ocrx_word' id='word_1_916' title='bbox 2782 4883 2905 4937; x_wconf 90' lang='lat' dir='ltr'><strong>fecit</strong></span> <span class='ocrx_word' id='word_1_917' title='bbox 2931 4882 3067 4935; x_wconf 91' lang='lat' dir='ltr'><strong>hanc</strong></span> <span class='ocrx_word' id='word_1_918' title='bbox 3088 4880 3298 4934; x_wconf 89' lang='lat' dir='ltr'><strong>lucem?</strong></span> <span class='ocrx_word' id='word_1_919' title='bbox 3324 4880 3405 4931; x_wconf 88' lang='lat' dir='ltr'><strong>An</strong></span> <span class='ocrx_word' id='word_1_920' title='bbox 3432 4879 3569 4932; x_wconf 89' lang='lat' dir='ltr'><strong>forte</strong></span> 
     </span>
    </p>
   </div>
   <div class='ocr_carea' id='block_1_111' title="bbox 1981 4967 3566 5052">
    <p class='ocr_par' dir='ltr' id='par_1_111' title="bbox 1981 4967 3566 5052">
     <span class='ocr_line' id='line_1_111' title="bbox 1981 4967 3566 5052; baseline -0.013 -13"><span class='ocrx_word' id='word_1_921' title='bbox 1981 4996 2294 5052; x_wconf 89' lang='lat' dir='ltr'><strong>comparare</strong></span> <span class='ocrx_word' id='word_1_922' title='bbox 2322 4980 2398 5033; x_wconf 89' lang='lat' dir='ltr'><strong>vis</strong></span> <span class='ocrx_word' id='word_1_923' title='bbox 2426 4976 2702 5047; x_wconf 89' lang='lat' dir='ltr'><strong>pecuniam</strong></span> <span class='ocrx_word' id='word_1_924' title='bbox 2725 4982 2868 5028; x_wconf 85' lang='lat' dir='ltr'><strong>tuam</strong></span> <span class='ocrx_word' id='word_1_925' title='bbox 2905 4971 3050 5026; x_wconf 84' lang='lat' dir='ltr'><strong>luci?</strong></span> <span class='ocrx_word' id='word_1_926' title='bbox 3072 4971 3207 5025; x_wconf 87' lang='lat' dir='ltr'><strong>Ecce</strong></span> <span class='ocrx_word' id='word_1_927' title='bbox 3228 4968 3421 5023; x_wconf 92' lang='lat' dir='ltr'><strong>occidit</strong></span> <span class='ocrx_word' id='word_1_928' title='bbox 3450 4967 3566 5032; x_wconf 89' lang='lat' dir='ltr'><strong>sol;</strong></span> 
     </span>
    </p>
   </div>
   <div class='ocr_carea' id='block_1_112' title="bbox 1981 5058 3569 5138">
    <p class='ocr_par' dir='ltr' id='par_1_112' title="bbox 1981 5058 3569 5138">
     <span class='ocr_line' id='line_1_112' title="bbox 1981 5058 3569 5138; baseline -0.012 -8"><span class='ocrx_word' id='word_1_929' title='bbox 1981 5074 2207 5130; x_wconf 86' lang='lat' dir='ltr'><strong>ostende</strong></span> <span class='ocrx_word' id='word_1_930' title='bbox 2253 5070 2384 5125; x_wconf 89' lang='lat' dir='ltr'><strong>mihi</strong></span> <span class='ocrx_word' id='word_1_931' title='bbox 2423 5067 2701 5138; x_wconf 88' lang='lat' dir='ltr'><strong>pecuniam</strong></span> <span class='ocrx_word' id='word_1_932' title='bbox 2746 5074 2911 5118; x_wconf 91' lang='lat' dir='ltr'><strong>tuam.</strong></span> <span class='ocrx_word' id='word_1_933' title='bbox 2943 5062 3117 5125; x_wconf 86' lang='lat' dir='ltr'><strong>Nitet,</strong></span> <span class='ocrx_word' id='word_1_934' title='bbox 3143 5070 3197 5114; x_wconf 85' lang='lat' dir='ltr'><strong>et</strong></span> <span class='ocrx_word' id='word_1_935' title='bbox 3240 5069 3395 5112; x_wconf 91' lang='lat' dir='ltr'><strong>nocte</strong></span> <span class='ocrx_word' id='word_1_936' title='bbox 3439 5058 3569 5112; x_wconf 90' lang='lat' dir='ltr'><strong>sub-</strong></span> 
     </span>
    </p>
   </div>
   <div class='ocr_carea' id='block_1_113' title="bbox 1984 5151 3567 5225">
    <p class='ocr_par' dir='ltr' id='par_1_113' title="bbox 1984 5151 3567 5225">
     <span class='ocr_line' id='line_1_113' title="bbox 1984 5151 3567 5225; baseline -0.011 -2"><span class='ocrx_word' id='word_1_937' title='bbox 1984 5169 2137 5223; x_wconf 89' lang='lat' dir='ltr'><strong>traho</strong></span> <span class='ocrx_word' id='word_1_938' title='bbox 2156 5168 2461 5225; x_wconf 89' lang='lat' dir='ltr'><strong>lucernam;</strong></span> <span class='ocrx_word' id='word_1_939' title='bbox 2494 5176 2620 5215; x_wconf 88' lang='lat' dir='ltr'><strong>ecce</strong></span> <span class='ocrx_word' id='word_1_940' title='bbox 2645 5159 2794 5213; x_wconf 88' lang='lat' dir='ltr'><strong>dives</strong></span> <span class='ocrx_word' id='word_1_941' title='bbox 2819 5171 2878 5211; x_wconf 88' lang='lat' dir='ltr'><strong>es</strong></span> <span class='ocrx_word' id='word_1_942' title='bbox 2898 5196 2913 5220; x_wconf 88' lang='lat'><strong>,</strong></span> <span class='ocrx_word' id='word_1_943' title='bbox 2941 5153 3165 5209; x_wconf 89' lang='lat' dir='ltr'><strong>ostende</strong></span> <span class='ocrx_word' id='word_1_944' title='bbox 3196 5151 3325 5205; x_wconf 91' lang='lat' dir='ltr'><strong>mihi</strong></span> <span class='ocrx_word' id='word_1_945' title='bbox 3351 5151 3567 5205; x_wconf 88' lang='lat' dir='ltr'><strong>divitias</strong></span> 
     </span>
    </p>
   </div>
   <div class='ocr_carea' id='block_1_114' title="bbox 1985 5242 3568 5322">
    <p class='ocr_par' dir='ltr' id='par_1_114' title="bbox 1985 5242 3568 5322">
     <span class='ocr_line' id='line_1_114' title="bbox 1985 5242 3568 5322; baseline -0.012 -6"><span class='ocrx_word' id='word_1_946' title='bbox 1985 5272 2120 5316; x_wconf 91' lang='lat' dir='ltr'><strong>tuas.</strong></span> <span class='ocrx_word' id='word_1_947' title='bbox 2152 5258 2269 5314; x_wconf 82' lang='lat' dir='ltr'><strong>Jam</strong></span> <span class='ocrx_word' id='word_1_948' title='bbox 2293 5258 2336 5311; x_wconf 88' lang='lat' dir='ltr'><strong>si</strong></span> <span class='ocrx_word' id='word_1_949' title='bbox 2366 5255 2564 5310; x_wconf 89' lang='lat' dir='ltr'><strong>lumine</strong></span> <span class='ocrx_word' id='word_1_950' title='bbox 2590 5252 2836 5322; x_wconf 86' lang='lat' dir='ltr'><strong>priveris,</strong></span> <span class='ocrx_word' id='word_1_951' title='bbox 2859 5248 2967 5316; x_wconf 88' lang='lat' dir='ltr'><strong>jam</strong></span> <span class='ocrx_word' id='word_1_952' title='bbox 2999 5248 3042 5299; x_wconf 93' lang='lat' dir='ltr'><strong>si</strong></span> <span class='ocrx_word' id='word_1_953' title='bbox 3066 5261 3172 5299; x_wconf 92' lang='lat' dir='ltr'><strong>non</strong></span> <span class='ocrx_word' id='word_1_954' title='bbox 3203 5244 3399 5299; x_wconf 87' lang='lat' dir='ltr'><strong>habeas</strong></span> <span class='ocrx_word' id='word_1_955' title='bbox 3427 5242 3568 5299; x_wconf 90' lang='lat' dir='ltr'><strong>unde</strong></span> 
     </span>
    </p>
   </div>
   <div class='ocr_carea' id='block_1_115' title="bbox 1983 5338 3214 5426">
    <p class='ocr_par' dir='ltr' id='par_1_115' title="bbox 1983 5338 3214 5426">
     <span class='ocr_line' id='line_1_115' title="bbox 1983 5338 3214 5426; baseline -0.014 -18"><span class='ocrx_word' id='word_1_956' title='bbox 1983 5352 2124 5426; x_wconf 91' lang='lat' dir='ltr'><strong>quod</strong></span> <span class='ocrx_word' id='word_1_957' title='bbox 2157 5351 2321 5405; x_wconf 89' lang='lat' dir='ltr'><strong>habes</strong></span> <span class='ocrx_word' id='word_1_958' title='bbox 2353 5346 2553 5405; x_wconf 85' lang='lat' dir='ltr'><strong>videas,</strong></span> <span class='ocrx_word' id='word_1_959' title='bbox 2585 5344 2673 5398; x_wconf 89' lang='lat' dir='ltr'><strong>ubi</strong></span> <span class='ocrx_word' id='word_1_960' title='bbox 2696 5352 2816 5395; x_wconf 88' lang='lat' dir='ltr'><strong>sunt</strong></span> <span class='ocrx_word' id='word_1_961' title='bbox 2838 5339 3036 5393; x_wconf 63' lang='lat' dir='ltr'><strong>divitiae</strong></span> <span class='ocrx_word' id='word_1_962' title='bbox 3067 5338 3214 5392; x_wconf 72' lang='lat' dir='ltr'><strong>tute?</strong></span> 
     </span>
    </p>
   </div>
   <div class='ocr_carea' id='block_1_116' title="bbox 2053 5428 3570 5501">
    <p class='ocr_par' dir='ltr' id='par_1_116' title="bbox 2053 5428 3570 5501">
     <span class='ocr_line' id='line_1_116' title="bbox 2053 5428 3570 5501; baseline -0.014 -1"><span class='ocrx_word' id='word_1_963' title='bbox 2053 5440 2281 5499; x_wconf 83' lang='lat' dir='ltr'><strong>CAPUT</strong></span> <span class='ocrx_word' id='word_1_964' title='bbox 2321 5438 2474 5493; x_wconf 74' lang='lat' dir='ltr'><strong>X.—-</strong></span> <span class='ocrx_word' id='word_1_965' title='bbox 2492 5438 2647 5489; x_wconf 86' lang='lat' dir='ltr'><strong>Acute</strong></span> <span class='ocrx_word' id='word_1_966' title='bbox 2670 5434 2723 5487; x_wconf 91' lang='lat' dir='ltr'><strong>in</strong></span> <span class='ocrx_word' id='word_1_967' title='bbox 2751 5448 2907 5485; x_wconf 78' lang='lat' dir='ltr'><strong>cwcos</strong></span> <span class='ocrx_word' id='word_1_968' title='bbox 2928 5432 3171 5501; x_wconf 82' lang='lat' dir='ltr'><strong>quosdam</strong></span> <span class='ocrx_word' id='word_1_969' title='bbox 3205 5444 3404 5483; x_wconf 86' lang='lat' dir='ltr'><strong>avaros.</strong></span> <span class='ocrx_word' id='word_1_970' title='bbox 3432 5428 3570 5495; x_wconf 81' lang='lat' dir='ltr'><strong>Quo-</strong></span> 
     </span>
    </p>
   </div>
   <div class='ocr_carea' id='block_1_117' title="bbox 1985 5523 3578 5605">
    <p class='ocr_par' dir='ltr' id='par_1_117' title="bbox 1985 5523 3578 5605">
     <span class='ocr_line' id='line_1_117' title="bbox 1985 5523 3578 5605; baseline -0.013 -12"><span class='ocrx_word' id='word_1_971' title='bbox 1985 5539 2134 5593; x_wconf 90' lang='lat' dir='ltr'><strong>modo</strong></span> <span class='ocrx_word' id='word_1_972' title='bbox 2178 5533 2468 5605; x_wconf 75' lang='lat' dir='ltr'><strong>prazcipitttr</strong></span> <span class='ocrx_word' id='word_1_973' title='bbox 2507 5529 2641 5582; x_wconf 74' lang='lat' dir='ltr'><strong>Deus</strong></span> <span class='ocrx_word' id='word_1_974' title='bbox 2682 5527 2843 5578; x_wconf 88' lang='lat' dir='ltr'><strong>amari</strong></span> <span class='ocrx_word' id='word_1_975' title='bbox 2884 5534 3122 5593; x_wconf 78' lang='lat' dir='ltr'><strong>tanquam</strong></span> <span class='ocrx_word' id='word_1_976' title='bbox 3164 5524 3399 5594; x_wconf 84' lang='lat' dir='ltr'><strong>pecunia.</strong></span> <span class='ocrx_word' id='word_1_977' title='bbox 3442 5523 3578 5576; x_wconf 76' lang='lat' dir='ltr'><strong>Tun-</strong></span> 
     </span>
    </p>
   </div>
   <div class='ocr_carea' id='block_1_118' title="bbox 1986 5616 3579 5700">
    <p class='ocr_par' dir='ltr' id='par_1_118' title="bbox 1986 5616 3579 5700">
     <span class='ocr_line' id='line_1_118' title="bbox 1986 5616 3579 5700; baseline -0.011 -13"><span class='ocrx_word' id='word_1_978' title='bbox 1986 5636 2107 5687; x_wconf 82' lang='lat' dir='ltr'><strong>dens</strong></span> <span class='ocrx_word' id='word_1_979' title='bbox 2135 5640 2325 5700; x_wconf 86' lang='lat' dir='ltr'><strong>pectus,</strong></span> <span class='ocrx_word' id='word_1_980' title='bbox 2351 5642 2441 5678; x_wconf 90' lang='lat' dir='ltr'><strong>nec</strong></span> <span class='ocrx_word' id='word_1_981' title='bbox 2462 5641 2515 5677; x_wconf 86' lang='lat' dir='ltr'><strong>se</strong></span> <span class='ocrx_word' id='word_1_982' title='bbox 2540 5623 2815 5689; x_wconf 87' lang='lat' dir='ltr'><strong>corrigens,</strong></span> <span class='ocrx_word' id='word_1_983' title='bbox 2842 5618 3026 5673; x_wconf 82' lang='lat' dir='ltr'><strong>solidat</strong></span> <span class='ocrx_word' id='word_1_984' title='bbox 3050 5628 3270 5685; x_wconf 85' lang='lat' dir='ltr'><strong>peccata,</strong></span> <span class='ocrx_word' id='word_1_985' title='bbox 3296 5633 3398 5669; x_wconf 91' lang='lat' dir='ltr'><strong>non</strong></span> <span class='ocrx_word' id='word_1_986' title='bbox 3428 5616 3579 5669; x_wconf 85' lang='lat' dir='ltr'><strong>tollit.</strong></span> 
     </span>
    </p>
   </div>
   <div class='ocr_carea' id='block_1_119' title="bbox 1987 5709 3578 5781">
    <p class='ocr_par' dir='ltr' id='par_1_119' title="bbox 1987 5709 3578 5781">
     <span class='ocr_line' id='line_1_119' title="bbox 1987 5709 3578 5781; baseline -0.014 0"><span class='ocrx_word' id='word_1_987' title='bbox 1987 5727 2053 5781; x_wconf 85' lang='lat' dir='ltr'><strong>Et</strong></span> <span class='ocrx_word' id='word_1_988' title='bbox 2073 5726 2149 5779; x_wconf 91' lang='lat' dir='ltr'><strong>sic</strong></span> <span class='ocrx_word' id='word_1_989' title='bbox 2176 5733 2352 5776; x_wconf 89' lang='lat' dir='ltr'><strong>tamen</strong></span> <span class='ocrx_word' id='word_1_990' title='bbox 2376 5714 2641 5770; x_wconf 89' lang='lat' dir='ltr'><strong>horrenda</strong></span> <span class='ocrx_word' id='word_1_991' title='bbox 2672 5710 3001 5781; x_wconf 82' lang='lat' dir='ltr'><strong>profunditas</strong></span> <span class='ocrx_word' id='word_1_992' title='bbox 3036 5709 3276 5762; x_wconf 74' lang='lat' dir='ltr'><strong>avaritia:</strong></span> <span class='ocrx_word' id='word_1_993' title='bbox 3307 5722 3412 5760; x_wconf 90' lang='lat' dir='ltr'><strong>non</strong></span> <span class='ocrx_word' id='word_1_994' title='bbox 3439 5719 3578 5776; x_wconf 81' lang='lat' dir='ltr'><strong>patet</strong></span> 
     </span>
    </p>
   </div>
   <div class='ocr_carea' id='block_1_120' title="bbox 1988 5802 3579 5878">
    <p class='ocr_par' dir='ltr' id='par_1_120' title="bbox 1988 5802 3579 5878">
     <span class='ocr_line' id='line_1_120' title="bbox 1988 5802 3579 5878; baseline -0.013 -6"><span class='ocrx_word' id='word_1_995' title='bbox 1988 5816 2177 5878; x_wconf 88' lang='lat' dir='ltr'><strong>oculis,</strong></span> <span class='ocrx_word' id='word_1_996' title='bbox 2209 5824 2261 5867; x_wconf 90' lang='lat' dir='ltr'><strong>et</strong></span> <span class='ocrx_word' id='word_1_997' title='bbox 2288 5818 2455 5865; x_wconf 84' lang='lat' dir='ltr'><strong>scatet</strong></span> <span class='ocrx_word' id='word_1_998' title='bbox 2491 5807 2683 5861; x_wconf 90' lang='lat' dir='ltr'><strong>animis</strong></span> <span class='ocrx_word' id='word_1_999' title='bbox 2705 5804 2744 5857; x_wconf 86' lang='grc'><strong>¹.</strong></span> <span class='ocrx_word' id='word_1_1000' title='bbox 2769 5802 3010 5857; x_wconf 76' lang='lat' dir='ltr'><strong>Vidimus</strong></span> <span class='ocrx_word' id='word_1_1001' title='bbox 3050 5810 3102 5855; x_wconf 91' lang='lat' dir='ltr'><strong>ct</strong></span> <span class='ocrx_word' id='word_1_1002' title='bbox 3139 5814 3308 5855; x_wconf 62' lang='lat' dir='ltr'><strong>eccos</strong></span> <span class='ocrx_word' id='word_1_1003' title='bbox 3347 5813 3539 5854; x_wconf 86' lang='lat' dir='ltr'><strong>avaros</strong></span> <span class='ocrx_word' id='word_1_1004' title='bbox 3569 5817 3579 5829; x_wconf 82' lang='lat'><strong>-</strong></span> 
     </span>
    </p>
   </div>
   <div class='ocr_carea' id='block_1_121' title="bbox 2057 5920 3167 5987">
    <p class='ocr_par' dir='ltr' id='par_1_121' title="bbox 2057 5920 3167 5987">
     <span class='ocr_line' id='line_1_121' title="bbox 2057 5920 3167 5987; baseline -0.017 -4"><span class='ocrx_word' id='word_1_1005' title='bbox 2057 5936 2071 5966; x_wconf 72' lang='grc' dir='ltr'><strong>ι</strong></span> <span class='ocrx_word' id='word_1_1006' title='bbox 2109 5940 2234 5987; x_wconf 48' lang='lat' dir='ltr'><strong>Mm,</strong></span> <span class='ocrx_word' id='word_1_1007' title='bbox 2263 5940 2353 5979; x_wconf 90' lang='lat' dir='ltr'><strong>non</strong></span> <span class='ocrx_word' id='word_1_1008' title='bbox 2378 5930 2504 5987; x_wconf 81' lang='lat' dir='ltr'><strong>valet</strong></span> <span class='ocrx_word' id='word_1_1009' title='bbox 2523 5920 2703 5979; x_wconf 74' lang='lat' dir='ltr'><strong>oculus,</strong></span> <span class='ocrx_word' id='word_1_1010' title='bbox 2732 5925 2777 5968; x_wconf 82' lang='lat' dir='ltr'><strong>et</strong></span> <span class='ocrx_word' id='word_1_1011' title='bbox 2799 5922 2942 5967; x_wconf 87' lang='lat' dir='ltr'><strong>scatet</strong></span> <span class='ocrx_word' id='word_1_1012' title='bbox 2967 5926 3167 5965; x_wconf 77' lang='lat' dir='ltr'><strong>animus.</strong></span> 
     </span>
    </p>
   </div>
  </div>
