  <div class='ocr_page' id='page_1' title='image "/cluster/home/n/w/nwhite01/storage/ocr_20150623/40-41/uc1.31175026811482/345.png"; bbox 0 0 4078 6504; ppageno 0'>
   <div class='ocr_carea' id='block_1_1' title="bbox 563 435 3218 516">
    <p class='ocr_par' dir='ltr' id='par_1_1' title="bbox 563 435 3218 516">
     <span class='ocr_line' id='line_1_1' title="bbox 563 435 3218 516; baseline -0.005 -8"><span class='ocrx_word' id='word_1_1' title='bbox 563 461 631 516; x_wconf 78' lang='lat'><strong>73</strong></span> <span class='ocrx_word' id='word_1_2' title='bbox 1128 447 1187 505; x_wconf 86' lang='lat' dir='ltr'><strong>S.</strong></span> <span class='ocrx_word' id='word_1_3' title='bbox 1228 444 1593 503; x_wconf 78' lang='lat' dir='ltr'><strong>AUGUSTINI</strong></span> <span class='ocrx_word' id='word_1_4' title='bbox 1637 439 1934 498; x_wconf 83' lang='lat' dir='ltr'><strong>EPISCOPI</strong></span> <span class='ocrx_word' id='word_1_5' title='bbox 1974 437 2207 496; x_wconf 75' lang='lat' dir='ltr'><strong>SERMO</strong></span> <span class='ocrx_word' id='word_1_6' title='bbox 2246 435 2332 492; x_wconf 82' lang='lat' dir='ltr'><strong>DE</strong></span> <span class='ocrx_word' id='word_1_7' title='bbox 2374 437 2748 494; x_wconf 62' lang='lat' dir='ltr'><strong>DISCIPLINA</strong></span> <span class='ocrx_word' id='word_1_8' title='bbox 2786 436 3218 495; x_wconf 73' lang='lat' dir='ltr'><strong>CilRlSTIANA.</strong></span> 
     </span>
    </p>
   </div>
   <div class='ocr_carea' id='block_1_2' title="bbox 527 551 2112 625">
    <p class='ocr_par' dir='ltr' id='par_1_2' title="bbox 527 551 2112 625">
     <span class='ocr_line' id='line_1_2' title="bbox 527 551 2112 625; baseline -0.012 -1"><span class='ocrx_word' id='word_1_9' title='bbox 527 570 736 625; x_wconf 77' lang='lat' dir='ltr'><strong>dicatur</strong></span> <span class='ocrx_word' id='word_1_10' title='bbox 775 563 903 620; x_wconf 90' lang='lat' dir='ltr'><strong>mihi</strong></span> <span class='ocrx_word' id='word_1_11' title='bbox 948 560 1088 616; x_wconf 78' lang='lat' dir='ltr'><strong>unde</strong></span> <span class='ocrx_word' id='word_1_12' title='bbox 1128 559 1270 613; x_wconf 83' lang='lat' dir='ltr'><strong>avari</strong></span> <span class='ocrx_word' id='word_1_13' title='bbox 1312 568 1436 611; x_wconf 89' lang='lat' dir='ltr'><strong>sunt</strong></span> <span class='ocrx_word' id='word_1_14' title='bbox 1463 555 1590 610; x_wconf 70' lang='lat' dir='ltr'><strong>caeci</strong></span> <span class='ocrx_word' id='word_1_15' title='bbox 1615 598 1629 620; x_wconf 90' lang='lat'><strong>,</strong></span> <span class='ocrx_word' id='word_1_16' title='bbox 1659 554 1748 625; x_wconf 86' lang='lat' dir='ltr'><strong>qui</strong></span> <span class='ocrx_word' id='word_1_17' title='bbox 1778 569 1881 607; x_wconf 91' lang='lat' dir='ltr'><strong>non</strong></span> <span class='ocrx_word' id='word_1_18' title='bbox 1912 551 2112 607; x_wconf 82' lang='lat' dir='ltr'><strong>vident.</strong></span> 
     </span>
    </p>
   </div>
   <div class='ocr_carea' id='block_1_3' title="bbox 480 650 2115 728">
    <p class='ocr_par' dir='ltr' id='par_1_3' title="bbox 480 650 2115 728">
     <span class='ocr_line' id='line_1_3' title="bbox 480 650 2115 728; baseline -0.012 -14"><span class='ocrx_word' id='word_1_19' title='bbox 480 657 485 662; x_wconf 86' lang='grc'><em>’</em></span> <span class='ocrx_word' id='word_1_20' title='bbox 526 658 677 728; x_wconf 84' lang='lat' dir='ltr'><strong>Quod</strong></span> <span class='ocrx_word' id='word_1_21' title='bbox 709 657 870 710; x_wconf 90' lang='lat' dir='ltr'><strong>habet</strong></span> <span class='ocrx_word' id='word_1_22' title='bbox 911 666 1012 708; x_wconf 91' lang='lat' dir='ltr'><strong>nec</strong></span> <span class='ocrx_word' id='word_1_23' title='bbox 1046 650 1224 713; x_wconf 92' lang='lat' dir='ltr'><strong>habet,</strong></span> <span class='ocrx_word' id='word_1_24' title='bbox 1255 657 1308 702; x_wconf 92' lang='lat' dir='ltr'><strong>et</strong></span> <span class='ocrx_word' id='word_1_25' title='bbox 1341 659 1516 701; x_wconf 87' lang='lat' dir='ltr'><strong>tamen</strong></span> <span class='ocrx_word' id='word_1_26' title='bbox 1568 659 1760 699; x_wconf 90' lang='lat' dir='ltr'><strong>avarus</strong></span> <span class='ocrx_word' id='word_1_27' title='bbox 1800 653 1883 696; x_wconf 91' lang='lat' dir='ltr'><strong>est</strong></span> <span class='ocrx_word' id='word_1_28' title='bbox 1919 656 2115 695; x_wconf 75' lang='lat' dir='ltr'><strong>ca-cus.</strong></span> 
     </span>
    </p>
   </div>
   <div class='ocr_carea' id='block_1_4' title="bbox 525 734 2118 818">
    <p class='ocr_par' dir='ltr' id='par_1_4' title="bbox 525 734 2118 818">
     <span class='ocr_line' id='line_1_4' title="bbox 525 734 2118 818; baseline -0.011 -14"><span class='ocrx_word' id='word_1_29' title='bbox 525 748 742 818; x_wconf 79' lang='lat' dir='ltr'><strong>Quare?</strong></span> <span class='ocrx_word' id='word_1_30' title='bbox 763 746 896 815; x_wconf 86' lang='lat' dir='ltr'><strong>Quia</strong></span> <span class='ocrx_word' id='word_1_31' title='bbox 925 743 1096 799; x_wconf 87' lang='lat' dir='ltr'><strong>credit</strong></span> <span class='ocrx_word' id='word_1_32' title='bbox 1128 757 1187 796; x_wconf 90' lang='lat' dir='ltr'><strong>se</strong></span> <span class='ocrx_word' id='word_1_33' title='bbox 1215 740 1431 804; x_wconf 84' lang='lat' dir='ltr'><strong>habere,</strong></span> <span class='ocrx_word' id='word_1_34' title='bbox 1458 753 1650 791; x_wconf 88' lang='lat' dir='ltr'><strong>avarus</strong></span> <span class='ocrx_word' id='word_1_35' title='bbox 1678 745 1780 791; x_wconf 92' lang='lat' dir='ltr'><strong>est.</strong></span> <span class='ocrx_word' id='word_1_36' title='bbox 1801 734 1959 788; x_wconf 79' lang='lat' dir='ltr'><strong>Fides</strong></span> <span class='ocrx_word' id='word_1_37' title='bbox 1997 748 2118 787; x_wconf 91' lang='lat' dir='ltr'><strong>eum</strong></span> 
     </span>
    </p>
   </div>
   <div class='ocr_carea' id='block_1_5' title="bbox 527 823 2118 895">
    <p class='ocr_par' dir='ltr' id='par_1_5' title="bbox 527 823 2118 895">
     <span class='ocr_line' id='line_1_5' title="bbox 527 823 2118 895; baseline -0.01 0"><span class='ocrx_word' id='word_1_38' title='bbox 527 841 652 895; x_wconf 90' lang='lat' dir='ltr'><strong>facit</strong></span> <span class='ocrx_word' id='word_1_39' title='bbox 707 839 923 893; x_wconf 79' lang='lat' dir='ltr'><strong>divitem</strong></span> <span class='ocrx_word' id='word_1_40' title='bbox 981 853 995 890; x_wconf 89' lang='lat'><strong>:</strong></span> <span class='ocrx_word' id='word_1_41' title='bbox 1047 831 1320 888; x_wconf 89' lang='lat' dir='ltr'><strong>credendo</strong></span> <span class='ocrx_word' id='word_1_42' title='bbox 1365 830 1516 884; x_wconf 86' lang='lat' dir='ltr'><strong>dives</strong></span> <span class='ocrx_word' id='word_1_43' title='bbox 1539 838 1660 892; x_wconf 91' lang='lat' dir='ltr'><strong>est,</strong></span> <span class='ocrx_word' id='word_1_44' title='bbox 1715 842 1821 881; x_wconf 89' lang='lat' dir='ltr'><strong>non</strong></span> <span class='ocrx_word' id='word_1_45' title='bbox 1868 823 2118 879; x_wconf 88' lang='lat' dir='ltr'><strong>videndo.</strong></span> 
     </span>
    </p>
   </div>
   <div class='ocr_carea' id='block_1_6' title="bbox 527 915 2124 1001">
    <p class='ocr_par' dir='ltr' id='par_1_6' title="bbox 527 915 2124 1001">
     <span class='ocr_line' id='line_1_6' title="bbox 527 915 2124 1001; baseline -0.012 -13"><span class='ocrx_word' id='word_1_46' title='bbox 527 934 736 1001; x_wconf 90' lang='lat' dir='ltr'><strong>Quanto</strong></span> <span class='ocrx_word' id='word_1_47' title='bbox 767 930 956 985; x_wconf 89' lang='lat' dir='ltr'><strong>melius</strong></span> <span class='ocrx_word' id='word_1_48' title='bbox 983 926 1138 981; x_wconf 83' lang='lat' dir='ltr'><strong>fidem</strong></span> <span class='ocrx_word' id='word_1_49' title='bbox 1166 924 1426 980; x_wconf 87' lang='lat' dir='ltr'><strong>convertit</strong></span> <span class='ocrx_word' id='word_1_50' title='bbox 1457 921 1523 975; x_wconf 91' lang='lat' dir='ltr'><strong>ad</strong></span> <span class='ocrx_word' id='word_1_51' title='bbox 1558 921 1721 974; x_wconf 90' lang='lat' dir='ltr'><strong>Deum</strong></span> <span class='ocrx_word' id='word_1_52' title='bbox 1746 919 1804 972; x_wconf 75' lang='lat'><strong>‘?</strong></span> <span class='ocrx_word' id='word_1_53' title='bbox 1833 917 1946 971; x_wconf 85' lang='lat' dir='ltr'><strong>Non</strong></span> <span class='ocrx_word' id='word_1_54' title='bbox 1972 915 2124 970; x_wconf 86' lang='lat' dir='ltr'><strong>vides</strong></span> 
     </span>
    </p>
   </div>
   <div class='ocr_carea' id='block_1_7' title="bbox 528 1006 2126 1095">
    <p class='ocr_par' dir='ltr' id='par_1_7' title="bbox 528 1006 2126 1095">
     <span class='ocr_line' id='line_1_7' title="bbox 528 1006 2126 1095; baseline -0.013 -17"><span class='ocrx_word' id='word_1_55' title='bbox 528 1024 669 1095; x_wconf 93' lang='lat' dir='ltr'><strong>quod</strong></span> <span class='ocrx_word' id='word_1_56' title='bbox 703 1021 961 1094; x_wconf 84' lang='lat' dir='ltr'><strong>possides,</strong></span> <span class='ocrx_word' id='word_1_57' title='bbox 984 1029 1038 1073; x_wconf 90' lang='lat' dir='ltr'><strong>et</strong></span> <span class='ocrx_word' id='word_1_58' title='bbox 1068 1019 1233 1072; x_wconf 86' lang='lat' dir='ltr'><strong>Deum</strong></span> <span class='ocrx_word' id='word_1_59' title='bbox 1265 1015 1356 1069; x_wconf 88' lang='lat' dir='ltr'><strong>tibi</strong></span> <span class='ocrx_word' id='word_1_60' title='bbox 1387 1015 1464 1068; x_wconf 92' lang='lat' dir='ltr'><strong>sic</strong></span> <span class='ocrx_word' id='word_1_61' title='bbox 1492 1012 1740 1081; x_wconf 80' lang='lat' dir='ltr'><strong>praedico.</strong></span> <span class='ocrx_word' id='word_1_62' title='bbox 1770 1008 2014 1064; x_wconf 79' lang='lat' dir='ltr'><strong>Nondum</strong></span> <span class='ocrx_word' id='word_1_63' title='bbox 2046 1006 2126 1059; x_wconf 88' lang='lat' dir='ltr'><strong>vi-</strong></span> 
     </span>
    </p>
   </div>
   <div class='ocr_carea' id='block_1_8' title="bbox 529 1103 2123 1176">
    <p class='ocr_par' dir='ltr' id='par_1_8' title="bbox 529 1103 2123 1176">
     <span class='ocr_line' id='line_1_8' title="bbox 529 1103 2123 1176; baseline -0.015 -3"><span class='ocrx_word' id='word_1_64' title='bbox 529 1119 626 1173; x_wconf 90' lang='lat' dir='ltr'><strong>des</strong></span> <span class='ocrx_word' id='word_1_65' title='bbox 656 1135 670 1173; x_wconf 91' lang='lat'><strong>:</strong></span> <span class='ocrx_word' id='word_1_66' title='bbox 697 1130 836 1176; x_wconf 88' lang='lat' dir='ltr'><strong>ama,</strong></span> <span class='ocrx_word' id='word_1_67' title='bbox 869 1123 924 1168; x_wconf 86' lang='lat' dir='ltr'><strong>et</strong></span> <span class='ocrx_word' id='word_1_68' title='bbox 954 1111 1176 1165; x_wconf 79' lang='lat' dir='ltr'><strong>videbis.</strong></span> <span class='ocrx_word' id='word_1_69' title='bbox 1210 1110 1370 1162; x_wconf 75' lang='lat' dir='ltr'><strong>Amas</strong></span> <span class='ocrx_word' id='word_1_70' title='bbox 1392 1103 1690 1176; x_wconf 88' lang='lat' dir='ltr'><strong>pecuniam,</strong></span> <span class='ocrx_word' id='word_1_71' title='bbox 1715 1119 1747 1154; x_wconf 92' lang='grc' dir='ltr'><strong>ο</strong></span> <span class='ocrx_word' id='word_1_72' title='bbox 1775 1114 1935 1163; x_wconf 72' lang='lat' dir='ltr'><strong>czeee,</strong></span> <span class='ocrx_word' id='word_1_73' title='bbox 1963 1112 2123 1168; x_wconf 89' lang='lat' dir='ltr'><strong>quam</strong></span> 
     </span>
    </p>
   </div>
   <div class='ocr_carea' id='block_1_9' title="bbox 531 1191 2128 1279">
    <p class='ocr_par' dir='ltr' id='par_1_9' title="bbox 531 1191 2128 1279">
     <span class='ocr_line' id='line_1_9' title="bbox 531 1191 2128 1279; baseline -0.014 -16"><span class='ocrx_word' id='word_1_74' title='bbox 531 1222 802 1279; x_wconf 86' lang='lat' dir='ltr'><strong>nunquam</strong></span> <span class='ocrx_word' id='word_1_75' title='bbox 831 1203 1058 1259; x_wconf 85' lang='lat' dir='ltr'><strong>videbis.</strong></span> <span class='ocrx_word' id='word_1_76' title='bbox 1089 1202 1275 1255; x_wconf 54' lang='lat' dir='ltr'><strong>Caecus</strong></span> <span class='ocrx_word' id='word_1_77' title='bbox 1301 1195 1546 1267; x_wconf 90' lang='lat' dir='ltr'><strong>possides</strong></span> <span class='ocrx_word' id='word_1_78' title='bbox 1569 1236 1584 1260; x_wconf 94' lang='lat'><strong>,</strong></span> <span class='ocrx_word' id='word_1_79' title='bbox 1615 1207 1793 1247; x_wconf 45' lang='lat' dir='ltr'><strong>caicus</strong></span> <span class='ocrx_word' id='word_1_80' title='bbox 1832 1191 2128 1244; x_wconf 84' lang='lat' dir='ltr'><strong>moriturus</strong></span> 
     </span>
    </p>
   </div>
   <div class='ocr_carea' id='block_1_10' title="bbox 533 1281 2128 1368">
    <p class='ocr_par' dir='ltr' id='par_1_10' title="bbox 533 1281 2128 1368">
     <span class='ocr_line' id='line_1_10' title="bbox 533 1281 2128 1368; baseline -0.013 -14"><span class='ocrx_word' id='word_1_81' title='bbox 533 1315 614 1366; x_wconf 86' lang='lat' dir='ltr'><strong>es,</strong></span> <span class='ocrx_word' id='word_1_82' title='bbox 660 1297 800 1368; x_wconf 89' lang='lat' dir='ltr'><strong>quod</strong></span> <span class='ocrx_word' id='word_1_83' title='bbox 847 1294 1088 1364; x_wconf 87' lang='lat' dir='ltr'><strong>possides</strong></span> <span class='ocrx_word' id='word_1_84' title='bbox 1119 1292 1204 1346; x_wconf 91' lang='lat' dir='ltr'><strong>hic</strong></span> <span class='ocrx_word' id='word_1_85' title='bbox 1235 1289 1518 1343; x_wconf 86' lang='lat' dir='ltr'><strong>relicturus</strong></span> <span class='ocrx_word' id='word_1_86' title='bbox 1545 1301 1623 1339; x_wconf 91' lang='lat' dir='ltr'><strong>es.</strong></span> <span class='ocrx_word' id='word_1_87' title='bbox 1653 1283 1770 1338; x_wconf 80' lang='lat' dir='ltr'><strong>Non</strong></span> <span class='ocrx_word' id='word_1_88' title='bbox 1805 1281 2026 1335; x_wconf 88' lang='lat' dir='ltr'><strong>tenebas</strong></span> <span class='ocrx_word' id='word_1_89' title='bbox 2073 1289 2128 1334; x_wconf 90' lang='lat' dir='ltr'><strong>et</strong></span> 
     </span>
    </p>
   </div>
   <div class='ocr_carea' id='block_1_11' title="bbox 532 1374 2033 1461">
    <p class='ocr_par' dir='ltr' id='par_1_11' title="bbox 532 1374 2033 1461">
     <span class='ocr_line' id='line_1_11' title="bbox 532 1374 2033 1461; baseline -0.015 -16"><span class='ocrx_word' id='word_1_90' title='bbox 532 1390 744 1461; x_wconf 91' lang='lat' dir='ltr'><strong>quando</strong></span> <span class='ocrx_word' id='word_1_91' title='bbox 766 1388 980 1442; x_wconf 83' lang='lat' dir='ltr'><strong>vivebas</strong></span> <span class='ocrx_word' id='word_1_92' title='bbox 1001 1387 1053 1449; x_wconf 76' lang='grc' dir='ltr'><strong>’ς</strong></span> <span class='ocrx_word' id='word_1_93' title='bbox 1082 1383 1204 1453; x_wconf 71' lang='lat' dir='ltr'><strong>‘luia</strong></span> <span class='ocrx_word' id='word_1_94' title='bbox 1233 1397 1338 1435; x_wconf 90' lang='lat' dir='ltr'><strong>non</strong></span> <span class='ocrx_word' id='word_1_95' title='bbox 1364 1379 1577 1433; x_wconf 84' lang='lat' dir='ltr'><strong>videbas</strong></span> <span class='ocrx_word' id='word_1_96' title='bbox 1610 1375 1752 1445; x_wconf 89' lang='lat' dir='ltr'><strong>quod</strong></span> <span class='ocrx_word' id='word_1_97' title='bbox 1780 1374 2033 1427; x_wconf 90' lang='lat' dir='ltr'><strong>habebas.</strong></span> 
     </span>
    </p>
   </div>
   <div class='ocr_carea' id='block_1_12' title="bbox 605 1463 2129 1545">
    <p class='ocr_par' dir='ltr' id='par_1_12' title="bbox 605 1463 2129 1545">
     <span class='ocr_line' id='line_1_12' title="bbox 605 1463 2129 1545; baseline -0.012 -11"><span class='ocrx_word' id='word_1_98' title='bbox 605 1481 694 1534; x_wconf 78' lang='grc'><strong>11.</strong></span> <span class='ocrx_word' id='word_1_99' title='bbox 722 1479 795 1532; x_wconf 89' lang='lat' dir='ltr'><strong>De</strong></span> <span class='ocrx_word' id='word_1_100' title='bbox 845 1478 952 1531; x_wconf 87' lang='lat' dir='ltr'><strong>Deo</strong></span> <span class='ocrx_word' id='word_1_101' title='bbox 995 1474 1118 1545; x_wconf 87' lang='lat' dir='ltr'><strong>quid</strong></span> <span class='ocrx_word' id='word_1_102' title='bbox 1165 1472 1256 1526; x_wconf 87' lang='lat' dir='ltr'><strong>tibi</strong></span> <span class='ocrx_word' id='word_1_103' title='bbox 1284 1470 1515 1525; x_wconf 85' lang='lat' dir='ltr'><strong>dicitur?</strong></span> <span class='ocrx_word' id='word_1_104' title='bbox 1563 1468 1698 1521; x_wconf 80' lang='lat' dir='ltr'><strong>Ecce</strong></span> <span class='ocrx_word' id='word_1_105' title='bbox 1744 1465 1955 1517; x_wconf 92' lang='lat' dir='ltr'><strong>hoctihi</strong></span> <span class='ocrx_word' id='word_1_106' title='bbox 1999 1463 2129 1517; x_wconf 89' lang='lat' dir='ltr'><strong>dicit</strong></span> 
     </span>
    </p>
   </div>
   <div class='ocr_carea' id='block_1_13' title="bbox 535 1553 2125 1641">
    <p class='ocr_par' dir='ltr' id='par_1_13' title="bbox 535 1553 2125 1641">
     <span class='ocr_line' id='line_1_13' title="bbox 535 1553 2125 1641; baseline -0.01 -17"><span class='ocrx_word' id='word_1_107' title='bbox 535 1570 648 1641; x_wconf 85' lang='lat' dir='ltr'><strong>ipsa</strong></span> <span class='ocrx_word' id='word_1_108' title='bbox 679 1568 984 1637; x_wconf 83' lang='lat' dir='ltr'><strong>Sapientia:</strong></span> <span class='ocrx_word' id='word_1_109' title='bbox 1019 1567 1151 1619; x_wconf 85' lang='lat' dir='ltr'><strong>Ama</strong></span> <span class='ocrx_word' id='word_1_110' title='bbox 1183 1563 1331 1616; x_wconf 91' lang='lat' dir='ltr'><strong>illum</strong></span> <span class='ocrx_word' id='word_1_111' title='bbox 1359 1571 1598 1628; x_wconf 83' lang='lat' dir='ltr'><strong>tanquam</strong></span> <span class='ocrx_word' id='word_1_112' title='bbox 1638 1556 1901 1627; x_wconf 82' lang='lat' dir='ltr'><strong>pecuniam</strong></span> <span class='ocrx_word' id='word_1_113' title='bbox 1942 1553 2125 1619; x_wconf 85' lang='lat' dir='ltr'><strong>(Prov.</strong></span> 
     </span>
    </p>
   </div>
   <div class='ocr_carea' id='block_1_14' title="bbox 537 1646 2131 1732">
    <p class='ocr_par' dir='ltr' id='par_1_14' title="bbox 537 1646 2131 1732">
     <span class='ocr_line' id='line_1_14' title="bbox 537 1646 2131 1732; baseline -0.011 -15"><span class='ocrx_word' id='word_1_114' title='bbox 537 1680 603 1729; x_wconf 80' lang='grc' dir='ltr'><strong>ιι,</strong></span> <span class='ocrx_word' id='word_1_115' title='bbox 634 1663 708 1732; x_wconf 74' lang='grc'><strong>4).</strong></span> <span class='ocrx_word' id='word_1_116' title='bbox 742 1661 1015 1730; x_wconf 87' lang='lat' dir='ltr'><strong>lndignum</strong></span> <span class='ocrx_word' id='word_1_117' title='bbox 1043 1666 1154 1722; x_wconf 90' lang='lat' dir='ltr'><strong>est,</strong></span> <span class='ocrx_word' id='word_1_118' title='bbox 1185 1655 1496 1724; x_wconf 83' lang='lat' dir='ltr'><strong>iujuriosum</strong></span> <span class='ocrx_word' id='word_1_119' title='bbox 1524 1660 1607 1704; x_wconf 90' lang='lat' dir='ltr'><strong>est</strong></span> <span class='ocrx_word' id='word_1_120' title='bbox 1626 1691 1640 1711; x_wconf 93' lang='lat'><strong>,</strong></span> <span class='ocrx_word' id='word_1_121' title='bbox 1671 1660 1726 1702; x_wconf 93' lang='lat' dir='ltr'><strong>ut</strong></span> <span class='ocrx_word' id='word_1_122' title='bbox 1751 1646 2008 1716; x_wconf 80' lang='lat' dir='ltr'><strong>sapientia</strong></span> <span class='ocrx_word' id='word_1_123' title='bbox 2037 1661 2131 1715; x_wconf 80' lang='lat' dir='ltr'><strong>pe-</strong></span> 
     </span>
    </p>
   </div>
   <div class='ocr_carea' id='block_1_15' title="bbox 535 1741 2126 1820">
    <p class='ocr_par' dir='ltr' id='par_1_15' title="bbox 535 1741 2126 1820">
     <span class='ocr_line' id='line_1_15' title="bbox 535 1741 2126 1820; baseline -0.012 -10"><span class='ocrx_word' id='word_1_124' title='bbox 535 1756 707 1810; x_wconf 75' lang='lat' dir='ltr'><strong>cuni-.e</strong></span> <span class='ocrx_word' id='word_1_125' title='bbox 747 1757 1090 1820; x_wconf 80' lang='lat' dir='ltr'><strong>comparetur</strong></span> <span class='ocrx_word' id='word_1_126' title='bbox 1137 1765 1151 1802; x_wconf 90' lang='lat'><strong>:</strong></span> <span class='ocrx_word' id='word_1_127' title='bbox 1196 1745 1289 1801; x_wconf 92' lang='lat' dir='ltr'><strong>sed</strong></span> <span class='ocrx_word' id='word_1_128' title='bbox 1351 1759 1503 1797; x_wconf 90' lang='lat' dir='ltr'><strong>amor</strong></span> <span class='ocrx_word' id='word_1_129' title='bbox 1545 1741 1716 1796; x_wconf 87' lang='lat' dir='ltr'><strong>amori</strong></span> <span class='ocrx_word' id='word_1_130' title='bbox 1767 1749 2126 1808; x_wconf 77' lang='lat' dir='ltr'><strong>comparatur.</strong></span> 
     </span>
    </p>
   </div>
   <div class='ocr_carea' id='block_1_16' title="bbox 537 1830 2131 1904">
    <p class='ocr_par' dir='ltr' id='par_1_16' title="bbox 537 1830 2131 1904">
     <span class='ocr_line' id='line_1_16' title="bbox 537 1830 2131 1904; baseline -0.011 -3"><span class='ocrx_word' id='word_1_131' title='bbox 537 1847 706 1901; x_wconf 90' lang='lat' dir='ltr'><strong>Video</strong></span> <span class='ocrx_word' id='word_1_132' title='bbox 731 1845 870 1899; x_wconf 90' lang='lat' dir='ltr'><strong>enim</strong></span> <span class='ocrx_word' id='word_1_133' title='bbox 900 1843 985 1896; x_wconf 92' lang='lat' dir='ltr'><strong>hic</strong></span> <span class='ocrx_word' id='word_1_134' title='bbox 1010 1855 1106 1894; x_wconf 92' lang='lat' dir='ltr'><strong>vos</strong></span> <span class='ocrx_word' id='word_1_135' title='bbox 1143 1840 1220 1893; x_wconf 91' lang='lat' dir='ltr'><strong>sic</strong></span> <span class='ocrx_word' id='word_1_136' title='bbox 1263 1852 1443 1890; x_wconf 85' lang='lat' dir='ltr'><strong>amare</strong></span> <span class='ocrx_word' id='word_1_137' title='bbox 1482 1835 1763 1904; x_wconf 83' lang='lat' dir='ltr'><strong>pecuniam</strong></span> <span class='ocrx_word' id='word_1_138' title='bbox 1785 1873 1800 1896; x_wconf 93' lang='lat'><strong>,</strong></span> <span class='ocrx_word' id='word_1_139' title='bbox 1830 1844 1887 1884; x_wconf 91' lang='lat' dir='ltr'><strong>ut</strong></span> <span class='ocrx_word' id='word_1_140' title='bbox 1909 1830 2131 1900; x_wconf 90' lang='lat' dir='ltr'><strong>jubente</strong></span> 
     </span>
    </p>
   </div>
   <div class='ocr_carea' id='block_1_17' title="bbox 536 1923 2128 2004">
    <p class='ocr_par' dir='ltr' id='par_1_17' title="bbox 536 1923 2128 2004">
     <span class='ocr_line' id='line_1_17' title="bbox 536 1923 2128 2004; baseline -0.011 -13"><span class='ocrx_word' id='word_1_141' title='bbox 536 1953 719 1991; x_wconf 88' lang='lat' dir='ltr'><strong>amore</strong></span> <span class='ocrx_word' id='word_1_142' title='bbox 745 1934 983 2004; x_wconf 71' lang='lat' dir='ltr'><strong>pecunia:</strong></span> <span class='ocrx_word' id='word_1_143' title='bbox 1026 1932 1238 1986; x_wconf 84' lang='lat' dir='ltr'><strong>labores</strong></span> <span class='ocrx_word' id='word_1_144' title='bbox 1267 1925 1571 1996; x_wconf 81' lang='lat' dir='ltr'><strong>suscipiatis</strong></span> <span class='ocrx_word' id='word_1_145' title='bbox 1591 1968 1604 1989; x_wconf 88' lang='lat'><strong>,</strong></span> <span class='ocrx_word' id='word_1_146' title='bbox 1627 1925 1826 1993; x_wconf 87' lang='lat' dir='ltr'><strong>jejunia</strong></span> <span class='ocrx_word' id='word_1_147' title='bbox 1857 1923 2094 1976; x_wconf 88' lang='lat' dir='ltr'><strong>toleretis</strong></span> <span class='ocrx_word' id='word_1_148' title='bbox 2112 1962 2128 1988; x_wconf 93' lang='lat'><strong>,</strong></span> 
     </span>
    </p>
   </div>
   <div class='ocr_carea' id='block_1_18' title="bbox 538 2015 2128 2090">
    <p class='ocr_par' dir='ltr' id='par_1_18' title="bbox 538 2015 2128 2090">
     <span class='ocr_line' id='line_1_18' title="bbox 538 2015 2128 2090; baseline -0.011 -6"><span class='ocrx_word' id='word_1_149' title='bbox 538 2045 688 2084; x_wconf 87' lang='lat' dir='ltr'><strong>mare</strong></span> <span class='ocrx_word' id='word_1_150' title='bbox 727 2027 1043 2090; x_wconf 90' lang='lat' dir='ltr'><strong>transeatis,</strong></span> <span class='ocrx_word' id='word_1_151' title='bbox 1077 2025 1250 2080; x_wconf 87' lang='lat' dir='ltr'><strong>ventis</strong></span> <span class='ocrx_word' id='word_1_152' title='bbox 1278 2033 1327 2076; x_wconf 92' lang='lat' dir='ltr'><strong>et</strong></span> <span class='ocrx_word' id='word_1_153' title='bbox 1357 2019 1604 2074; x_wconf 82' lang='lat' dir='ltr'><strong>ﬂuctibus</strong></span> <span class='ocrx_word' id='word_1_154' title='bbox 1646 2032 1738 2070; x_wconf 89' lang='lat' dir='ltr'><strong>vos</strong></span> <span class='ocrx_word' id='word_1_155' title='bbox 1767 2015 2128 2070; x_wconf 87' lang='lat' dir='ltr'><strong>conimittatis.</strong></span> 
     </span>
    </p>
   </div>
   <div class='ocr_carea' id='block_1_19' title="bbox 538 2106 2134 2188">
    <p class='ocr_par' dir='ltr' id='par_1_19' title="bbox 538 2106 2134 2188">
     <span class='ocr_line' id='line_1_19' title="bbox 538 2106 2134 2188; baseline -0.009 -11"><span class='ocrx_word' id='word_1_156' title='bbox 538 2123 722 2177; x_wconf 80' lang='lat' dir='ltr'><strong>Habeo</strong></span> <span class='ocrx_word' id='word_1_157' title='bbox 764 2119 904 2174; x_wconf 90' lang='lat' dir='ltr'><strong>unde</strong></span> <span class='ocrx_word' id='word_1_158' title='bbox 964 2120 1156 2188; x_wconf 79' lang='lat' dir='ltr'><strong>eligam</strong></span> <span class='ocrx_word' id='word_1_159' title='bbox 1201 2115 1341 2186; x_wconf 91' lang='lat' dir='ltr'><strong>quod</strong></span> <span class='ocrx_word' id='word_1_160' title='bbox 1389 2113 1612 2176; x_wconf 87' lang='lat' dir='ltr'><strong>ametis,</strong></span> <span class='ocrx_word' id='word_1_161' title='bbox 1659 2109 1753 2164; x_wconf 89' lang='lat' dir='ltr'><strong>sed</strong></span> <span class='ocrx_word' id='word_1_162' title='bbox 1801 2125 1906 2163; x_wconf 87' lang='lat' dir='ltr'><strong>non</strong></span> <span class='ocrx_word' id='word_1_163' title='bbox 1962 2106 2134 2162; x_wconf 87' lang='lat' dir='ltr'><strong>habeo</strong></span> 
     </span>
    </p>
   </div>
   <div class='ocr_carea' id='block_1_20' title="bbox 540 2202 2130 2284">
    <p class='ocr_par' dir='ltr' id='par_1_20' title="bbox 540 2202 2130 2284">
     <span class='ocr_line' id='line_1_20' title="bbox 540 2202 2130 2284; baseline -0.008 -19"><span class='ocrx_word' id='word_1_164' title='bbox 540 2213 681 2284; x_wconf 89' lang='lat' dir='ltr'><strong>quod</strong></span> <span class='ocrx_word' id='word_1_165' title='bbox 709 2211 900 2266; x_wconf 90' lang='lat' dir='ltr'><strong>addam</strong></span> <span class='ocrx_word' id='word_1_166' title='bbox 927 2210 991 2263; x_wconf 87' lang='lat' dir='ltr'><strong>ad</strong></span> <span class='ocrx_word' id='word_1_167' title='bbox 1019 2223 1258 2262; x_wconf 89' lang='lat' dir='ltr'><strong>amorem</strong></span> <span class='ocrx_word' id='word_1_168' title='bbox 1296 2222 1401 2275; x_wconf 87' lang='lat' dir='ltr'><strong>quo</strong></span> <span class='ocrx_word' id='word_1_169' title='bbox 1427 2205 1636 2256; x_wconf 91' lang='lat' dir='ltr'><strong>amatis.</strong></span> <span class='ocrx_word' id='word_1_170' title='bbox 1667 2202 1756 2255; x_wconf 81' lang='lat' dir='ltr'><strong>Sic</strong></span> <span class='ocrx_word' id='word_1_171' title='bbox 1801 2216 1887 2254; x_wconf 87' lang='lat' dir='ltr'><strong>me</strong></span> <span class='ocrx_word' id='word_1_172' title='bbox 1917 2213 2091 2254; x_wconf 90' lang='lat' dir='ltr'><strong>amate</strong></span> <span class='ocrx_word' id='word_1_173' title='bbox 2113 2240 2130 2266; x_wconf 91' lang='lat'><strong>,</strong></span> 
     </span>
    </p>
   </div>
   <div class='ocr_carea' id='block_1_21' title="bbox 539 2293 2132 2376">
    <p class='ocr_par' dir='ltr' id='par_1_21' title="bbox 539 2293 2132 2376">
     <span class='ocr_line' id='line_1_21' title="bbox 539 2293 2132 2376; baseline -0.009 -18"><span class='ocrx_word' id='word_1_174' title='bbox 539 2306 660 2376; x_wconf 88' lang='lat' dir='ltr'><strong>plus</strong></span> <span class='ocrx_word' id='word_1_175' title='bbox 690 2305 813 2358; x_wconf 89' lang='lat' dir='ltr'><strong>uolo</strong></span> <span class='ocrx_word' id='word_1_176' title='bbox 836 2319 922 2357; x_wconf 89' lang='lat' dir='ltr'><strong>me</strong></span> <span class='ocrx_word' id='word_1_177' title='bbox 948 2301 1145 2365; x_wconf 92' lang='lat' dir='ltr'><strong>amari,</strong></span> <span class='ocrx_word' id='word_1_178' title='bbox 1173 2301 1245 2353; x_wconf 87' lang='lat' dir='ltr'><strong>ait</strong></span> <span class='ocrx_word' id='word_1_179' title='bbox 1274 2299 1428 2352; x_wconf 88' lang='lat' dir='ltr'><strong>Deus.</strong></span> <span class='ocrx_word' id='word_1_180' title='bbox 1457 2293 1716 2364; x_wconf 89' lang='lat' dir='ltr'><strong>lmprobis</strong></span> <span class='ocrx_word' id='word_1_181' title='bbox 1747 2293 1937 2361; x_wconf 81' lang='lat' dir='ltr'><strong>loquor</strong></span> <span class='ocrx_word' id='word_1_182' title='bbox 1962 2333 1976 2353; x_wconf 94' lang='lat'><strong>,</strong></span> <span class='ocrx_word' id='word_1_183' title='bbox 2003 2305 2132 2344; x_wconf 86' lang='lat' dir='ltr'><strong>ava-</strong></span> 
     </span>
    </p>
   </div>
   <div class='ocr_carea' id='block_1_22' title="bbox 540 2382 2129 2464">
    <p class='ocr_par' dir='ltr' id='par_1_22' title="bbox 540 2382 2129 2464">
     <span class='ocr_line' id='line_1_22' title="bbox 540 2382 2129 2464; baseline -0.008 -15"><span class='ocrx_word' id='word_1_184' title='bbox 540 2396 614 2449; x_wconf 91' lang='lat' dir='ltr'><strong>ris</strong></span> <span class='ocrx_word' id='word_1_185' title='bbox 663 2395 852 2464; x_wconf 90' lang='lat' dir='ltr'><strong>loquor</strong></span> <span class='ocrx_word' id='word_1_186' title='bbox 881 2411 894 2446; x_wconf 92' lang='lat'><strong>:</strong></span> <span class='ocrx_word' id='word_1_187' title='bbox 929 2391 1214 2446; x_wconf 78' lang='lat' dir='ltr'><strong>Pecuniam</strong></span> <span class='ocrx_word' id='word_1_188' title='bbox 1257 2389 1506 2458; x_wconf 78' lang='lat' dir='ltr'><strong>diligitis,</strong></span> <span class='ocrx_word' id='word_1_189' title='bbox 1541 2396 1744 2440; x_wconf 90' lang='lat' dir='ltr'><strong>tantum</strong></span> <span class='ocrx_word' id='word_1_190' title='bbox 1791 2399 1875 2437; x_wconf 90' lang='lat' dir='ltr'><strong>me</strong></span> <span class='ocrx_word' id='word_1_191' title='bbox 1904 2382 2129 2451; x_wconf 87' lang='lat' dir='ltr'><strong>diligite.</strong></span> 
     </span>
    </p>
   </div>
   <div class='ocr_carea' id='block_1_23' title="bbox 539 2475 2134 2549">
    <p class='ocr_par' dir='ltr' id='par_1_23' title="bbox 539 2475 2134 2549">
     <span class='ocr_line' id='line_1_23' title="bbox 539 2475 2134 2549; baseline -0.008 -8"><span class='ocrx_word' id='word_1_192' title='bbox 539 2488 696 2541; x_wconf 91' lang='lat' dir='ltr'><strong>Certe</strong></span> <span class='ocrx_word' id='word_1_193' title='bbox 743 2485 933 2540; x_wconf 80' lang='lat' dir='ltr'><strong>melior</strong></span> <span class='ocrx_word' id='word_1_194' title='bbox 971 2498 1089 2538; x_wconf 90' lang='lat' dir='ltr'><strong>sum</strong></span> <span class='ocrx_word' id='word_1_195' title='bbox 1129 2480 1616 2549; x_wconf 78' lang='lat' dir='ltr'><strong>incomparabiliter</strong></span> <span class='ocrx_word' id='word_1_196' title='bbox 1663 2496 1675 2532; x_wconf 91' lang='lat'>:</span> <span class='ocrx_word' id='word_1_197' title='bbox 1725 2477 1850 2530; x_wconf 80' lang='lat' dir='ltr'><strong>nolo</strong></span> <span class='ocrx_word' id='word_1_198' title='bbox 1895 2490 1924 2529; x_wconf 88' lang='lat' dir='ltr'><strong>a</strong></span> <span class='ocrx_word' id='word_1_199' title='bbox 1979 2475 2134 2529; x_wconf 90' lang='lat' dir='ltr'><strong>vobis</strong></span> 
     </span>
    </p>
   </div>
   <div class='ocr_carea' id='block_1_24' title="bbox 541 2567 2132 2650">
    <p class='ocr_par' dir='ltr' id='par_1_24' title="bbox 541 2567 2132 2650">
     <span class='ocr_line' id='line_1_24' title="bbox 541 2567 2132 2650; baseline -0.009 -17"><span class='ocrx_word' id='word_1_200' title='bbox 541 2579 860 2650; x_wconf 87' lang='lat' dir='ltr'><strong>ampliorem</strong></span> <span class='ocrx_word' id='word_1_201' title='bbox 925 2589 1198 2638; x_wconf 88' lang='lat' dir='ltr'><strong>amorem;</strong></span> <span class='ocrx_word' id='word_1_202' title='bbox 1242 2581 1496 2642; x_wconf 91' lang='lat' dir='ltr'><strong>quantum</strong></span> <span class='ocrx_word' id='word_1_203' title='bbox 1546 2569 1764 2640; x_wconf 75' lang='lat' dir='ltr'><strong>diligitis</strong></span> <span class='ocrx_word' id='word_1_204' title='bbox 1816 2567 2132 2637; x_wconf 89' lang='lat' dir='ltr'><strong>pecuniam,</strong></span> 
     </span>
    </p>
   </div>
   <div class='ocr_carea' id='block_1_25' title="bbox 543 2659 2134 2726">
    <p class='ocr_par' dir='ltr' id='par_1_25' title="bbox 543 2659 2134 2726">
     <span class='ocr_line' id='line_1_25' title="bbox 543 2659 2134 2726; baseline -0.009 0"><span class='ocrx_word' id='word_1_205' title='bbox 543 2680 742 2726; x_wconf 91' lang='lat' dir='ltr'><strong>tantum</strong></span> <span class='ocrx_word' id='word_1_206' title='bbox 788 2685 874 2724; x_wconf 90' lang='lat' dir='ltr'><strong>me</strong></span> <span class='ocrx_word' id='word_1_207' title='bbox 919 2677 1112 2722; x_wconf 90' lang='lat' dir='ltr'><strong>amate.</strong></span> <span class='ocrx_word' id='word_1_208' title='bbox 1166 2665 1557 2720; x_wconf 87' lang='lat' dir='ltr'><strong>Erubescamus</strong></span> <span class='ocrx_word' id='word_1_209' title='bbox 1605 2663 1826 2724; x_wconf 81' lang='lat' dir='ltr'><strong>Saltem,</strong></span> <span class='ocrx_word' id='word_1_210' title='bbox 1875 2659 2134 2713; x_wconf 85' lang='lat' dir='ltr'><strong>confitea-</strong></span> 
     </span>
    </p>
   </div>
   <div class='ocr_carea' id='block_1_26' title="bbox 542 2756 2133 2830">
    <p class='ocr_par' dir='ltr' id='par_1_26' title="bbox 542 2756 2133 2830">
     <span class='ocr_line' id='line_1_26' title="bbox 542 2756 2133 2830; baseline -0.009 -14"><span class='ocrx_word' id='word_1_211' title='bbox 542 2779 698 2828; x_wconf 76' lang='lat' dir='ltr'><strong>ntur,</strong></span> <span class='ocrx_word' id='word_1_212' title='bbox 732 2771 786 2816; x_wconf 90' lang='lat' dir='ltr'><strong>et</strong></span> <span class='ocrx_word' id='word_1_213' title='bbox 839 2770 1051 2830; x_wconf 81' lang='lat' dir='ltr'><strong>pectora</strong></span> <span class='ocrx_word' id='word_1_214' title='bbox 1105 2756 1422 2820; x_wconf 85' lang='lat' dir='ltr'><strong>tundamus,</strong></span> <span class='ocrx_word' id='word_1_215' title='bbox 1466 2769 1571 2807; x_wconf 93' lang='lat' dir='ltr'><strong>non</strong></span> <span class='ocrx_word' id='word_1_216' title='bbox 1614 2762 1669 2806; x_wconf 91' lang='lat' dir='ltr'><strong>ut</strong></span> <span class='ocrx_word' id='word_1_217' title='bbox 1713 2767 1876 2820; x_wconf 89' lang='lat' dir='ltr'><strong>super</strong></span> <span class='ocrx_word' id='word_1_218' title='bbox 1921 2758 2133 2819; x_wconf 86' lang='lat' dir='ltr'><strong>peccata</strong></span> 
     </span>
    </p>
   </div>
   <div class='ocr_carea' id='block_1_27' title="bbox 541 2840 2136 2921">
    <p class='ocr_par' dir='ltr' id='par_1_27' title="bbox 541 2840 2136 2921">
     <span class='ocr_line' id='line_1_27' title="bbox 541 2840 2136 2921; baseline -0.009 -15"><span class='ocrx_word' id='word_1_219' title='bbox 541 2863 723 2907; x_wconf 84' lang='lat' dir='ltr'><strong>nostra</strong></span> <span class='ocrx_word' id='word_1_220' title='bbox 772 2851 1132 2921; x_wconf 75' lang='lat' dir='ltr'><strong>pavimentum</strong></span> <span class='ocrx_word' id='word_1_221' title='bbox 1176 2845 1485 2900; x_wconf 88' lang='lat' dir='ltr'><strong>solidemus.</strong></span> <span class='ocrx_word' id='word_1_222' title='bbox 1531 2843 1663 2897; x_wconf 87' lang='lat' dir='ltr'><strong>Nam</strong></span> <span class='ocrx_word' id='word_1_223' title='bbox 1707 2841 1799 2911; x_wconf 91' lang='lat' dir='ltr'><strong>qui</strong></span> <span class='ocrx_word' id='word_1_224' title='bbox 1830 2840 2002 2895; x_wconf 92' lang='lat' dir='ltr'><strong>tundit</strong></span> <span class='ocrx_word' id='word_1_225' title='bbox 2038 2855 2136 2908; x_wconf 84' lang='lat' dir='ltr'><strong>pe-</strong></span> 
     </span>
    </p>
   </div>
   <div class='ocr_carea' id='block_1_28' title="bbox 540 2929 2132 3010">
    <p class='ocr_par' dir='ltr' id='par_1_28' title="bbox 540 2929 2132 3010">
     <span class='ocr_line' id='line_1_28' title="bbox 540 2929 2132 3010; baseline -0.009 -12"><span class='ocrx_word' id='word_1_226' title='bbox 540 2957 658 2999; x_wconf 89' lang='lat' dir='ltr'><strong>ctus</strong></span> <span class='ocrx_word' id='word_1_227' title='bbox 699 2954 754 2999; x_wconf 93' lang='lat' dir='ltr'><strong>et</strong></span> <span class='ocrx_word' id='word_1_228' title='bbox 798 2959 902 2997; x_wconf 92' lang='lat' dir='ltr'><strong>non</strong></span> <span class='ocrx_word' id='word_1_229' title='bbox 950 2941 1270 3010; x_wconf 80' lang='lat' dir='ltr'><strong>corrigitur,</strong></span> <span class='ocrx_word' id='word_1_230' title='bbox 1317 2937 1506 2990; x_wconf 82' lang='lat' dir='ltr'><strong>solidat</strong></span> <span class='ocrx_word' id='word_1_231' title='bbox 1542 2944 1791 3002; x_wconf 73' lang='lat' dir='ltr'><strong>peccata,</strong></span> <span class='ocrx_word' id='word_1_232' title='bbox 1823 2947 1930 2985; x_wconf 90' lang='lat' dir='ltr'><strong>non</strong></span> <span class='ocrx_word' id='word_1_233' title='bbox 1979 2929 2132 2985; x_wconf 91' lang='lat' dir='ltr'><strong>tollit.</strong></span> 
     </span>
    </p>
   </div>
   <div class='ocr_carea' id='block_1_29' title="bbox 540 3024 2137 3104">
    <p class='ocr_par' dir='ltr' id='par_1_29' title="bbox 540 3024 2137 3104">
     <span class='ocr_line' id='line_1_29' title="bbox 540 3024 2137 3104; baseline -0.01 -12"><span class='ocrx_word' id='word_1_234' title='bbox 540 3036 855 3092; x_wconf 88' lang='lat' dir='ltr'><strong>Tundamus</strong></span> <span class='ocrx_word' id='word_1_235' title='bbox 901 3043 1114 3104; x_wconf 91' lang='lat' dir='ltr'><strong>pectus,</strong></span> <span class='ocrx_word' id='word_1_236' title='bbox 1162 3039 1216 3084; x_wconf 90' lang='lat' dir='ltr'><strong>ct</strong></span> <span class='ocrx_word' id='word_1_237' title='bbox 1257 3029 1527 3083; x_wconf 70' lang='lat' dir='ltr'><strong>cmdamus</strong></span> <span class='ocrx_word' id='word_1_238' title='bbox 1564 3039 1697 3090; x_wconf 91' lang='lat' dir='ltr'><strong>nos,</strong></span> <span class='ocrx_word' id='word_1_239' title='bbox 1727 3035 1780 3078; x_wconf 89' lang='lat' dir='ltr'><strong>et</strong></span> <span class='ocrx_word' id='word_1_240' title='bbox 1806 3024 2137 3093; x_wconf 90' lang='lat' dir='ltr'><strong>corrigamur</strong></span> 
     </span>
    </p>
   </div>
   <div class='ocr_carea' id='block_1_30' title="bbox 541 3117 2134 3193">
    <p class='ocr_par' dir='ltr' id='par_1_30' title="bbox 541 3117 2134 3193">
     <span class='ocr_line' id='line_1_30' title="bbox 541 3117 2134 3193; baseline -0.009 -10"><span class='ocrx_word' id='word_1_241' title='bbox 541 3145 572 3184; x_wconf 87' lang='lat' dir='ltr'><strong>a</strong></span> <span class='ocrx_word' id='word_1_242' title='bbox 597 3129 780 3193; x_wconf 90' lang='lat' dir='ltr'><strong>nobis,</strong></span> <span class='ocrx_word' id='word_1_243' title='bbox 809 3141 876 3180; x_wconf 91' lang='lat' dir='ltr'><strong>ne</strong></span> <span class='ocrx_word' id='word_1_244' title='bbox 922 3125 1011 3178; x_wconf 91' lang='lat' dir='ltr'><strong>ille</strong></span> <span class='ocrx_word' id='word_1_245' title='bbox 1042 3135 1220 3192; x_wconf 82' lang='lat' dir='ltr'><strong>postca</strong></span> <span class='ocrx_word' id='word_1_246' title='bbox 1250 3136 1347 3174; x_wconf 91' lang='lat' dir='ltr'><strong>nos</strong></span> <span class='ocrx_word' id='word_1_247' title='bbox 1391 3119 1564 3174; x_wconf 64' lang='lat' dir='ltr'><strong>cit-dat</strong></span> <span class='ocrx_word' id='word_1_248' title='bbox 1583 3160 1596 3181; x_wconf 94' lang='lat'><strong>,</strong></span> <span class='ocrx_word' id='word_1_249' title='bbox 1625 3117 1713 3186; x_wconf 88' lang='lat' dir='ltr'><strong>qui</strong></span> <span class='ocrx_word' id='word_1_250' title='bbox 1757 3117 2010 3186; x_wconf 80' lang='lat' dir='ltr'><strong>magister</strong></span> <span class='ocrx_word' id='word_1_251' title='bbox 2031 3124 2134 3169; x_wconf 90' lang='lat' dir='ltr'><strong>est.</strong></span> 
     </span>
    </p>
   </div>
   <div class='ocr_carea' id='block_1_31' title="bbox 543 3208 2136 3288">
    <p class='ocr_par' dir='ltr' id='par_1_31' title="bbox 543 3208 2136 3288">
     <span class='ocr_line' id='line_1_31' title="bbox 543 3208 2136 3288; baseline -0.009 -12"><span class='ocrx_word' id='word_1_252' title='bbox 543 3222 791 3277; x_wconf 80' lang='lat' dir='ltr'><strong>Diximus</strong></span> <span class='ocrx_word' id='word_1_253' title='bbox 815 3219 958 3275; x_wconf 91' lang='lat' dir='ltr'><strong>enim</strong></span> <span class='ocrx_word' id='word_1_254' title='bbox 989 3216 1113 3288; x_wconf 92' lang='lat' dir='ltr'><strong>quid</strong></span> <span class='ocrx_word' id='word_1_255' title='bbox 1155 3216 1241 3268; x_wconf 91' lang='lat' dir='ltr'><strong>hic</strong></span> <span class='ocrx_word' id='word_1_256' title='bbox 1283 3213 1522 3267; x_wconf 89' lang='lat' dir='ltr'><strong>discatur</strong></span> <span class='ocrx_word' id='word_1_257' title='bbox 1553 3227 1567 3262; x_wconf 89' lang='lat'><strong>:</strong></span> <span class='ocrx_word' id='word_1_258' title='bbox 1596 3210 1704 3279; x_wconf 84' lang='lat' dir='ltr'><strong>jam</strong></span> <span class='ocrx_word' id='word_1_259' title='bbox 1751 3223 1917 3278; x_wconf 91' lang='lat' dir='ltr'><strong>quare</strong></span> <span class='ocrx_word' id='word_1_260' title='bbox 1963 3208 2136 3262; x_wconf 84' lang='lat' dir='ltr'><strong>disca-</strong></span> 
     </span>
    </p>
   </div>
   <div class='ocr_carea' id='block_1_32' title="bbox 545 3311 699 3367">
    <p class='ocr_par' dir='ltr' id='par_1_32' title="bbox 545 3311 699 3367">
     <span class='ocr_line' id='line_1_32' title="bbox 545 3311 699 3367; baseline -0.019 0"><span class='ocrx_word' id='word_1_261' title='bbox 545 3323 633 3367; x_wconf 91' lang='lat' dir='ltr'><strong>tur</strong></span> <span class='ocrx_word' id='word_1_262' title='bbox 658 3311 699 3364; x_wconf 85' lang='grc'><strong>³.</strong></span> 
     </span>
    </p>
   </div>
   <div class='ocr_carea' id='block_1_33' title="bbox 613 3393 2138 3460">
    <p class='ocr_par' dir='ltr' id='par_1_33' title="bbox 613 3393 2138 3460">
     <span class='ocr_line' id='line_1_33' title="bbox 613 3393 2138 3460; baseline -0.01 -1"><span class='ocrx_word' id='word_1_263' title='bbox 613 3401 840 3458; x_wconf 77' lang='lat' dir='ltr'><strong>CAPUT</strong></span> <span class='ocrx_word' id='word_1_264' title='bbox 879 3400 970 3455; x_wconf 85' lang='lat' dir='ltr'><strong>Xl.</strong></span> <span class='ocrx_word' id='word_1_265' title='bbox 1012 3427 1084 3439; x_wconf 92' lang='lat'>—</span> <span class='ocrx_word' id='word_1_266' title='bbox 1133 3397 1220 3452; x_wconf 68' lang='grc'><strong>12.</strong></span> <span class='ocrx_word' id='word_1_267' title='bbox 1277 3395 1480 3448; x_wconf 80' lang='lat' dir='ltr'><strong>Discere</strong></span> <span class='ocrx_word' id='word_1_268' title='bbox 1516 3395 1710 3448; x_wconf 84' lang='lat' dir='ltr'><strong>litteras</strong></span> <span class='ocrx_word' id='word_1_269' title='bbox 1756 3408 1848 3460; x_wconf 85' lang='lat' dir='ltr'><strong>spe</strong></span> <span class='ocrx_word' id='word_1_270' title='bbox 1889 3393 2138 3445; x_wconf 83' lang='lat' dir='ltr'><strong>commodi</strong></span> 
     </span>
    </p>
   </div>
   <div class='ocr_carea' id='block_1_34' title="bbox 546 3485 2138 3565">
    <p class='ocr_par' dir='ltr' id='par_1_34' title="bbox 546 3485 2138 3565">
     <span class='ocr_line' id='line_1_34' title="bbox 546 3485 2138 3565; baseline -0.008 -15"><span class='ocrx_word' id='word_1_271' title='bbox 546 3495 838 3565; x_wconf 76' lang='lat' dir='ltr'><strong>temporalis</strong></span> <span class='ocrx_word' id='word_1_272' title='bbox 878 3509 1032 3563; x_wconf 80' lang='lat' dir='ltr'><strong>quam</strong></span> <span class='ocrx_word' id='word_1_273' title='bbox 1077 3491 1299 3545; x_wconf 79' lang='lat' dir='ltr'><strong>solemne</strong></span> <span class='ocrx_word' id='word_1_274' title='bbox 1332 3499 1407 3543; x_wconf 89' lang='lat' dir='ltr'><strong>est</strong></span> <span class='ocrx_word' id='word_1_275' title='bbox 1437 3499 1483 3541; x_wconf 87' lang='lat' dir='ltr'><strong>et</strong></span> <span class='ocrx_word' id='word_1_276' title='bbox 1531 3503 1683 3559; x_wconf 84' lang='lat' dir='ltr'><strong>quam</strong></span> <span class='ocrx_word' id='word_1_277' title='bbox 1732 3501 1933 3539; x_wconf 81' lang='lat' dir='ltr'><strong>vanum.</strong></span> <span class='ocrx_word' id='word_1_278' title='bbox 1972 3485 2138 3539; x_wconf 77' lang='lat' dir='ltr'><strong>Metus</strong></span> 
     </span>
    </p>
   </div>
   <div class='ocr_carea' id='block_1_35' title="bbox 541 3578 2134 3654">
    <p class='ocr_par' dir='ltr' id='par_1_35' title="bbox 541 3578 2134 3654">
     <span class='ocr_line' id='line_1_35' title="bbox 541 3578 2134 3654; baseline -0.009 -9"><span class='ocrx_word' id='word_1_279' title='bbox 541 3590 738 3645; x_wconf 87' lang='lat' dir='ltr'><strong>mortis.</strong></span> <span class='ocrx_word' id='word_1_280' title='bbox 767 3588 943 3654; x_wconf 86' lang='lat' dir='ltr'><strong>Quare</strong></span> <span class='ocrx_word' id='word_1_281' title='bbox 967 3585 1109 3640; x_wconf 86' lang='lat' dir='ltr'><strong>ivisti</strong></span> <span class='ocrx_word' id='word_1_282' title='bbox 1138 3585 1189 3636; x_wconf 91' lang='lat' dir='ltr'><strong>in</strong></span> <span class='ocrx_word' id='word_1_283' title='bbox 1219 3582 1456 3636; x_wconf 87' lang='lat' dir='ltr'><strong>scholam</strong></span> <span class='ocrx_word' id='word_1_284' title='bbox 1481 3622 1494 3644; x_wconf 94' lang='lat'><strong>,</strong></span> <span class='ocrx_word' id='word_1_285' title='bbox 1527 3595 1691 3649; x_wconf 91' lang='lat' dir='ltr'><strong>quare</strong></span> <span class='ocrx_word' id='word_1_286' title='bbox 1719 3578 1999 3647; x_wconf 88' lang='lat' dir='ltr'><strong>vapulasti,</strong></span> <span class='ocrx_word' id='word_1_287' title='bbox 2028 3589 2082 3632; x_wconf 91' lang='lat' dir='ltr'><strong>ct</strong></span> <span class='ocrx_word' id='word_1_288' title='bbox 2106 3593 2134 3631; x_wconf 91' lang='lat' dir='ltr'><strong>a</strong></span> 
     </span>
    </p>
   </div>
   <div class='ocr_carea' id='block_1_36' title="bbox 541 3670 2138 3753">
    <p class='ocr_par' dir='ltr' id='par_1_36' title="bbox 541 3670 2138 3753">
     <span class='ocr_line' id='line_1_36' title="bbox 541 3670 2138 3753; baseline -0.008 -16"><span class='ocrx_word' id='word_1_289' title='bbox 541 3681 850 3753; x_wconf 89' lang='lat' dir='ltr'><strong>parentibus</strong></span> <span class='ocrx_word' id='word_1_290' title='bbox 875 3678 1066 3733; x_wconf 88' lang='lat' dir='ltr'><strong>ductus</strong></span> <span class='ocrx_word' id='word_1_291' title='bbox 1087 3717 1101 3739; x_wconf 92' lang='lat'><strong>,</strong></span> <span class='ocrx_word' id='word_1_292' title='bbox 1143 3685 1196 3730; x_wconf 92' lang='lat' dir='ltr'><strong>et</strong></span> <span class='ocrx_word' id='word_1_293' title='bbox 1226 3673 1454 3741; x_wconf 74' lang='lat' dir='ltr'><strong>fugitans</strong></span> <span class='ocrx_word' id='word_1_294' title='bbox 1487 3671 1768 3741; x_wconf 75' lang='lat' dir='ltr'><strong>quaesitus.</strong></span> <span class='ocrx_word' id='word_1_295' title='bbox 1799 3678 1852 3723; x_wconf 91' lang='lat' dir='ltr'><strong>ct</strong></span> <span class='ocrx_word' id='word_1_296' title='bbox 1894 3670 2138 3724; x_wconf 75' lang='lat' dir='ltr'><strong>invi-ntus</strong></span> 
     </span>
    </p>
   </div>
   <div class='ocr_carea' id='block_1_37' title="bbox 539 3759 2137 3832">
    <p class='ocr_par' dir='ltr' id='par_1_37' title="bbox 539 3759 2137 3832">
     <span class='ocr_line' id='line_1_37' title="bbox 539 3759 2137 3832; baseline -0.01 -5"><span class='ocrx_word' id='word_1_297' title='bbox 539 3782 796 3827; x_wconf 84' lang='lat' dir='ltr'><strong>attractus</strong></span> <span class='ocrx_word' id='word_1_298' title='bbox 841 3784 934 3832; x_wconf 89' lang='lat' dir='ltr'><strong>es,</strong></span> <span class='ocrx_word' id='word_1_299' title='bbox 984 3778 1038 3822; x_wconf 90' lang='lat' dir='ltr'><strong>et</strong></span> <span class='ocrx_word' id='word_1_300' title='bbox 1099 3766 1360 3820; x_wconf 86' lang='lat' dir='ltr'><strong>adductus</strong></span> <span class='ocrx_word' id='word_1_301' title='bbox 1401 3772 1653 3817; x_wconf 72' lang='lat' dir='ltr'><strong>extensus</strong></span> <span class='ocrx_word' id='word_1_302' title='bbox 1695 3761 1786 3816; x_wconf 90' lang='lat' dir='ltr'><strong>es?</strong></span> <span class='ocrx_word' id='word_1_303' title='bbox 1825 3759 1999 3828; x_wconf 88' lang='lat' dir='ltr'><strong>Quare</strong></span> <span class='ocrx_word' id='word_1_304' title='bbox 2042 3774 2137 3812; x_wconf 89' lang='lat' dir='ltr'><strong>va-</strong></span> 
     </span>
    </p>
   </div>
   <div class='ocr_carea' id='block_1_38' title="bbox 539 3851 2137 3935">
    <p class='ocr_par' dir='ltr' id='par_1_38' title="bbox 539 3851 2137 3935">
     <span class='ocr_line' id='line_1_38' title="bbox 539 3851 2137 3935; baseline -0.008 -16"><span class='ocrx_word' id='word_1_305' title='bbox 539 3864 768 3935; x_wconf 87' lang='lat' dir='ltr'><strong>pulasti?</strong></span> <span class='ocrx_word' id='word_1_306' title='bbox 807 3878 973 3933; x_wconf 89' lang='lat' dir='ltr'><strong>quare</strong></span> <span class='ocrx_word' id='word_1_307' title='bbox 1023 3869 1166 3914; x_wconf 88' lang='lat' dir='ltr'><strong>tanta</strong></span> <span class='ocrx_word' id='word_1_308' title='bbox 1199 3858 1332 3912; x_wconf 91' lang='lat' dir='ltr'><strong>mala</strong></span> <span class='ocrx_word' id='word_1_309' title='bbox 1362 3857 1415 3910; x_wconf 92' lang='lat' dir='ltr'><strong>in</strong></span> <span class='ocrx_word' id='word_1_310' title='bbox 1465 3855 1690 3925; x_wconf 87' lang='lat' dir='ltr'><strong>pueritia</strong></span> <span class='ocrx_word' id='word_1_311' title='bbox 1729 3853 2030 3923; x_wconf 87' lang='lat' dir='ltr'><strong>pertulisti?</strong></span> <span class='ocrx_word' id='word_1_312' title='bbox 2069 3851 2137 3907; x_wconf 89' lang='lat' dir='ltr'><strong>Ut</strong></span> 
     </span>
    </p>
   </div>
   <div class='ocr_carea' id='block_1_39' title="bbox 539 3945 2134 4023">
    <p class='ocr_par' dir='ltr' id='par_1_39' title="bbox 539 3945 2134 4023">
     <span class='ocr_line' id='line_1_39' title="bbox 539 3945 2134 4023; baseline -0.008 -11"><span class='ocrx_word' id='word_1_313' title='bbox 539 3959 792 4012; x_wconf 86' lang='lat' dir='ltr'><strong>disceres.</strong></span> <span class='ocrx_word' id='word_1_314' title='bbox 839 3953 976 4023; x_wconf 90' lang='lat' dir='ltr'><strong>Quid</strong></span> <span class='ocrx_word' id='word_1_315' title='bbox 1017 3950 1292 4007; x_wconf 87' lang='lat' dir='ltr'><strong>disceres?</strong></span> <span class='ocrx_word' id='word_1_316' title='bbox 1320 3949 1568 4004; x_wconf 84' lang='lat' dir='ltr'><strong>Litteras.</strong></span> <span class='ocrx_word' id='word_1_317' title='bbox 1615 3948 1829 4014; x_wconf 82' lang='lat' dir='ltr'><strong>Quare?</strong></span> <span class='ocrx_word' id='word_1_318' title='bbox 1858 3945 1925 4002; x_wconf 90' lang='lat' dir='ltr'><strong>Ut</strong></span> <span class='ocrx_word' id='word_1_319' title='bbox 1971 3945 2134 4000; x_wconf 81' lang='lat' dir='ltr'><strong>habe-</strong></span> 
     </span>
    </p>
   </div>
   <div class='ocr_carea' id='block_1_40' title="bbox 539 4038 2134 4115">
    <p class='ocr_par' dir='ltr' id='par_1_40' title="bbox 539 4038 2134 4115">
     <span class='ocr_line' id='line_1_40' title="bbox 539 4038 2134 4115; baseline -0.006 -14"><span class='ocrx_word' id='word_1_320' title='bbox 539 4057 688 4102; x_wconf 86' lang='lat' dir='ltr'><strong>retur</strong></span> <span class='ocrx_word' id='word_1_321' title='bbox 713 4047 970 4115; x_wconf 75' lang='lat' dir='ltr'><strong>petunia,</strong></span> <span class='ocrx_word' id='word_1_322' title='bbox 1015 4053 1106 4097; x_wconf 90' lang='lat' dir='ltr'><strong>aut</strong></span> <span class='ocrx_word' id='word_1_323' title='bbox 1149 4052 1202 4096; x_wconf 88' lang='lat' dir='ltr'><strong>ut</strong></span> <span class='ocrx_word' id='word_1_324' title='bbox 1257 4049 1658 4109; x_wconf 87' lang='lat' dir='ltr'><strong>compararetur</strong></span> <span class='ocrx_word' id='word_1_325' title='bbox 1696 4038 1900 4102; x_wconf 90' lang='lat' dir='ltr'><strong>honor,</strong></span> <span class='ocrx_word' id='word_1_326' title='bbox 1957 4047 2012 4091; x_wconf 91' lang='lat' dir='ltr'><strong>et</strong></span> <span class='ocrx_word' id='word_1_327' title='bbox 2053 4047 2134 4092; x_wconf 86' lang='lat' dir='ltr'><strong>te-</strong></span> 
     </span>
    </p>
   </div>
   <div class='ocr_carea' id='block_1_41' title="bbox 541 4131 2134 4202">
    <p class='ocr_par' dir='ltr' id='par_1_41' title="bbox 541 4131 2134 4202">
     <span class='ocr_line' id='line_1_41' title="bbox 541 4131 2134 4202; baseline -0.005 -11"><span class='ocrx_word' id='word_1_328' title='bbox 541 4148 758 4192; x_wconf 89' lang='lat' dir='ltr'><strong>neretur</strong></span> <span class='ocrx_word' id='word_1_329' title='bbox 793 4135 1092 4190; x_wconf 89' lang='lat' dir='ltr'><strong>sublimitas</strong></span> <span class='ocrx_word' id='word_1_330' title='bbox 1130 4131 1426 4202; x_wconf 80' lang='lat' dir='ltr'><strong>dignitatis.</strong></span> <span class='ocrx_word' id='word_1_331' title='bbox 1486 4131 1617 4184; x_wconf 88' lang='lat' dir='ltr'><strong>Vide</strong></span> <span class='ocrx_word' id='word_1_332' title='bbox 1664 4131 1785 4200; x_wconf 87' lang='lat' dir='ltr'><strong>quia</strong></span> <span class='ocrx_word' id='word_1_333' title='bbox 1830 4131 2134 4199; x_wconf 87' lang='lat' dir='ltr'><strong>periturus,</strong></span> 
     </span>
    </p>
   </div>
   <div class='ocr_carea' id='block_1_42' title="bbox 543 4224 2136 4299">
    <p class='ocr_par' dir='ltr' id='par_1_42' title="bbox 543 4224 2136 4299">
     <span class='ocr_line' id='line_1_42' title="bbox 543 4224 2136 4299; baseline -0.005 -15"><span class='ocrx_word' id='word_1_334' title='bbox 543 4239 762 4299; x_wconf 81' lang='lat' dir='ltr'><strong>prepter</strong></span> <span class='ocrx_word' id='word_1_335' title='bbox 793 4229 1082 4298; x_wconf 86' lang='lat' dir='ltr'><strong>perituram</strong></span> <span class='ocrx_word' id='word_1_336' title='bbox 1129 4241 1240 4280; x_wconf 90' lang='lat' dir='ltr'><strong>rem</strong></span> <span class='ocrx_word' id='word_1_337' title='bbox 1267 4267 1282 4289; x_wconf 96' lang='lat'><strong>,</strong></span> <span class='ocrx_word' id='word_1_338' title='bbox 1332 4224 1620 4292; x_wconf 89' lang='lat' dir='ltr'><strong>perituram</strong></span> <span class='ocrx_word' id='word_1_339' title='bbox 1665 4238 1776 4276; x_wconf 89' lang='lat' dir='ltr'><strong>rem</strong></span> <span class='ocrx_word' id='word_1_340' title='bbox 1824 4238 1944 4276; x_wconf 92' lang='lat' dir='ltr'><strong>cum</strong></span> <span class='ocrx_word' id='word_1_341' title='bbox 1989 4231 2136 4276; x_wconf 90' lang='lat' dir='ltr'><strong>tanto</strong></span> 
     </span>
    </p>
   </div>
   <div class='ocr_carea' id='block_1_43' title="bbox 547 4312 2135 4382">
    <p class='ocr_par' dir='ltr' id='par_1_43' title="bbox 547 4312 2135 4382">
     <span class='ocr_line' id='line_1_43' title="bbox 547 4312 2135 4382; baseline -0.004 -9"><span class='ocrx_word' id='word_1_342' title='bbox 547 4319 728 4374; x_wconf 89' lang='lat' dir='ltr'><strong>labore</strong></span> <span class='ocrx_word' id='word_1_343' title='bbox 773 4318 1002 4372; x_wconf 88' lang='lat' dir='ltr'><strong>didicisti</strong></span> <span class='ocrx_word' id='word_1_344' title='bbox 1053 4317 1104 4369; x_wconf 92' lang='lat' dir='ltr'><strong>in</strong></span> <span class='ocrx_word' id='word_1_345' title='bbox 1153 4315 1310 4368; x_wconf 87' lang='lat' dir='ltr'><strong>tantis</strong></span> <span class='ocrx_word' id='word_1_346' title='bbox 1336 4314 1540 4382; x_wconf 70' lang='lat' dir='ltr'><strong>pinnis,</strong></span> <span class='ocrx_word' id='word_1_347' title='bbox 1569 4322 1623 4367; x_wconf 91' lang='lat' dir='ltr'><strong>et</strong></span> <span class='ocrx_word' id='word_1_348' title='bbox 1653 4312 1865 4366; x_wconf 89' lang='lat' dir='ltr'><strong>amabat</strong></span> <span class='ocrx_word' id='word_1_349' title='bbox 1893 4324 1942 4365; x_wconf 86' lang='lat' dir='ltr'><strong>te</strong></span> <span class='ocrx_word' id='word_1_350' title='bbox 1967 4313 2055 4382; x_wconf 89' lang='lat' dir='ltr'><strong>qui</strong></span> <span class='ocrx_word' id='word_1_351' title='bbox 2085 4323 2135 4366; x_wconf 90' lang='lat' dir='ltr'><strong>te</strong></span> 
     </span>
    </p>
   </div>
   <div class='ocr_carea' id='block_1_44' title="bbox 542 4405 2135 4480">
    <p class='ocr_par' dir='ltr' id='par_1_44' title="bbox 542 4405 2135 4480">
     <span class='ocr_line' id='line_1_44' title="bbox 542 4405 2135 4480; baseline -0.003 -16"><span class='ocrx_word' id='word_1_352' title='bbox 542 4411 608 4466; x_wconf 88' lang='lat' dir='ltr'><strong>ad</strong></span> <span class='ocrx_word' id='word_1_353' title='bbox 653 4426 839 4480; x_wconf 87' lang='lat' dir='ltr'><strong>poenas</strong></span> <span class='ocrx_word' id='word_1_354' title='bbox 866 4409 1110 4462; x_wconf 74' lang='lat' dir='ltr'><strong>trahebat</strong></span> <span class='ocrx_word' id='word_1_355' title='bbox 1142 4425 1155 4460; x_wconf 88' lang='lat'><strong>:</strong></span> <span class='ocrx_word' id='word_1_356' title='bbox 1187 4407 1299 4476; x_wconf 90' lang='lat' dir='ltr'><strong>ipse</strong></span> <span class='ocrx_word' id='word_1_357' title='bbox 1330 4407 1417 4475; x_wconf 90' lang='lat' dir='ltr'><strong>qui</strong></span> <span class='ocrx_word' id='word_1_358' title='bbox 1466 4415 1516 4458; x_wconf 92' lang='lat' dir='ltr'><strong>te</strong></span> <span class='ocrx_word' id='word_1_359' title='bbox 1543 4405 1787 4468; x_wconf 89' lang='lat' dir='ltr'><strong>amabat,</strong></span> <span class='ocrx_word' id='word_1_360' title='bbox 1820 4406 1932 4471; x_wconf 79' lang='lat' dir='ltr'><strong>ipse</strong></span> <span class='ocrx_word' id='word_1_361' title='bbox 1973 4415 2024 4459; x_wconf 91' lang='lat' dir='ltr'><strong>te</strong></span> <span class='ocrx_word' id='word_1_362' title='bbox 2068 4406 2135 4460; x_wconf 89' lang='lat' dir='ltr'><strong>ad</strong></span> 
     </span>
    </p>
   </div>
   <div class='ocr_carea' id='block_1_45' title="bbox 544 4492 2137 4570">
    <p class='ocr_par' dir='ltr' id='par_1_45' title="bbox 544 4492 2137 4570">
     <span class='ocr_line' id='line_1_45' title="bbox 544 4492 2137 4570; baseline -0.004 -16"><span class='ocrx_word' id='word_1_363' title='bbox 544 4515 728 4570; x_wconf 72' lang='lat' dir='ltr'><strong>poenas</strong></span> <span class='ocrx_word' id='word_1_364' title='bbox 757 4499 1030 4559; x_wconf 83' lang='lat' dir='ltr'><strong>trahebat;</strong></span> <span class='ocrx_word' id='word_1_365' title='bbox 1071 4505 1127 4550; x_wconf 92' lang='lat' dir='ltr'><strong>ut</strong></span> <span class='ocrx_word' id='word_1_366' title='bbox 1156 4495 1466 4564; x_wconf 92' lang='lat' dir='ltr'><strong>vapulares,</strong></span> <span class='ocrx_word' id='word_1_367' title='bbox 1514 4493 1742 4547; x_wconf 90' lang='lat' dir='ltr'><strong>amando</strong></span> <span class='ocrx_word' id='word_1_368' title='bbox 1782 4492 2048 4558; x_wconf 88' lang='lat' dir='ltr'><strong>faciebat;</strong></span> <span class='ocrx_word' id='word_1_369' title='bbox 2077 4504 2137 4548; x_wconf 93' lang='lat' dir='ltr'><strong>ut</strong></span> 
     </span>
    </p>
   </div>
   <div class='ocr_carea' id='block_1_46' title="bbox 542 4585 2132 4658">
    <p class='ocr_par' dir='ltr' id='par_1_46' title="bbox 542 4585 2132 4658">
     <span class='ocr_line' id='line_1_46' title="bbox 542 4585 2132 4658; baseline -0.004 -12"><span class='ocrx_word' id='word_1_370' title='bbox 542 4592 812 4652; x_wconf 86' lang='lat' dir='ltr'><strong>disceres,</strong></span> <span class='ocrx_word' id='word_1_371' title='bbox 837 4588 1002 4658; x_wconf 88' lang='lat' dir='ltr'><strong>quid?</strong></span> <span class='ocrx_word' id='word_1_372' title='bbox 1038 4588 1286 4642; x_wconf 89' lang='lat' dir='ltr'><strong>Litteras.</strong></span> <span class='ocrx_word' id='word_1_373' title='bbox 1319 4586 1480 4639; x_wconf 61' lang='lat' dir='ltr'><strong>Bona:</strong></span> <span class='ocrx_word' id='word_1_374' title='bbox 1521 4595 1645 4639; x_wconf 90' lang='lat' dir='ltr'><strong>sunt</strong></span> <span class='ocrx_word' id='word_1_375' title='bbox 1692 4585 1922 4639; x_wconf 69' lang='lat' dir='ltr'><strong>littcrm?</strong></span> <span class='ocrx_word' id='word_1_376' title='bbox 1953 4586 2132 4640; x_wconf 62' lang='lat' dir='ltr'><strong>Bona).</strong></span> 
     </span>
    </p>
   </div>
   <div class='ocr_carea' id='block_1_47' title="bbox 543 4676 2133 4748">
    <p class='ocr_par' dir='ltr' id='par_1_47' title="bbox 543 4676 2133 4748">
     <span class='ocr_line' id='line_1_47' title="bbox 543 4676 2133 4748; baseline -0.005 -9"><span class='ocrx_word' id='word_1_377' title='bbox 543 4682 709 4745; x_wconf 84' lang='lat' dir='ltr'><strong>Novi,</strong></span> <span class='ocrx_word' id='word_1_378' title='bbox 741 4681 982 4736; x_wconf 90' lang='lat' dir='ltr'><strong>dicturus</strong></span> <span class='ocrx_word' id='word_1_379' title='bbox 1019 4693 1077 4732; x_wconf 88' lang='lat' dir='ltr'><strong>es</strong></span> <span class='ocrx_word' id='word_1_380' title='bbox 1105 4679 1232 4732; x_wconf 92' lang='lat' dir='ltr'><strong>mihi</strong></span> <span class='ocrx_word' id='word_1_381' title='bbox 1264 4695 1278 4730; x_wconf 89' lang='lat'><strong>:</strong></span> <span class='ocrx_word' id='word_1_382' title='bbox 1310 4692 1473 4746; x_wconf 85' lang='lat' dir='ltr'><strong>quare</strong></span> <span class='ocrx_word' id='word_1_383' title='bbox 1502 4684 1555 4730; x_wconf 90' lang='lat' dir='ltr'><strong>et</strong></span> <span class='ocrx_word' id='word_1_384' title='bbox 1585 4691 1708 4740; x_wconf 91' lang='lat' dir='ltr'><strong>vos,</strong></span> <span class='ocrx_word' id='word_1_385' title='bbox 1743 4676 1975 4748; x_wconf 82' lang='lat' dir='ltr'><strong>episcOpi</strong></span> <span class='ocrx_word' id='word_1_386' title='bbox 1998 4718 2012 4743; x_wconf 92' lang='lat'><strong>,</strong></span> <span class='ocrx_word' id='word_1_387' title='bbox 2047 4677 2133 4731; x_wconf 93' lang='lat' dir='ltr'><strong>lit-</strong></span> 
     </span>
    </p>
   </div>
   <div class='ocr_carea' id='block_1_48' title="bbox 545 4769 2133 4846">
    <p class='ocr_par' dir='ltr' id='par_1_48' title="bbox 545 4769 2133 4846">
     <span class='ocr_line' id='line_1_48' title="bbox 545 4769 2133 4846; baseline -0.005 -16"><span class='ocrx_word' id='word_1_388' title='bbox 545 4789 685 4830; x_wconf 88' lang='lat' dir='ltr'><strong>teras</strong></span> <span class='ocrx_word' id='word_1_389' title='bbox 713 4775 947 4846; x_wconf 80' lang='lat' dir='ltr'><strong>legistis;</strong></span> <span class='ocrx_word' id='word_1_390' title='bbox 997 4786 1162 4842; x_wconf 88' lang='lat' dir='ltr'><strong>quare</strong></span> <span class='ocrx_word' id='word_1_391' title='bbox 1210 4784 1348 4824; x_wconf 90' lang='lat' dir='ltr'><strong>nunc</strong></span> <span class='ocrx_word' id='word_1_392' title='bbox 1375 4769 1582 4822; x_wconf 87' lang='lat' dir='ltr'><strong>divinas</strong></span> <span class='ocrx_word' id='word_1_393' title='bbox 1609 4769 1911 4837; x_wconf 83' lang='lat' dir='ltr'><strong>St&#39;riptttras</strong></span> <span class='ocrx_word' id='word_1_394' title='bbox 1941 4770 1991 4822; x_wconf 89' lang='lat' dir='ltr'><strong>in</strong></span> <span class='ocrx_word' id='word_1_395' title='bbox 2022 4769 2133 4836; x_wconf 82' lang='lat' dir='ltr'><strong>ipsa</strong></span> 
     </span>
    </p>
   </div>
   <div class='ocr_carea' id='block_1_49' title="bbox 544 4858 2135 4921">
    <p class='ocr_par' dir='ltr' id='par_1_49' title="bbox 544 4858 2135 4921">
     <span class='ocr_line' id='line_1_49' title="bbox 544 4858 2135 4921; baseline -0.008 0"><span class='ocrx_word' id='word_1_396' title='bbox 544 4867 838 4921; x_wconf 91' lang='lat' dir='ltr'><strong>litteratura</strong></span> <span class='ocrx_word' id='word_1_397' title='bbox 865 4863 1103 4918; x_wconf 88' lang='lat' dir='ltr'><strong>tractatis</strong></span> <span class='ocrx_word' id='word_1_398' title='bbox 1126 4860 1167 4910; x_wconf 75' lang='grc'><strong>’⁵.</strong></span> <span class='ocrx_word' id='word_1_399' title='bbox 1195 4859 1268 4913; x_wconf 91' lang='lat' dir='ltr'><strong>lta</strong></span> <span class='ocrx_word' id='word_1_400' title='bbox 1296 4873 1426 4913; x_wconf 90' lang='lat' dir='ltr'><strong>vero</strong></span> <span class='ocrx_word' id='word_1_401' title='bbox 1455 4876 1466 4912; x_wconf 91' lang='lat'><strong>:</strong></span> <span class='ocrx_word' id='word_1_402' title='bbox 1501 4858 1593 4912; x_wconf 88' lang='lat' dir='ltr'><strong>sed</strong></span> <span class='ocrx_word' id='word_1_403' title='bbox 1623 4874 1729 4912; x_wconf 87' lang='lat' dir='ltr'><strong>non</strong></span> <span class='ocrx_word' id='word_1_404' title='bbox 1767 4858 1834 4912; x_wconf 89' lang='lat' dir='ltr'><strong>ad</strong></span> <span class='ocrx_word' id='word_1_405' title='bbox 1875 4859 1976 4912; x_wconf 88' lang='lat' dir='ltr'><strong>hoc</strong></span> <span class='ocrx_word' id='word_1_406' title='bbox 1996 4858 2135 4912; x_wconf 86' lang='lat' dir='ltr'><strong>didi-</strong></span> 
     </span>
    </p>
   </div>
   <div class='ocr_carea' id='block_1_50' title="bbox 543 4949 2134 5020">
    <p class='ocr_par' dir='ltr' id='par_1_50' title="bbox 543 4949 2134 5020">
     <span class='ocr_line' id='line_1_50' title="bbox 543 4949 2134 5020; baseline -0.006 -8"><span class='ocrx_word' id='word_1_407' title='bbox 543 4959 713 5012; x_wconf 91' lang='lat' dir='ltr'><strong>cimus</strong></span> <span class='ocrx_word' id='word_1_408' title='bbox 754 4955 975 5009; x_wconf 89' lang='lat' dir='ltr'><strong>litteras.</strong></span> <span class='ocrx_word' id='word_1_409' title='bbox 1017 4952 1132 5006; x_wconf 85' lang='lat' dir='ltr'><strong>Non</strong></span> <span class='ocrx_word' id='word_1_410' title='bbox 1177 4951 1322 5005; x_wconf 90' lang='lat' dir='ltr'><strong>enim</strong></span> <span class='ocrx_word' id='word_1_411' title='bbox 1370 4959 1622 5020; x_wconf 89' lang='lat' dir='ltr'><strong>parentes</strong></span> <span class='ocrx_word' id='word_1_412' title='bbox 1666 4950 1863 5013; x_wconf 90' lang='lat' dir='ltr'><strong>nostri,</strong></span> <span class='ocrx_word' id='word_1_413' title='bbox 1923 4949 2134 5018; x_wconf 90' lang='lat' dir='ltr'><strong>quando</strong></span> 
     </span>
    </p>
   </div>
   <div class='ocr_carea' id='block_1_51' title="bbox 544 5041 2133 5107">
    <p class='ocr_par' dir='ltr' id='par_1_51' title="bbox 544 5041 2133 5107">
     <span class='ocr_line' id='line_1_51' title="bbox 544 5041 2133 5107; baseline -0.005 -5"><span class='ocrx_word' id='word_1_414' title='bbox 544 5065 642 5103; x_wconf 88' lang='lat' dir='ltr'><strong>nos</strong></span> <span class='ocrx_word' id='word_1_415' title='bbox 685 5050 739 5102; x_wconf 91' lang='lat' dir='ltr'><strong>in</strong></span> <span class='ocrx_word' id='word_1_416' title='bbox 783 5048 1022 5101; x_wconf 80' lang='lat' dir='ltr'><strong>scholam</strong></span> <span class='ocrx_word' id='word_1_417' title='bbox 1055 5044 1364 5107; x_wconf 86' lang='lat' dir='ltr'><strong>mittebant,</strong></span> <span class='ocrx_word' id='word_1_418' title='bbox 1396 5042 1497 5096; x_wconf 91' lang='lat' dir='ltr'><strong>hoc</strong></span> <span class='ocrx_word' id='word_1_419' title='bbox 1527 5041 1677 5095; x_wconf 91' lang='lat' dir='ltr'><strong>nobis</strong></span> <span class='ocrx_word' id='word_1_420' title='bbox 1717 5041 1967 5094; x_wconf 89' lang='lat' dir='ltr'><strong>dicebant</strong></span> <span class='ocrx_word' id='word_1_421' title='bbox 1996 5058 2008 5092; x_wconf 91' lang='lat'>:</span> <span class='ocrx_word' id='word_1_422' title='bbox 2043 5041 2133 5094; x_wconf 86' lang='lat' dir='ltr'><strong>Di-</strong></span> 
     </span>
    </p>
   </div>
   <div class='ocr_carea' id='block_1_52' title="bbox 543 5133 2134 5205">
    <p class='ocr_par' dir='ltr' id='par_1_52' title="bbox 543 5133 2134 5205">
     <span class='ocr_line' id='line_1_52' title="bbox 543 5133 2134 5205; baseline -0.006 -10"><span class='ocrx_word' id='word_1_423' title='bbox 543 5141 675 5195; x_wconf 86' lang='lat' dir='ltr'><strong>scite</strong></span> <span class='ocrx_word' id='word_1_424' title='bbox 696 5141 932 5205; x_wconf 85' lang='lat' dir='ltr'><strong>litteras,</strong></span> <span class='ocrx_word' id='word_1_425' title='bbox 969 5146 1025 5192; x_wconf 91' lang='lat' dir='ltr'><strong>ut</strong></span> <span class='ocrx_word' id='word_1_426' title='bbox 1053 5137 1292 5192; x_wconf 83' lang='lat' dir='ltr'><strong>habeatis</strong></span> <span class='ocrx_word' id='word_1_427' title='bbox 1337 5135 1477 5189; x_wconf 90' lang='lat' dir='ltr'><strong>unde</strong></span> <span class='ocrx_word' id='word_1_428' title='bbox 1527 5134 1702 5204; x_wconf 77' lang='lat' dir='ltr'><strong>legere</strong></span> <span class='ocrx_word' id='word_1_429' title='bbox 1741 5133 1955 5203; x_wconf 87' lang='lat' dir='ltr'><strong>possitis</strong></span> <span class='ocrx_word' id='word_1_430' title='bbox 1987 5133 2008 5164; x_wconf 82' lang='grc'>⁸</span> <span class='ocrx_word' id='word_1_431' title='bbox 2038 5148 2134 5187; x_wconf 85' lang='lat' dir='ltr'><strong>co-</strong></span> 
     </span>
    </p>
   </div>
   <div class='ocr_carea' id='block_1_53' title="bbox 607 5287 2133 5382">
    <p class='ocr_par' dir='ltr' id='par_1_53' title="bbox 607 5287 2133 5382">
     <span class='ocr_line' id='line_1_53' title="bbox 607 5287 2133 5382; baseline -0.001 -40"><span class='ocrx_word' id='word_1_432' title='bbox 607 5296 624 5327; x_wconf 83' lang='grc'>¹</span> <span class='ocrx_word' id='word_1_433' title='bbox 659 5296 987 5382; x_wconf 54' lang='grc' dir='ltr'><strong>οῑξιοτοίριιείς</strong></span> <span class='ocrx_word' id='word_1_434' title='bbox 1030 5301 1146 5345; x_wconf 76' lang='lat' dir='ltr'><strong>Ms.:</strong></span> <span class='ocrx_word' id='word_1_435' title='bbox 1195 5297 1376 5355; x_wconf 75' lang='lat' dir='ltr'><strong>(maato</strong></span> <span class='ocrx_word' id='word_1_436' title='bbox 1413 5289 1582 5341; x_wconf 83' lang='lat' dir='ltr'><strong>melius</strong></span> <span class='ocrx_word' id='word_1_437' title='bbox 1631 5287 1754 5354; x_wconf 84' lang='lat' dir='ltr'><strong>ﬁdes</strong></span> <span class='ocrx_word' id='word_1_438' title='bbox 1794 5288 2024 5341; x_wconf 76' lang='lat' dir='ltr'><strong>convertit</strong></span> <span class='ocrx_word' id='word_1_439' title='bbox 2065 5291 2133 5340; x_wconf 84' lang='lat' dir='ltr'><strong>ad</strong></span> 
     </span>
    </p>
   </div>
   <div class='ocr_carea' id='block_1_54' title="bbox 548 5365 2133 5477">
    <p class='ocr_par' dir='ltr' id='par_1_54' title="bbox 548 5365 2133 5477">
     <span class='ocr_line' id='line_1_54' title="bbox 548 5365 2133 5477; baseline 0.032 -20"><span class='ocrx_word' id='word_1_440' title='bbox 548 5365 745 5464; x_wconf 45' lang='lat' dir='ltr'><strong>milia</strong></span> <span class='ocrx_word' id='word_1_441' title='bbox 767 5415 880 5463; x_wconf 89' lang='lat' dir='ltr'><strong>editi</strong></span> <span class='ocrx_word' id='word_1_442' title='bbox 905 5416 1100 5475; x_wconf 86' lang='lat' dir='ltr'><strong>addunt,</strong></span> <span class='ocrx_word' id='word_1_443' title='bbox 1121 5424 1296 5476; x_wconf 73' lang='lat' dir='ltr'><strong>quanto</strong></span> <span class='ocrx_word' id='word_1_444' title='bbox 1330 5414 1484 5477; x_wconf 58' lang='lat' dir='ltr'><strong>magis</strong></span> <span class='ocrx_word' id='word_1_445' title='bbox 1524 5413 1723 5476; x_wconf 71' lang='grc' dir='ltr'><strong>ρενάίδῖ</strong></span> <span class='ocrx_word' id='word_1_446' title='bbox 1747 5413 1878 5476; x_wconf 75' lang='grc' dir='ltr'><strong>ίι¹¹⁰⁴¹</strong></span> <span class='ocrx_word' id='word_1_447' title='bbox 1923 5414 2067 5462; x_wconf 49' lang='lat' dir='ltr'><strong>“De”</strong></span> <span class='ocrx_word' id='word_1_448' title='bbox 2105 5426 2133 5462; x_wconf 75' lang='grc'><strong>³</strong></span> 
     </span>
    </p>
   </div>
   <div class='ocr_carea' id='block_1_55' title="bbox 545 5485 2132 5597">
    <p class='ocr_par' dir='ltr' id='par_1_55' title="bbox 545 5485 2132 5597">
     <span class='ocr_line' id='line_1_55' title="bbox 545 5485 2132 5597; baseline -0.004 -12"><span class='ocrx_word' id='word_1_449' title='bbox 545 5485 645 5570; x_wconf 49' lang='grc' dir='ltr'><strong>Μδῗ</strong></span> <span class='ocrx_word' id='word_1_450' title='bbox 663 5545 734 5585; x_wconf 76' lang='lat' dir='ltr'><strong>Er.</strong></span> <span class='ocrx_word' id='word_1_451' title='bbox 761 5537 906 5590; x_wconf 59' lang='lat' dir='ltr'><strong>Lugd.</strong></span> <span class='ocrx_word' id='word_1_452' title='bbox 929 5544 1064 5584; x_wconf 82' lang='lat' dir='ltr'><strong>\&#39;en.:</strong></span> <span class='ocrx_word' id='word_1_453' title='bbox 1101 5537 1318 5586; x_wconf 73' lang='lat' dir='ltr'><strong>Diximus</strong></span> <span class='ocrx_word' id='word_1_454' title='bbox 1342 5537 1468 5588; x_wconf 76' lang='lat' dir='ltr'><strong>enim</strong></span> <span class='ocrx_word' id='word_1_455' title='bbox 1489 5539 1596 5597; x_wconf 80' lang='lat' dir='ltr'><strong>jam</strong></span> <span class='ocrx_word' id='word_1_456' title='bbox 1642 5537 1760 5588; x_wconf 77' lang='lat' dir='ltr'><strong>am’d</strong></span> <span class='ocrx_word' id='word_1_457' title='bbox 1792 5535 1869 5583; x_wconf 84' lang='lat' dir='ltr'><strong>hic</strong></span> <span class='ocrx_word' id='word_1_458' title='bbox 1896 5535 2132 5591; x_wconf 65' lang='lat' dir='ltr'><strong>(ii‘if&#39;til&#39;tr,</strong></span> 
     </span>
    </p>
   </div>
   <div class='ocr_carea' id='block_1_56' title="bbox 543 5597 2134 5670">
    <p class='ocr_par' dir='ltr' id='par_1_56' title="bbox 543 5597 2134 5670">
     <span class='ocr_line' id='line_1_56' title="bbox 543 5597 2134 5670; baseline -0.001 -22"><span class='ocrx_word' id='word_1_459' title='bbox 543 5613 694 5654; x_wconf 79' lang='lat' dir='ltr'><strong>auare</strong></span> <span class='ocrx_word' id='word_1_460' title='bbox 718 5599 950 5670; x_wconf 51' lang='lat' dir='ltr'><strong>discatur.</strong></span> <span class='ocrx_word' id='word_1_461' title='bbox 978 5600 1107 5658; x_wconf 70' lang='lat' dir='ltr'><strong>Apud</strong></span> <span class='ocrx_word' id='word_1_462' title='bbox 1131 5606 1239 5646; x_wconf 87' lang='lat' dir='ltr'><strong>Lov.</strong></span> <span class='ocrx_word' id='word_1_463' title='bbox 1264 5599 1438 5646; x_wconf 74' lang='lat' dir='ltr'><strong>desunt</strong></span> <span class='ocrx_word' id='word_1_464' title='bbox 1479 5600 1647 5646; x_wconf 84' lang='lat' dir='ltr'><strong>ultima</strong></span> <span class='ocrx_word' id='word_1_465' title='bbox 1685 5601 1849 5657; x_wconf 87' lang='lat' dir='ltr'><strong>verba,</strong></span> <span class='ocrx_word' id='word_1_466' title='bbox 1877 5610 2028 5660; x_wconf 85' lang='lat' dir='ltr'><strong>quare</strong></span> <span class='ocrx_word' id='word_1_467' title='bbox 2053 5597 2134 5646; x_wconf 80' lang='lat' dir='ltr'><strong>di-</strong></span> 
     </span>
    </p>
   </div>
   <div class='ocr_carea' id='block_1_57' title="bbox 545 5666 2130 5783">
    <p class='ocr_par' dir='ltr' id='par_1_57' title="bbox 545 5666 2130 5783">
     <span class='ocr_line' id='line_1_57' title="bbox 545 5666 2130 5783; baseline -0.001 -14"><span class='ocrx_word' id='word_1_468' title='bbox 545 5666 897 5770; x_wconf 38' lang='grc' dir='ltr'><strong>δεῗιιῖξιίωῂειι.</strong></span> <span class='ocrx_word' id='word_1_469' title='bbox 923 5719 1068 5780; x_wconf 77' lang='lat' dir='ltr'><strong>Lugd.</strong></span> <span class='ocrx_word' id='word_1_470' title='bbox 1091 5728 1139 5767; x_wconf 90' lang='lat' dir='ltr'><strong>ct</strong></span> <span class='ocrx_word' id='word_1_471' title='bbox 1154 5727 1292 5767; x_wconf 79' lang='lat' dir='ltr'><strong>\&#39;en..</strong></span> <span class='ocrx_word' id='word_1_472' title='bbox 1311 5731 1401 5767; x_wconf 80' lang='lat' dir='ltr'><strong>non</strong></span> <span class='ocrx_word' id='word_1_473' title='bbox 1425 5719 1607 5783; x_wconf 57' lang='lat' dir='ltr'><strong>lepidis</strong></span> <span class='ocrx_word' id='word_1_474' title='bbox 1629 5719 1651 5768; x_wconf 63' lang='grc' dir='ltr'><strong>ἲ)</strong></span> <span class='ocrx_word' id='word_1_475' title='bbox 1675 5734 1764 5769; x_wconf 81' lang='lat' dir='ltr'><strong>non</strong></span> <span class='ocrx_word' id='word_1_476' title='bbox 1791 5720 2007 5770; x_wconf 60' lang='grc' dir='ltr'><strong>ινξιπιτ-μή</strong></span> <span class='ocrx_word' id='word_1_477' title='bbox 2019 5718 2130 5769; x_wconf 75' lang='lat' dir='ltr'><strong>;?.\t.</strong></span> 
     </span>
    </p>
   </div>
   <div class='ocr_carea' id='block_1_58' title="bbox 605 5783 2132 5844">
    <p class='ocr_par' dir='ltr' id='par_1_58' title="bbox 605 5783 2132 5844">
     <span class='ocr_line' id='line_1_58' title="bbox 605 5783 2132 5844; baseline 0.001 -14"><span class='ocrx_word' id='word_1_478' title='bbox 605 5786 625 5816; x_wconf 81' lang='grc'><strong>⁸</strong></span> <span class='ocrx_word' id='word_1_479' title='bbox 659 5785 731 5832; x_wconf 77' lang='lat' dir='ltr'><strong>sic</strong></span> <span class='ocrx_word' id='word_1_480' title='bbox 757 5783 894 5844; x_wconf 79' lang='lat' dir='ltr'><strong>juxta</strong></span> <span class='ocrx_word' id='word_1_481' title='bbox 919 5787 990 5828; x_wconf 75' lang='lat' dir='ltr'><strong>Er.</strong></span> <span class='ocrx_word' id='word_1_482' title='bbox 1017 5783 1159 5842; x_wconf 68' lang='lat' dir='ltr'><strong>Lugd.</strong></span> <span class='ocrx_word' id='word_1_483' title='bbox 1200 5789 1313 5844; x_wconf 60' lang='lat' dir='ltr'><strong>ven.</strong></span> <span class='ocrx_word' id='word_1_484' title='bbox 1343 5787 1446 5828; x_wconf 74' lang='lat' dir='ltr'><strong>hev.</strong></span> <span class='ocrx_word' id='word_1_485' title='bbox 1492 5789 1566 5827; x_wconf 78' lang='lat' dir='ltr'><strong>PP.</strong></span> <span class='ocrx_word' id='word_1_486' title='bbox 1609 5785 1899 5844; x_wconf 75' lang='lat' dir='ltr'><strong>tteaedictini</strong></span> <span class='ocrx_word' id='word_1_487' title='bbox 1922 5797 2022 5830; x_wconf 38' lang='lat' dir='ltr'><strong>non,</strong></span> <span class='ocrx_word' id='word_1_488' title='bbox 2050 5784 2132 5832; x_wconf 85' lang='lat' dir='ltr'><strong>ha-</strong></span> 
     </span>
    </p>
   </div>
   <div class='ocr_carea' id='block_1_59' title="bbox 543 5842 2131 5906">
    <p class='ocr_par' dir='ltr' id='par_1_59' title="bbox 543 5842 2131 5906">
     <span class='ocr_line' id='line_1_59' title="bbox 543 5842 2131 5906; baseline 0 -14"><span class='ocrx_word' id='word_1_489' title='bbox 543 5843 660 5892; x_wconf 77' lang='lat' dir='ltr'><strong>bent</strong></span> <span class='ocrx_word' id='word_1_490' title='bbox 688 5846 734 5891; x_wconf 90' lang='lat' dir='ltr'><strong>in</strong></span> <span class='ocrx_word' id='word_1_491' title='bbox 760 5842 908 5906; x_wconf 73' lang='lat' dir='ltr'><strong>textu</strong></span> <span class='ocrx_word' id='word_1_492' title='bbox 931 5855 1117 5894; x_wconf 87' lang='lat' dir='ltr'><strong>vocem.</strong></span> <span class='ocrx_word' id='word_1_493' title='bbox 1142 5842 1361 5902; x_wconf 64' lang='lat' dir='ltr'><strong>possitis;</strong></span> <span class='ocrx_word' id='word_1_494' title='bbox 1386 5851 1496 5890; x_wconf 86' lang='lat' dir='ltr'><strong>nota</strong></span> <span class='ocrx_word' id='word_1_495' title='bbox 1524 5857 1639 5894; x_wconf 78' lang='lat' dir='ltr'><strong>vero</strong></span> <span class='ocrx_word' id='word_1_496' title='bbox 1662 5843 1936 5906; x_wconf 68' lang='lat' dir='ltr'><strong>marginalis</strong></span> <span class='ocrx_word' id='word_1_497' title='bbox 1960 5845 2131 5892; x_wconf 74' lang='lat' dir='ltr'><strong>indicat</strong></span> 
     </span>
    </p>
   </div>
   <div class='ocr_carea' id='block_1_60' title="bbox 545 5905 1244 5966">
    <p class='ocr_par' dir='ltr' id='par_1_60' title="bbox 545 5905 1244 5966">
     <span class='ocr_line' id='line_1_60' title="bbox 545 5905 1244 5966; baseline -0.001 -13"><span class='ocrx_word' id='word_1_498' title='bbox 545 5919 650 5954; x_wconf 80' lang='lat' dir='ltr'><strong>eaai</strong></span> <span class='ocrx_word' id='word_1_499' title='bbox 676 5905 989 5966; x_wconf 54' lang='lat' dir='ltr'><strong>sum-Midam</strong></span> <span class='ocrx_word' id='word_1_500' title='bbox 1016 5916 1140 5953; x_wconf 82' lang='lat' dir='ltr'><strong>csse.</strong></span> <span class='ocrx_word' id='word_1_501' title='bbox 1212 5912 1244 5952; x_wconf 64' lang='lat' dir='ltr'><strong>tl</strong></span> 
     </span>
    </p>
   </div>
   <div class='ocr_carea' id='block_1_61' title="bbox 3691 433 3796 501">
    <p class='ocr_par' dir='ltr' id='par_1_61' title="bbox 3691 433 3796 501">
     <span class='ocr_line' id='line_1_61' title="bbox 3691 433 3796 501; baseline 0.029 -4"><span class='ocrx_word' id='word_1_502' title='bbox 3691 433 3796 501; x_wconf 64' lang='lat'><strong>678</strong></span> 
     </span>
    </p>
   </div>
   <div class='ocr_carea' id='block_1_62' title="bbox 2223 554 3808 624">
    <p class='ocr_par' dir='ltr' id='par_1_62' title="bbox 2223 554 3808 624">
     <span class='ocr_line' id='line_1_62' title="bbox 2223 554 3808 624; baseline 0.005 -16"><span class='ocrx_word' id='word_1_503' title='bbox 2223 554 2370 608; x_wconf 87' lang='lat' dir='ltr'><strong>dices</strong></span> <span class='ocrx_word' id='word_1_504' title='bbox 2412 554 2728 610; x_wconf 90' lang='lat' dir='ltr'><strong>dominicos.</strong></span> <span class='ocrx_word' id='word_1_505' title='bbox 2776 555 2884 610; x_wconf 84' lang='lat' dir='ltr'><strong>Nec</strong></span> <span class='ocrx_word' id='word_1_506' title='bbox 2929 555 3026 624; x_wconf 86' lang='lat' dir='ltr'><strong>ipsi</strong></span> <span class='ocrx_word' id='word_1_507' title='bbox 3081 555 3368 610; x_wconf 86' lang='lat' dir='ltr'><strong>Christiani</strong></span> <span class='ocrx_word' id='word_1_508' title='bbox 3401 556 3522 612; x_wconf 84' lang='lat' dir='ltr'><strong>ﬁliis</strong></span> <span class='ocrx_word' id='word_1_509' title='bbox 3563 559 3678 614; x_wconf 85' lang='lat' dir='ltr'><strong>suis</strong></span> <span class='ocrx_word' id='word_1_510' title='bbox 3708 561 3808 616; x_wconf 89' lang='lat' dir='ltr'><strong>hoc</strong></span> 
     </span>
    </p>
   </div>
   <div class='ocr_carea' id='block_1_63' title="bbox 2223 645 3809 716">
    <p class='ocr_par' dir='ltr' id='par_1_63' title="bbox 2223 645 3809 716">
     <span class='ocr_line' id='line_1_63' title="bbox 2223 645 3809 716; baseline 0.004 -16"><span class='ocrx_word' id='word_1_511' title='bbox 2223 645 2426 700; x_wconf 90' lang='lat' dir='ltr'><strong>dicunt.</strong></span> <span class='ocrx_word' id='word_1_512' title='bbox 2477 646 2582 702; x_wconf 86' lang='lat' dir='ltr'><strong>Sed</strong></span> <span class='ocrx_word' id='word_1_513' title='bbox 2627 646 2786 716; x_wconf 88' lang='lat' dir='ltr'><strong>quid?</strong></span> <span class='ocrx_word' id='word_1_514' title='bbox 2824 648 3016 700; x_wconf 78' lang='lat' dir='ltr'><strong>Discite</strong></span> <span class='ocrx_word' id='word_1_515' title='bbox 3073 647 3297 702; x_wconf 89' lang='lat' dir='ltr'><strong>litteras.</strong></span> <span class='ocrx_word' id='word_1_516' title='bbox 3346 647 3557 716; x_wconf 82' lang='lat' dir='ltr'><strong>Quare?</strong></span> <span class='ocrx_word' id='word_1_517' title='bbox 3615 650 3684 706; x_wconf 91' lang='lat' dir='ltr'><strong>Ut</strong></span> <span class='ocrx_word' id='word_1_518' title='bbox 3737 653 3809 706; x_wconf 87' lang='lat' dir='ltr'><strong>sis</strong></span> 
     </span>
    </p>
   </div>
   <div class='ocr_carea' id='block_1_64' title="bbox 2226 737 3809 808">
    <p class='ocr_par' dir='ltr' id='par_1_64' title="bbox 2226 737 3809 808">
     <span class='ocr_line' id='line_1_64' title="bbox 2226 737 3809 808; baseline 0.004 -18"><span class='ocrx_word' id='word_1_519' title='bbox 2226 737 2406 791; x_wconf 89' lang='lat' dir='ltr'><strong>homo.</strong></span> <span class='ocrx_word' id='word_1_520' title='bbox 2438 737 2570 806; x_wconf 87' lang='lat' dir='ltr'><strong>Quid</strong></span> <span class='ocrx_word' id='word_1_521' title='bbox 2603 737 2782 792; x_wconf 90' lang='lat' dir='ltr'><strong>enim?</strong></span> <span class='ocrx_word' id='word_1_522' title='bbox 2811 737 2968 792; x_wconf 91' lang='lat' dir='ltr'><strong>modo</strong></span> <span class='ocrx_word' id='word_1_523' title='bbox 2996 753 3157 808; x_wconf 80' lang='lat' dir='ltr'><strong>pecus</strong></span> <span class='ocrx_word' id='word_1_524' title='bbox 3197 739 3356 792; x_wconf 88' lang='lat' dir='ltr'><strong>sum?</strong></span> <span class='ocrx_word' id='word_1_525' title='bbox 3384 740 3536 808; x_wconf 87' lang='lat' dir='ltr'><strong>Quod</strong></span> <span class='ocrx_word' id='word_1_526' title='bbox 3563 742 3686 796; x_wconf 88' lang='lat' dir='ltr'><strong>dico</strong></span> <span class='ocrx_word' id='word_1_527' title='bbox 3711 785 3724 805; x_wconf 94' lang='lat'><strong>,</strong></span> <span class='ocrx_word' id='word_1_528' title='bbox 3758 753 3809 798; x_wconf 93' lang='lat' dir='ltr'><strong>ut</strong></span> 
     </span>
    </p>
   </div>
   <div class='ocr_carea' id='block_1_65' title="bbox 2227 827 3806 894">
    <p class='ocr_par' dir='ltr' id='par_1_65' title="bbox 2227 827 3806 894">
     <span class='ocr_line' id='line_1_65' title="bbox 2227 827 3806 894; baseline 0.004 -14"><span class='ocrx_word' id='word_1_529' title='bbox 2227 828 2300 881; x_wconf 87' lang='lat' dir='ltr'><strong>sis</strong></span> <span class='ocrx_word' id='word_1_530' title='bbox 2327 828 2520 890; x_wconf 86' lang='lat' dir='ltr'><strong>homo,</strong></span> <span class='ocrx_word' id='word_1_531' title='bbox 2567 827 2671 882; x_wconf 91' lang='lat' dir='ltr'><strong>hoc</strong></span> <span class='ocrx_word' id='word_1_532' title='bbox 2710 837 2822 894; x_wconf 91' lang='lat' dir='ltr'><strong>est,</strong></span> <span class='ocrx_word' id='word_1_533' title='bbox 2872 837 2927 881; x_wconf 91' lang='lat' dir='ltr'><strong>ut</strong></span> <span class='ocrx_word' id='word_1_534' title='bbox 2955 829 3030 882; x_wconf 92' lang='lat' dir='ltr'><strong>sis</strong></span> <span class='ocrx_word' id='word_1_535' title='bbox 3073 829 3317 884; x_wconf 89' lang='lat' dir='ltr'><strong>eminens</strong></span> <span class='ocrx_word' id='word_1_536' title='bbox 3361 831 3501 884; x_wconf 90' lang='lat' dir='ltr'><strong>inter</strong></span> <span class='ocrx_word' id='word_1_537' title='bbox 3544 831 3806 888; x_wconf 88' lang='lat' dir='ltr'><strong>homines.</strong></span> 
     </span>
    </p>
   </div>
   <div class='ocr_carea' id='block_1_66' title="bbox 2229 920 3809 990">
    <p class='ocr_par' dir='ltr' id='par_1_66' title="bbox 2229 920 3809 990">
     <span class='ocr_line' id='line_1_66' title="bbox 2229 920 3809 990; baseline 0.003 -14"><span class='ocrx_word' id='word_1_538' title='bbox 2229 920 2380 976; x_wconf 85' lang='lat' dir='ltr'><strong>Unde</strong></span> <span class='ocrx_word' id='word_1_539' title='bbox 2423 931 2475 975; x_wconf 93' lang='lat' dir='ltr'><strong>et</strong></span> <span class='ocrx_word' id='word_1_540' title='bbox 2519 921 2644 974; x_wconf 89' lang='lat' dir='ltr'><strong>illud</strong></span> <span class='ocrx_word' id='word_1_541' title='bbox 2683 921 3019 990; x_wconf 84' lang='lat' dir='ltr'><strong>proverbium</strong></span> <span class='ocrx_word' id='word_1_542' title='bbox 3055 920 3363 990; x_wconf 86' lang='lat' dir='ltr'><strong>:Quantum</strong></span> <span class='ocrx_word' id='word_1_543' title='bbox 3395 925 3646 983; x_wconf 87' lang='lat' dir='ltr'><strong>habebis.</strong></span> <span class='ocrx_word' id='word_1_544' title='bbox 3691 936 3809 980; x_wconf 85' lang='lat' dir='ltr'><strong>tan-</strong></span> 
     </span>
    </p>
   </div>
   <div class='ocr_carea' id='block_1_67' title="bbox 2230 1011 3809 1083">
    <p class='ocr_par' dir='ltr' id='par_1_67' title="bbox 2230 1011 3809 1083">
     <span class='ocr_line' id='line_1_67' title="bbox 2230 1011 3809 1083; baseline 0.004 -19"><span class='ocrx_word' id='word_1_545' title='bbox 2230 1021 2313 1066; x_wconf 91' lang='lat' dir='ltr'><strong>tus</strong></span> <span class='ocrx_word' id='word_1_546' title='bbox 2355 1012 2480 1066; x_wconf 85' lang='lat' dir='ltr'><strong>eris.</strong></span> <span class='ocrx_word' id='word_1_547' title='bbox 2515 1011 2586 1067; x_wconf 92' lang='lat' dir='ltr'><strong>Ut</strong></span> <span class='ocrx_word' id='word_1_548' title='bbox 2631 1011 2827 1066; x_wconf 88' lang='lat' dir='ltr'><strong>habeas</strong></span> <span class='ocrx_word' id='word_1_549' title='bbox 2871 1022 3123 1082; x_wconf 87' lang='lat' dir='ltr'><strong>quantum</strong></span> <span class='ocrx_word' id='word_1_550' title='bbox 3161 1011 3378 1075; x_wconf 62' lang='lat' dir='ltr'><strong>caueri,</strong></span> <span class='ocrx_word' id='word_1_551' title='bbox 3423 1023 3515 1067; x_wconf 87' lang='lat' dir='ltr'><strong>aut</strong></span> <span class='ocrx_word' id='word_1_552' title='bbox 3555 1024 3809 1083; x_wconf 89' lang='lat' dir='ltr'><strong>quantum</strong></span> 
     </span>
    </p>
   </div>
   <div class='ocr_carea' id='block_1_68' title="bbox 2228 1102 3806 1174">
    <p class='ocr_par' dir='ltr' id='par_1_68' title="bbox 2228 1102 3806 1174">
     <span class='ocr_line' id='line_1_68' title="bbox 2228 1102 3806 1174; baseline 0.003 -19"><span class='ocrx_word' id='word_1_553' title='bbox 2228 1103 2412 1171; x_wconf 90' lang='lat' dir='ltr'><strong>pauci;</strong></span> <span class='ocrx_word' id='word_1_554' title='bbox 2447 1112 2537 1156; x_wconf 89' lang='lat' dir='ltr'><strong>aut</strong></span> <span class='ocrx_word' id='word_1_555' title='bbox 2567 1102 2685 1172; x_wconf 92' lang='lat' dir='ltr'><strong>plus</strong></span> <span class='ocrx_word' id='word_1_556' title='bbox 2713 1117 2870 1172; x_wconf 91' lang='lat' dir='ltr'><strong>quam</strong></span> <span class='ocrx_word' id='word_1_557' title='bbox 2899 1103 3077 1156; x_wconf 70' lang='lat' dir='ltr'><strong>caeteri</strong></span> <span class='ocrx_word' id='word_1_558' title='bbox 3099 1144 3113 1167; x_wconf 94' lang='lat'><strong>,</strong></span> <span class='ocrx_word' id='word_1_559' title='bbox 3158 1113 3247 1157; x_wconf 88' lang='lat' dir='ltr'><strong>aut</strong></span> <span class='ocrx_word' id='word_1_560' title='bbox 3277 1105 3394 1172; x_wconf 92' lang='lat' dir='ltr'><strong>plus</strong></span> <span class='ocrx_word' id='word_1_561' title='bbox 3428 1120 3586 1174; x_wconf 88' lang='lat' dir='ltr'><strong>quam</strong></span> <span class='ocrx_word' id='word_1_562' title='bbox 3621 1107 3806 1174; x_wconf 87' lang='lat' dir='ltr'><strong>pauci;</strong></span> 
     </span>
    </p>
   </div>
   <div class='ocr_carea' id='block_1_69' title="bbox 2229 1192 3814 1264">
    <p class='ocr_par' dir='ltr' id='par_1_69' title="bbox 2229 1192 3814 1264">
     <span class='ocr_line' id='line_1_69' title="bbox 2229 1192 3814 1264; baseline 0.004 -17"><span class='ocrx_word' id='word_1_563' title='bbox 2229 1192 2426 1248; x_wconf 84' lang='lat' dir='ltr'><strong>habeas</strong></span> <span class='ocrx_word' id='word_1_564' title='bbox 2469 1194 2592 1247; x_wconf 89' lang='lat' dir='ltr'><strong>inde</strong></span> <span class='ocrx_word' id='word_1_565' title='bbox 2633 1193 2924 1259; x_wconf 89' lang='lat' dir='ltr'><strong>honorem,</strong></span> <span class='ocrx_word' id='word_1_566' title='bbox 2974 1195 3169 1248; x_wconf 88' lang='lat' dir='ltr'><strong>habeas</strong></span> <span class='ocrx_word' id='word_1_567' title='bbox 3215 1195 3339 1249; x_wconf 89' lang='lat' dir='ltr'><strong>inde</strong></span> <span class='ocrx_word' id='word_1_568' title='bbox 3381 1195 3713 1264; x_wconf 78' lang='lat' dir='ltr'><strong>dignitatem.</strong></span> <span class='ocrx_word' id='word_1_569' title='bbox 3749 1197 3814 1253; x_wconf 85' lang='lat' dir='ltr'><strong>Et</strong></span> 
     </span>
    </p>
   </div>
   <div class='ocr_carea' id='block_1_70' title="bbox 2230 1285 3810 1356">
    <p class='ocr_par' dir='ltr' id='par_1_70' title="bbox 2230 1285 3810 1356">
     <span class='ocr_line' id='line_1_70' title="bbox 2230 1285 3810 1356; baseline 0.004 -19"><span class='ocrx_word' id='word_1_570' title='bbox 2230 1285 2317 1337; x_wconf 90' lang='lat' dir='ltr'><strong>ubi</strong></span> <span class='ocrx_word' id='word_1_571' title='bbox 2340 1295 2498 1340; x_wconf 89' lang='lat' dir='ltr'><strong>crunt</strong></span> <span class='ocrx_word' id='word_1_572' title='bbox 2540 1286 2636 1339; x_wconf 90' lang='lat' dir='ltr'><strong>ista</strong></span> <span class='ocrx_word' id='word_1_573' title='bbox 2664 1285 2872 1350; x_wconf 90' lang='lat' dir='ltr'><strong>omnia,</strong></span> <span class='ocrx_word' id='word_1_574' title='bbox 2917 1299 3037 1338; x_wconf 91' lang='lat' dir='ltr'><strong>cum</strong></span> <span class='ocrx_word' id='word_1_575' title='bbox 3071 1301 3216 1340; x_wconf 91' lang='lat' dir='ltr'><strong>mors</strong></span> <span class='ocrx_word' id='word_1_576' title='bbox 3245 1287 3488 1341; x_wconf 83' lang='lat' dir='ltr'><strong>venerit?</strong></span> <span class='ocrx_word' id='word_1_577' title='bbox 3530 1289 3810 1356; x_wconf 88' lang='lat' dir='ltr'><strong>Quomodo</strong></span> 
     </span>
    </p>
   </div>
   <div class='ocr_carea' id='block_1_71' title="bbox 2231 1377 3816 1447">
    <p class='ocr_par' dir='ltr' id='par_1_71' title="bbox 2231 1377 3816 1447">
     <span class='ocr_line' id='line_1_71' title="bbox 2231 1377 3816 1447; baseline 0.004 -17"><span class='ocrx_word' id='word_1_578' title='bbox 2231 1377 2502 1441; x_wconf 86' lang='lat' dir='ltr'><strong>stimulat,</strong></span> <span class='ocrx_word' id='word_1_579' title='bbox 2535 1377 2802 1447; x_wconf 87' lang='lat' dir='ltr'><strong>quomodo</strong></span> <span class='ocrx_word' id='word_1_580' title='bbox 2837 1388 3010 1431; x_wconf 86' lang='lat' dir='ltr'><strong>metus</strong></span> <span class='ocrx_word' id='word_1_581' title='bbox 3050 1378 3151 1432; x_wconf 89' lang='lat' dir='ltr'><strong>iste</strong></span> <span class='ocrx_word' id='word_1_582' title='bbox 3174 1377 3508 1446; x_wconf 81' lang='lat' dir='ltr'><strong>interpellat?</strong></span> <span class='ocrx_word' id='word_1_583' title='bbox 3535 1379 3816 1447; x_wconf 86' lang='lat' dir='ltr'><strong>Quomodo</strong></span> 
     </span>
    </p>
   </div>
   <div class='ocr_carea' id='block_1_72' title="bbox 2232 1455 3814 1538">
    <p class='ocr_par' dir='ltr' id='par_1_72' title="bbox 2232 1455 3814 1538">
     <span class='ocr_line' id='line_1_72' title="bbox 2232 1455 3814 1538; baseline 0.002 -16"><span class='ocrx_word' id='word_1_584' title='bbox 2232 1485 2425 1522; x_wconf 88' lang='lat' dir='ltr'><strong>nomen</strong></span> <span class='ocrx_word' id='word_1_585' title='bbox 2467 1470 2637 1538; x_wconf 90' lang='lat' dir='ltr'><strong>ipsum</strong></span> <span class='ocrx_word' id='word_1_586' title='bbox 2676 1486 2704 1522; x_wconf 89' lang='lat' dir='ltr'><strong>a</strong></span> <span class='ocrx_word' id='word_1_587' title='bbox 2737 1485 2820 1522; x_wconf 89' lang='lat' dir='ltr'><strong>me</strong></span> <span class='ocrx_word' id='word_1_588' title='bbox 2863 1478 3336 1521; x_wconf 86' lang='lat' dir='ltr'><strong>cotmnemoratum</strong></span> <span class='ocrx_word' id='word_1_589' title='bbox 3381 1455 3622 1524; x_wconf 71' lang='lat' dir='ltr'><strong>omnium</strong></span> <span class='ocrx_word' id='word_1_590' title='bbox 3651 1472 3814 1526; x_wconf 84' lang='lat' dir='ltr'><strong>corda</strong></span> 
     </span>
    </p>
   </div>
   <div class='ocr_carea' id='block_1_73' title="bbox 2233 1559 3812 1631">
    <p class='ocr_par' dir='ltr' id='par_1_73' title="bbox 2233 1559 3812 1631">
     <span class='ocr_line' id='line_1_73' title="bbox 2233 1559 3812 1631; baseline 0.003 -19"><span class='ocrx_word' id='word_1_591' title='bbox 2233 1559 2529 1628; x_wconf 82' lang='lat' dir='ltr'><strong>percussit?</strong></span> <span class='ocrx_word' id='word_1_592' title='bbox 2570 1559 2846 1628; x_wconf 87' lang='lat' dir='ltr'><strong>Quomodo</strong></span> <span class='ocrx_word' id='word_1_593' title='bbox 2885 1561 3126 1613; x_wconf 87' lang='lat' dir='ltr'><strong>timorem</strong></span> <span class='ocrx_word' id='word_1_594' title='bbox 3156 1571 3389 1614; x_wconf 89' lang='lat' dir='ltr'><strong>vestrum</strong></span> <span class='ocrx_word' id='word_1_595' title='bbox 3438 1571 3572 1616; x_wconf 91' lang='lat' dir='ltr'><strong>teste</strong></span> <span class='ocrx_word' id='word_1_596' title='bbox 3613 1565 3812 1631; x_wconf 90' lang='lat' dir='ltr'><strong>gemitu</strong></span> 
     </span>
    </p>
   </div>
   <div class='ocr_carea' id='block_1_74' title="bbox 2231 1650 3812 1720">
    <p class='ocr_par' dir='ltr' id='par_1_74' title="bbox 2231 1650 3812 1720">
     <span class='ocr_line' id='line_1_74' title="bbox 2231 1650 3812 1720; baseline 0.004 -18"><span class='ocrx_word' id='word_1_597' title='bbox 2231 1650 2578 1703; x_wconf 87' lang='lat' dir='ltr'><strong>declarastis?</strong></span> <span class='ocrx_word' id='word_1_598' title='bbox 2621 1651 2845 1716; x_wconf 82' lang='lat' dir='ltr'><strong>Audivi,</strong></span> <span class='ocrx_word' id='word_1_599' title='bbox 2896 1650 3072 1704; x_wconf 90' lang='lat' dir='ltr'><strong>audivi</strong></span> <span class='ocrx_word' id='word_1_600' title='bbox 3103 1667 3116 1703; x_wconf 92' lang='lat'>:</span> <span class='ocrx_word' id='word_1_601' title='bbox 3144 1652 3417 1720; x_wconf 82' lang='lat' dir='ltr'><strong>gemuistis</strong></span> <span class='ocrx_word' id='word_1_602' title='bbox 3438 1693 3451 1715; x_wconf 97' lang='lat'><strong>,</strong></span> <span class='ocrx_word' id='word_1_603' title='bbox 3482 1665 3710 1708; x_wconf 87' lang='lat' dir='ltr'><strong>mortem</strong></span> <span class='ocrx_word' id='word_1_604' title='bbox 3745 1655 3812 1708; x_wconf 85' lang='lat' dir='ltr'><strong>ti-</strong></span> 
     </span>
    </p>
   </div>
   <div class='ocr_carea' id='block_1_75' title="bbox 2233 1741 3818 1810">
    <p class='ocr_par' dir='ltr' id='par_1_75' title="bbox 2233 1741 3818 1810">
     <span class='ocr_line' id='line_1_75' title="bbox 2233 1741 3818 1810; baseline 0.003 -16"><span class='ocrx_word' id='word_1_605' title='bbox 2233 1742 2409 1794; x_wconf 89' lang='lat' dir='ltr'><strong>metis.</strong></span> <span class='ocrx_word' id='word_1_606' title='bbox 2451 1741 2506 1796; x_wconf 90' lang='lat' dir='ltr'><strong>Si</strong></span> <span class='ocrx_word' id='word_1_607' title='bbox 2554 1743 2782 1805; x_wconf 86' lang='lat' dir='ltr'><strong>timetis,</strong></span> <span class='ocrx_word' id='word_1_608' title='bbox 2827 1757 2991 1810; x_wconf 89' lang='lat' dir='ltr'><strong>quare</strong></span> <span class='ocrx_word' id='word_1_609' title='bbox 3035 1757 3138 1795; x_wconf 91' lang='lat' dir='ltr'><strong>non</strong></span> <span class='ocrx_word' id='word_1_610' title='bbox 3187 1742 3425 1796; x_wconf 82' lang='lat' dir='ltr'><strong>cavetis?</strong></span> <span class='ocrx_word' id='word_1_611' title='bbox 3475 1743 3700 1799; x_wconf 82' lang='lat' dir='ltr'><strong>Mortem</strong></span> <span class='ocrx_word' id='word_1_612' title='bbox 3753 1747 3818 1798; x_wconf 85' lang='lat' dir='ltr'><strong>ti-</strong></span> 
     </span>
    </p>
   </div>
   <div class='ocr_carea' id='block_1_76' title="bbox 2234 1831 3818 1900">
    <p class='ocr_par' dir='ltr' id='par_1_76' title="bbox 2234 1831 3818 1900">
     <span class='ocr_line' id='line_1_76' title="bbox 2234 1831 3818 1900; baseline 0.003 -16"><span class='ocrx_word' id='word_1_613' title='bbox 2234 1833 2390 1885; x_wconf 90' lang='lat' dir='ltr'><strong>metis</strong></span> <span class='ocrx_word' id='word_1_614' title='bbox 2420 1848 2433 1883; x_wconf 90' lang='lat'><strong>:</strong></span> <span class='ocrx_word' id='word_1_615' title='bbox 2466 1831 2591 1900; x_wconf 87' lang='lat' dir='ltr'><strong>quid</strong></span> <span class='ocrx_word' id='word_1_616' title='bbox 2637 1832 2876 1886; x_wconf 81' lang='lat' dir='ltr'><strong>timetis?</strong></span> <span class='ocrx_word' id='word_1_617' title='bbox 2902 1831 3134 1887; x_wconf 87' lang='lat' dir='ltr'><strong>Ventura</strong></span> <span class='ocrx_word' id='word_1_618' title='bbox 3173 1843 3254 1886; x_wconf 90' lang='lat' dir='ltr'><strong>est</strong></span> <span class='ocrx_word' id='word_1_619' title='bbox 3284 1851 3298 1886; x_wconf 86' lang='lat'><strong>:</strong></span> <span class='ocrx_word' id='word_1_620' title='bbox 3333 1834 3583 1900; x_wconf 88' lang='lat' dir='ltr'><strong>timeam,</strong></span> <span class='ocrx_word' id='word_1_621' title='bbox 3614 1850 3721 1888; x_wconf 90' lang='lat' dir='ltr'><strong>non</strong></span> <span class='ocrx_word' id='word_1_622' title='bbox 3751 1837 3818 1888; x_wconf 83' lang='lat' dir='ltr'><strong>ti-</strong></span> 
     </span>
    </p>
   </div>
   <div class='ocr_carea' id='block_1_77' title="bbox 2234 1923 3813 1988">
    <p class='ocr_par' dir='ltr' id='par_1_77' title="bbox 2234 1923 3813 1988">
     <span class='ocr_line' id='line_1_77' title="bbox 2234 1923 3813 1988; baseline 0.003 -12"><span class='ocrx_word' id='word_1_623' title='bbox 2234 1938 2444 1988; x_wconf 87' lang='lat' dir='ltr'><strong>meam,</strong></span> <span class='ocrx_word' id='word_1_624' title='bbox 2489 1925 2670 1978; x_wconf 90' lang='lat' dir='ltr'><strong>venire</strong></span> <span class='ocrx_word' id='word_1_625' title='bbox 2710 1923 2903 1987; x_wconf 85' lang='lat' dir='ltr'><strong>habet;</strong></span> <span class='ocrx_word' id='word_1_626' title='bbox 2949 1939 3099 1988; x_wconf 89' lang='lat' dir='ltr'><strong>sero,</strong></span> <span class='ocrx_word' id='word_1_627' title='bbox 3155 1925 3295 1987; x_wconf 88' lang='lat' dir='ltr'><strong>cito,</strong></span> <span class='ocrx_word' id='word_1_628' title='bbox 3346 1937 3567 1979; x_wconf 87' lang='lat' dir='ltr'><strong>ventura</strong></span> <span class='ocrx_word' id='word_1_629' title='bbox 3597 1937 3700 1980; x_wconf 87' lang='lat' dir='ltr'><strong>est.</strong></span> <span class='ocrx_word' id='word_1_630' title='bbox 3755 1925 3813 1982; x_wconf 88' lang='lat' dir='ltr'><strong>Si</strong></span> 
     </span>
    </p>
   </div>
   <div class='ocr_carea' id='block_1_78' title="bbox 2237 2015 3504 2084">
    <p class='ocr_par' dir='ltr' id='par_1_78' title="bbox 2237 2015 3504 2084">
     <span class='ocr_line' id='line_1_78' title="bbox 2237 2015 3504 2084; baseline 0.002 -16"><span class='ocrx_word' id='word_1_631' title='bbox 2237 2015 2451 2079; x_wconf 89' lang='lat' dir='ltr'><strong>timeas,</strong></span> <span class='ocrx_word' id='word_1_632' title='bbox 2482 2031 2585 2068; x_wconf 92' lang='lat' dir='ltr'><strong>non</strong></span> <span class='ocrx_word' id='word_1_633' title='bbox 2611 2015 2812 2069; x_wconf 84' lang='lat' dir='ltr'><strong>eflicies</strong></span> <span class='ocrx_word' id='word_1_634' title='bbox 2840 2026 2896 2069; x_wconf 91' lang='lat' dir='ltr'><strong>ut</strong></span> <span class='ocrx_word' id='word_1_635' title='bbox 2924 2031 3028 2069; x_wconf 91' lang='lat' dir='ltr'><strong>non</strong></span> <span class='ocrx_word' id='word_1_636' title='bbox 3061 2016 3125 2069; x_wconf 91' lang='lat' dir='ltr'><strong>sit</strong></span> <span class='ocrx_word' id='word_1_637' title='bbox 3154 2016 3295 2084; x_wconf 89' lang='lat' dir='ltr'><strong>quod</strong></span> <span class='ocrx_word' id='word_1_638' title='bbox 3324 2017 3504 2072; x_wconf 90' lang='lat' dir='ltr'><strong>times.</strong></span> 
     </span>
    </p>
   </div>
   <div class='ocr_carea' id='block_1_79' title="bbox 2306 2104 3820 2179">
    <p class='ocr_par' dir='ltr' id='par_1_79' title="bbox 2306 2104 3820 2179">
     <span class='ocr_line' id='line_1_79' title="bbox 2306 2104 3820 2179; baseline 0.004 -21"><span class='ocrx_word' id='word_1_639' title='bbox 2306 2104 2530 2160; x_wconf 85' lang='lat' dir='ltr'><strong>CAPUT</strong></span> <span class='ocrx_word' id='word_1_640' title='bbox 2572 2105 2682 2160; x_wconf 79' lang='lat' dir='ltr'><strong>XII.</strong></span> <span class='ocrx_word' id='word_1_641' title='bbox 2713 2135 2785 2146; x_wconf 90' lang='lat'><strong>-—</strong></span> <span class='ocrx_word' id='word_1_642' title='bbox 2814 2106 2900 2160; x_wconf 76' lang='grc'><strong>13.</strong></span> <span class='ocrx_word' id='word_1_643' title='bbox 2951 2105 3093 2160; x_wconf 79' lang='lat' dir='ltr'><strong>Mors</strong></span> <span class='ocrx_word' id='word_1_644' title='bbox 3135 2104 3267 2160; x_wconf 86' lang='lat' dir='ltr'><strong>bona</strong></span> <span class='ocrx_word' id='word_1_645' title='bbox 3289 2148 3302 2169; x_wconf 96' lang='lat'><strong>,</strong></span> <span class='ocrx_word' id='word_1_646' title='bbox 3333 2107 3379 2161; x_wconf 84' lang='lat' dir='ltr'><strong>si</strong></span> <span class='ocrx_word' id='word_1_647' title='bbox 3406 2109 3507 2160; x_wconf 80' lang='lat' dir='ltr'><strong>vita</strong></span> <span class='ocrx_word' id='word_1_648' title='bbox 3532 2109 3661 2161; x_wconf 85' lang='lat' dir='ltr'><strong>bona</strong></span> <span class='ocrx_word' id='word_1_649' title='bbox 3689 2126 3820 2179; x_wconf 73' lang='lat' dir='ltr'><strong>prc-</strong></span> 
     </span>
    </p>
   </div>
   <div class='ocr_carea' id='block_1_80' title="bbox 2235 2199 3815 2270">
    <p class='ocr_par' dir='ltr' id='par_1_80' title="bbox 2235 2199 3815 2270">
     <span class='ocr_line' id='line_1_80' title="bbox 2235 2199 3815 2270; baseline 0.001 -17"><span class='ocrx_word' id='word_1_650' title='bbox 2235 2201 2402 2253; x_wconf 81' lang='lat' dir='ltr'><strong>cessit.</strong></span> <span class='ocrx_word' id='word_1_651' title='bbox 2453 2199 2581 2254; x_wconf 89' lang='lat' dir='ltr'><strong>Illud</strong></span> <span class='ocrx_word' id='word_1_652' title='bbox 2623 2199 2800 2270; x_wconf 89' lang='lat' dir='ltr'><strong>potius</strong></span> <span class='ocrx_word' id='word_1_653' title='bbox 2845 2200 3005 2263; x_wconf 91' lang='lat' dir='ltr'><strong>time,</strong></span> <span class='ocrx_word' id='word_1_654' title='bbox 3053 2199 3194 2269; x_wconf 91' lang='lat' dir='ltr'><strong>quod</strong></span> <span class='ocrx_word' id='word_1_655' title='bbox 3241 2201 3286 2254; x_wconf 92' lang='lat' dir='ltr'><strong>si</strong></span> <span class='ocrx_word' id='word_1_656' title='bbox 3332 2201 3506 2268; x_wconf 90' lang='lat' dir='ltr'><strong>nolis,</strong></span> <span class='ocrx_word' id='word_1_657' title='bbox 3537 2216 3642 2255; x_wconf 88' lang='lat' dir='ltr'><strong>non</strong></span> <span class='ocrx_word' id='word_1_658' title='bbox 3688 2204 3815 2256; x_wconf 88' lang='lat' dir='ltr'><strong>erit.</strong></span> 
     </span>
    </p>
   </div>
   <div class='ocr_carea' id='block_1_81' title="bbox 2236 2295 3820 2365">
    <p class='ocr_par' dir='ltr' id='par_1_81' title="bbox 2236 2295 3820 2365">
     <span class='ocr_line' id='line_1_81' title="bbox 2236 2295 3820 2365; baseline 0.003 -19"><span class='ocrx_word' id='word_1_659' title='bbox 2236 2295 2407 2361; x_wconf 88' lang='lat' dir='ltr'><strong>Quid?</strong></span> <span class='ocrx_word' id='word_1_660' title='bbox 2436 2295 2682 2350; x_wconf 86' lang='lat' dir='ltr'><strong>Peccare.</strong></span> <span class='ocrx_word' id='word_1_661' title='bbox 2717 2295 2945 2349; x_wconf 87' lang='lat' dir='ltr'><strong>Peccare</strong></span> <span class='ocrx_word' id='word_1_662' title='bbox 2976 2295 3103 2348; x_wconf 90' lang='lat' dir='ltr'><strong>time</strong></span> <span class='ocrx_word' id='word_1_663' title='bbox 3122 2336 3135 2357; x_wconf 92' lang='lat'><strong>,</strong></span> <span class='ocrx_word' id='word_1_664' title='bbox 3165 2296 3283 2364; x_wconf 87' lang='lat' dir='ltr'><strong>quia</strong></span> <span class='ocrx_word' id='word_1_665' title='bbox 3315 2295 3358 2348; x_wconf 92' lang='lat' dir='ltr'><strong>si</strong></span> <span class='ocrx_word' id='word_1_666' title='bbox 3387 2297 3650 2350; x_wconf 86' lang='lat' dir='ltr'><strong>amaveris</strong></span> <span class='ocrx_word' id='word_1_667' title='bbox 3693 2311 3820 2365; x_wconf 86' lang='lat' dir='ltr'><strong>pec-</strong></span> 
     </span>
    </p>
   </div>
   <div class='ocr_carea' id='block_1_82' title="bbox 2236 2385 3826 2456">
    <p class='ocr_par' dir='ltr' id='par_1_82' title="bbox 2236 2385 3826 2456">
     <span class='ocr_line' id='line_1_82' title="bbox 2236 2385 3826 2456; baseline 0.001 -16"><span class='ocrx_word' id='word_1_668' title='bbox 2236 2396 2388 2450; x_wconf 90' lang='lat' dir='ltr'><strong>cata,</strong></span> <span class='ocrx_word' id='word_1_669' title='bbox 2439 2387 2490 2440; x_wconf 91' lang='lat' dir='ltr'><strong>in</strong></span> <span class='ocrx_word' id='word_1_670' title='bbox 2521 2385 2679 2439; x_wconf 91' lang='lat' dir='ltr'><strong>aliam</strong></span> <span class='ocrx_word' id='word_1_671' title='bbox 2725 2395 2949 2440; x_wconf 91' lang='lat' dir='ltr'><strong>mortem</strong></span> <span class='ocrx_word' id='word_1_672' title='bbox 2979 2386 3186 2449; x_wconf 87' lang='lat' dir='ltr'><strong>irrues;</strong></span> <span class='ocrx_word' id='word_1_673' title='bbox 3227 2402 3332 2456; x_wconf 86' lang='lat' dir='ltr'><strong>quo</strong></span> <span class='ocrx_word' id='word_1_674' title='bbox 3362 2401 3544 2454; x_wconf 90' lang='lat' dir='ltr'><strong>posses</strong></span> <span class='ocrx_word' id='word_1_675' title='bbox 3585 2402 3691 2440; x_wconf 90' lang='lat' dir='ltr'><strong>non</strong></span> <span class='ocrx_word' id='word_1_676' title='bbox 3738 2403 3826 2441; x_wconf 81' lang='lat' dir='ltr'><strong>ve-</strong></span> 
     </span>
    </p>
   </div>
   <div class='ocr_carea' id='block_1_83' title="bbox 2239 2476 3827 2546">
    <p class='ocr_par' dir='ltr' id='par_1_83' title="bbox 2239 2476 3827 2546">
     <span class='ocr_line' id='line_1_83' title="bbox 2239 2476 3827 2546; baseline 0.003 -17"><span class='ocrx_word' id='word_1_677' title='bbox 2239 2477 2382 2542; x_wconf 90' lang='lat' dir='ltr'><strong>nire,</strong></span> <span class='ocrx_word' id='word_1_678' title='bbox 2413 2478 2454 2530; x_wconf 87' lang='lat' dir='ltr'><strong>si</strong></span> <span class='ocrx_word' id='word_1_679' title='bbox 2502 2493 2605 2530; x_wconf 91' lang='lat' dir='ltr'><strong>non</strong></span> <span class='ocrx_word' id='word_1_680' title='bbox 2634 2491 2841 2531; x_wconf 87' lang='lat' dir='ltr'><strong>amares</strong></span> <span class='ocrx_word' id='word_1_681' title='bbox 2869 2486 3107 2546; x_wconf 89' lang='lat' dir='ltr'><strong>peccata.</strong></span> <span class='ocrx_word' id='word_1_682' title='bbox 3139 2476 3295 2530; x_wconf 85' lang='lat' dir='ltr'><strong>Modo</strong></span> <span class='ocrx_word' id='word_1_683' title='bbox 3334 2485 3512 2530; x_wconf 89' lang='lat' dir='ltr'><strong>autem</strong></span> <span class='ocrx_word' id='word_1_684' title='bbox 3540 2492 3827 2546; x_wconf 85' lang='lat' dir='ltr'><strong>perversos</strong></span> 
     </span>
    </p>
   </div>
   <div class='ocr_carea' id='block_1_84' title="bbox 2238 2567 3827 2638">
    <p class='ocr_par' dir='ltr' id='par_1_84' title="bbox 2238 2567 3827 2638">
     <span class='ocr_line' id='line_1_84' title="bbox 2238 2567 3827 2638; baseline 0.002 -18"><span class='ocrx_word' id='word_1_685' title='bbox 2238 2567 2356 2637; x_wconf 93' lang='lat' dir='ltr'><strong>plus</strong></span> <span class='ocrx_word' id='word_1_686' title='bbox 2384 2581 2534 2620; x_wconf 90' lang='lat' dir='ltr'><strong>amas</strong></span> <span class='ocrx_word' id='word_1_687' title='bbox 2559 2574 2785 2620; x_wconf 88' lang='lat' dir='ltr'><strong>mortem</strong></span> <span class='ocrx_word' id='word_1_688' title='bbox 2813 2582 2971 2636; x_wconf 87' lang='lat' dir='ltr'><strong>quam</strong></span> <span class='ocrx_word' id='word_1_689' title='bbox 3020 2567 3205 2620; x_wconf 89' lang='lat' dir='ltr'><strong>vitam.</strong></span> <span class='ocrx_word' id='word_1_690' title='bbox 3239 2568 3419 2632; x_wconf 85' lang='lat' dir='ltr'><strong>Absit,</strong></span> <span class='ocrx_word' id='word_1_691' title='bbox 3470 2567 3665 2638; x_wconf 90' lang='lat' dir='ltr'><strong>inquis.</strong></span> <span class='ocrx_word' id='word_1_692' title='bbox 3695 2569 3827 2638; x_wconf 86' lang='lat' dir='ltr'><strong>Quis</strong></span> 
     </span>
    </p>
   </div>
   <div class='ocr_carea' id='block_1_85' title="bbox 2237 2658 3828 2728">
    <p class='ocr_par' dir='ltr' id='par_1_85' title="bbox 2237 2658 3828 2728">
     <span class='ocr_line' id='line_1_85' title="bbox 2237 2658 3828 2728; baseline 0.001 -15"><span class='ocrx_word' id='word_1_693' title='bbox 2237 2668 2319 2713; x_wconf 91' lang='lat' dir='ltr'><strong>est</strong></span> <span class='ocrx_word' id='word_1_694' title='bbox 2358 2658 2630 2712; x_wconf 92' lang='lat' dir='ltr'><strong>hominum</strong></span> <span class='ocrx_word' id='word_1_695' title='bbox 2668 2658 2758 2728; x_wconf 92' lang='lat' dir='ltr'><strong>qui</strong></span> <span class='ocrx_word' id='word_1_696' title='bbox 2799 2659 2917 2728; x_wconf 91' lang='lat' dir='ltr'><strong>plus</strong></span> <span class='ocrx_word' id='word_1_697' title='bbox 2961 2667 3104 2712; x_wconf 88' lang='lat' dir='ltr'><strong>amet</strong></span> <span class='ocrx_word' id='word_1_698' title='bbox 3147 2668 3373 2712; x_wconf 92' lang='lat' dir='ltr'><strong>mortem</strong></span> <span class='ocrx_word' id='word_1_699' title='bbox 3419 2675 3578 2728; x_wconf 89' lang='lat' dir='ltr'><strong>quam</strong></span> <span class='ocrx_word' id='word_1_700' title='bbox 3620 2661 3828 2714; x_wconf 82' lang='lat' dir='ltr'><strong>vitam?</strong></span> 
     </span>
    </p>
   </div>
   <div class='ocr_carea' id='block_1_86' title="bbox 2239 2749 3827 2821">
    <p class='ocr_par' dir='ltr' id='par_1_86' title="bbox 2239 2749 3827 2821">
     <span class='ocr_line' id='line_1_86' title="bbox 2239 2749 3827 2821; baseline 0.001 -17"><span class='ocrx_word' id='word_1_701' title='bbox 2239 2749 2398 2805; x_wconf 81' lang='lat' dir='ltr'><strong>Forte</strong></span> <span class='ocrx_word' id='word_1_702' title='bbox 2444 2751 2702 2804; x_wconf 91' lang='lat' dir='ltr'><strong>convinco</strong></span> <span class='ocrx_word' id='word_1_703' title='bbox 2742 2761 2826 2817; x_wconf 92' lang='lat' dir='ltr'><strong>te,</strong></span> <span class='ocrx_word' id='word_1_704' title='bbox 2871 2750 2991 2820; x_wconf 88' lang='lat' dir='ltr'><strong>quia</strong></span> <span class='ocrx_word' id='word_1_705' title='bbox 3035 2749 3153 2819; x_wconf 91' lang='lat' dir='ltr'><strong>plus</strong></span> <span class='ocrx_word' id='word_1_706' title='bbox 3201 2765 3348 2804; x_wconf 88' lang='lat' dir='ltr'><strong>amas</strong></span> <span class='ocrx_word' id='word_1_707' title='bbox 3391 2761 3616 2805; x_wconf 91' lang='lat' dir='ltr'><strong>mortem</strong></span> <span class='ocrx_word' id='word_1_708' title='bbox 3668 2769 3827 2821; x_wconf 91' lang='lat' dir='ltr'><strong>quam</strong></span> 
     </span>
    </p>
   </div>
   <div class='ocr_carea' id='block_1_87' title="bbox 2235 2840 3823 2910">
    <p class='ocr_par' dir='ltr' id='par_1_87' title="bbox 2235 2840 3823 2910">
     <span class='ocr_line' id='line_1_87' title="bbox 2235 2840 3823 2910; baseline 0.001 -15"><span class='ocrx_word' id='word_1_709' title='bbox 2235 2842 2418 2895; x_wconf 91' lang='lat' dir='ltr'><strong>vitam.</strong></span> <span class='ocrx_word' id='word_1_710' title='bbox 2456 2841 2593 2896; x_wconf 87' lang='lat' dir='ltr'><strong>Ecce</strong></span> <span class='ocrx_word' id='word_1_711' title='bbox 2620 2840 2758 2895; x_wconf 88' lang='lat' dir='ltr'><strong>unde</strong></span> <span class='ocrx_word' id='word_1_712' title='bbox 2789 2851 2838 2895; x_wconf 91' lang='lat' dir='ltr'><strong>te</strong></span> <span class='ocrx_word' id='word_1_713' title='bbox 2862 2841 3144 2895; x_wconf 90' lang='lat' dir='ltr'><strong>convinco.</strong></span> <span class='ocrx_word' id='word_1_714' title='bbox 3185 2843 3348 2894; x_wconf 85' lang='lat' dir='ltr'><strong>Amas</strong></span> <span class='ocrx_word' id='word_1_715' title='bbox 3379 2843 3610 2896; x_wconf 89' lang='lat' dir='ltr'><strong>tunicam</strong></span> <span class='ocrx_word' id='word_1_716' title='bbox 3644 2851 3789 2897; x_wconf 88' lang='lat' dir='ltr'><strong>tuam</strong></span> <span class='ocrx_word' id='word_1_717' title='bbox 3809 2885 3823 2910; x_wconf 97' lang='lat'><strong>,</strong></span> 
     </span>
    </p>
   </div>
   <div class='ocr_carea' id='block_1_88' title="bbox 2239 2932 3826 2991">
    <p class='ocr_par' dir='ltr' id='par_1_88' title="bbox 2239 2932 3826 2991">
     <span class='ocr_line' id='line_1_88' title="bbox 2239 2932 3826 2991; baseline -0.002 -2"><span class='ocrx_word' id='word_1_718' title='bbox 2239 2933 2430 2989; x_wconf 91' lang='lat' dir='ltr'><strong>bonam</strong></span> <span class='ocrx_word' id='word_1_719' title='bbox 2461 2949 2578 2986; x_wconf 86' lang='lat' dir='ltr'><strong>eam</strong></span> <span class='ocrx_word' id='word_1_720' title='bbox 2609 2933 2690 2986; x_wconf 88' lang='lat' dir='ltr'><strong>vis</strong></span> <span class='ocrx_word' id='word_1_721' title='bbox 2722 2947 2908 2986; x_wconf 85' lang='lat' dir='ltr'><strong>:amas</strong></span> <span class='ocrx_word' id='word_1_722' title='bbox 2933 2933 3109 2986; x_wconf 92' lang='lat' dir='ltr'><strong>villam</strong></span> <span class='ocrx_word' id='word_1_723' title='bbox 3139 2942 3281 2986; x_wconf 84' lang='lat' dir='ltr'><strong>tuam</strong></span> <span class='ocrx_word' id='word_1_724' title='bbox 3303 2973 3317 2991; x_wconf 80' lang='lat'><strong>.</strong></span> <span class='ocrx_word' id='word_1_725' title='bbox 3343 2932 3532 2986; x_wconf 89' lang='lat' dir='ltr'><strong>bonam</strong></span> <span class='ocrx_word' id='word_1_726' title='bbox 3559 2947 3681 2988; x_wconf 87' lang='lat' dir='ltr'><strong>eam</strong></span> <span class='ocrx_word' id='word_1_727' title='bbox 3712 2935 3826 2987; x_wconf 90' lang='lat' dir='ltr'><strong>vis:</strong></span> 
     </span>
    </p>
   </div>
   <div class='ocr_carea' id='block_1_89' title="bbox 2238 3023 3828 3084">
    <p class='ocr_par' dir='ltr' id='par_1_89' title="bbox 2238 3023 3828 3084">
     <span class='ocr_line' id='line_1_89' title="bbox 2238 3023 3828 3084; baseline 0.001 -8"><span class='ocrx_word' id='word_1_728' title='bbox 2238 3038 2387 3076; x_wconf 88' lang='lat' dir='ltr'><strong>amas</strong></span> <span class='ocrx_word' id='word_1_729' title='bbox 2419 3024 2581 3076; x_wconf 90' lang='lat' dir='ltr'><strong>lilium</strong></span> <span class='ocrx_word' id='word_1_730' title='bbox 2626 3033 2805 3084; x_wconf 92' lang='lat' dir='ltr'><strong>tuum,</strong></span> <span class='ocrx_word' id='word_1_731' title='bbox 2839 3023 3034 3075; x_wconf 88' lang='lat' dir='ltr'><strong>bonum</strong></span> <span class='ocrx_word' id='word_1_732' title='bbox 3077 3037 3196 3075; x_wconf 91' lang='lat' dir='ltr'><strong>eum</strong></span> <span class='ocrx_word' id='word_1_733' title='bbox 3223 3023 3303 3075; x_wconf 86' lang='lat' dir='ltr'><strong>vis</strong></span> <span class='ocrx_word' id='word_1_734' title='bbox 3350 3037 3363 3074; x_wconf 90' lang='lat'><strong>:</strong></span> <span class='ocrx_word' id='word_1_735' title='bbox 3410 3037 3560 3077; x_wconf 83' lang='lat' dir='ltr'><strong>amas</strong></span> <span class='ocrx_word' id='word_1_736' title='bbox 3596 3023 3828 3078; x_wconf 87' lang='lat' dir='ltr'><strong>amicum</strong></span> 
     </span>
    </p>
   </div>
   <div class='ocr_carea' id='block_1_90' title="bbox 2241 3113 3826 3180">
    <p class='ocr_par' dir='ltr' id='par_1_90' title="bbox 2241 3113 3826 3180">
     <span class='ocr_line' id='line_1_90' title="bbox 2241 3113 3826 3180; baseline -0.001 -10"><span class='ocrx_word' id='word_1_737' title='bbox 2241 3127 2418 3180; x_wconf 89' lang='lat' dir='ltr'><strong>tuum,</strong></span> <span class='ocrx_word' id='word_1_738' title='bbox 2447 3116 2644 3170; x_wconf 91' lang='lat' dir='ltr'><strong>bonum</strong></span> <span class='ocrx_word' id='word_1_739' title='bbox 2675 3130 2796 3168; x_wconf 92' lang='lat' dir='ltr'><strong>eum</strong></span> <span class='ocrx_word' id='word_1_740' title='bbox 2827 3115 2908 3168; x_wconf 89' lang='lat' dir='ltr'><strong>vis</strong></span> <span class='ocrx_word' id='word_1_741' title='bbox 2939 3131 2952 3166; x_wconf 93' lang='lat'>:</span> <span class='ocrx_word' id='word_1_742' title='bbox 2979 3129 3126 3168; x_wconf 90' lang='lat' dir='ltr'><strong>amas</strong></span> <span class='ocrx_word' id='word_1_743' title='bbox 3162 3113 3377 3168; x_wconf 90' lang='lat' dir='ltr'><strong>domum</strong></span> <span class='ocrx_word' id='word_1_744' title='bbox 3409 3123 3549 3168; x_wconf 86' lang='lat' dir='ltr'><strong>tuam</strong></span> <span class='ocrx_word' id='word_1_745' title='bbox 3569 3156 3584 3180; x_wconf 92' lang='lat'><strong>,</strong></span> <span class='ocrx_word' id='word_1_746' title='bbox 3631 3116 3826 3170; x_wconf 88' lang='lat' dir='ltr'><strong>bonam</strong></span> 
     </span>
    </p>
   </div>
   <div class='ocr_carea' id='block_1_91' title="bbox 2239 3207 3831 3278">
    <p class='ocr_par' dir='ltr' id='par_1_91' title="bbox 2239 3207 3831 3278">
     <span class='ocr_line' id='line_1_91' title="bbox 2239 3207 3831 3278; baseline 0.001 -15"><span class='ocrx_word' id='word_1_747' title='bbox 2239 3225 2358 3264; x_wconf 91' lang='lat' dir='ltr'><strong>eam</strong></span> <span class='ocrx_word' id='word_1_748' title='bbox 2413 3209 2512 3263; x_wconf 86' lang='lat' dir='ltr'><strong>vis.</strong></span> <span class='ocrx_word' id='word_1_749' title='bbox 2571 3207 2706 3275; x_wconf 93' lang='lat' dir='ltr'><strong>Quid</strong></span> <span class='ocrx_word' id='word_1_750' title='bbox 2757 3217 2840 3262; x_wconf 85' lang='lat' dir='ltr'><strong>est</strong></span> <span class='ocrx_word' id='word_1_751' title='bbox 2885 3207 3025 3278; x_wconf 89' lang='lat' dir='ltr'><strong>quod</strong></span> <span class='ocrx_word' id='word_1_752' title='bbox 3072 3208 3232 3261; x_wconf 89' lang='lat' dir='ltr'><strong>etiam</strong></span> <span class='ocrx_word' id='word_1_753' title='bbox 3273 3207 3464 3262; x_wconf 92' lang='lat' dir='ltr'><strong>bonam</strong></span> <span class='ocrx_word' id='word_1_754' title='bbox 3509 3209 3587 3263; x_wconf 91' lang='lat' dir='ltr'><strong>vis</strong></span> <span class='ocrx_word' id='word_1_755' title='bbox 3630 3209 3831 3265; x_wconf 81' lang='lat' dir='ltr'><strong>habere</strong></span> 
     </span>
    </p>
   </div>
   <div class='ocr_carea' id='block_1_92' title="bbox 2239 3301 3831 3371">
    <p class='ocr_par' dir='ltr' id='par_1_92' title="bbox 2239 3301 3831 3371">
     <span class='ocr_line' id='line_1_92' title="bbox 2239 3301 3831 3371; baseline 0.003 -16"><span class='ocrx_word' id='word_1_756' title='bbox 2239 3302 2504 3355; x_wconf 83' lang='lat' dir='ltr'><strong>mortem?</strong></span> <span class='ocrx_word' id='word_1_757' title='bbox 2543 3301 2788 3368; x_wconf 89' lang='lat' dir='ltr'><strong>Quotidie</strong></span> <span class='ocrx_word' id='word_1_758' title='bbox 2838 3303 2979 3354; x_wconf 84' lang='lat' dir='ltr'><strong>etiim</strong></span> <span class='ocrx_word' id='word_1_759' title='bbox 3033 3316 3222 3371; x_wconf 81' lang='lat' dir='ltr'><strong>rogas,</strong></span> <span class='ocrx_word' id='word_1_760' title='bbox 3275 3310 3332 3356; x_wconf 91' lang='lat' dir='ltr'><strong>ut</strong></span> <span class='ocrx_word' id='word_1_761' title='bbox 3373 3304 3625 3371; x_wconf 89' lang='lat' dir='ltr'><strong>quoniam</strong></span> <span class='ocrx_word' id='word_1_762' title='bbox 3683 3321 3831 3360; x_wconf 84' lang='lat' dir='ltr'><strong>mors</strong></span> 
     </span>
    </p>
   </div>
   <div class='ocr_carea' id='block_1_93' title="bbox 2243 3391 3829 3462">
    <p class='ocr_par' dir='ltr' id='par_1_93' title="bbox 2243 3391 3829 3462">
     <span class='ocr_line' id='line_1_93' title="bbox 2243 3391 3829 3462; baseline 0.003 -18"><span class='ocrx_word' id='word_1_763' title='bbox 2243 3403 2464 3446; x_wconf 89' lang='lat' dir='ltr'><strong>ventura</strong></span> <span class='ocrx_word' id='word_1_764' title='bbox 2486 3403 2605 3456; x_wconf 90' lang='lat' dir='ltr'><strong>est,</strong></span> <span class='ocrx_word' id='word_1_765' title='bbox 2631 3392 2822 3445; x_wconf 90' lang='lat' dir='ltr'><strong>bonam</strong></span> <span class='ocrx_word' id='word_1_766' title='bbox 2855 3402 3079 3445; x_wconf 88' lang='lat' dir='ltr'><strong>mortem</strong></span> <span class='ocrx_word' id='word_1_767' title='bbox 3106 3391 3199 3445; x_wconf 91' lang='lat' dir='ltr'><strong>tibi</strong></span> <span class='ocrx_word' id='word_1_768' title='bbox 3230 3392 3366 3446; x_wconf 90' lang='lat' dir='ltr'><strong>Deus</strong></span> <span class='ocrx_word' id='word_1_769' title='bbox 3395 3393 3518 3458; x_wconf 91' lang='lat' dir='ltr'><strong>det;</strong></span> <span class='ocrx_word' id='word_1_770' title='bbox 3564 3402 3619 3447; x_wconf 89' lang='lat' dir='ltr'><strong>et</strong></span> <span class='ocrx_word' id='word_1_771' title='bbox 3657 3393 3829 3462; x_wconf 90' lang='lat' dir='ltr'><strong>dicis,</strong></span> 
     </span>
    </p>
   </div>
   <div class='ocr_carea' id='block_1_94' title="bbox 2243 3485 3832 3556">
    <p class='ocr_par' dir='ltr' id='par_1_94' title="bbox 2243 3485 3832 3556">
     <span class='ocr_line' id='line_1_94' title="bbox 2243 3485 3832 3556; baseline 0.001 -15"><span class='ocrx_word' id='word_1_772' title='bbox 2243 3488 2380 3542; x_wconf 90' lang='lat' dir='ltr'><strong>Deus</strong></span> <span class='ocrx_word' id='word_1_773' title='bbox 2421 3494 2627 3540; x_wconf 88' lang='lat' dir='ltr'><strong>avertat</strong></span> <span class='ocrx_word' id='word_1_774' title='bbox 2652 3501 2678 3538; x_wconf 90' lang='lat' dir='ltr'><strong>a</strong></span> <span class='ocrx_word' id='word_1_775' title='bbox 2712 3501 2796 3540; x_wconf 91' lang='lat' dir='ltr'><strong>me</strong></span> <span class='ocrx_word' id='word_1_776' title='bbox 2821 3485 3015 3539; x_wconf 90' lang='lat' dir='ltr'><strong>malam</strong></span> <span class='ocrx_word' id='word_1_777' title='bbox 3061 3495 3310 3540; x_wconf 88' lang='lat' dir='ltr'><strong>mortem.</strong></span> <span class='ocrx_word' id='word_1_778' title='bbox 3343 3485 3468 3540; x_wconf 90' lang='lat' dir='ltr'><strong>Plus</strong></span> <span class='ocrx_word' id='word_1_779' title='bbox 3510 3502 3641 3556; x_wconf 81' lang='lat' dir='ltr'><strong>ergo</strong></span> <span class='ocrx_word' id='word_1_780' title='bbox 3682 3503 3832 3542; x_wconf 85' lang='lat' dir='ltr'><strong>amas</strong></span> 
     </span>
    </p>
   </div>
   <div class='ocr_carea' id='block_1_95' title="bbox 2241 3576 3826 3646">
    <p class='ocr_par' dir='ltr' id='par_1_95' title="bbox 2241 3576 3826 3646">
     <span class='ocr_line' id='line_1_95' title="bbox 2241 3576 3826 3646; baseline 0.001 -14"><span class='ocrx_word' id='word_1_781' title='bbox 2241 3587 2468 3632; x_wconf 81' lang='lat' dir='ltr'><strong>mortem</strong></span> <span class='ocrx_word' id='word_1_782' title='bbox 2500 3587 2673 3644; x_wconf 91' lang='lat' dir='ltr'><strong>tuam,</strong></span> <span class='ocrx_word' id='word_1_783' title='bbox 2698 3593 2856 3646; x_wconf 87' lang='lat' dir='ltr'><strong>quam</strong></span> <span class='ocrx_word' id='word_1_784' title='bbox 2897 3577 3060 3630; x_wconf 89' lang='lat' dir='ltr'><strong>vitam</strong></span> <span class='ocrx_word' id='word_1_785' title='bbox 3091 3585 3254 3630; x_wconf 90' lang='lat' dir='ltr'><strong>tuam.</strong></span> <span class='ocrx_word' id='word_1_786' title='bbox 3285 3576 3419 3631; x_wconf 79' lang='lat' dir='ltr'><strong>Mori</strong></span> <span class='ocrx_word' id='word_1_787' title='bbox 3463 3579 3601 3632; x_wconf 91' lang='lat' dir='ltr'><strong>male</strong></span> <span class='ocrx_word' id='word_1_788' title='bbox 3633 3579 3790 3633; x_wconf 81' lang='lat' dir='ltr'><strong>times</strong></span> <span class='ocrx_word' id='word_1_789' title='bbox 3811 3622 3826 3644; x_wconf 94' lang='lat'><strong>,</strong></span> 
     </span>
    </p>
   </div>
   <div class='ocr_carea' id='block_1_96' title="bbox 2241 3666 3829 3738">
    <p class='ocr_par' dir='ltr' id='par_1_96' title="bbox 2241 3666 3829 3738">
     <span class='ocr_line' id='line_1_96' title="bbox 2241 3666 3829 3738; baseline 0.001 -16"><span class='ocrx_word' id='word_1_790' title='bbox 2241 3669 2378 3722; x_wconf 88' lang='lat' dir='ltr'><strong>male</strong></span> <span class='ocrx_word' id='word_1_791' title='bbox 2419 3669 2598 3722; x_wconf 90' lang='lat' dir='ltr'><strong>vivere</strong></span> <span class='ocrx_word' id='word_1_792' title='bbox 2649 3682 2752 3720; x_wconf 88' lang='lat' dir='ltr'><strong>non</strong></span> <span class='ocrx_word' id='word_1_793' title='bbox 2801 3668 2976 3722; x_wconf 88' lang='lat' dir='ltr'><strong>times.</strong></span> <span class='ocrx_word' id='word_1_794' title='bbox 3019 3666 3240 3738; x_wconf 86' lang='lat' dir='ltr'><strong>Corrige</strong></span> <span class='ocrx_word' id='word_1_795' title='bbox 3285 3668 3423 3722; x_wconf 89' lang='lat' dir='ltr'><strong>male</strong></span> <span class='ocrx_word' id='word_1_796' title='bbox 3462 3668 3676 3735; x_wconf 88' lang='lat' dir='ltr'><strong>vivere,</strong></span> <span class='ocrx_word' id='word_1_797' title='bbox 3702 3671 3829 3724; x_wconf 88' lang='lat' dir='ltr'><strong>time</strong></span> 
     </span>
    </p>
   </div>
   <div class='ocr_carea' id='block_1_97' title="bbox 2240 3760 3825 3833">
    <p class='ocr_par' dir='ltr' id='par_1_97' title="bbox 2240 3760 3825 3833">
     <span class='ocr_line' id='line_1_97' title="bbox 2240 3760 3825 3833; baseline 0.003 -19"><span class='ocrx_word' id='word_1_798' title='bbox 2240 3761 2378 3814; x_wconf 91' lang='lat' dir='ltr'><strong>male</strong></span> <span class='ocrx_word' id='word_1_799' title='bbox 2409 3761 2562 3814; x_wconf 90' lang='lat' dir='ltr'><strong>mori.</strong></span> <span class='ocrx_word' id='word_1_800' title='bbox 2591 3760 2697 3815; x_wconf 89' lang='lat' dir='ltr'><strong>Sed</strong></span> <span class='ocrx_word' id='word_1_801' title='bbox 2727 3760 2834 3815; x_wconf 90' lang='lat' dir='ltr'><strong>noli</strong></span> <span class='ocrx_word' id='word_1_802' title='bbox 2875 3761 3063 3815; x_wconf 88' lang='lat' dir='ltr'><strong>timere</strong></span> <span class='ocrx_word' id='word_1_803' title='bbox 3097 3780 3108 3814; x_wconf 95' lang='lat'>:</span> <span class='ocrx_word' id='word_1_804' title='bbox 3136 3776 3240 3815; x_wconf 90' lang='lat' dir='ltr'><strong>non</strong></span> <span class='ocrx_word' id='word_1_805' title='bbox 3271 3773 3447 3831; x_wconf 85' lang='lat' dir='ltr'><strong>potest</strong></span> <span class='ocrx_word' id='word_1_806' title='bbox 3483 3764 3624 3817; x_wconf 86' lang='lat' dir='ltr'><strong>male</strong></span> <span class='ocrx_word' id='word_1_807' title='bbox 3651 3766 3825 3833; x_wconf 92' lang='lat' dir='ltr'><strong>mori,</strong></span> 
     </span>
    </p>
   </div>
   <div class='ocr_carea' id='block_1_98' title="bbox 2239 3853 3825 3924">
    <p class='ocr_par' dir='ltr' id='par_1_98' title="bbox 2239 3853 3825 3924">
     <span class='ocr_line' id='line_1_98' title="bbox 2239 3853 3825 3924; baseline 0.004 -18"><span class='ocrx_word' id='word_1_808' title='bbox 2239 3855 2327 3923; x_wconf 88' lang='lat' dir='ltr'><strong>qui</strong></span> <span class='ocrx_word' id='word_1_809' title='bbox 2365 3855 2500 3908; x_wconf 83' lang='lat' dir='ltr'><strong>bene</strong></span> <span class='ocrx_word' id='word_1_810' title='bbox 2538 3854 2748 3907; x_wconf 80' lang='lat' dir='ltr'><strong>vixerit.</strong></span> <span class='ocrx_word' id='word_1_811' title='bbox 2801 3853 3028 3907; x_wconf 88' lang='lat' dir='ltr'><strong>Prorsus</strong></span> <span class='ocrx_word' id='word_1_812' title='bbox 3069 3854 3361 3918; x_wconf 84' lang='lat' dir='ltr'><strong>conﬁrmo,</strong></span> <span class='ocrx_word' id='word_1_813' title='bbox 3407 3856 3579 3911; x_wconf 88' lang='lat' dir='ltr'><strong>audeo</strong></span> <span class='ocrx_word' id='word_1_814' title='bbox 3607 3856 3825 3924; x_wconf 87' lang='lat' dir='ltr'><strong>dicere,</strong></span> 
     </span>
    </p>
   </div>
   <div class='ocr_carea' id='block_1_99' title="bbox 2241 3943 3828 4015">
    <p class='ocr_par' dir='ltr' id='par_1_99' title="bbox 2241 3943 3828 4015">
     <span class='ocr_line' id='line_1_99' title="bbox 2241 3943 3828 4015; baseline 0.003 -18"><span class='ocrx_word' id='word_1_815' title='bbox 2241 3943 2480 4007; x_wconf 86' lang='lat' dir='ltr'><strong>Credidi,</strong></span> <span class='ocrx_word' id='word_1_816' title='bbox 2521 3954 2727 4013; x_wconf 84' lang='lat' dir='ltr'><strong>prapter</strong></span> <span class='ocrx_word' id='word_1_817' title='bbox 2755 3943 2891 4014; x_wconf 85' lang='lat' dir='ltr'><strong>quod</strong></span> <span class='ocrx_word' id='word_1_818' title='bbox 2921 3944 3116 3997; x_wconf 81' lang='lat' dir='ltr'><strong>locutus</strong></span> <span class='ocrx_word' id='word_1_819' title='bbox 3147 3961 3303 4000; x_wconf 84' lang='lat' dir='ltr'><strong>sum:</strong></span> <span class='ocrx_word' id='word_1_820' title='bbox 3336 3963 3438 3998; x_wconf 89' lang='lat' dir='ltr'><strong>non</strong></span> <span class='ocrx_word' id='word_1_821' title='bbox 3474 3955 3651 4015; x_wconf 86' lang='lat' dir='ltr'><strong>potest</strong></span> <span class='ocrx_word' id='word_1_822' title='bbox 3693 3950 3828 4004; x_wconf 89' lang='lat' dir='ltr'><strong>male</strong></span> 
     </span>
    </p>
   </div>
   <div class='ocr_carea' id='block_1_100' title="bbox 2241 4037 3825 4106">
    <p class='ocr_par' dir='ltr' id='par_1_100' title="bbox 2241 4037 3825 4106">
     <span class='ocr_line' id='line_1_100' title="bbox 2241 4037 3825 4106; baseline 0.002 -15"><span class='ocrx_word' id='word_1_823' title='bbox 2241 4037 2409 4101; x_wconf 91' lang='lat' dir='ltr'><strong>mori,</strong></span> <span class='ocrx_word' id='word_1_824' title='bbox 2458 4037 2550 4106; x_wconf 92' lang='lat' dir='ltr'><strong>qui</strong></span> <span class='ocrx_word' id='word_1_825' title='bbox 2599 4037 2733 4092; x_wconf 88' lang='lat' dir='ltr'><strong>bene</strong></span> <span class='ocrx_word' id='word_1_826' title='bbox 2779 4039 2988 4092; x_wconf 81' lang='lat' dir='ltr'><strong>vixerit.</strong></span> <span class='ocrx_word' id='word_1_827' title='bbox 3045 4037 3162 4092; x_wconf 83' lang='lat' dir='ltr'><strong>Jam</strong></span> <span class='ocrx_word' id='word_1_828' title='bbox 3217 4050 3271 4092; x_wconf 91' lang='lat' dir='ltr'><strong>tu</strong></span> <span class='ocrx_word' id='word_1_829' title='bbox 3312 4040 3445 4094; x_wconf 89' lang='lat' dir='ltr'><strong>dicis</strong></span> <span class='ocrx_word' id='word_1_830' title='bbox 3495 4041 3585 4093; x_wconf 90' lang='lat' dir='ltr'><strong>tibi</strong></span> <span class='ocrx_word' id='word_1_831' title='bbox 3619 4059 3631 4094; x_wconf 92' lang='lat'><strong>:</strong></span> <span class='ocrx_word' id='word_1_832' title='bbox 3661 4040 3778 4094; x_wconf 82' lang='lat' dir='ltr'><strong>Non</strong></span> <span class='ocrx_word' id='word_1_833' title='bbox 3809 4043 3825 4072; x_wconf 78' lang='grc'>⁸</span> 
     </span>
    </p>
   </div>
   <div class='ocr_carea' id='block_1_101' title="bbox 2241 4129 3829 4200">
    <p class='ocr_par' dir='ltr' id='par_1_101' title="bbox 2241 4129 3829 4200">
     <span class='ocr_line' id='line_1_101' title="bbox 2241 4129 3829 4200; baseline 0.001 -17"><span class='ocrx_word' id='word_1_834' title='bbox 2241 4129 2392 4183; x_wconf 91' lang='lat' dir='ltr'><strong>multi</strong></span> <span class='ocrx_word' id='word_1_835' title='bbox 2441 4129 2570 4198; x_wconf 89' lang='lat' dir='ltr'><strong>justi</strong></span> <span class='ocrx_word' id='word_1_836' title='bbox 2631 4129 2904 4199; x_wconf 81' lang='lat' dir='ltr'><strong>naufragio</strong></span> <span class='ocrx_word' id='word_1_837' title='bbox 2948 4129 3258 4200; x_wconf 86' lang='lat' dir='ltr'><strong>perierunt?</strong></span> <span class='ocrx_word' id='word_1_838' title='bbox 3302 4129 3458 4184; x_wconf 90' lang='lat' dir='ltr'><strong>Certe</strong></span> <span class='ocrx_word' id='word_1_839' title='bbox 3497 4148 3602 4185; x_wconf 90' lang='lat' dir='ltr'><strong>non</strong></span> <span class='ocrx_word' id='word_1_840' title='bbox 3655 4141 3829 4200; x_wconf 89' lang='lat' dir='ltr'><strong>potest</strong></span> 
     </span>
    </p>
   </div>
   <div class='ocr_carea' id='block_1_102' title="bbox 2239 4222 3828 4292">
    <p class='ocr_par' dir='ltr' id='par_1_102' title="bbox 2239 4222 3828 4292">
     <span class='ocr_line' id='line_1_102' title="bbox 2239 4222 3828 4292; baseline 0.001 -15"><span class='ocrx_word' id='word_1_841' title='bbox 2239 4224 2377 4277; x_wconf 89' lang='lat' dir='ltr'><strong>male</strong></span> <span class='ocrx_word' id='word_1_842' title='bbox 2428 4222 2598 4284; x_wconf 90' lang='lat' dir='ltr'><strong>mori,</strong></span> <span class='ocrx_word' id='word_1_843' title='bbox 2643 4224 2732 4291; x_wconf 90' lang='lat' dir='ltr'><strong>qui</strong></span> <span class='ocrx_word' id='word_1_844' title='bbox 2777 4223 2912 4276; x_wconf 89' lang='lat' dir='ltr'><strong>bene</strong></span> <span class='ocrx_word' id='word_1_845' title='bbox 2977 4223 3187 4277; x_wconf 75' lang='lat' dir='ltr'><strong>vixerit.</strong></span> <span class='ocrx_word' id='word_1_846' title='bbox 3246 4223 3360 4277; x_wconf 86' lang='lat' dir='ltr'><strong>Non</strong></span> <span class='ocrx_word' id='word_1_847' title='bbox 3420 4224 3617 4278; x_wconf 86' lang='lat' dir='ltr'><strong>inultos</strong></span> <span class='ocrx_word' id='word_1_848' title='bbox 3655 4225 3828 4292; x_wconf 78' lang='lat' dir='ltr'><strong>justus</strong></span> 
     </span>
    </p>
   </div>
   <div class='ocr_carea' id='block_1_103' title="bbox 2238 4313 3829 4386">
    <p class='ocr_par' dir='ltr' id='par_1_103' title="bbox 2238 4313 3829 4386">
     <span class='ocr_line' id='line_1_103' title="bbox 2238 4313 3829 4386; baseline 0.001 -19"><span class='ocrx_word' id='word_1_849' title='bbox 2238 4313 2446 4384; x_wconf 87' lang='lat' dir='ltr'><strong>gladius</strong></span> <span class='ocrx_word' id='word_1_850' title='bbox 2472 4315 2696 4382; x_wconf 88' lang='lat' dir='ltr'><strong>peremit</strong></span> <span class='ocrx_word' id='word_1_851' title='bbox 2727 4314 2971 4369; x_wconf 87' lang='lat' dir='ltr'><strong>hostilis?</strong></span> <span class='ocrx_word' id='word_1_852' title='bbox 3014 4315 3172 4369; x_wconf 89' lang='lat' dir='ltr'><strong>Certe</strong></span> <span class='ocrx_word' id='word_1_853' title='bbox 3202 4332 3305 4368; x_wconf 93' lang='lat' dir='ltr'><strong>non</strong></span> <span class='ocrx_word' id='word_1_854' title='bbox 3336 4326 3508 4386; x_wconf 88' lang='lat' dir='ltr'><strong>potest</strong></span> <span class='ocrx_word' id='word_1_855' title='bbox 3538 4318 3674 4370; x_wconf 91' lang='lat' dir='ltr'><strong>male</strong></span> <span class='ocrx_word' id='word_1_856' title='bbox 3715 4332 3829 4369; x_wconf 79' lang='lat' dir='ltr'><strong>mo-</strong></span> 
     </span>
    </p>
   </div>
   <div class='ocr_carea' id='block_1_104' title="bbox 2241 4404 3825 4475">
    <p class='ocr_par' dir='ltr' id='par_1_104' title="bbox 2241 4404 3825 4475">
     <span class='ocr_line' id='line_1_104' title="bbox 2241 4404 3825 4475; baseline 0.003 -18"><span class='ocrx_word' id='word_1_857' title='bbox 2241 4405 2319 4470; x_wconf 91' lang='lat' dir='ltr'><strong>ri,</strong></span> <span class='ocrx_word' id='word_1_858' title='bbox 2349 4404 2435 4470; x_wconf 82' lang='lat' dir='ltr'><strong>qui</strong></span> <span class='ocrx_word' id='word_1_859' title='bbox 2469 4405 2604 4459; x_wconf 91' lang='lat' dir='ltr'><strong>bene</strong></span> <span class='ocrx_word' id='word_1_860' title='bbox 2633 4406 2841 4458; x_wconf 77' lang='lat' dir='ltr'><strong>vixerit.</strong></span> <span class='ocrx_word' id='word_1_861' title='bbox 2873 4404 2986 4459; x_wconf 86' lang='lat' dir='ltr'><strong>Non</strong></span> <span class='ocrx_word' id='word_1_862' title='bbox 3035 4406 3232 4459; x_wconf 90' lang='lat' dir='ltr'><strong>multos</strong></span> <span class='ocrx_word' id='word_1_863' title='bbox 3252 4405 3425 4475; x_wconf 85' lang='lat' dir='ltr'><strong>justos</strong></span> <span class='ocrx_word' id='word_1_864' title='bbox 3459 4407 3690 4461; x_wconf 84' lang='lat' dir='ltr'><strong>latrones</strong></span> <span class='ocrx_word' id='word_1_865' title='bbox 3734 4423 3825 4461; x_wconf 84' lang='lat' dir='ltr'><strong>oc-</strong></span> 
     </span>
    </p>
   </div>
   <div class='ocr_carea' id='block_1_105' title="bbox 2239 4495 3827 4564">
    <p class='ocr_par' dir='ltr' id='par_1_105' title="bbox 2239 4495 3827 4564">
     <span class='ocr_line' id='line_1_105' title="bbox 2239 4495 3827 4564; baseline 0.002 -17"><span class='ocrx_word' id='word_1_866' title='bbox 2239 4495 2515 4548; x_wconf 87' lang='lat' dir='ltr'><strong>cidcrunt?</strong></span> <span class='ocrx_word' id='word_1_867' title='bbox 2561 4495 2676 4549; x_wconf 83' lang='lat' dir='ltr'><strong>Non</strong></span> <span class='ocrx_word' id='word_1_868' title='bbox 2740 4497 2936 4549; x_wconf 92' lang='lat' dir='ltr'><strong>multos</strong></span> <span class='ocrx_word' id='word_1_869' title='bbox 2975 4495 3151 4564; x_wconf 83' lang='lat' dir='ltr'><strong>justos</strong></span> <span class='ocrx_word' id='word_1_870' title='bbox 3213 4497 3397 4550; x_wconf 75' lang='lat' dir='ltr'><strong>bestia:</strong></span> <span class='ocrx_word' id='word_1_871' title='bbox 3453 4497 3827 4552; x_wconf 80' lang='lat' dir='ltr'><strong>laniaverunt?</strong></span> 
     </span>
    </p>
   </div>
   <div class='ocr_carea' id='block_1_106' title="bbox 2239 4583 3829 4656">
    <p class='ocr_par' dir='ltr' id='par_1_106' title="bbox 2239 4583 3829 4656">
     <span class='ocr_line' id='line_1_106' title="bbox 2239 4583 3829 4656; baseline 0.002 -18"><span class='ocrx_word' id='word_1_872' title='bbox 2239 4583 2398 4639; x_wconf 88' lang='lat' dir='ltr'><strong>Certe</strong></span> <span class='ocrx_word' id='word_1_873' title='bbox 2440 4600 2543 4639; x_wconf 92' lang='lat' dir='ltr'><strong>non</strong></span> <span class='ocrx_word' id='word_1_874' title='bbox 2583 4594 2757 4655; x_wconf 88' lang='lat' dir='ltr'><strong>potest</strong></span> <span class='ocrx_word' id='word_1_875' title='bbox 2807 4585 2945 4640; x_wconf 90' lang='lat' dir='ltr'><strong>male</strong></span> <span class='ocrx_word' id='word_1_876' title='bbox 2995 4585 3162 4652; x_wconf 84' lang='lat' dir='ltr'><strong>mori,</strong></span> <span class='ocrx_word' id='word_1_877' title='bbox 3209 4590 3297 4656; x_wconf 90' lang='lat' dir='ltr'><strong>qui</strong></span> <span class='ocrx_word' id='word_1_878' title='bbox 3332 4587 3467 4641; x_wconf 91' lang='lat' dir='ltr'><strong>bene</strong></span> <span class='ocrx_word' id='word_1_879' title='bbox 3513 4589 3726 4641; x_wconf 70' lang='lat' dir='ltr'><strong>vin-rit.</strong></span> <span class='ocrx_word' id='word_1_880' title='bbox 3766 4589 3829 4641; x_wconf 72' lang='lat' dir='ltr'><strong>lit</strong></span> 
     </span>
    </p>
   </div>
   <div class='ocr_carea' id='block_1_107' title="bbox 2239 4678 3827 4747">
    <p class='ocr_par' dir='ltr' id='par_1_107' title="bbox 2239 4678 3827 4747">
     <span class='ocr_line' id='line_1_107' title="bbox 2239 4678 3827 4747; baseline 0.001 -16"><span class='ocrx_word' id='word_1_881' title='bbox 2239 4692 2338 4746; x_wconf 83' lang='lat' dir='ltr'><strong>ego</strong></span> <span class='ocrx_word' id='word_1_882' title='bbox 2378 4678 2677 4747; x_wconf 88' lang='lat' dir='ltr'><strong>respondeo</strong></span> <span class='ocrx_word' id='word_1_883' title='bbox 2723 4694 2736 4733; x_wconf 88' lang='lat'><strong>:</strong></span> <span class='ocrx_word' id='word_1_884' title='bbox 2771 4679 2894 4732; x_wconf 66' lang='lat' dir='ltr'><strong>&quot;(PC</strong></span> <span class='ocrx_word' id='word_1_885' title='bbox 2936 4678 3028 4733; x_wconf 88' lang='lat' dir='ltr'><strong>tibi</strong></span> <span class='ocrx_word' id='word_1_886' title='bbox 3066 4679 3208 4732; x_wconf 92' lang='lat' dir='ltr'><strong>enim</strong></span> <span class='ocrx_word' id='word_1_887' title='bbox 3239 4679 3448 4734; x_wconf 87' lang='lat' dir='ltr'><strong>videtur</strong></span> <span class='ocrx_word' id='word_1_888' title='bbox 3474 4681 3614 4733; x_wconf 89' lang='lat' dir='ltr'><strong>mala</strong></span> <span class='ocrx_word' id='word_1_889' title='bbox 3645 4680 3827 4734; x_wconf 78' lang='lat' dir='ltr'><strong>mors?</strong></span> 
     </span>
    </p>
   </div>
   <div class='ocr_carea' id='block_1_108' title="bbox 2240 4767 3824 4839">
    <p class='ocr_par' dir='ltr' id='par_1_108' title="bbox 2240 4767 3824 4839">
     <span class='ocr_line' id='line_1_108' title="bbox 2240 4767 3824 4839; baseline 0.003 -17"><span class='ocrx_word' id='word_1_890' title='bbox 2240 4767 2515 4839; x_wconf 83' lang='lat' dir='ltr'><strong>naufragio</strong></span> <span class='ocrx_word' id='word_1_891' title='bbox 2561 4771 2768 4839; x_wconf 84' lang='lat' dir='ltr'><strong>perire,</strong></span> <span class='ocrx_word' id='word_1_892' title='bbox 2815 4770 2988 4839; x_wconf 87' lang='lat' dir='ltr'><strong>gladio</strong></span> <span class='ocrx_word' id='word_1_893' title='bbox 3027 4771 3266 4839; x_wconf 91' lang='lat' dir='ltr'><strong>percuti,</strong></span> <span class='ocrx_word' id='word_1_894' title='bbox 3313 4786 3341 4824; x_wconf 90' lang='lat' dir='ltr'><strong>a</strong></span> <span class='ocrx_word' id='word_1_895' title='bbox 3383 4772 3569 4826; x_wconf 91' lang='lat' dir='ltr'><strong>bestiis</strong></span> <span class='ocrx_word' id='word_1_896' title='bbox 3599 4773 3824 4838; x_wconf 90' lang='lat' dir='ltr'><strong>laniari,</strong></span> 
     </span>
    </p>
   </div>
   <div class='ocr_carea' id='block_1_109' title="bbox 2240 4863 3830 4937">
    <p class='ocr_par' dir='ltr' id='par_1_109' title="bbox 2240 4863 3830 4937">
     <span class='ocr_line' id='line_1_109' title="bbox 2240 4863 3830 4937; baseline 0.004 -23"><span class='ocrx_word' id='word_1_897' title='bbox 2240 4878 2384 4916; x_wconf 87' lang='lat' dir='ltr'><strong>mors</strong></span> <span class='ocrx_word' id='word_1_898' title='bbox 2411 4863 2546 4916; x_wconf 84' lang='lat' dir='ltr'><strong>mala</strong></span> <span class='ocrx_word' id='word_1_899' title='bbox 2577 4864 2669 4917; x_wconf 92' lang='lat' dir='ltr'><strong>tibi</strong></span> <span class='ocrx_word' id='word_1_900' title='bbox 2703 4863 2945 4917; x_wconf 87' lang='lat' dir='ltr'><strong>videtur?</strong></span> <span class='ocrx_word' id='word_1_901' title='bbox 2966 4863 3152 4918; x_wconf 87' lang='lat' dir='ltr'><strong>Nonne</strong></span> <span class='ocrx_word' id='word_1_902' title='bbox 3180 4865 3306 4917; x_wconf 86' lang='lat' dir='ltr'><strong>istas</strong></span> <span class='ocrx_word' id='word_1_903' title='bbox 3339 4877 3538 4920; x_wconf 88' lang='lat' dir='ltr'><strong>mortes</strong></span> <span class='ocrx_word' id='word_1_904' title='bbox 3567 4878 3830 4937; x_wconf 83' lang='lat' dir='ltr'><strong>martyres</strong></span> 
     </span>
    </p>
   </div>
   <div class='ocr_carea' id='block_1_110' title="bbox 2239 4953 3831 5029">
    <p class='ocr_par' dir='ltr' id='par_1_110' title="bbox 2239 4953 3831 5029">
     <span class='ocr_line' id='line_1_110' title="bbox 2239 4953 3831 5029; baseline 0.004 -23"><span class='ocrx_word' id='word_1_905' title='bbox 2239 4953 2545 5018; x_wconf 89' lang='lat' dir='ltr'><strong>subierunt,</strong></span> <span class='ocrx_word' id='word_1_906' title='bbox 2578 4970 2808 5025; x_wconf 90' lang='lat' dir='ltr'><strong>quorum</strong></span> <span class='ocrx_word' id='word_1_907' title='bbox 2852 4955 3086 5008; x_wconf 87' lang='lat' dir='ltr'><strong>natalitia</strong></span> <span class='ocrx_word' id='word_1_908' title='bbox 3135 4956 3506 5010; x_wconf 87' lang='lat' dir='ltr'><strong>celebramus?</strong></span> <span class='ocrx_word' id='word_1_909' title='bbox 3536 4958 3690 5024; x_wconf 88' lang='lat' dir='ltr'><strong>Quod</strong></span> <span class='ocrx_word' id='word_1_910' title='bbox 3738 4975 3831 5029; x_wconf 80' lang='lat' dir='ltr'><strong>ge—</strong></span> 
     </span>
    </p>
   </div>
   <div class='ocr_carea' id='block_1_111' title="bbox 2241 5046 3828 5104">
    <p class='ocr_par' dir='ltr' id='par_1_111' title="bbox 2241 5046 3828 5104">
     <span class='ocr_line' id='line_1_111' title="bbox 2241 5046 3828 5104; baseline 0.005 -8"><span class='ocrx_word' id='word_1_911' title='bbox 2241 5059 2339 5098; x_wconf 91' lang='lat' dir='ltr'><strong>nus</strong></span> <span class='ocrx_word' id='word_1_912' title='bbox 2367 5046 2554 5098; x_wconf 88' lang='lat' dir='ltr'><strong>mortis</strong></span> <span class='ocrx_word' id='word_1_913' title='bbox 2583 5061 2688 5098; x_wconf 90' lang='lat' dir='ltr'><strong>non</strong></span> <span class='ocrx_word' id='word_1_914' title='bbox 2719 5046 3034 5099; x_wconf 88' lang='lat' dir='ltr'><strong>subierunt?</strong></span> <span class='ocrx_word' id='word_1_915' title='bbox 3065 5047 3126 5099; x_wconf 85' lang='lat' dir='ltr'><strong>Et</strong></span> <span class='ocrx_word' id='word_1_916' title='bbox 3160 5057 3334 5100; x_wconf 85' lang='lat' dir='ltr'><strong>tamen</strong></span> <span class='ocrx_word' id='word_1_917' title='bbox 3361 5048 3404 5100; x_wconf 89' lang='lat' dir='ltr'><strong>si</strong></span> <span class='ocrx_word' id='word_1_918' title='bbox 3427 5047 3701 5102; x_wconf 86' lang='lat' dir='ltr'><strong>christiani</strong></span> <span class='ocrx_word' id='word_1_919' title='bbox 3735 5067 3828 5104; x_wconf 81' lang='lat' dir='ltr'><strong>su-</strong></span> 
     </span>
    </p>
   </div>
   <div class='ocr_carea' id='block_1_112' title="bbox 2240 5135 3824 5206">
    <p class='ocr_par' dir='ltr' id='par_1_112' title="bbox 2240 5135 3824 5206">
     <span class='ocr_line' id='line_1_112' title="bbox 2240 5135 3824 5206; baseline 0.003 -18"><span class='ocrx_word' id='word_1_920' title='bbox 2240 5150 2393 5201; x_wconf 82' lang='lat' dir='ltr'><strong>mus,</strong></span> <span class='ocrx_word' id='word_1_921' title='bbox 2435 5135 2480 5188; x_wconf 91' lang='lat' dir='ltr'><strong>si</strong></span> <span class='ocrx_word' id='word_1_922' title='bbox 2525 5135 2576 5188; x_wconf 92' lang='lat' dir='ltr'><strong>in</strong></span> <span class='ocrx_word' id='word_1_923' title='bbox 2606 5135 2768 5190; x_wconf 89' lang='lat' dir='ltr'><strong>domo</strong></span> <span class='ocrx_word' id='word_1_924' title='bbox 2812 5137 3106 5205; x_wconf 74' lang='lat' dir='ltr'><strong>disciplina:</strong></span> <span class='ocrx_word' id='word_1_925' title='bbox 3149 5153 3247 5190; x_wconf 90' lang='lat' dir='ltr'><strong>nos</strong></span> <span class='ocrx_word' id='word_1_926' title='bbox 3291 5152 3409 5191; x_wconf 84' lang='lat' dir='ltr'><strong>esse</strong></span> <span class='ocrx_word' id='word_1_927' title='bbox 3453 5140 3824 5206; x_wconf 87' lang='lat' dir='ltr'><strong>meminimus,</strong></span> 
     </span>
    </p>
   </div>
   <div class='ocr_carea' id='block_1_113' title="bbox 2240 5227 3833 5296">
    <p class='ocr_par' dir='ltr' id='par_1_113' title="bbox 2240 5227 3833 5296">
     <span class='ocr_line' id='line_1_113' title="bbox 2240 5227 3833 5296; baseline 0.004 -17"><span class='ocrx_word' id='word_1_928' title='bbox 2240 5227 2322 5281; x_wconf 91' lang='lat' dir='ltr'><strong>vel</strong></span> <span class='ocrx_word' id='word_1_929' title='bbox 2349 5243 2469 5280; x_wconf 94' lang='lat' dir='ltr'><strong>cum</strong></span> <span class='ocrx_word' id='word_1_930' title='bbox 2500 5227 2585 5281; x_wconf 92' lang='lat' dir='ltr'><strong>hic</strong></span> <span class='ocrx_word' id='word_1_931' title='bbox 2614 5243 2798 5282; x_wconf 91' lang='lat' dir='ltr'><strong>sumus</strong></span> <span class='ocrx_word' id='word_1_932' title='bbox 2820 5270 2832 5290; x_wconf 95' lang='lat'><strong>,</strong></span> <span class='ocrx_word' id='word_1_933' title='bbox 2862 5229 2942 5281; x_wconf 89' lang='lat' dir='ltr'><strong>vel</strong></span> <span class='ocrx_word' id='word_1_934' title='bbox 2974 5244 3093 5282; x_wconf 92' lang='lat' dir='ltr'><strong>cum</strong></span> <span class='ocrx_word' id='word_1_935' title='bbox 3128 5229 3213 5282; x_wconf 92' lang='lat' dir='ltr'><strong>hic</strong></span> <span class='ocrx_word' id='word_1_936' title='bbox 3257 5231 3531 5296; x_wconf 90' lang='lat' dir='ltr'><strong>audimus,</strong></span> <span class='ocrx_word' id='word_1_937' title='bbox 3558 5231 3602 5283; x_wconf 83' lang='lat' dir='ltr'><strong>si</strong></span> <span class='ocrx_word' id='word_1_938' title='bbox 3625 5247 3833 5285; x_wconf 77' lang='lat' dir='ltr'><strong>exeun-</strong></span> 
     </span>
    </p>
   </div>
   <div class='ocr_carea' id='block_1_114' title="bbox 2241 5319 3833 5390">
    <p class='ocr_par' dir='ltr' id='par_1_114' title="bbox 2241 5319 3833 5390">
     <span class='ocr_line' id='line_1_114' title="bbox 2241 5319 3833 5390; baseline 0.002 -18"><span class='ocrx_word' id='word_1_939' title='bbox 2241 5329 2319 5373; x_wconf 89' lang='lat' dir='ltr'><strong>tes</strong></span> <span class='ocrx_word' id='word_1_940' title='bbox 2339 5319 2459 5373; x_wconf 92' lang='lat' dir='ltr'><strong>hinc</strong></span> <span class='ocrx_word' id='word_1_941' title='bbox 2488 5336 2591 5372; x_wconf 91' lang='lat' dir='ltr'><strong>non</strong></span> <span class='ocrx_word' id='word_1_942' title='bbox 2617 5319 2999 5384; x_wconf 57' lang='lat' dir='ltr'><strong>obliviscimur,</strong></span> <span class='ocrx_word' id='word_1_943' title='bbox 3030 5321 3072 5373; x_wconf 92' lang='lat' dir='ltr'><strong>si</strong></span> <span class='ocrx_word' id='word_1_944' title='bbox 3103 5321 3447 5374; x_wconf 89' lang='lat' dir='ltr'><strong>meminimus</strong></span> <span class='ocrx_word' id='word_1_945' title='bbox 3467 5321 3606 5390; x_wconf 90' lang='lat' dir='ltr'><strong>quod</strong></span> <span class='ocrx_word' id='word_1_946' title='bbox 3629 5322 3716 5376; x_wconf 89' lang='lat' dir='ltr'><strong>hic</strong></span> <span class='ocrx_word' id='word_1_947' title='bbox 3740 5339 3833 5375; x_wconf 86' lang='lat' dir='ltr'><strong>au—</strong></span> 
     </span>
    </p>
   </div>
   <div class='ocr_carea' id='block_1_115' title="bbox 2240 5413 3829 5484">
    <p class='ocr_par' dir='ltr' id='par_1_115' title="bbox 2240 5413 3829 5484">
     <span class='ocr_line' id='line_1_115' title="bbox 2240 5413 3829 5484; baseline 0.001 -16"><span class='ocrx_word' id='word_1_948' title='bbox 2240 5413 2448 5478; x_wconf 85' lang='lat' dir='ltr'><strong>dimus,</strong></span> <span class='ocrx_word' id='word_1_949' title='bbox 2495 5429 2674 5467; x_wconf 80' lang='lat' dir='ltr'><strong>ncnne</strong></span> <span class='ocrx_word' id='word_1_950' title='bbox 2718 5425 2979 5484; x_wconf 65' lang='lat' dir='ltr'><strong>martyres</strong></span> <span class='ocrx_word' id='word_1_951' title='bbox 3023 5415 3421 5469; x_wconf 85' lang='lat' dir='ltr'><strong>heatilicamus?</strong></span> <span class='ocrx_word' id='word_1_952' title='bbox 3447 5415 3640 5482; x_wconf 69' lang='lat' dir='ltr'><strong>Quaere</strong></span> <span class='ocrx_word' id='word_1_953' title='bbox 3683 5431 3829 5470; x_wconf 86' lang='lat' dir='ltr'><strong>mor-</strong></span> 
     </span>
    </p>
   </div>
   <div class='ocr_carea' id='block_1_116' title="bbox 2241 5506 3830 5577">
    <p class='ocr_par' dir='ltr' id='par_1_116' title="bbox 2241 5506 3830 5577">
     <span class='ocr_line' id='line_1_116' title="bbox 2241 5506 3830 5577; baseline -0.002 -17"><span class='ocrx_word' id='word_1_954' title='bbox 2241 5515 2321 5560; x_wconf 91' lang='lat' dir='ltr'><strong>tes</strong></span> <span class='ocrx_word' id='word_1_955' title='bbox 2347 5507 2664 5577; x_wconf 82' lang='lat' dir='ltr'><strong>Martyrum;</strong></span> <span class='ocrx_word' id='word_1_956' title='bbox 2690 5507 2874 5560; x_wconf 87' lang='lat' dir='ltr'><strong>oculos</strong></span> <span class='ocrx_word' id='word_1_957' title='bbox 2915 5506 3092 5560; x_wconf 86' lang='lat' dir='ltr'><strong>carnis</strong></span> <span class='ocrx_word' id='word_1_958' title='bbox 3121 5507 3382 5575; x_wconf 68' lang='lat' dir='ltr'><strong>interroga</strong></span> <span class='ocrx_word' id='word_1_959' title='bbox 3415 5525 3428 5560; x_wconf 88' lang='lat'><strong>:</strong></span> <span class='ocrx_word' id='word_1_960' title='bbox 3461 5508 3596 5560; x_wconf 87' lang='lat' dir='ltr'><strong>male</strong></span> <span class='ocrx_word' id='word_1_961' title='bbox 3637 5509 3830 5560; x_wconf 90' lang='lat' dir='ltr'><strong>mortui</strong></span> 
     </span>
    </p>
   </div>
   <div class='ocr_carea' id='block_1_117' title="bbox 2239 5597 3832 5668">
    <p class='ocr_par' dir='ltr' id='par_1_117' title="bbox 2239 5597 3832 5668">
     <span class='ocr_line' id='line_1_117' title="bbox 2239 5597 3832 5668; baseline -0.002 -15"><span class='ocrx_word' id='word_1_962' title='bbox 2239 5607 2382 5653; x_wconf 87' lang='lat' dir='ltr'><strong>sunt.</strong></span> <span class='ocrx_word' id='word_1_963' title='bbox 2441 5599 2635 5654; x_wconf 91' lang='lat' dir='ltr'><strong>Oculos</strong></span> <span class='ocrx_word' id='word_1_964' title='bbox 2685 5599 2806 5651; x_wconf 83' lang='lat' dir='ltr'><strong>fidei</strong></span> <span class='ocrx_word' id='word_1_965' title='bbox 2859 5599 3120 5668; x_wconf 82' lang='lat' dir='ltr'><strong>interroga</strong></span> <span class='ocrx_word' id='word_1_966' title='bbox 3155 5617 3169 5651; x_wconf 88' lang='lat'><strong>:</strong></span> <span class='ocrx_word' id='word_1_967' title='bbox 3203 5597 3435 5652; x_wconf 81' lang='lat' dir='ltr'><strong>Pretiosa</strong></span> <span class='ocrx_word' id='word_1_968' title='bbox 3480 5600 3531 5652; x_wconf 86' lang='lat' dir='ltr'><strong>in</strong></span> <span class='ocrx_word' id='word_1_969' title='bbox 3561 5613 3832 5666; x_wconf 70' lang='lat' dir='ltr'><strong>conspectu</strong></span> 
     </span>
    </p>
   </div>
   <div class='ocr_carea' id='block_1_118' title="bbox 2242 5688 3824 5762">
    <p class='ocr_par' dir='ltr' id='par_1_118' title="bbox 2242 5688 3824 5762">
     <span class='ocr_line' id='line_1_118' title="bbox 2242 5688 3824 5762; baseline 0.001 -18"><span class='ocrx_word' id='word_1_970' title='bbox 2242 5689 2477 5756; x_wconf 84' lang='lat' dir='ltr'><strong>Domini,</strong></span> <span class='ocrx_word' id='word_1_971' title='bbox 2523 5707 2661 5745; x_wconf 85' lang='lat' dir='ltr'><strong>mors</strong></span> <span class='ocrx_word' id='word_1_972' title='bbox 2712 5700 3000 5746; x_wconf 78' lang='lat' dir='ltr'><strong>sanctorum</strong></span> <span class='ocrx_word' id='word_1_973' title='bbox 3029 5692 3142 5759; x_wconf 81' lang='lat' dir='ltr'><strong>ejus</strong></span> <span class='ocrx_word' id='word_1_974' title='bbox 3173 5688 3344 5762; x_wconf 78' lang='lat' dir='ltr'><strong>(Psal.</strong></span> <span class='ocrx_word' id='word_1_975' title='bbox 3388 5705 3530 5757; x_wconf 73' lang='lat' dir='ltr'><strong>etv,</strong></span> <span class='ocrx_word' id='word_1_976' title='bbox 3568 5690 3662 5755; x_wconf 88' lang='lat' dir='ltr'><strong>l0,</strong></span> <span class='ocrx_word' id='word_1_977' title='bbox 3712 5691 3824 5758; x_wconf 78' lang='grc'><strong>15).</strong></span> 
     </span>
    </p>
   </div>
   <div class='ocr_carea' id='block_1_119' title="bbox 2305 5843 3825 5950">
    <p class='ocr_par' dir='ltr' id='par_1_119' title="bbox 2305 5843 3825 5950">
     <span class='ocr_line' id='line_1_119' title="bbox 2305 5843 3825 5950; baseline 0.003 -60"><span class='ocrx_word' id='word_1_978' title='bbox 2305 5849 2318 5875; x_wconf 80' lang='grc' dir='ltr'><strong>ι</strong></span> <span class='ocrx_word' id='word_1_979' title='bbox 2358 5845 2938 5950; x_wconf 47' lang='grc' dir='ltr'><strong>γ’γίῖυιςάΛὊη.1.ον.1›ἱε</strong></span> <span class='ocrx_word' id='word_1_980' title='bbox 2957 5852 3002 5895; x_wconf 82' lang='lat' dir='ltr'><strong>et</strong></span> <span class='ocrx_word' id='word_1_981' title='bbox 3031 5843 3231 5895; x_wconf 83' lang='lat' dir='ltr'><strong>inferius</strong></span> <span class='ocrx_word' id='word_1_982' title='bbox 3254 5845 3425 5909; x_wconf 79' lang='lat' dir='ltr'><strong>legunt</strong></span> <span class='ocrx_word' id='word_1_983' title='bbox 3449 5854 3542 5908; x_wconf 85' lang='lat' dir='ltr'><strong>ter,</strong></span> <span class='ocrx_word' id='word_1_984' title='bbox 3564 5858 3697 5906; x_wconf 69' lang='lat' dir='ltr'><strong>nam,</strong></span> <span class='ocrx_word' id='word_1_985' title='bbox 3719 5859 3825 5909; x_wconf 87' lang='lat' dir='ltr'><strong>pro,</strong></span> 
     </span>
     <span class='ocr_line' id='line_1_120' title="bbox 2305 5921 2476 5950; baseline -0.012 0"><span class='ocrx_word' id='word_1_986' title='bbox 2305 5921 2347 5950; x_wconf 78' lang='lat' dir='ltr'><strong>tl.</strong></span> <span class='ocrx_word' id='word_1_987' title='bbox 2415 5943 2423 5950; x_wconf 88' lang='lat'><strong>.</strong></span> <span class='ocrx_word' id='word_1_988' title='bbox 2466 5938 2476 5948; x_wconf 91' lang='lat'><strong>.</strong></span> 
     </span>
    </p>
   </div>
   <div class='ocr_carea' id='block_1_120' title="bbox 2241 5920 2476 5954">
    <p class='ocr_par' dir='ltr' id='par_1_120' title="bbox 2241 5920 2476 5954">
     <span class='ocr_line' id='line_1_121' title="bbox 2241 5920 2476 5954; baseline -0.026 0"><span class='ocrx_word' id='word_1_989' title='bbox 2241 5920 2347 5954; x_wconf 72' lang='grc' dir='ltr'><strong>ηί-ιι,</strong></span> <span class='ocrx_word' id='word_1_990' title='bbox 2415 5920 2453 5950; x_wconf 72' lang='grc' dir='ltr'><strong>Μ</strong></span> <span class='ocrx_word' id='word_1_991' title='bbox 2466 5938 2476 5948; x_wconf 94' lang='grc'><strong><em>.</em></strong></span> 
     </span>
    </p>
   </div>
  </div>
