4078 6528
237 463 341 519 677

233 577 503 650 Quidquid
529 593 656 649 ergo
681 587 764 633 est
806 577 947 648 quod
976 577 1238 632 exhorres
1281 577 1332 630 in
1378 586 1581 640 morte,
1613 575 1834 630 omnino

236 687 342 724 non
367 668 692 735 exhorreas,
721 668 764 723 si
793 684 887 722 eos
918 667 1162 721 innitaris.
1190 665 1245 721 Id
1274 682 1370 736 age
1390 707 1405 730 ,
1439 675 1494 719 ut
1532 666 1723 720 bonam
1752 665 1834 720 vi-

236 771 344 816 tam
396 761 629 826 habeas;
656 769 711 815 et
735 775 1086 831 quaecumque
1130 760 1344 813 occasio
1392 757 1550 813 fuerit
1576 766 1633 812 ut
1671 773 1834 814 exeas

232 853 303 907 dc
333 853 434 907 hoc
462 867 686 921 corpore
705 893 721 919 ,
768 852 883 907 exis
907 851 972 905 ad
1001 852 1240 921 requiem
1261 893 1273 911 .
1303 852 1417 905 exis
1446 850 1509 904 ad
1537 849 1828 904 beatitudi-

235 960 393 1008 nem,
424 959 545 1013 qua:
569 958 674 998 non
717 943 878 997 habet
907 942 1150 996 timorem
1189 957 1288 996 nec
1315 941 1494 996 linem.
1523 941 1654 996 Nam
1685 941 1833 1011 quasi

234 1036 374 1089 bona
404 1050 550 1090 mors
595 1035 773 1089 divitis
820 1034 872 1089 in
920 1049 1153 1104 purpura
1198 1043 1250 1088 et
1277 1034 1436 1104 bysso
1489 1050 1502 1087 :
1560 1031 1654 1087 sed
1695 1032 1832 1086 mala

234 1143 383 1182 mors
411 1128 642 1183 sitientis
668 1137 718 1182 et
759 1129 898 1183 inter
919 1135 1184 1181 tormenta
1213 1133 1413 1196 guttam
1441 1141 1592 1195 aqua:
1622 1124 1829 1179 deside-

233 1219 424 1274 rantis.
455 1218 616 1286 Quasi
649 1218 786 1272 mala
833 1232 979 1272 mors
1020 1217 1248 1286 jacentis
1295 1215 1542 1286 pauperis
1586 1225 1711 1270 ante
1752 1216 1833 1283 ja-

234 1327 399 1365 nuam
445 1310 660 1375 divitis,
706 1310 846 1364 inter
893 1308 1101 1376 linguas
1129 1323 1355 1370 canum,
1409 1307 1460 1360 in
1495 1306 1633 1361 fame
1664 1315 1716 1360 et
1745 1305 1833 1360 siti

233 1404 404 1458 micas
432 1402 501 1457 de
527 1417 710 1456 mensa
752 1400 1108 1456 desiderantis
1145 1417 1158 1452 :
1193 1399 1330 1452 mala
1377 1414 1556 1465 mors,
1586 1412 1837 1452 aversan-

236 1493 305 1548 da
335 1508 506 1548 mors.
540 1493 727 1548 Finem
779 1493 988 1558 respice
1024 1509 1035 1544 :
1065 1491 1388 1546 christianus
1414 1505 1473 1544 es
1493 1532 1508 1556 ,
1559 1489 1680 1544 lidei
1709 1505 1838 1544 ocu-

241 1587 346 1641 lum
397 1586 637 1641 intende.
681 1584 901 1656 Conligit
941 1584 1072 1638 mori
1119 1584 1321 1652 inopem
1366 1582 1553 1647 illum,
1585 1592 1629 1636 et
1669 1580 1838 1648 e/Terri

235 1677 300 1730 ab
325 1677 534 1748 Angelis
563 1679 613 1730 in
639 1678 804 1730 sinum
831 1675 1074 1729 Abrahae.
1118 1673 1253 1741 Quid
1288 1672 1539 1742 proderat
1567 1671 1716 1725 diviti
1751 1687 1837 1725 se-

239 1770 480 1838 pulcrum
545 1782 903 1821 marmoreum
956 1765 1157 1820 sitienti
1215 1763 1354 1833 apud
1400 1762 1633 1818 inferos?
1694 1762 1831 1830 Quid

236 1860 464 1914 obcraut
504 1859 722 1928 pauperi
757 1858 913 1927 panni
958 1872 1078 1910 cum
1123 1855 1271 1910 sanie
1312 1855 1546 1908 ulcerum
1573 1853 1720 1923 ejus,
1749 1869 1805 1908 re

240 1952 540 2021 quiescenti
581 1952 631 2004 in
661 1949 1076 2018 siuugAhraha‘?
1110 1948 1289 2018 Longe
1317 1947 1441 2002 vidit
1473 1963 1592 2001 eum
1634 1947 1840 2013 requie-

238 2053 482 2099 scentem
507 2084 522 2104 ,
556 2056 718 2112 quem
764 2049 1161 2108 contempserat
1205 2038 1472 2108 jacentem
1520 2036 1668 2106 (Luc.
1701 2053 1793 2090 va
1819 2077 1834 2104 ,

244 2134 442 2203 Ill-25).
499 2132 654 2187 Modo
693 2133 827 2201 elige
871 2141 1096 2185 mortem
1143 2147 1155 2182 :
1207 2130 1291 2183 dic
1329 2129 1489 2192 mihi,
1533 2130 1652 2198 quis
1701 2129 1838 2184 bene

231 2238 487 2280 mortuus
515 2233 634 2288 est,
667 2224 786 2294 quis
812 2221 985 2276 male?
1027 2221 1160 2276 Poto
1195 2220 1314 2290 quia
1349 2220 1541 2274 melius
1573 2219 1663 2274 ille
1703 2235 1839 2288 pau-

234 2331 370 2386 per,
423 2329 582 2384 quam
631 2313 718 2366 ille
748 2311 922 2365 dives.
977 2313 1057 2364 An
1101 2310 1180 2363 vis
1226 2309 1554 2363 aromatibus
1587 2309 1834 2378 sepeliri,

234 2417 291 2461 et
344 2405 486 2478 apud
539 2403 738 2458 inferos
781 2403 966 2458 sitire?
1009 2402 1322 2472 Respondes
1369 2419 1384 2456 :
1436 2401 1586 2455 Absit
1639 2416 1668 2454 a
1718 2415 1825 2455 me.

235 2501 382 2553 Puto
411 2498 553 2568 quod
598 2497 698 2551 hoc
721 2496 888 2551 dices.
922 2496 1108 2550 Disces
1151 2510 1278 2566 ergo
1309 2494 1444 2548 bene
1485 2493 1655 2559 mori,
1683 2493 1725 2547 si
1754 2492 1840 2547 di-

235 2590 583 2645 dicerisbeue
625 2587 826 2643 vivere.
867 2586 1074 2643 Merces
1106 2587 1248 2641 enim
1285 2586 1438 2641 bona:
1480 2586 1840 2652 vitagaaterna

236 2692 346 2739 est.

310 2773 541 2830 CAPUT
579 2770 719 2828 Xlll.
748 2801 824 2814 --
849 2770 937 2826 Η.
963 2769 1232 2824 Auditores
1279 2768 1412 2822 verbi
1442 2768 1532 2821 alii
1559 2767 1804 2820 discentes
1823 2807 1839 2834 ,

235 2869 331 2921 alii
377 2867 514 2920 male
553 2866 877 2934 excipientes.
921 2861 1022 2930 Qui
1061 2861 1308 2924 discunt,
1352 2859 1627 2914 christiani
1672 2868 1836 2913 sunt:

237 2963 330 3032 qui
360 2961 582 3015 audiunt
629 2968 685 3016 et
709 2975 814 3015 non
865 2958 1112 3025 discunt,
1169 2956 1296 3029 quid
1335 2955 1402 3012 ad
1453 2955 1840 3012 seminantem?

236 3054 574 3110 Seminautis
604 3068 816 3106 manum
853 3067 959 3106 non
989 3058 1154 3106 terret
1177 3049 1293 3114 via,
1339 3064 1444 3104 non
1477 3056 1678 3103 terrent
1711 3047 1845 3116 lapi-

240 3148 340 3202 des
362 3189 375 3210 ,
402 3163 507 3200 non
540 3146 707 3214 Spina:
757 3163 770 3198 :
811 3144 977 3213 jactat
1013 3143 1100 3198 ille
1143 3141 1283 3213 quod
1332 3156 1484 3196 suum
1514 3151 1615 3194 est.
1640 3139 1740 3206 Qui
1775 3139 1843 3192 ti-

239 3239 440 3294 mucrit
470 3255 537 3292 ne
567 3237 723 3292 cadat
769 3237 819 3290 in
870 3247 1065 3290 terram
1093 3233 1287 3288 malam
1310 3275 1325 3300 ,
1373 3249 1478 3287 non
1511 3230 1750 3301 pervenit
1775 3228 1841 3283 ad

241 3345 444 3387 terram
494 3330 711 3384 bonam.
759 3328 826 3382 Et
879 3344 978 3384 nos
1004 3327 1262 3388 dicimus,
1304 3327 1569 3395 jactamus
1596 3326 1840 3389 semina,

240 3423 546 3493 Spargimus
589 3421 818 3476 semina.
851 3418 987 3473 Sunt
1029 3418 1117 3488 qui
1171 3423 1704 3482 contemnunt,sunt
1753 3413 1845 3484 qui

241 3513 682 3586 reprehendunt,
713 3511 944 3580 suntqui
976 3508 1220 3563 irrident.
1265 3506 1404 3562 Istos
1430 3508 1472 3562 si
1515 3521 1615 3562 nos
1654 3505 1844 3559 timue-

264 3640 461 3650 ..μ-

671 461 759 516 DE
796 460 1092 518 CANTlCO
1129 461 1335 527 NOVO,
1377 477 1528 528 ιτα,
1572 459 1630 517 S.
1674 461 2037 519 AUGUSTINI
2079 463 2308 520 SERMO
2347 467 2437 520 AD
2481 466 3058 526 CATECIIUMENOS.

3429 474 3532 532 678

1941 579 2144 644 rimus,
2195 580 2322 634 nihil
2352 580 2608 637 habemus
2653 584 2948 652 seminare,
2992 594 3046 640 et
3071 585 3124 639 in
3156 599 3332 642 messe
3372 585 3528 642 habe-

1941 685 2061 725 mus
2099 673 2322 726 esurire.
2374 673 2512 742 Ergo
2543 675 2720 729 veniat
2756 691 2940 731 semen
2968 676 3035 731 ad
3068 687 3264 733 terram
3305 679 3526 735 bonam.

1940 759 2064 815 Scio
2093 763 2216 831 quia
2242 763 2331 834 qui
2360 763 2508 818 audit
2533 773 2586 818 et
2625 764 2761 820 bene
2785 767 2960 831 audit,
3006 767 3220 835 deﬁcit,
3272 779 3326 826 et
3369 770 3530 839 proli.

1942 851 2016 906 cit
2045 870 2058 906 :
2090 853 2270 908 deficit
2301 855 2599 924 iniquitati,
2627 855 2840 926 prolicit
2864 858 3075 913 veritati
3104 877 3118 912 :
3143 859 3323 914 deﬁcit
3360 875 3525 914 samu-

1941 943 1995 998 ιο
2015 985 2030 1008 ,
2062 944 2272 1014 prolicit
2297 945 2428 999 Deo.

2011 1034 2236 1089 CAPUT
2277 1035 2415 1090 XIV.
2438 1065 2509 1076 -—
2536 1036 2623 1091 15.
2673 1035 2799 1101 Quis
2834 1037 2899 1090 sit
2939 1054 3086 1092 verus
3113 1040 3367 1110 magister.
3401 1039 3530 1108 Quis

1941 1132 2024 1178 est
2048 1124 2189 1178 enim
2221 1127 2473 1194 magister
2498 1126 2586 1195 qui
2631 1125 2828 1181 docet?
2856 1125 2971 1180 Non
2993 1127 3394 1198 qualiscumque
3440 1129 3529 1185 bo.

1943 1229 2063 1278 mo,
2096 1213 2189 1269 sed
2231 1216 2535 1284 Apostolus.
2581 1216 2746 1271 Plane
2773 1218 3080 1286 apostolus,
3113 1229 3171 1274 et
3211 1231 3385 1274 tamen
3423 1237 3527 1275 non

1939 1307 2232 1376 apostolus.
2279 1309 2359 1360 An
2407 1309 2592 1373 vultis,
2628 1309 2833 1378 inquit,
2865 1311 3262 1380 experimentum
3310 1314 3419 1382 ejus
3445 1329 3526 1366 ac-

1939 1398 2136 1466 cipere,
2167 1398 2254 1469 qui
2297 1399 2351 1452 in
2398 1416 2477 1452 me
2524 1401 2748 1469 loquitur
2771 1400 2999 1456 Christus
3032 1402 3097 1473 (ll
3122 1403 3238 1457 Cor.
3271 1419 3395 1468 xm,
3429 1404 3526 1473 δη

1940 1487 2184 1543 Christus
2209 1497 2291 1543 est
2315 1489 2402 1558 qui
2431 1489 2619 1554 docet;
2647 1492 2955 1546 cathedram
2986 1493 3038 1547 in
3082 1494 3220 1548 coelo
3248 1495 3441 1559 habet,
3473 1505 3530 1550 ut

1943 1582 2100 1648 paulo
2124 1590 2246 1634 ante
2274 1579 2402 1634 dixi.
2439 1580 2630 1636 Scitula
2660 1581 2827 1652 ipsius
2855 1583 2906 1637 in
2936 1593 3076 1638 terra
3113 1595 3228 1650 est,
3274 1597 3327 1638 et
3348 1585 3530 1640 schola

1941 1671 2108 1741 ipsius
2136 1687 2329 1742 corpus
2359 1672 2522 1740 ipsius
2551 1683 2652 1727 est.
2700 1671 2869 1743 Caput
2909 1676 3068 1729 docet
3108 1678 3346 1730 membra
3393 1693 3486 1730 sua
3509 1717 3526 1742 ,

1943 1766 2118 1834 lingua
2152 1765 2384 1834 loquitur
2411 1765 2632 1834 pedibus
2657 1767 2786 1821 suis.
2813 1766 3061 1822 Christus
3086 1777 3168 1822 est
3202 1768 3292 1838 qui
3322 1768 3476 1824 docet
3507 1785 3520 1822 :

1941 1857 2216 1911 audiamus
2235 1899 2249 1921 ,
2281 1857 2560 1912 timeamus
2583 1899 2599 1924 ,
2629 1857 2904 1912 faciamus.
2938 1858 3004 1912 Et
3030 1875 3097 1913 ne
3121 1870 3430 1915 contemnas
3477 1870 3532 1915 et

1943 1947 2115 2017 ipsum
2154 1945 2460 2014 Christum,
2508 1949 2599 2018 qui
2629 1958 2845 2018 propter
2871 1959 2922 2003 te
2953 1949 3004 2003 in
3034 1966 3194 2004 carne
3220 1961 3375 2004 natus
3403 1961 3488 2006 est
3511 1993 3527 2015 ,

1944 2040 2134 2109 pannis
2175 2039 2512 2094 mortalitatis
2541 2040 2934 2104 circumdatus;
2965 2050 3180 2110 propter
3223 2051 3272 2096 te
3311 2041 3532 2095 esurivit

1941 2141 1996 2186 et
2023 2132 2224 2195 sitivit,
2260 2142 2477 2200 propter
2505 2142 2556 2186 te
2609 2132 2837 2186 lassatus
2864 2132 2928 2186 ad
2969 2143 3182 2203 puteum
3223 2133 3388 2200 sedit;
3421 2149 3533 2203 pro-

1945 2232 2062 2293 pler
2092 2235 2142 2278 te
2183 2222 2428 2293 fatigatus
2459 2223 2509 2276 in
2542 2223 2659 2276 navi
2705 2221 2991 2290 dormivit,
3025 2235 3242 2292 prapter
3269 2232 3320 2278 te
3345 2235 3532 2279 contu-

1944 2315 2130 2368 melias
2173 2314 2414 2385 indignas
2439 2315 2668 2380 audivit;
2700 2326 2916 2385 propter
2951 2324 3002 2368 te
3040 2333 3068 2367 a
3097 2315 3232 2371 faeie
3258 2332 3353 2370 sua
3377 2325 3530 2384 sputa

1944 2406 2220 2461 hominum
2259 2422 2362 2460 non
2403 2407 2617 2476 abegit;
2659 2418 2878 2477 propter
2924 2415 2976 2462 te
3021 2409 3202 2477 alapas
3248 2409 3298 2464 in
3345 2407 3530 2462 faciem

1945 2499 2184 2567 accepit;
2213 2507 2428 2567 propter
2450 2507 2500 2551 te
2530 2499 2580 2551 in
2613 2497 2758 2568 ligno
2788 2496 3074 2565 pependit;
3105 2506 3320 2566 propter
3348 2507 3398 2552 te
3426 2498 3534 2551 ani-

1948 2603 2088 2642 mam
2115 2587 2333 2652 ell‘ndit;
2372 2596 2588 2656 pr0pter
2608 2595 2659 2642 te
2692 2588 2744 2642 in
2773 2587 3020 2657 sepulcro
3049 2590 3251 2655 positus
3276 2596 3382 2642 est.
3409 2587 3534 2643 llaec

1947 2680 2122 2734 omnia
2147 2680 2282 2734 forte
2307 2678 2608 2734 contemnis
2632 2679 2687 2734 in
2708 2677 2958 2736 Christo?
2984 2677 3077 2732 Vis
3101 2691 3259 2733 nosse
3283 2677 3404 2746 quis
3428 2676 3535 2734 sit?

1947 2770 2146 2826 Recole
2174 2769 2515 2839 Evangelium
2545 2769 2686 2839 quod
2709 2767 2905 2826 audisti
2936 2785 2950 2824 :
2981 2767 3092 2840 Ego
3120 2777 3169 2823 et
3194 2766 3354 2822 Pater
3376 2783 3534 2822 unum

1944 2877 2118 2917 sumus
2149 2859 2326 2932 (Joan.
2355 2876 2384 2914 x
2405 2901 2422 2926 ,
2447 2857 2560 2930 50).

2022 2953 2106 3009 l6.
2137 2952 2392 3008 Conversi
2419 2953 2486 3008 ad
2520 2953 2800 3008 Dominum
2821 2992 2838 3018 ,
2866 2951 3040 3021 ipsum
3067 2949 3418 3021 deprecemur
3437 2964 3538 3022 pro

1947 3045 2134 3110 nobis,
2163 3055 2218 3100 et
2248 3061 2344 3114 pro
2371 3044 2518 3100 omni
2561 3043 2717 3114 plebe
2762 3057 2860 3099 sua
2903 3053 3111 3098 astante
3163 3042 3438 3097 nobiscum
3481 3041 3538 3098 in

1947 3136 2100 3190 atriis
2126 3136 2319 3190 domus
2364 3151 2474 3190 sua:
2501 3151 2515 3189 :
2543 3149 2701 3204 quam
2728 3133 2998 3188 custodire
3025 3142 3410 3204 protegereque
3448 3131 3537 3187 di-

1947 3240 2168 3300 gnetur;
2201 3245 2297 3300 per
2320 3228 2502 3285 Jesum
2529 3227 2800 3284 Christum
2827 3227 3022 3282 Filium
3052 3242 3229 3290 suum,
3260 3225 3540 3280 Dominum

1949 3333 2192 3377 nostrum
2213 3361 2228 3385 ,
2256 3321 2349 3390 qui
2375 3334 2498 3375 cum
2529 3335 2596 3376 eo
2621 3319 2752 3374 vivit
2774 3327 2831 3375 et
2858 3327 3048 3390 regnat
3067 3317 3122 3372 in
3153 3316 3350 3372 saecula
3375 3329 3544 3372 samu-

1950 3413 2146 3469 lorum.
2179 3414 2374 3468 Amen.

855 3771 1003 3888 S.
1085 3763 1851 3886 AUBELII
1939 3753 2942 3873 AUGUSTINI

1437 3948 1954 4016 HIPPONENSIS
1995 3944 2351 4008 EPISCOPI

442 4133 860 4355 DE

996 4107 2368 4347 CANTICO
2484 4102 3353 4332 NOVO

873 4474 916 4529 Τ
957 4472 1045 4527 DE
1084 4467 1341 4530 REDITU
1381 4465 1474 4520 AD
1510 4458 1909 4520 C(ELESTEM
1947 4455 2256 4513 PATIKIAM
2295 4453 2382 4510 AC
2421 4450 2559 4508 VleE
2596 4447 2982 4516 PERICULIS,

1076 4612 1479 4700 SERMO
1536 4611 1692 4693 AD
1770 4595 2765 4689 CATECHUMENOS.

1593 4741 2210 4819 «Μίδεω

327 4888 564 4949 CAPUT
603 4879 890 4942 PRIMUM.
935 4909 1007 4920 —
1038 4877 1089 4932 l.
1133 4873 1398 4930 Transitus
1441 4887 1471 4924 a
1509 4875 1752 4924 vetustate
1790 4862 1858 4917 ad

254 4987 557 5043 novitatem.
607 4976 792 5033 Omnis
823 4972 912 5042 qui
953 4970 1272 5038 haptismmn
1306 4962 1499 5020 Christi
1555 4957 1858 5022 desiderat,

256 5082 424 5134 vitam
454 5087 646 5129 novam
673 5065 1020 5134 concupiscit.
1055 5061 1314 5116 Transeat
1340 5071 1467 5126 ergo
1495 5070 1523 5107 a
1552 5059 1814 5107 vetustate
1840 5090 1855 5114 ,

260 5186 318 5226 ut
351 5165 633 5241 perveniat
663 5161 727 5216 ad
757 5159 1066 5214 novitatem.
1100 5154 1252 5208 Prius
1281 5149 1424 5205 enim
1451 5148 1545 5202 fuit
1575 5156 1863 5200 testamen-

264 5277 378 5319 tum
409 5271 588 5320 vetus,
619 5255 881 5310 canticum
914 5259 1084 5310 vetus,
1116 5247 1275 5299 homo
1303 5253 1491 5297 vetus:
1517 5254 1657 5293 nunc
1683 5246 1860 5291 autem

267 5360 650 5413 testamentum
679 5359 895 5404 novum.
919 5340 1182 5398 canticum
1209 5351 1424 5398 novum,
1457 5342 1671 5402 propter
1695 5329 1864 5383 homi-

268 5465 392 5504 nem
432 5457 647 5500 novum.
676 5439 1110 5494 Demonstremus
1139 5431 1236 5484 hoc
1266 5425 1404 5496 quod
1445 5425 1670 5478 dicimus
1714 5420 1865 5476 testi-

272 5539 467 5594 moniis
488 5543 794 5590 sanctarum
827 5525 1238 5596 Scripturarum.
1277 5516 1535 5572 .leremias
1585 5513 1862 5584 propheta,

278 5631 430 5696 Ecce,
460 5627 654 5698 inquit,
685 5622 791 5677 dies
820 5619 1040 5680 veniunt,
1084 5614 1204 5668 dicit
1245 5609 1514 5670 Dominus,
1555 5616 1600 5658 et
1631 5619 1864 5656 consum-

1958 4861 2104 4915 mabo
2133 4876 2283 4928 super
2310 4859 2515 4913 domum
2549 4855 2691 4910 Iuda
2726 4863 3074 4911 testamentum
3113 4867 3298 4907 navum
3331 4849 3546 4922 (Jerem.

1969 4968 2124 5018 χιιι,
2154 4951 2266 5022 51).
2299 4949 2458 5004 David
2505 4963 2715 5018 quoque
2753 4946 3030 5017 propheta,
3088 4942 3248 5007 Deus,
3299 4943 3554 4994 canticum

1965 5060 2146 5098 novum
2181 5040 2391 5095 cantabo
2421 5040 2509 5092 tibi
2537 5037 2706 5108 (Psal.
2736 5053 2922 5102 cxuu,
2960 5035 3014 5104 9)
3049 5051 3063 5089 :
3095 5045 3150 5090 et
3176 5034 3388 5096 iterum,
3422 5031 3557 5085 Can-

1966 5147 2066 5190 tate
2097 5135 2312 5190 Domino
2338 5133 2588 5186 canticum
2613 5146 2795 5183 novum
2819 5127 2990 5200 (Psal.
3015 5142 3138 5191 xcv,
3165 5127 3239 5194 l).
3269 5123 3559 5194 Apostolus

1966 5229 2126 5283 etiam
2168 5225 2384 5288 Paulus,
2416 5221 2794 5290 Exspoliantes,
2825 5218 3015 5287 inquit,
3045 5232 3132 5270 vos
3154 5225 3367 5268 veterem
3395 5213 3560 5266 homi-

1967 5336 2102 5383 nem,
2129 5315 2324 5370 induite
2343 5329 2524 5367 novum
2555 5309 2770 5384 (Coloss.
2799 5325 2877 5374 ιιι,
2908 5307 2942 5363 9
2965 5349 2978 5371 ,
3015 5308 3102 5376 ω)
3137 5323 3149 5356 τ
3184 5314 3238 5359 et
3261 5305 3410 5371 alibi,
3462 5302 3564 5360 Vs-

1971 5423 2076 5465 tera
2105 5407 2433 5470 transierunt,
2471 5420 2581 5458 ecce
2609 5407 2745 5474 facta
2787 5411 2903 5454 sunt
2950 5414 3078 5453 nova
3124 5397 3193 5470 (ll
3213 5397 3330 5451 Cor.
3362 5411 3416 5461 v,
3450 5396 3564 5465 i7).

1971 5505 2101 5570 Qua:
2122 5513 2302 5556 vetera
2331 5493 2697 5554 transierunt?
2723 5509 2839 5562 qum
2854 5490 2988 5546 facta
3011 5499 3135 5543 sunt
3155 5487 3330 5542 nova?
3355 5486 3413 5541 Si
3435 5487 3566 5539 adsit

1973 5593 2258 5666 Spiritualis
2289 5589 2518 5654 auditor,
2552 5600 2658 5641 non
2689 5583 2864 5641 solum
2907 5580 3175 5652 intelligit,
3205 5594 3386 5633 verum
3413 5578 3514 5632 etia
3543 5599 3568 5626 -..

1463 5710 1748 5754 ADSIONITIO
1784 5709 1865 5748 PP.
1907 5698 2385 5746 BENEDICTINORUI.

341 5824 603 5867 sermones
623 5809 688 5859 de
709 5808 901 5856 cantico
922 5799 1152 5867 Novo,_de
1176 5807 1240 5856 Qu

1245 5802 1346 5845 arta
1371 5795 1524 5850 Feria,
1549 5791 1611 5840 de
1633 5786 1941 5849 cataclysmo,
1969 5781 2104 5850 etde
2126 5786 2364 5850 Tempore
2388 5773 2655 5850 Barlgarico,
2681 5772 2729 5822 la
2759 5768 2931 5821 iisdem
2955 5765 3221 5825 codicibus,
3260 5762 3438 5826 quibus
3465 5768 3506 5806 ς.
3532 5779 3574 5795 ~-

704 5837 1835 5931 '52:“éhi‘L-"éiidiniehisementium},
1857 5837 2039 5896 inventi
2063 5847 2176 5891 sunt
2196 5837 2257 5889 ac
2274 5837 2528 5938 recogniti.

358 5934 876 6038 Compararimus
911 5955 1209 6028 pratcrca
1240 5960 1335 6003 cas
1370 5956 1571 5999 omnes
1599 5934 1894 5996 editiones

1925 5927 2110 5991 initio
2142 5929 2308 5987 llr-tr.
2337 5935 2390 5984 cl
2415 5921 2793 5990 (lmz?rss.,t.
2832 5915 2887 5977 1.
2925 5916 3314 5974 memoratas.
3403 5903 3490 5962 Μ.
