4078 6504
533 473 638 527 G79

536 585 676 637 videt
695 598 810 652 quin
834 580 966 635 facta
995 588 1115 632 sunt
1140 591 1293 633 nova.
1318 576 1373 632 Si
1398 586 1574 629 autem
1600 574 1827 629 carnalis
1851 573 2008 636 adsit,
2028 571 2116 641 qui

533 687 700 731 totum
735 691 827 744 per
854 673 1034 728 oculos
1067 671 1261 734 carnis,
1295 668 1425 722 nihil
1457 684 1548 737 per
1586 669 1752 721 aciem
1797 665 1990 719 mentis
2034 663 2116 717 in-

533 768 739 834 telligit,
769 765 995 820 irridens
1035 762 1361 832 respondet:
1395 760 1543 829 Rogo
1572 769 1642 821 te,
1683 757 1768 812 dic
1813 772 1930 826 qua:
1979 756 2114 809 facta

531 868 655 912 sum
673 857 846 912 nova?
867 854 1129 924 Numquid
1149 852 1290 907 aliud
1308 851 1498 906 ccelum
1521 850 1742 919 respicio
1760 863 1914 916 quam
1936 855 2110 910 antea,

530 959 622 1003 aut
642 949 816 1004 sidera
870 949 922 1002 in
970 963 1165 1001 novum
1209 944 1546 1014 splendorem
1595 940 1879 995 micantia?
1928 938 2115 992 Nonne

531 1039 718 1095 iisdem
749 1039 992 1094 cursibus
1022 1039 1100 1091 sol
1133 1036 1333 1106 peragit
1353 1035 1514 1095 diem,
1544 1032 1852 1100 eisdemque
1881 1030 2118 1083 curricu-

533 1131 600 1186 lis
644 1131 764 1184 luna
795 1129 1000 1201 peragit
1049 1127 1294 1182 noctem?
1338 1123 1602 1194 Numquid
1662 1138 1807 1175 mare
1859 1119 2115 1174 terminos

533 1235 662 1275 suos
693 1220 930 1289 ﬁnesque
974 1227 1363 1286 transgressum
1392 1223 1492 1279 est,
1526 1222 1618 1267 aut
1644 1222 1800 1266 terra:
1828 1210 1989 1265 facies
2015 1209 2116 1263 im-

532 1321 731 1366 mutata
762 1312 862 1365 alia
895 1311 1100 1365 insolita
1139 1307 1376 1377 germina
1403 1305 1736 1375 procreavit?
1764 1303 1949 1357 Nonne
1979 1303 2117 1356 sicut

531 1419 596 1458 ex
625 1403 775 1457 initio
801 1401 945 1456 horis
986 1399 1264 1454 duodecim
1311 1397 1575 1468 peragitur
1618 1394 1755 1459 dies,
1806 1393 2116 1462 eisdemque

533 1493 818 1548 crementis
843 1490 1040 1544 azstatis
1070 1499 1276 1557 tempus
1297 1529 1311 1552 ,
1357 1485 1546 1556 quibus
1569 1483 1903 1538 detrimentis
1947 1482 2115 1535 hiems

532 1583 836 1654 peragitur?
860 1582 1142 1650 Progenies
1167 1593 1376 1648 quoque
1403 1563 1520 1644 ipsa
1549 1573 1850 1629 mortalium
1881 1573 1998 1626 aliis
2022 1571 2116 1626 de-

531 1676 876 1740 cedentibus,
931 1673 1048 1726 aliis
1099 1669 1500 1724 succedentibus
1553 1666 1862 1720 terminatos
1931 1663 2116 1716 ﬁniunt

533 1767 669 1821 dies.
697 1767 830 1820 Cum
854 1777 980 1832 ergo
1002 1763 1200 1824 omnia,
1229 1760 1364 1813 sicut
1387 1775 1451 1813 ex
1478 1759 1627 1812 initio
1655 1755 1942 1810 constituta
1969 1763 2111 1818 sunt,

533 1860 605 1914 ita
631 1863 973 1920 concurrunt,
1004 1868 1129 1907 suos
1167 1861 1342 1905 motus
1370 1850 1610 1918 ﬁnesque
1653 1847 1950 1907 servantia;
1991 1846 2114 1913 quid

531 1946 774 2016 estquod
813 1945 962 1998 nobis
1004 1941 1338 2011 pra-dicatur,
1399 1938 1576 1991 Vetera
1625 1937 1954 2000 transierunt;
2007 1951 2118 1988 ecce

532 2045 666 2109 facta
691 2048 803 2093 sunt
835 2036 1004 2089 nova?
1031 2032 1331 2102 Responde,
1365 2047 1396 2082 ο
1443 2030 1620 2091 Paule,
1680 2027 1800 2081 talia
1849 2026 1914 2080 de
1965 2025 2118 2078 nobis

533 2128 857 2199 requirenti;
885 2137 934 2180 et
957 2125 1078 2194 quia
1114 2125 1288 2177 minus
1319 2120 1469 2173 valeo
1497 2119 1562 2173 ad
1590 2115 2032 2188 respondendum,
2065 2126 2116 2169 te

530 2221 773 2279 obsecro,
801 2215 1062 2285 reslionde
1104 2221 1198 2282 pro
1240 2227 1346 2265 me.
1394 2209 1531 2263 Ecce
1578 2207 1698 2260 audi
1756 2204 2111 2274 Apostolum:

530 2309 667 2378 Quid
689 2309 902 2376 quwris,
932 2304 1158 2359 carnalis
1187 2301 1394 2356 auditor
1412 2342 1428 2367 ,
1476 2314 1568 2368 per
1597 2298 1778 2351 oculos
1805 2296 1980 2349 carnis
2025 2311 2112 2348 re-

533 2399 782 2470 spicere?
803 2398 958 2466 Erige
1005 2395 1196 2449 mentis
1220 2394 1412 2457 aciem,
1441 2397 1498 2443 ut
1525 2387 1665 2459 quod
1701 2387 1896 2440 dicitur
1945 2386 2114 2454 possis

531 2491 851 2560 intelligere,
891 2487 1067 2541 Vetera
1109 2484 1434 2548 transierunt,
1487 2495 1599 2533 ecce
1647 2482 1784 2550 facta
1818 2485 1933 2530 sunt
1964 2490 2110 2528 nova.

528 2581 658 2648 Quae
704 2589 885 2634 vetera
944 2573 1309 2631 transierunt?
1359 2586 1478 2641 quae
1530 2569 1668 2624 facta
1743 2575 1868 2622 sunt
1936 2564 2114 2619 nova?

530 2673 737 2728 Primus
757 2671 924 2734 homo,
945 2669 1134 2738 inquit,
1155 2666 1218 2719 de
1228 2675 1382 2731 terra,
1411 2673 1636 2716 terrenus
1655 2676 1673 2725 ;
1690 2658 1938 2715 secundus
1963 2658 2112 2712 homo

531 2766 594 2820 de
616 2766 761 2831 cwlo,
791 2763 1001 2817 caelestis
1027 2761 1068 2830 (l
1095 2759 1214 2815 Cor.
1234 2773 1322 2822 xv,
1349 2756 1460 2826 Η).
1482 2754 1715 2809 Transiit
1739 2752 1929 2816 Adam,
1953 2750 2114 2805 homo

528 2864 680 2909 vetus
711 2855 878 2908 factus
902 2869 968 2908 ex
995 2852 1122 2905 limo
1151 2867 1166 2902 :
1193 2849 1339 2904 venit
1359 2846 1623 2906 Christus,
1648 2844 1788 2898 Deus
1807 2842 1966 2897 homo
1987 2842 2114 2896 tuis-

528 2963 621 3003 sus
639 2961 671 3002 e
699 2946 857 3002 caelo.
890 2945 1124 2998 'l‘ransiit
1149 2951 1381 2997 vetustas
1407 2938 1688 3003 mentium,
1715 2935 1941 2991 accessit
1965 2935 2113 2989 novi-

435 3065 439 3067 ν
532 3051 612 3096 tas
641 3039 973 3094 credentium
1007 3053 1020 3088 :
1052 3035 1261 3090 transiit
1302 3033 1409 3087 vita
1441 3030 1690 3093 carnalis,
1722 3029 1979 3083 successit
2007 3028 2116 3099 spi-

529 3129 750 3184 ritualis.
791 3133 872 3182 An
906 3141 1064 3196 parva
1094 3135 1174 3179 est
1218 3123 1423 3178 novitas
1451 3123 1584 3184 lucc,
1634 3121 1704 3174 ita
1753 3118 2112 3173 demonstrata

532 3236 628 3290 per
659 3219 926 3273 hominem
957 3217 1143 3282 Deum,
1168 3223 1224 3267 ut
1253 3210 1529 3267 moriendo
1557 3209 1854 3278 susciperet
1882 3217 2115 3261 vetusta-

531 3324 638 3368 tem
680 3321 843 3375 tuam,
875 3308 1199 3378 resurgendo
1245 3304 1552 3360 ostenderet
1605 3303 1892 3357 novitatem
1948 3312 2111 3366 tuam,

530 3400 871 3458 ascendendo
916 3400 1151 3454 ﬁrmaret
1179 3397 1475 3450 claritatem
1516 3392 1692 3448 tuam?
1715 3391 1906 3446 Vetera
1935 3401 2112 3445 trans-

531 3499 707 3552 ierunt
736 3513 749 3549 :
777 3510 896 3564 qua:
935 3503 1113 3547 vetera
1173 3487 1536 3545 transierunt?
1585 3485 1737 3555 Quod
1810 3485 1971 3540 eratis
2022 3483 2112 3538 ﬁlii

531 3588 723 3651 Adam,
749 3587 837 3641 filii
875 3585 1138 3640 carnales.
1187 3583 1329 3637 Nova
1369 3588 1709 3636 accesserunt
1737 3595 1750 3632 :
1775 3595 1894 3647 qua:
1940 3577 2114 3632 nova?

530 3679 680 3747 Quod
703 3678 971 3733 efficimini
1005 3677 1096 3730 ﬁlii
1131 3675 1347 3736 Dei,ﬁlii
1379 3670 1898 3742 spirituales.Vetera
1933 3679 2110 3724 trans-

532 3774 744 3836 ierunt;
775 3783 913 3825 terra
965 3769 1127 3823 eratis
1160 3785 1172 3820 :
1203 3782 1328 3822 ecce
1355 3766 1489 3820 facta
1517 3774 1640 3820 sunt
1671 3779 1834 3826 nova;
1858 3763 1980 3818 cmli
2006 3763 2112 3832 jam

530 3877 666 3931 pene
691 3860 863 3914 effecti
912 3860 1060 3913 estis.
1114 3855 1239 3912 Caeli
1286 3857 1426 3910 enim
1473 3864 1714 3908 enarrant
1756 3853 1970 3924 gloriam
2023 3851 2115 3906 Dei

531 3949 702 4023 (Psal.
737 3965 883 4014 xvtn,
911 3949 984 4019 l).
1014 3948 1128 4002 Non
1157 3948 1306 4001 vobis
1337 3945 1666 4015 impossibile
1687 3944 1950 4010 videatur,
1973 3942 2114 4014 quod

530 4057 651 4096 cum
697 4043 812 4096 sitis
839 4048 1136 4104 ιεττεδιτεε,
1191 4037 1491 4092 efﬁciamini
1537 4037 1803 4091 caelestes.
1853 4035 1926 4088 De
1975 4044 2114 4088 terra

531 4147 637 4186 non
664 4131 788 4184 facit
811 4130 1028 4192 cmlum,
1057 4129 1145 4198 qui
1165 4128 1230 4182 de
1256 4127 1421 4180 nihilo
1451 4125 1572 4180 fecit
1613 4135 1805 4180 terram
1824 4125 2116 4180 etetelum?

535 4222 726 4276 Vetera
755 4220 1113 4283 transierunt;
1147 4217 1349 4287 lapides
1378 4217 1668 4271 colebatis:
1698 4230 1832 4270 nova
1875 4230 2116 4270 accesse-

535 4321 690 4374 runt;
739 4309 902 4364 Deum
952 4322 1138 4362 verum
1206 4307 1456 4360 adoratis.
1513 4305 1703 4360 Vetera
1752 4306 2112 4369 transierunt;

535 4401 745 4456 transiit
787 4399 1117 4453 mortalitas:
1147 4413 1279 4452 nova
1315 4407 1681 4460 accesserunt;
1719 4398 1978 4466 promissa
2030 4409 2116 4453 est

535 4491 928 4552 immortalitas.
964 4489 1152 4544 Vetera
1186 4490 1540 4554 transierunt;
1571 4488 1803 4558 perierat
1827 4489 1999 4543 omnis
2028 4504 2118 4544 ca-

536 4602 598 4641 ro
641 4601 735 4656 per
778 4583 1055 4638 mulierem
1099 4583 1255 4636 simul
1309 4597 1431 4636 cum
1485 4582 1601 4635 viro
1656 4591 1910 4650 peccante
1940 4599 1952 4635 :
1981 4597 2116 4637 nova

537 4683 912 4739 accesserunt;
939 4681 1181 4743 reparata
1203 4681 1286 4727 est
1311 4687 1456 4734 caro,
1487 4671 1603 4726 sine
1641 4671 1755 4725 viro
1784 4672 1985 4741 virgine
2019 4687 2116 4742 pa-

537 4769 725 4823 riente.
758 4765 948 4820 Vetera
977 4763 1329 4827 transierunt;
1369 4762 1575 4816 transiit
1613 4763 1760 4831 regio
1794 4763 2070 4817 vetustatis
2098 4781 2112 4814 :

536 4875 668 4914 nova
697 4865 1076 4923 accesserunt;
1109 4855 1344 4910 succedit
1363 4854 1656 4910 Jerusalem
1675 4855 1862 4910 civitas
1883 4857 2117 4912 caelestis

537 4951 801 5005 novitatis.
827 4949 907 5004 Ad
935 4949 1074 5002 hanc
1093 4948 1360 5002 civitatem
1384 4962 1571 5001 novam
1599 4949 1880 5018 pervenire
1900 4950 2113 5020 cupitis,

534 5047 623 5116 qui
654 5045 865 5099 nomina
896 5053 1072 5099 vestra
1109 5041 1491 5098 conscribenda
1518 5041 1759 5096 dedistis.

604 5159 827 5216 CAPUT
863 5159 1076 5215 ll.—2.
1105 5157 1417 5212 Festinemus
1437 5156 1505 5208 ad
1535 5158 1770 5225 patriam.
1810 5155 2019 5229 Navigii
2039 5160 2118 5213 in-

537 5253 764 5305 structio.
791 5252 904 5316 Eia,
935 5252 1126 5306 fratres
1151 5252 1277 5316 mei,
1317 5250 1566 5304 ardenter
1598 5249 1967 5304 desideremus
1993 5267 2116 5320 pro-

538 5342 703 5410 priam
735 5345 990 5409 patriam;
1023 5343 1500 5411 peregrinationem
1533 5342 1708 5407 istam,
1745 5357 1863 5412 quae
1911 5357 2007 5395 nos
2051 5343 2118 5398 ab

539 5447 601 5484 ea
627 5430 801 5484 adhuc
838 5432 1058 5495 detinet,
1083 5434 1391 5499 toleremus,
1443 5448 1550 5488 non
1587 5448 1827 5487 amemus
1859 5451 1871 5487 :
1903 5433 2120 5489 festine-

543 5537 663 5576 mus
695 5533 890 5576 tamen.
916 5523 1028 5576 Non
1059 5536 1139 5578 est
1162 5541 1324 5594 quare
1355 5527 1440 5580 hic
1473 5538 1649 5589 stare;
1680 5541 1778 5580 nec
1814 5529 2018 5581 invenis
2064 5529 2118 5583 in

542 5613 760 5674 sauculo,
793 5612 930 5679 quod
959 5614 1066 5680 jam
1094 5617 1265 5684 possis
1294 5633 1494 5670 amare.
1523 5618 1640 5686 lpse
1666 5620 1808 5672 enim
1840 5635 1991 5674 amor
2029 5637 2120 5689 pa-

542 5708 772 5764 rentum,
802 5701 1102 5772 conjugum,
1128 5705 1374 5767 ﬁliorum,
1395 5706 1723 5769 facultatum,
1757 5721 1846 5764 aut
1872 5727 2118 5782 magnum

543 5791 857 5861 quibusdam
882 5793 1216 5848 incussuunt
1246 5797 1504 5860 laborem,
1536 5812 1884 5871 autmagnum
1911 5805 2123 5874 pariunt

545 5883 788 5938 timorem
818 5900 830 5937 :
861 5900 964 5938 non
988 5901 1066 5939 est
1092 5899 1254 5956 quare
1285 5885 1370 5944 hic
1393 5897 1552 5945 stare.
1587 5889 1772 5947 Melius
1802 5897 1940 5952 enim
1976 5901 2118 5952 festi-

1471 465 1558 520 DE
1596 461 1886 520 CAN’l‘ICO
1923 461 2138 526 NOVO,
2187 474 2330 523 ιτα,
2370 459 2425 514 5.
2462 455 2828 514 AUGUSTINI

3713 459 3815 514 680

2227 590 2404 644 nando
2437 591 2735 660 appetimus
2763 590 3108 659 sempiterna,
3145 605 3301 660 quam
3358 591 3444 644 hic
3487 593 3815 646 remanendo

2225 679 2403 734 sarculi
2425 696 2524 734 nos
2551 681 2918 751 apprehendat
2938 680 3110 735 ruina.
3137 679 3502 751 Prazparemus
3519 684 3817 746 sitarciam,

2224 771 2690 839 apprehendamus
2724 782 2778 825 et
2807 772 3160 826 ascendamus
3210 787 3398 826 navem
3448 772 3606 826 ﬁdem
3658 775 3814 827 simul

2223 870 2278 916 et
2305 877 2519 916 crucem
2553 863 2591 925 ³,
2623 877 2722 916 nec
2748 861 2886 915 desit
2926 860 3158 915 anchora
3197 876 3320 930 spes
3359 871 3555 915 nostra:
3607 863 3815 925 salutis;

2223 953 2571 1008 extendamus
2617 954 2768 1008 funes
2805 953 3045 1008 diversas
3092 954 3335 1014 virtutes,
3383 954 3496 1008 vela
3537 954 3815 1008 charitatis

2222 1045 2532 1114 colligamus
2549 1047 2592 1111 ³,
2632 1045 2943 1099 invocemus
2971 1056 3184 1098 ventum
3227 1060 3541 1114 prosperum
3586 1045 3811 1098 verbum

2224 1134 2348 1200 Dei;
2379 1136 2750 1188 exhauriamus
2773 1136 3036 1189 sentinam
3066 1151 3094 1186 a
3120 1136 3368 1204 peccatis,
3393 1151 3488 1204 per
3510 1135 3813 1207 eleemosy-

2223 1243 2316 1282 nas
2348 1227 2632 1281 mundetur
2659 1228 3002 1281 conscientia.
3035 1226 3150 1280 Non
3185 1227 3502 1293 impediatur
3524 1227 3684 1296 hujus
3712 1243 3815 1280 no-

2222 1319 2317 1372 stri
2363 1333 2550 1373 cursus
2583 1319 2796 1388 navigii,
2828 1327 3078 1387 oneretur
3107 1317 3349 1371 manibus
3384 1325 3440 1370 ut
3468 1316 3813 1386 possumus’.

2222 1410 2464 1464 Manibus
2491 1410 2601 1463 suis
2627 1409 2890 1463 sentinam
2921 1409 3268 1461 exhauriebat
3292 1409 3379 1477 qui
3407 1408 3618 1461 dicebat
3644 1426 3657 1461 :
3691 1405 3811 1459 lla-

2222 1503 2366 1554 nibus
2395 1503 2515 1555 meis
2540 1517 2707 1554 coram
2728 1517 2784 1553 eo
2810 1510 2969 1562 nocte,
3002 1509 3046 1553 et
3085 1517 3183 1553 non
3223 1517 3336 1553 sum
3372 1499 3607 1569 deceptus
3633 1498 3807 1570 (Psal.

2223 1608 2376 1646 Lxxvt
2403 1634 2417 1657 ,
2471 1592 2545 1661 5).
2593 1591 2707 1645 Non
2751 1591 3076 1660 negligamus
3105 1602 3284 1644 nostra
3319 1600 3533 1660 peccata
3563 1608 3576 1642 :
3608 1593 3810 1646 minuta

2221 1695 2363 1747 sunt,
2389 1683 2478 1737 sed
2503 1683 2666 1736 multa
2688 1693 2828 1736 sunt.
2856 1681 3072 1736 Fluctus
3096 1698 3228 1735 unus
3250 1681 3454 1735 validus
3477 1683 3689 1736 irruens
3715 1682 3812 1736 ob-

2221 1775 2325 1830 ruit
2361 1791 2546 1830 navem
2572 1817 2587 1842 ,
2623 1776 2958 1844 minaturque
3001 1774 3330 1844 naufragium
3365 1792 3377 1827 :
3411 1773 3606 1827 humor
3628 1783 3808 1828 autem

2223 1880 2316 1934 per
2344 1865 2505 1919 rimas
2534 1864 2758 1919 inﬂuens
2793 1873 2848 1918 et
2883 1866 2933 1917 in
2965 1864 3227 1918 sentinam
3256 1865 3496 1928 veniens,
3537 1863 3638 1917 nisi
3678 1865 3808 1918 sub-

2221 1956 2341 2010 inde
2371 1957 2619 2020 siccetur,
2655 1955 2754 2010 hoc
2784 1955 2923 2009 idem
2956 1953 3098 2008 facit.
3146 1955 3286 2024 Ergo
3307 1954 3651 2009 exhauriatur
3677 1971 3806 2008 seu-

2220 2049 2350 2112 tina,
2377 2063 2483 2101 non
2507 2049 2798 2117 negligatur
2826 2046 3220 2112 misericordia;
3253 2045 3372 2115 quia
3403 2046 3747 2115 eleeniosyna
3779 2061 3810 2099 a

2218 2151 2390 2195 morte
2425 2141 2632 2202 linerat,
2666 2152 2719 2196 et
2749 2143 2856 2211 ipsa
2888 2152 3074 2212 purgat
3114 2149 3325 2210 peccata
3353 2141 3371 2211 (
3396 2140 3525 2195 Tob.
3558 2157 3641 2204 Iv,
3680 2141 3808 2209 ll).

2225 2231 2375 2286 Adsit
2413 2241 2590 2285 nostra
2623 2233 2784 2287 tutela
2813 2233 3008 2287 Christi
3052 2234 3242 2303 gratia,
3283 2233 3526 2286 celeuma
3561 2243 3808 2286 nostrum

2218 2320 2373 2376 dulce
2415 2332 2692 2376 cantemus
2726 2322 2985 2388 Alleluia,
3033 2333 3089 2378 ut
3117 2323 3220 2377 ιωιί
3249 2339 3310 2377 ac
3332 2323 3506 2377 securi
3539 2321 3812 2390 ingredia-

2219 2427 2338 2465 tnur
2376 2413 2751 2482 sempiternam
2782 2428 2846 2468 ac
2876 2413 3231 2468 felicissimam
3274 2414 3518 2482 patriam.
3549 2413 3665 2468 Non
3699 2431 3812 2468 uie-

2219 2507 2332 2554 tuat
2351 2502 2526 2555 anima
2559 2519 2705 2558 mare
2737 2503 2835 2558 hoc
2865 2519 3109 2573 magmnn
3133 2545 3146 2570 ,
3179 2504 3433 2558 sarculum
3462 2505 3684 2569 scilicet,
3713 2521 3809 2559 cu-

2212 2592 2300 2664 jus
2324 2594 2512 2649 lluc1us
2541 2610 2603 2648 ac
2637 2595 2873 2651 turbines
2899 2596 3158 2651 sentimus
3185 2596 3425 2650 inimicas
3446 2595 3627 2649 saeculi
3659 2608 3812 2666 pote-

2217 2693 2402 2740 states.
2449 2685 2504 2739 ln
2537 2686 2645 2741 Deo
2678 2695 2954 2756 sperantes
2981 2687 3133 2740 multi
3159 2685 3269 2755 jam
3299 2687 3466 2740 sancti
3495 2685 3594 2740 hos
3618 2686 3810 2741 ﬂuctus

2215 2787 2554 2846 spreverunt,
2580 2778 2730 2832 multi
2756 2778 3114 2840 calcaverunt,
3145 2777 3297 2831 multi
3325 2793 3484 2846 super
3501 2779 3618 2846 ejus
3643 2792 3810 2847 aquas

2216 2868 2548 2922 ambulantes
2560 2872 2733 2923 securi
2747 2869 2812 2923 ad
2829 2871 3045 2938 patriam
3063 2877 3436 2939 pervenerunt.
3452 2869 3555 2923 Sed
3571 2871 3811 2940 exsurgit

2215 2967 2404 3012 ventus
2423 2958 2628 3012 validus
2643 2967 2698 3014 et
2723 2975 2912 3029 magna
2943 2969 3248 3029 tempestas,
3272 2974 3365 3014 sua
3384 2960 3642 3030 cujusque
3662 2962 3811 3028 cupi-

2217 3049 2374 3104 ditas.
2395 3050 2608 3104 Titubat
2625 3050 2752 3104 ﬁdes
2770 3051 2820 3105 in
2836 3051 3187 3116 tnari,clamet
3207 3050 3260 3104 in
3277 3062 3326 3105 te
3344 3051 3808 3117 Petrus,Dontine,

2218 3155 2378 3209 pereo
2399 3157 2411 3193 :
2435 3139 2581 3194 dabit
2615 3155 2828 3195 manum
2860 3143 3136 3211 mergenti,
3157 3156 3254 3195 nec
3269 3143 3393 3196 sinit
3421 3141 3597 3208 perire
3615 3141 3706 3196 ille
3723 3142 3809 3210 qui

2216 3240 2435 3301 propter
2457 3247 2554 3287 nos
2587 3247 2749 3302 super
2768 3248 2930 3302 aquas
2945 3233 3193 3302 dignatus
3209 3232 3570 3286 estambulare
3587 3231 3809 3303 (Matth.

2216 3339 2323 3389 XIV,
2351 3323 2585 3395 25—32).
2633 3324 2762 3380 Vide
2801 3325 3104 3395 apostolum
3134 3324 3376 3385 Paulum,
3402 3325 3501 3378 hoc
3539 3325 3809 3394 navigium

2217 3435 2324 3474 non
2369 3419 2542 3474 solum
2581 3416 3035 3470 demonstrantem
3056 3457 3072 3481 ,
3103 3431 3286 3470 verum
3317 3415 3476 3469 etiam
3507 3415 3806 3470 ascenden-

2219 3522 2346 3577 tem,
2379 3521 2433 3566 et
2467 3526 2622 3581 quam
2661 3509 2918 3579 plurimos
2941 3510 3278 3562 invitantem.
3322 3509 3544 3576 Quando
3572 3509 3807 3575 dicebat,

2221 3603 2474 3658 [labentes
2510 3603 2695 3655 victum
2747 3612 2793 3654 et
2834 3610 3202 3671 tegumentum,
3251 3600 3328 3653 his
3383 3602 3608 3654 contenti
3650 3603 3810 3656 simus

2219 3696 2273 3769 (ι
2308 3695 2437 3748 Tim.
2471 3710 2541 3760 νι,
2573 3676 2680 3763 8),
2708 3693 2834 3763 quid
2863 3693 3005 3747 aliud
3035 3707 3193 3762 quam
3217 3701 3613 3760 contpetentettt
3640 3693 3801 3747 sitar-

2217 3789 2353 3843 ciam
2384 3787 2756 3857 imponeodam
2781 3800 2901 3840 esse
2928 3785 3291 3840 monstrabat?
3317 3785 3540 3851 Quando
3567 3785 3805 3848 dicebat,

2220 3881 2350 3934 Mihi
2375 3895 2541 3933 autem
2568 3880 2693 3933 absit
2719 3879 2928 3950 gloriari
2953 3919 2968 3944 ,
3002 3878 3096 3931 nisi
3136 3877 3190 3930 in
3228 3893 3374 3931 cruce
3415 3876 3620 3930 Domini
3649 3875 3809 3932 nostri

2216 3969 2340 4025 Jesu
2367 3970 2550 4024 Christi
2591 3987 2677 4039 per
2713 3985 2858 4039 quem
2901 3968 3025 4021 mihi
3069 3967 3285 4022 mundus
3324 3968 3602 4036 cruciﬁxus
3640 3977 3736 4034 est,
3762 3978 3810 4021 et

2217 4077 2308 4132 ego
2333 4061 2518 4113 mundo
2540 4059 2734 4129 (Galat.
2757 4075 2830 4124 vt,
2855 4060 2967 4129 l4),
2992 4074 3178 4113 navem
3204 4058 3547 4114 ascendebat.
3576 4059 3804 4127 Quando

2217 4152 2446 4218 dicebat,
2476 4150 2677 4205 lnduite
2701 4167 2786 4206 vos
2811 4152 2937 4205 sicut
2966 4152 3106 4205 electi
3137 4150 3249 4212 Dei,
3286 4152 3609 4222 benignitate,
3641 4153 3810 4206 limi-

2220 4245 2393 4309 litate,
2431 4246 2843 4315 longanimitate,
2879 4244 3262 4299 mansuetudine
3296 4243 3532 4314 (Coloss.
3563 4260 3643 4310 nt,
3676 4245 3805 4314 l2),

2218 4336 2343 4406 quid
2371 4335 2510 4390 aliud
2536 4352 2693 4405 quam
2729 4335 2881 4390 funes
2907 4335 3261 4391 extendebat?
3298 4335 3522 4402 Quando
3559 4335 3803 4400 dicebat,

2221 4427 2395 4482 Manet
2432 4427 2591 4496 ﬁdes,
2635 4443 2783 4498 spes,
2829 4427 3084 4491 charitas;
3137 4429 3302 4496 major
3353 4428 3533 4480 horum
3583 4428 3808 4481 charitas

2221 4517 2280 4588 (l
2316 4516 2431 4571 Cor.
2481 4533 2594 4582 xm,
2629 4516 2757 4587 15),
2805 4518 2918 4571 vela
2959 4518 3259 4588 colligebat.
3302 4517 3528 4585 Quando
3570 4519 3806 4586 dicebat,

2230 4607 2443 4662 Verbum
2468 4607 2558 4660 Dei
2584 4609 2767 4662 habitet
2787 4610 2839 4663 in
2867 4610 3000 4663 vobis
3021 4610 3334 4664 abundanter
3360 4609 3556 4681 (Coloss
3597 4611 3806 4680 111,16),

2220 4709 2432 4752 ventum
2457 4713 2765 4768 prosperum
2794 4699 3092 4754 invocabat.
3137 4700 3360 4768 Quando
3387 4701 3618 4766 dicebat,
3653 4702 3810 4772 Infa-

2221 4790 2448 4861 tigabiles
2469 4793 2651 4860 itaque,
2676 4792 2794 4844 dum
2819 4802 3012 4862 tempus
3040 4792 3298 4855 habemus,
3326 4809 3593 4862 operemur
3619 4794 3812 4848 bonum

2221 4881 2287 4934 ad
2308 4897 2476 4934 omnes
2508 4881 2700 4953 (Colat.
2725 4899 2798 4944 Vl,
2825 4883 2937 4954 lb),
2967 4894 3040 4950 et,
3073 4884 3351 4953 Operantes
3383 4885 3605 4954 propriis
3632 4887 3805 4939 mani-

2221 4971 2311 5024 bus
2336 4973 2510 5026 vestris
2547 4971 2597 5043 (Ι
2629 4972 2802 5027 Thess.
2836 4989 2907 5039 IV,
2941 4975 2997 5030 ll
3029 4979 3077 5043 ),
3119 4975 3244 5045 quid
3273 4975 3412 5028 aliud
3443 4991 3603 5045 quam
3644 4977 3815 5033 senti-

2222 5079 2342 5118 nam
2373 5063 2642 5119 exhauriri
2681 5067 3058 5135 prazcipiebat?
3099 5067 3325 5133 Quando
3363 5068 3596 5134 dicebat,
3630 5067 3814 5123 Gratia

2220 5155 2344 5208 salvi
2373 5156 2491 5227 facti
2513 5157 2629 5210 estis
2653 5156 2869 5228 (Ephes.
2895 5175 2951 5219 ιι.
2977 5157 3054 5227 8),
3083 5160 3301 5212 tutelam
3324 5160 3602 5214 exorabat.
3633 5161 3814 5229 Quan-

2221 5245 2290 5300 do
2314 5247 2522 5303 dicebat
2545 5290 2559 5313 ,
2591 5247 2655 5303 In
2690 5251 2895 5317 psalmis
2921 5261 2967 5303 et
2997 5252 3197 5321 hymnis
3222 5263 3480 5307 cantantes
3506 5255 3557 5307 in
3577 5257 3812 5309 cordibus

2222 5339 2394 5391 uestris
2422 5337 2636 5392 Domino
2658 5337 2769 5408 (Id.
2803 5356 2856 5405 v,
2889 5341 3001 5410 l9},
3030 5342 3266 5396 celeuma
3290 5353 3529 5398 sanctum
3557 5345 3806 5401 docebat.

2221 5427 2443 5496 Quando
2468 5429 2696 5497 dicebat,
2722 5432 2827 5502 Spe
2848 5433 2976 5488 salvi
3001 5435 3122 5505 facti
3152 5452 3322 5491 sumus
3347 5436 3520 5508 (Rom.
3552 5455 3668 5503 vtu,
3695 5441 3810 5510 24),

2222 5523 2510 5579 anchoram
2533 5525 2582 5577 in
2606 5525 2856 5580 cordibus
2886 5526 3217 5582 credentium
3245 5529 3451 5600 ﬁgebat.
3481 5533 3709 5597 Quando
3735 5534 3816 5587 di-

2227 5665 2418 5772 or;
2432 5669 2538 5713 Mss.
2563 5672 2617 5714 Αῑ
2641 5671 2732 5725 Er.,
2759 5663 2859 5729 ﬁde
2888 5665 3031 5716 simul
3052 5673 3098 5717 et
3120 5680 3280 5718 cruce.
3307 5676 3436 5730 μοι,
3462 5668 3583 5733 ﬁdei
3605 5671 3748 5722 simul
3773 5681 3817 5722 et

2283 5738 2436 5774 ucem.

2289 5788 2308 5816 ²
2338 5787 2639 5854 pivionensis
2656 5794 2757 5854 ais,
2783 5787 3094 5854 collocemus;
3117 5799 3166 5842 et
3187 5790 3429 5854 aliquanto
3447 5801 3572 5854 post,
3600 5793 3704 5843 vela
3726 5808 3818 5846 mt-

2229 5845 2424 5914 lticubat.
2460 5852 2887 5914 (:emmeticeasis,_
2906 5845 3142 5913 colemus;
3165 5862 3216 5903 et
3237 5845 3375 5914 intra,
3401 5845 3503 5905 vela
3526 5845 3735 5906 celabat.

2293 5910 2311 5939 ³
2350 5915 2395 5954 tn
2422 5916 2547 5968 Mss,
2577 5917 2625 5959 ut
2651 5910 2737 5960 hoc
2762 5911 3012 5974 possimus.
