4078 6528
204 383 302 441 68!

200 500 378 567 nebat,
404 499 691 555 Jerusalem
725 512 830 566 qua:
862 509 1077 548 aureum
1115 500 1186 546 est
1210 532 1225 555 ,
1268 489 1423 543 libera
1462 496 1556 552 est,
1583 500 1694 555 qua:
1720 493 1791 539 est

200 604 363 649 mater
387 608 561 648 nostra
591 592 609 661 (
636 590 807 646 Colat.
838 605 911 652 ιν,
936 588 1007 642 26
1031 587 1084 656 );
1117 586 1285 656 ipsam
1318 582 1541 653 patriam
1570 581 1793 634 demon-

197 687 422 743 strabat.
455 684 680 752 Quando
698 682 927 747 dicebat,
966 679 1063 736 Ubi
1091 689 1185 745 est,
1214 693 1369 741 mors,
1400 676 1652 731 contentio
1677 672 1793 725 tua?

198 778 404 833 Gratias
444 775 554 830 Deo
577 816 593 841 ,
640 776 727 844 qui
760 774 898 828 dedit
937 772 1081 826 nobis
1108 768 1369 823 victoriam
1398 782 1489 835 per
1511 763 1789 819 Dominum

193 880 425 923 nostrum
440 867 620 922 Iesum
637 866 894 923 Christum
921 862 963 934 (l
984 862 1102 918 Cor.
1124 877 1214 931 xv,
1237 861 1327 927 55,
1345 860 1461 929 57);
1489 874 1596 913 non
1616 856 1790 912 adhuc

194 960 247 1014 in
273 960 406 1014 mari
438 957 856 1028 periclitabatur,
885 954 980 1011 sed
1003 954 1114 1025 jam
1135 953 1189 1008 in
1211 951 1424 1022 prepria
1448 949 1619 1021 patria
1642 948 1789 1002 laeta-

192 1051 368 1106 batur.
400 1050 446 1105 Ο
478 1050 681 1120 optime
703 1048 1049 1119 gubernator,
1078 1059 1112 1101 ο
1139 1042 1499 1115 pulcherrime
1536 1038 1789 1111 magister

189 1150 247 1197 et
273 1139 487 1205 doctor,
516 1140 765 1204 docuisti,
798 1138 997 1203 fecisti;
1038 1145 1094 1192 et
1123 1135 1243 1192 ideo
1267 1134 1513 1190 celeriter
1542 1132 1787 1204 perveni-

189 1232 281 1297 sti,
304 1232 427 1304 quia
453 1246 574 1301 qua:
620 1230 872 1292 docuisti.
898 1229 1044 1299 prior
1064 1228 1178 1297 ipse
1199 1226 1389 1282 fecisti.

259 1322 493 1379 CAPUT
534 1322 623 1377 ιιι.
652 1352 721 1361 -
747 1322 800 1377 5.
835 1320 910 1374 De
934 1319 1013 1373 via
1040 1318 1259 1373 terrestri
1280 1317 1348 1372 ad
1378 1317 1615 1387 patriam,
1650 1323 1697 1369 et
1724 1315 1787 1369 de

179 1416 416 1486 jumento
439 1422 744 1486 opportuno.
775 1411 834 1469 Si
875 1411 995 1483 quis
1040 1409 1199 1476 forte,
1248 1418 1307 1463 ut
1344 1410 1561 1474 assolet,
1593 1407 1787 1477 refugit

188 1504 482 1575 navigium,
513 1512 571 1558 et
621 1503 864 1559 insolitos
914 1501 1106 1557 ﬂuetus
1133 1499 1296 1555 maris
1334 1498 1614 1562 horrescit,
1644 1497 1787 1552 desi-

184 1598 448 1669 deratque
485 1597 587 1651 iter
605 1597 893 1662 conficere,
919 1608 1048 1665 quo,
1070 1593 1170 1649 etsi
1197 1591 1417 1657 tardius,
1447 1590 1516 1646 ad
1556 1590 1784 1671 patriam

186 1690 367 1744 valeat
397 1688 722 1759 pervenire;
766 1686 1146 1743 demonstrabo
1195 1684 1357 1750 viam,
1399 1684 1506 1738 imo
1558 1680 1674 1765 ipsa
1726 1698 1785 1738 se

184 1782 523 1838 demonstrat
550 1779 658 1836 via.
686 1780 822 1836 Ecce
847 1780 899 1835 in
940 1778 1228 1849 Evangelio
1282 1778 1477 1833 clamat
1518 1775 1783 1843 Salvator,

186 1870 303 1943 Ego
327 1888 444 1927 sum
463 1873 545 1926 via
570 1869 591 1943 (
618 1871 776 1925 lacn.
831 1886 944 1941 xw,
991 1870 1025 1925 6
1053 1865 1095 1940 ).
1130 1868 1306 1923 llabes
1353 1868 1515 1935 viam,
1546 1867 1782 1933 ambula,

185 1964 454 2019 sollicitus
476 1972 653 2018 tamen
674 1963 831 2017 doma
847 1961 1147 2033 jumentum
1168 1971 1334 2027 tuum,
1358 1974 1575 2017 carnem
1599 1969 1741 2015 tuam
1765 1976 1780 2026 ;

183 2055 288 2127 ipsi
312 2056 457 2111 enim
495 2055 689 2110 insidet
734 2055 909 2109 anima
940 2064 1046 2109 tua.
1077 2053 1356 2122 Quomodo
1402 2054 1447 2109 si
1476 2055 1527 2109 in
1570 2054 1671 2110 hac
1697 2054 1784 2109 via

183 2148 404 2203 mortali
443 2148 687 2217 jumento
712 2146 997 2213 insideres,
1053 2146 1194 2217 quod
1224 2155 1275 2202 te
1320 2145 1597 2217 gestiendo
1625 2144 1787 2201 vellet

183 2241 573 2310 prmeipitare;
616 2255 795 2296 nonne
835 2248 894 2295 ut
917 2254 1141 2296 securus
1186 2241 1287 2295 iter
1331 2255 1540 2311 ageres,
1585 2239 1784 2295 cibaria

182 2332 470 2388 ferocienti
498 2331 861 2398 subtraheres,
884 2341 940 2388 et
983 2332 1122 2387 fame
1161 2331 1411 2387 domares
1446 2330 1588 2401 quod
1630 2329 1784 2385 freno

180 2440 292 2480 non
312 2423 542 2496 posses?
578 2426 715 2479 Caro
766 2434 949 2480 nostra
998 2424 1301 2495 jumentum
1356 2433 1597 2479 nostrum
1647 2432 1773 2479 est:

179 2517 288 2572 iter
312 2515 522 2587 agimus
548 2516 599 2570 in
621 2515 919 2571 Jerusalem
948 2531 965 2583 ;
1009 2516 1321 2587 plerumque
1341 2530 1438 2571 nos
1464 2516 1602 2585 rapit
1627 2531 1775 2584 caro,

178 2607 326 2663 etde
343 2609 426 2661 via
456 2616 681 2663 conatur
698 2608 1001 2664 excludere'
1016 2648 1030 2662 .
1054 2608 1184 2663 Tale
1204 2624 1331 2679 ergo
1354 2608 1655 2678 jumentum
1684 2624 1781 2664 coa-

180 2700 468 2755 hibcamus
489 2700 724 2772 jejuniis.
753 2700 885 2755 Vide
910 2699 1056 2755 illum
1076 2698 1488 2771 gubernatorem
1505 2700 1781 2757 eumdem-

176 2811 287 2867 que
304 2795 565 2851 viatorem
586 2795 883 2867 apostolum
900 2794 1144 2861 Paulum,
1165 2793 1287 2849 vide
1318 2794 1460 2849 illum
1482 2793 1779 2865 jumentum

177 2906 338 2945 suum
352 2890 750 2945 domantemJn
762 2891 916 2961 fame,
933 2887 1120 2960 inquit,
1136 2896 1179 2942 et
1194 2886 1297 2954 siti,
1313 2890 1365 2942 in
1369 2886 1585 2959 jejuniis
1595 2888 1781 2958 sepius

183 2981 249 3054 (ll
264 2980 386 3038 Cor.
403 2998 477 3048 ιι,
491 2982 607 3053 27),
620 2984 809 3053 castigo
824 2997 1006 3052 corpus
1022 2998 1206 3047 nteant,
1224 2991 1271 3036 et
1288 2981 1341 3035 in
1350 2981 1632 3036 servitutem
1643 2982 1751 3035 redi
1758 3006 1781 3020 -

178 3090 244 3145 go
267 3072 445 3145 (lCor.
460 3074 665 3145 1x37).
686 3074 759 3129 lta
778 3089 906 3145 ergo
919 3083 971 3129 et
989 3082 1064 3142 tu,
1079 3074 1169 3145 qui
1188 3074 1461 3130 ambulare
1481 3074 1774 3141 desideras,

179 3166 345 3222 doma
362 3182 577 3222 carnem
598 3176 761 3232 tuam,
779 3166 1076 3223 etambula.
1095 3166 1351 3221 Ambulas
1364 3166 1526 3231 enim,
1542 3165 1587 3223 sl
1606 3181 1776 3223 amas.

178 3258 298 3314 Non
316 3260 460 3314 enim
473 3260 538 3314 ad
560 3259 725 3315 Deum
743 3259 1005 3329 passibus,
1021 3258 1115 3315 sed
1132 3257 1409 3314 affectibus
1421 3258 1704 3313 currimus.

252 3350 487 3407 CAPUT
526 3350 614 3406 IV.
633 3381 703 3391 —
729 3352 783 3406 4.
812 3350 890 3405 De
914 3350 1283 3404 ambulantium
1311 3350 1580 3418 multiplici
1621 3365 1775 3422 gene-

176 3462 254 3498 re.
289 3444 384 3498 V'ia
406 3458 536 3515 ergo
556 3444 656 3498 ista
676 3452 857 3500 nostra
878 3442 1212 3497 ambulantes
1245 3443 1459 3512 quaerit.
1489 3442 1612 3498 Tria
1655 3452 1778 3496 sunt

179 3536 461 3591 hominum
484 3550 678 3606 genera
703 3551 823 3606 qua:
869 3534 1020 3590 odit:
1059 3544 1446 3598 remanentem,
1498 3544 1644 3590 retro
1693 3550 1779 3591 re-

177 3628 831 3693 deuntem,aberrantem.
864 3627 945 3682 Ab
991 3626 1076 3683 his
1121 3628 1289 3683 tribus
1314 3628 1598 3698 generibus
1622 3628 1800 3698 malis,

178 3717 414 3772 Domino
438 3717 1067 3788 adjuvante,vindicetur
1119 3728 1172 3775 et
1218 3720 1534 3775 defendatur
1559 3736 1777 3790 gressus

177 3818 387 3865 noster.
427 3809 547 3864 Jam
579 3824 707 3866 vero
732 3825 853 3865 cum
894 3811 1229 3866 ambulantes
1266 3826 1471 3876 sumus,
1499 3812 1639 3866 alius
1665 3820 1776 3866 tar-

177 3904 302 3958 dius
318 3903 579 3970 ambulat,
610 3904 745 3958 alius
794 3904 1023 3959 celerius
1066 3904 1322 3967 ambulat,
1376 3913 1551 3959 tamen
1584 3904 1769 3959 ambu-

179 3994 315 4049 lant.
346 3994 761 4050 Excitandisunt
800 4011 927 4065 ergo
965 4004 1324 4057 rcmanentes,
1357 4004 1499 4049 retro
1549 3995 1777 4049 redeun-

179 4094 263 4141 tes
288 4086 599 4151 revocandi,
627 4095 869 4141 errantes
891 4087 941 4140 in
963 4086 1101 4140 viam
1118 4086 1366 4149 ducendi,
1401 4085 1536 4140 tardi
1580 4086 1776 4140 exhor-

177 4180 352 4243 tandi,
383 4179 589 4235 celeres
620 4180 878 4234 imitandi.
906 4179 1007 4248 Qui
1046 4194 1151 4234 non
1184 4178 1411 4248 proficit,
1442 4179 1702 4233 remansit
1724 4179 1775 4234 in

178 4272 264 4325 via
286 4290 300 4325 :
321 4272 411 4341 qui
437 4269 573 4325 forte
597 4287 627 4325 a
655 4271 876 4326 meliore
902 4269 1175 4341 proposito
1204 4269 1434 4326 declinat
1471 4269 1537 4324 ad
1560 4269 1613 4323 id
1633 4268 1773 4338 quod

176 4362 420 4417 deterius
462 4362 789 4433 reliquerat,
838 4377 1084 4417 reversus
1123 4370 1206 4417 est
1252 4372 1400 4419 retro
1429 4380 1442 4416 :
1475 4363 1565 4433 qui
1616 4362 1774 4417 fidem

175 4456 403 4519 deserit,
434 4470 464 4509 a
486 4456 571 4510 via
596 4456 815 4511 erravit.
844 4454 977 4511 Cum
1007 4454 1171 4511 tardis
1198 4455 1269 4511 sit
1284 4455 1438 4511 nobis
1459 4464 1514 4511 et
1538 4470 1658 4510 cum
1686 4470 1776 4510 ce-

175 4546 466 4602 lerioribus
503 4546 662 4614 ratio,
712 4562 835 4602 cum
857 4546 1255 4603 ambulantibus
1306 4555 1503 4601 tamen.
1532 4546 1663 4614 Quis
1692 4556 1775 4603 est

175 4638 265 4708 qui
300 4652 408 4691 non
440 4637 647 4706 proficit
672 4637 815 4706 ?Qui
861 4654 920 4694 se
958 4638 1222 4708 putaverit
1270 4654 1393 4693 esse
1438 4639 1771 4709 sapientem;

174 4729 267 4799 qui
296 4729 515 4793 dixerit,
542 4728 748 4784 Suilicit
769 4730 899 4784 mihi
926 4728 1067 4800 quod
1094 4745 1246 4795 sum;
1278 4730 1369 4800 qui
1396 4745 1501 4784 non
1529 4729 1772 4784 attende-

175 4825 243 4877 rit
264 4838 389 4877 eum
408 4822 501 4892 qui
523 4822 670 4888 dicit,
699 4822 825 4888 Qua:
857 4833 990 4877 retro
1010 4823 1212 4888 oblitus,
1237 4822 1289 4876 in
1313 4840 1372 4877 ea
1390 4838 1504 4893 quae
1526 4832 1643 4876 ante
1660 4831 1775 4876 sunt

173 4925 426 4980 extentus,
450 4914 729 4969 secundum
776 4916 1099 4969 intentionem
1122 4932 1304 4984 sequor
1338 4917 1407 4969 ad
1448 4916 1774 4987 palmamvo-

176 5006 390 5058 rationis
422 5002 521 5058 Dei
563 5004 617 5058 in
668 5004 865 5059 Christo
906 5005 1032 5059 Jesu
1062 5004 1338 5076 (Philipp.
1380 5022 1457 5073 ιιι,
1513 5008 1601 5073 15,
1635 5009 1700 5061 14
1732 5008 1771 5070 ).

175 5094 494 5149 Currentem
530 5109 590 5149 se
613 5094 764 5162 dixit,
786 5105 1098 5166 sequentem
1138 5110 1197 5149 se
1218 5095 1350 5151 dixit
1374 5112 1389 5163 ;
1421 5112 1527 5151 non
1556 5112 1773 5151 reman-

170 5189 260 5251 sit,
296 5203 406 5241 non
430 5195 578 5241 retro
604 5188 841 5255 reSpexit
869 5204 882 5241 :
912 5186 1052 5241 absit
1071 5196 1129 5241 ut
1166 5189 1446 5255 erraverit,
1484 5189 1608 5258 quia
1634 5190 1773 5243 viam

172 5280 286 5347 ipse
313 5279 567 5347 docebat,
591 5280 681 5347 qui
709 5289 763 5335 et
789 5280 1001 5336 tenebat
1042 5289 1097 5336 et
1145 5281 1479 5336 ostendebat.
1509 5282 1772 5337 Celerita-

172 5379 285 5424 tem
310 5378 495 5425 autem
541 5356 659 5440 ejus
688 5380 745 5425 ιιι
795 5371 1146 5451 imitaremur,
1196 5372 1313 5427 ait:
1364 5372 1653 5428 Imitatores
1680 5376 1777 5429 mei

164 5467 344 5523 estote,
385 5462 517 5541 sicut
540 5471 588 5515 et
624 5478 716 5533 ego
752 5462 980 5537 Christi.(
1009 5463 1026 5519 l
1058 5464 1176 5520 Cor.
1206 5476 1284 5531 XI,
1315 5467 1336 5520 l
1370 5464 1413 5537 ).
1440 5465 1777 5521 Arbitrantur

170 5567 299 5617 ergo
327 5567 450 5618 nos,
478 5552 813 5609 dilectissimi
838 5595 854 5620 ,
880 5556 932 5610 in
958 5556 1042 5610 via
1072 5555 1345 5611 vobiscum
1389 5556 1701 5612 ambulare:
1730 5557 1777 5611 si

172 5643 308 5696 tardi
339 5659 551 5711 sumus,
585 5647 875 5715 prmvenite
905 5662 1001 5702 nos
1031 5665 1044 5713 ;
1074 5662 1177 5703 non
1226 5648 1546 5713 invidemus,
1580 5651 1775 5719 (μισειί-

169 5751 290 5791 mus
320 5751 459 5809 quos
489 5751 801 5807 sequamur.
833 5738 887 5795 Si
919 5750 1095 5797 autem
1138 5756 1235 5797 nos
1284 5742 1478 5812 putatis
1528 5742 1777 5799 celeriter

234 5832 252 5864 ⁸
285 5837 452 5893 Forte,
474 5834 725 5882 excutere.

399 5918 685 5979 Parnoc.
731 5915 869 5976 XL.-

1373 372 1605 429 SERMO
1644 369 1737 424 AD
1775 367 2350 430 CATECHUMENOS.

3390 382 3497 441 (ιε-ι

1910 481 2133 553 ingredi,
2163 476 2359 541 ‘currite
2389 488 2664 543 nobiscum
2698 509 2710 543 :
2759 507 2921 547 unum
2942 494 3109 551 estad
3134 495 3276 566 quod
3302 511 3494 554 omnes

1903 572 2237 641 festinamus,
2262 574 2313 633 et
2341 581 2428 649 qui
2460 581 2657 661 tgulius
2682 593 2737 637 et
2759 584 2847 654 qui
2873 586 3099 643 celerius
3137 570 3491 648 ambulamus.

1900 666 2001 733 Qui
2042 682 2167 725 sunt
2211 680 2265 725 et
2292 682 2434 727 retro
2462 674 2745 731 redeuntes
2772 677 2795 731 ?
2823 677 2923 745 Qui
2944 695 3010 734 ex
3038 682 3361 738 continentia
3406 701 3495 739 re-

1900 768 2177 816 vertuntur
2201 763 2253 817 in
2281 764 2689 835 immunditiam,
2716 769 2804 839 qui
2832 786 2898 825 ex
2922 781 3105 826 sancto
3150 782 3204 828 et
3237 775 3489 844 singulari

1900 848 2041 906 bono
2067 856 2341 923 pr0posito
2394 856 2708 927 virginitatis
2755 859 3091 917 divertuntur
3120 863 3172 917 in
3200 865 3484 934 turpitudi-

1897 955 1994 996 nes
2021 942 2323 1015 voluptatis,
2358 954 2415 1001 et
2459 959 2708 1019 corrupta
2740 960 2919 1005 mente
2946 954 3291 1024 cerrumpunt
3330 957 3489 1010 simul

1896 1042 1949 1086 et
1986 1047 2223 1089 carnem.
2280 1036 2387 1092 llos
2435 1039 2674 1109 increpat
2720 1042 2991 1111 apostolus
3021 1040 3228 1110 Petrus,
3261 1046 3441 1102 dicens
3471 1066 3485 1102 :

1900 1124 2085 1181 Melius
2110 1128 2213 1183 illis
2251 1140 2354 1183 erat
2384 1148 2484 1186 non
2524 1149 2821 1213 cognoscere
2848 1136 2977 1188 viam
2998 1135 3193 1203 salutis,
3219 1142 3369 1209 quam
3398 1158 3486 1195 co-

1894 1229 2187 1286 gnoscentes
2214 1232 2347 1276 retro
2374 1222 2618 1301 respicere
2646 1227 2663 1296 (
2689 1223 2731 1279 Il
2760 1218 2902 1281 Pelr.
2936 1245 2994 1293 ιι,
3022 1228 3085 1283 2!
3120 1228 3161 1301 ).
3192 1230 3235 1285 Ο
3264 1233 3482 1298 malum,

1895 1319 2039 1366 retro
2089 1307 2397 1384 respicere!
2435 1300 2579 1373 Uxor
2619 1319 2759 1373 enim
2813 1320 2970 1385 Loth,
3018 1300 3137 1392 qua:
3183 1323 3404 1379 liberata
3455 1342 3486 1381 a

1894 1399 2205 1471 Sodomitis,
2255 1416 2439 1462 contra
2476 1402 2807 1484 praeceptum
2856 1419 3001 1466 retro
3044 1415 3298 1482 respexit,
3342 1418 3484 1484 quod

1893 1503 2135 1548 evaserat
2160 1496 2407 1566 perdidit.
2440 1482 2551 1553 Nec
2578 1499 2844 1554 immerito
2876 1501 2927 1555 in
2980 1506 3206 1557 statuam
3240 1482 3373 1559 salis
3393 1522 3483 1559 re-

1892 1594 2051 1653 pente
2074 1602 2329 1643 conversa
2357 1599 2438 1645 est
2467 1590 2485 1660 (
2520 1590 2647 1645 Cen.
2691 1594 2803 1655 xix,
2823 1593 2892 1648 26
2918 1593 2955 1664 ),
2984 1584 3082 1649 nisi
3112 1592 3167 1649 ut
3195 1595 3365 1650 fatuos
3387 1612 3484 1651 suo

1892 1675 2052 1730 etiam
2109 1678 2356 1750 exemplo
2409 1681 2673 1736 condiret.
2731 1682 2830 1749 Qui
2876 1693 3001 1738 sunt
3046 1695 3095 1740 et
3130 1685 3484 1741 aberrantes?

1890 1762 2088 1822 Omnes
2116 1766 2373 1836 haeretici,
2404 1772 2493 1842 qui
2531 1765 2713 1827 relicta
2741 1772 2980 1829 veritatis
2998 1770 3105 1845 via,
3126 1777 3355 1833 errando
3387 1794 3484 1848 per

1890 1848 2171 1949 desertum,
2186 1860 2585 1929 latrocinantur,
2604 1865 2881 1921 et‘animas
2903 1876 3117 1937 captant
3147 1868 3199 1922 in
3221 1871 3476 1939 peccatis,

1892 1949 2328 2024 prmpedinntque
2356 1969 2426 2011 ne
2458 1956 2577 2026 quis
2606 1956 2672 2011 ad
2705 1959 2927 2027 patriam
2959 1960 3132 2015 valeat
3162 1965 3477 2032 pervenire:

1890 2043 2063 2100 clfecti
2098 2047 2203 2119 lupi
2234 2049 2494 2105 semitarii
2526 2051 2691 2106 induti
2720 2054 2874 2109 ovina
2922 2056 3077 2125 pelle,
3105 2072 3226 2111 cum
3260 2059 3366 2113 sint
3396 2059 3479 2113 in-

1891 2144 1976 2192 tus
2014 2138 2123 2208 lupi
2148 2155 2402 2209 rapaces;
2432 2142 2784 2213 praedicantes
2808 2144 3081 2201 Christum
3110 2148 3270 2216 viam,
3299 2158 3352 2204 et
3384 2151 3472 2220 qui

1889 2240 1983 2282 eos
2009 2238 2304 2298 sequuntur
2331 2231 2589 2289 ducentes
2608 2234 2672 2287 ad
2705 2243 2953 2289 mortem.
3073 2265 3109 2303 τ,

1960 2317 2186 2375 CAPUT
2230 2320 2290 2375 V.
2321 2353 2391 2362 —
2411 2324 2463 2378 5.
2508 2323 2623 2391 Quo
2648 2324 2866 2379 discerni
2890 2327 3046 2396 possit
3067 2328 3201 2397 falsa
3230 2330 3479 2399 pradica-

1890 2407 1958 2462 tio
2005 2426 2037 2462 a
2064 2425 2199 2463 vera.
2235 2410 2330 2466 llic
2359 2412 2403 2466 si
2430 2413 2620 2483 aliquis
2668 2411 2829 2480 dicat,
2854 2410 2993 2484 Quid
3022 2433 3119 2489 ego
3150 2419 3335 2474 faciam
3368 2439 3473 2476 non

1888 2498 2101 2554 invenio
2135 2518 2148 2553 :
2178 2516 2303 2557 ecce
2327 2503 2487 2557 homo
2513 2496 2785 2559 Christum
2810 2504 3082 2575 praedicat,
3113 2510 3249 2562 viam
3282 2512 3476 2580 praedi-

1887 2598 1994 2656 cat,
2016 2589 2212 2645 Christi
2246 2608 2304 2648 se
2330 2592 2459 2648 dicit
2484 2609 2603 2649 esse
2630 2590 2967 2666 discipulum,
2995 2599 3274 2654 veritatem
3306 2618 3364 2656 se
3387 2603 3473 2657 (ll-

1886 2683 1959 2737 cit
1978 2684 2314 2751 annuntiare,
2335 2702 2500 2756 quare
2529 2704 2631 2741 non
2669 2703 2862 2759 sequar
2893 2690 3016 2744 talia
3044 2691 3423 2759 praedicantem
3452 2695 3476 2747 ?

1886 2781 2207 2850 respondeo,
2227 2782 2359 2848 Quia
2390 2765 2533 2838 aliud
2582 2784 2698 2853 ejus
2746 2783 2907 2840 habet
2953 2779 3151 2855 lingua,
3182 2782 3321 2840 aliud
3348 2803 3479 2842 con-

1884 2867 2127 2924 scientia.
2156 2870 2309 2927 Unde
2347 2872 2493 2940 novi,
2540 2868 2751 2944 inquis?
2779 2874 3034 2944 numquid
3069 2890 3166 2945 ego
3194 2868 3273 2930 co:
3297 2870 3477 2931 scien-

1886 2959 1986 3015 tias
2016 2959 2282 3017 discutere
2312 2977 2526 3032 possum
2554 2963 2577 3016 ?
2617 2963 2887 3019 Christum
2904 2967 2971 3019 ab
2998 2980 3062 3019 eo
3088 2963 3245 3021 audio
3284 2985 3296 3021 :
3328 2966 3470 3037 quod

1883 3051 2064 3119 audio,
2106 3052 2209 3107 hoc
2250 3054 2433 3121 credo,
2465 3054 2567 3109 hoc
2620 3062 2797 3111 teneo.
2826 3055 2941 3109 Non
2995 3066 3047 3110 te
3088 3056 3309 3112 seducat
3339 3058 3478 3113 filius

1883 3139 2149 3208 falsitatis,
2178 3145 2222 3200 si
2253 3144 2392 3201 filius
2434 3162 2494 3201 es
2521 3147 2775 3203 veritatis.
2828 3147 2980 3203 Disce
3005 3148 3137 3219 jam,
3165 3148 3472 3218 christiano,

1883 3238 1970 3307 qui
1996 3236 2265 3293 Christum
2316 3239 2591 3295 desideras
2616 3248 2672 3296 et
2710 3241 2894 3297 audire
2921 3250 2975 3297 et
3022 3242 3223 3299 videre.
3270 3243 3325 3299 Si
3356 3244 3476 3315 quis

1886 3331 1977 3385 tibi
2007 3331 2277 3387 Christum
2308 3334 2582 3403 prmdicat,
2615 3334 2830 3390 attende
2857 3343 2910 3389 et
2938 3335 3217 3391 considera
3260 3337 3472 3408 qualem

1883 3425 2177 3493 prmdicct,
2233 3426 2320 3480 ubi
2366 3428 2637 3496 przedicct.
2690 3428 2934 3483 Christus
2984 3430 3125 3484 enim
3172 3430 3367 3485 veritas
3393 3442 3475 3484 est

1883 3514 2074 3587 (Joan.
2107 3532 2219 3582 xxv,
2243 3516 2276 3572 6
2302 3516 2348 3588 ),
2378 3534 2474 3588 per
2505 3519 2806 3587 Scripturas
2862 3529 3074 3575 sanctas
3106 3514 3467 3590 praedicatur;

1882 3622 1991 3661 non
2013 3607 2064 3661 in
2091 3596 2316 3678 angulis,
2343 3625 2449 3663 non
2476 3609 2703 3675 occulte,
2753 3609 2849 3664 sed
2893 3610 3088 3678 palam,
3137 3608 3367 3680 publice.
3402 3611 3470 3666 In

1881 3696 1987 3751 sole
2008 3698 2150 3752 enim
2174 3699 2338 3768 posuit
2368 3692 2744 3752 tabernaculum
2764 3716 2909 3753 suum
2942 3700 2960 3772 (
2997 3698 3136 3753 Psul.
3168 3717 3318 3768 xvm,
3352 3703 3384 3757 6
3415 3703 3473 3769 ),'

1882 3788 1983 3842 hoc
2009 3798 2109 3855 est,
2143 3790 2195 3843 in
2233 3789 2511 3844 manifesto
2538 3786 2818 3844 collocavit
2841 3786 3134 3843 Ecclesium
3167 3792 3469 3846 suam.Jam

1882 3878 1967 3934 hic
2017 3881 2222 3949 respice
2264 3880 2411 3934 illum
2443 3882 2531 3950 qui
2582 3880 2675 3934 tibi
2706 3880 2976 3935 Christum
3017 3880 3288 3952 pricdiCat,
3331 3882 3473 3938 dicat

1882 3971 2093 4043 qualem
2126 3972 2392 4027 Christum
2412 3972 2684 4044 praedicet.

1952 4085 2176 4141 CAPUT
2219 4086 2303 4140 \‘l.
2330 4114 2402 4125 —-
2430 4086 2483 4140 6.
2513 4085 2910 4141 Manio/imorum
2934 4103 3095 4142 error.
3134 4088 3275 4144 Ecce
3302 4089 3474 4147 luere-

1883 4177 2018 4232 ticus
2047 4177 2392 4244 maniclucus,
2450 4179 2538 4248 qui
2574 4194 2673 4249 per
2698 4195 2849 4233 suam
2878 4179 3174 4235 doctrinam
3207 4184 3465 4249 promittit

1882 4270 2221 4326 introducere
2276 4279 2327 4325 te
2382 4270 2435 4323 in
2466 4271 2768 4332 veritatem,
2821 4272 2995 4341 ipsum
3034 4271 3302 4328 Christum
3344 4275 3475 4329 dicit

1880 4377 2001 4416 esse
2028 4364 2290 4417 fallacem.
2331 4361 2447 4416 Non
2476 4362 2681 4428 habuit,
2734 4364 2925 4433 inquit,
2982 4380 3167 4420 verum
3229 4382 3425 4437 Corpus
3459 4386 3473 4420 :

1882 4456 2195 4525 phantasma
2226 4455 2343 4521 fuit,
2373 4456 2592 4526 spiritus
2622 4448 2736 4511 luit.
2768 4458 2831 4511 Et
2860 4458 2962 4513 hoc
2988 4458 3041 4513 in
3065 4460 3158 4514 illo
3184 4459 3350 4515 fuisse
3370 4477 3466 4516 ne-

1878 4556 1969 4619 gat
2014 4549 2372 4615 nequissimus
2438 4550 2781 4605 maniehaws.
2833 4553 2877 4607 0
2932 4553 3164 4622 pessime
3227 4556 3475 4610 lurretice

1883 4638 2197 4703 manichare,
2231 4640 2273 4693 si
2328 4640 2547 4695 credere
2581 4658 2687 4695 non
2738 4642 2817 4696 κίε
2855 4642 3144 4698 Veritatem
3200 4644 3468 4699 dicentem

1880 4729 2153 4798 discipulis
2178 4730 2305 4791 suis,
2346 4728 2583 4800 Palpate,
2615 4741 2663 4785 et
2691 4732 2868 4798 ridete,
2906 4734 3026 4802 quia
3055 4735 3261 4804 spiritus
3292 4751 3406 4787 ossa
3427 4744 3474 4787 et

1881 4836 2084 4873 carnem
2114 4837 2215 4874 non
2260 4820 2426 4886 habet,
2475 4822 2603 4876 sicut
2642 4839 2720 4877 me
2770 4824 2945 4877 ridetis
3001 4826 3265 4878 habentem
3295 4826 3313 4894 (
3341 4824 3466 4879 an.

1882 4927 2027 4975 xxxv,
2062 4912 2130 4967 '59
2161 4913 2200 4982 ).
2259 4911 2314 4966 Si
2340 4912 2561 4968 credere
2588 4929 2693 4967 non
2719 4915 2819 4977 vis,
2856 4924 2913 4967 ut
2940 4914 3068 4978 dixi,
3096 4914 3340 4980 Veritati,
3370 4916 3467 4969 Ju-

1881 5001 1999 5056 dwo
2019 5002 2179 5056 crede
2220 5003 2569 5073 crucifigenti.
2616 5003 2747 5058 Nam
2778 5020 2897 5059 cum
2950 5014 3002 5058 tu
3030 5005 3183 5069 dicis,
3230 5006 3471 5061 Christus

1884 5092 2023 5146 Deus
2052 5091 2171 5158 fuit,
2203 5108 2311 5169 non
2364 5092 2562 5155 homo;
2590 5093 2805 5149 Juda‘us
2833 5094 2980 5159 dicit,
3011 5094 3123 5149 Non
3176 5094 3273 5148 fuit
3310 5097 3470 5163 lteus,
3550 5165 3561 5174 ο

1883 5180 1977 5235 sed
2009 5182 2188 5235 homo.
2222 5182 2492 5237 Catholica
2542 5192 2797 5253 utrosque
2826 5186 3171 5249 convincens,
3205 5186 3337 5255 ligo,
3366 5188 3462 5251 ait,

1883 5288 2065 5326 verum
2102 5282 2278 5339 teneo,
2310 5274 2453 5343 quod
2478 5274 2722 5329 Christus
2750 5285 2802 5329 et
2828 5277 2966 5330 Deus
2997 5284 3079 5329 est
3104 5288 3156 5330 et
3187 5277 3365 5332 homo.
3392 5279 3471 5331 'l‘u

1883 5375 2081 5428 autem,
2110 5364 2424 5429 maniehree,
2477 5364 2617 5419 unde
2663 5366 2857 5436 probas
2900 5354 3173 5422 Christum
3229 5370 3474 5439 spiritum

1884 5456 2047 5513 fuisse
2071 5458 2094 5511 ?
2120 5458 2346 5527 Spiritus
2373 5458 2552 5528 alapas
2579 5461 2823 5529 accepit?
2848 5461 3064 5531 spiritus
3107 5463 3346 5533 spineam
3379 5480 3473 5518 eo-

1883 5565 2069 5605 ronam
2126 5551 2641 5621 portavit?spiritus
2693 5554 2791 5608 sibi
2818 5570 3029 5610 crucem
3082 5557 3382 5624 hajnlavit?
3418 5560 3473 5614 Si

1884 5641 2100 5711 Spiritus
2148 5640 2265 5705 fuit,
2316 5642 2465 5713 cujus
2518 5645 2833 5701 vestimenta
2882 5647 3080 5702 milites
3133 5638 3477 5704 diviserunt?

1883 5734 1938 5789 Si
1966 5733 2183 5804 spiritus
2210 5733 2323 5800 fuit,
2353 5736 2621 5807 quomodo
2648 5753 2768 5792 cum
2798 5738 3029 5793 traderet
3058 5740 3325 5809 spiritum,
3351 5758 3473 5796 cor-

1889 5844 1985 5900 pus
2006 5828 2121 5899 ejus
2144 5843 2307 5900 prope
2344 5830 2617 5887 dimidium
2666 5832 2807 5887 diem
2851 5834 3099 5886 exanime
3149 5834 3395 5903 pependit
3424 5850 3473 5889 tn

2726 5928 2761 6002 (
2773 5922 3184 5998 Πρω-Δοκεῖ.
3198 5928 3225 5996 )
