4106 6502
587 408 693 462 6533

588 542 747 583 cruce
773 525 795 579 ?
821 522 878 578 Si
904 519 1121 591 spiritus
1164 513 1284 577 fuit,
1325 505 1592 581 quomodo
1617 503 1755 557 latus
1781 494 1897 571 ejus
1938 493 2177 591 perfora-

594 630 704 673 tum
727 627 808 672 est
831 587 1015 670 lancea
1040 609 1065 663 ?
1103 602 1371 678 quomodo
1399 606 1677 670 susceptus
1703 602 1781 649 est
1813 607 1843 645 a
1869 587 2066 658 Joseph
2097 600 2181 678 se-

592 708 891 780 peliendus,
944 676 1212 775 quomOdo
1265 695 1510 767 sepulcro
1560 698 1643 747 est
1688 676 2181 743 conditus?0mnia

594 778 695 856 ista
723 799 942 870 spiritus
968 794 1074 866 pati
1108 806 1219 847 non
1270 794 1468 859 potest.
1523 782 1674 838 Sicut
1701 778 1768 833 de
1816 791 1880 831 eo
1906 782 2059 828 antea
2090 784 2185 840 per

596 867 895 965 Prophetas
946 886 1263 960 praedictum
1307 888 1426 945 est,
1482 878 1556 933 ita
1590 882 1646 931 et
1692 872 1912 927 factum.
1942 867 2103 923 Erras
2128 872 2186 917 tu

600 958 777 1052 nimis,
806 958 1046 1047 falsitas;
1073 979 1125 1034 in
1152 974 1401 1032 omnibus
1435 980 1486 1025 te
1520 973 1737 1039 superat
1764 963 1979 1018 veritas.
2013 958 2187 1028 Engo-

596 1099 685 1147 ne,
717 1077 990 1139 haretice,
1035 1079 1091 1127 ut
1120 1070 1302 1135 doces,
1324 1064 1535 1121 Veritas
1562 1060 1780 1117 mentita
1797 1064 1897 1121 est,
1928 1063 1983 1110 et
2009 1060 2067 1107 tu
2092 1065 2188 1106 ve-

596 1145 717 1231 rum
739 1166 1034 1243 praedicas?
1068 1163 1136 1218 Et
1180 1158 1272 1216 ubi
1318 1157 1421 1211 hoc
1470 1148 1773 1225 praedicas?
1803 1147 1860 1201 In
1907 1145 2189 1243 absconso,

601 1269 655 1321 in
684 1234 915 1320 oe-culto.
938 1258 997 1313 Si
1015 1256 1237 1311 veritate
1259 1248 1471 1305 fulcitur
1498 1241 1808 1317 praedicatio
1837 1247 1945 1302 tua,
1980 1234 2192 1306 publica

601 1358 674 1410 sit
722 1352 966 1409 doctrina
997 1357 1106 1403 tua.
1145 1345 1461 1399 Demonstra
1512 1335 1645 1391 mihi
1686 1328 1981 1387 Ecclesiam
2024 1337 2190 1380 tuam.

598 1446 710 1503 Sed
740 1444 984 1499 novimus
1004 1436 1130 1509 quid
1158 1433 1325 1503 agatis
1355 1428 1563 1499 decepti
1593 1434 1648 1481 et
1684 1424 2019 1492 deceptores.
2048 1418 2194 1509 Apo-

606 1538 776 1594 stolus
804 1533 1003 1590 Paulus
1025 1508 1123 1584 vos
1160 1523 1395 1597 prodidit
1422 1521 1606 1577 dicens
1633 1535 1647 1573 :
1699 1516 1826 1583 Quae
1851 1513 1984 1567 enim
2008 1508 2200 1564 occulte
2254 1573 2261 1583 ν

610 1633 737 1697 fiunt
757 1627 818 1680 ab
834 1626 922 1689 eis,
955 1632 1097 1693 turpe
1118 1626 1189 1674 est
1215 1617 1365 1673 etiam
1395 1614 1558 1668 dicere
1587 1611 1604 1679 (
1632 1608 1822 1679 Ephes.
1847 1621 1904 1671 v,
1933 1602 2001 1658 12
2027 1602 2068 1673 ).
2094 1600 2201 1655 No-

610 1723 691 1776 bis
715 1731 867 1788 turpe
888 1724 971 1772 est
995 1715 1194 1778 dicere,
1247 1709 1343 1766 sed
1396 1722 1493 1762 vos
1546 1719 1652 1759 non
1706 1698 1978 1771 quiescitis
2020 1708 2197 1765 agere.

610 1787 889 1868 Manifesta
920 1817 1002 1865 est
1022 1803 1309 1878 ignominia
1335 1810 1535 1866 vestra,
1580 1795 1774 1851 nudata
1822 1800 1903 1847 est
1930 1787 2202 1858 turpitudo

611 1916 817 1969 vestra;
857 1918 925 1959 ex
966 1897 1305 1956 confessione
1343 1892 1500 1948 simul
1572 1898 1625 1945 et
1688 1886 1973 1956 scriptura!
2003 1889 2200 1942 vestra,

612 1995 858 2051 omnibus
884 1991 1058 2064 palam
1089 1989 1223 2044 facta
1270 1994 1352 2040 est
1381 1982 1548 2052 turpis
1574 1978 1816 2034 doctrina
1848 1983 2027 2028 vestra
2057 1990 2068 2026 :
2104 1970 2199 2024 uti-

619 2104 741 2144 nam
774 2082 1061 2156 aliquando
1086 2079 1420 2149 corrigantur
1444 2070 1603 2128 corda
1626 2076 1800 2124 vestra
1830 2067 1844 2121 ι

684 2151 909 2231 CAPUT
992 2168 1283 2226 ηιμ-7.
1337 2163 1501 2218 Error
1567 2160 1893 2213 Arianorum.
1944 2152 2045 2208 Alii
2094 2151 2205 2205 ha:-

615 2267 766 2323 retici
834 2262 1020 2319 Ariani
1080 2261 1248 2330 ipsam
1314 2256 1453 2308 viam
1525 2249 1835 2309 Christum,
1895 2259 1990 2313 per
2050 2255 2206 2311 quam

616 2360 721 2413 itur
762 2354 828 2410 ad
860 2355 1069 2408 Patrem
1095 2392 1111 2417 ,
1158 2345 1450 2405 secundum
1501 2340 1826 2396 divinitatem
1869 2334 2055 2389 nolunt
2091 2346 2213 2387 esse

618 2446 876 2519 arqualem
935 2441 1099 2498 Patri.
1141 2440 1209 2495 Et
1270 2452 1391 2492 cum
1435 2434 1548 2505 ipse
1598 2430 1772 2493 dicat,
1811 2424 1923 2496 Ego
1965 2433 2011 2477 et
2055 2420 2215 2475 Pater

624 2514 781 2593 unum
804 2552 976 2591 sumus
1004 2533 1200 2606 (Joan.
1234 2544 1295 2595 x,
1318 2526 1388 2581 50
1412 2525 1465 2597 );
1490 2523 1564 2578 illi
1589 2520 1791 2586 dicunt,
1819 2516 1875 2573 Si
1902 2514 2097 2570 missus
2133 2520 2216 2567 est

620 2629 892 2693 Christus,
915 2603 1090 2679 minor
1118 2630 1201 2677 est
1234 2637 1246 2673 :
1292 2616 1465 2686 major
1485 2622 1567 2669 est
1593 2613 1777 2682 utique
1800 2608 1889 2678 qui
1913 2606 2095 2671 mittit,
2122 2603 2216 2658 illo

618 2721 715 2792 qui
742 2719 990 2774 mittitur.
1042 2713 1168 2769 Haec
1224 2705 1614 2781 argumentatio
1665 2710 1749 2758 est
1801 2700 2054 2765 humana,
2110 2710 2216 2750 non

624 2810 915 2867 auctoritas
951 2807 1151 2862 divina.
1184 2803 1298 2858 Alia
1330 2807 1413 2856 est
1461 2795 1704 2867 Operatio
1730 2792 2024 2858 Trinitatis,
2057 2803 2216 2860 quam

620 2915 706 2968 tu,
757 2900 1027 2963 haeretice,
1068 2911 1175 2950 non
1224 2890 1545 2962 assequeris,
1596 2887 1687 2958 qui
1737 2884 2022 2940 carnaliter
2052 2879 2215 2951 sapis.

627 2990 886 3048 Mundam
908 2989 1051 3044 enim
1073 3001 1169 3041 cor
1210 2999 1315 3038 non
1345 2981 1529 3045 habes,
1563 2993 1662 3033 nec
1682 2976 1747 3031 ad
1772 2977 1959 3030 Deum.
1980 2974 2220 3029 Christus

626 3084 775 3139 enim
804 3083 855 3135 in
896 3085 1151 3150 quantum
1194 3073 1467 3128 hominem
1495 3067 1750 3137 suscepit,
1770 3066 1966 3119 missus
1992 3061 2216 3117 dicitur:

631 3176 686 3231 in
711 3181 965 3245 quantum
998 3170 1138 3225 Deus
1163 3175 1265 3233 est,
1284 3164 1502 3235 mqualis
1523 3171 1606 3217 est
1630 3160 1792 3215 Patri.
1814 3157 1947 3212 Nam
1969 3171 2073 3227 quo
2100 3171 2223 3210 eum

632 3268 791 3322 Pater
831 3265 1083 3327 mitteret,
1114 3260 1203 3315 ubi
1250 3259 1362 3327 ipse
1413 3271 1535 3311 cum
1586 3252 1721 3307 Filio
1750 3267 1855 3305 non
1905 3247 2226 3303 esset?Aut

632 3373 740 3429 quo
768 3355 933 3410 Filius
958 3353 1221 3415 venisset,
1253 3349 1341 3402 ubi
1373 3363 1479 3401 non
1519 3343 1679 3400 simul
1710 3357 1830 3397 cum
1876 3339 2036 3394 Patre
2082 3346 2226 3393 esset

631 3450 724 3505 ille
753 3448 842 3517 qui
876 3444 1025 3511 dicit,
1076 3441 1188 3511 Ego
1228 3440 1281 3493 in
1310 3438 1486 3502 Patre,
1519 3445 1566 3491 et
1615 3433 1773 3487 Pater
1812 3432 1863 3485 in
1893 3446 1970 3484 me
2000 3438 2072 3484 est
2098 3444 2117 3493 ;
2149 3436 2221 3491 et,

635 3543 901 3613 Philippe,
943 3538 1030 3611 qui
1056 3536 1178 3590 vidit
1210 3551 1306 3600 me,
1337 3532 1456 3586 uidit
1487 3539 1532 3583 et
1568 3525 1821 3597 Patrem(
1854 3524 1941 3578 Id.
1994 3538 2100 3588 xtv,
2137 3520 2223 3585 l0,

635 3635 671 3691 9
697 3635 715 3706 )
746 3651 759 3687 :
793 3642 847 3686 ει
867 3631 956 3701 qui
978 3644 1072 3700 per
1101 3625 1414 3698 prophetam
1455 3621 1600 3686 dicit,
1631 3617 1822 3673 Ctelum
1850 3625 1895 3670 et
1920 3625 2107 3670 terram
2132 3628 2223 3683 ego

632 3726 818 3796 impleo
843 3723 861 3795 (
885 3722 1079 3776 Jerem.
1119 3714 1402 3787 unum)
1430 3732 1444 3780 ;
1473 3723 1525 3769 et
1554 3713 1621 3767 de
1673 3726 1780 3783 quo
1830 3709 2081 3765 Salomon
2130 3707 2224 3773 ait,

633 3816 848 3886 Attingit
877 3831 907 3867 a
932 3813 1033 3883 [ine
1056 3826 1212 3881 usque
1234 3808 1302 3861 ad
1322 3808 1475 3876 ﬁnem
1498 3804 1718 3875 fortiter,
1745 3810 1790 3855 et
1811 3799 2031 3870 disponit
2058 3798 2229 3852 omnia

632 3910 871 3966 suaviter.
931 3905 1141 3976 Attingit
1204 3902 1385 3971 ubique
1455 3906 1660 3970 prapter
1731 3911 1875 3950 suam
1928 3892 2229 3947 munditiam

638 3988 810 4072 (Sap.
830 4014 943 4063 vnt,
970 3998 1021 4062 1,
1047 4006 1091 4050 ει
1134 4010 1227 4060 vu,
1258 3993 1330 4046 Ἣ»
1363 3991 1418 4063 )‘?
1445 3989 1550 4046 Sed
1589 3999 1663 4054 tu,
1694 3986 1963 4049 ltzeretice,
1995 3983 2115 4038 ideo
2146 3981 2229 4035 di-

633 4096 715 4149 eis
736 4092 989 4162 majorem
1016 4103 1134 4143 esse
1164 4087 1254 4156 qui
1302 4084 1481 4148 mittit,
1540 4082 1804 4136 minorem
1853 4078 1945 4148 qui
1972 4075 2221 4138 mittitur,

642 4185 765 4255 quia
793 4193 1091 4252 temporum
1133 4178 1303 4248 spatia
1357 4174 1579 4246 cogitas.
1634 4170 1741 4227 Sed
1786 4169 2009 4223 multum
2057 4180 2228 4232 erras,

640 4276 719 4332 illi
742 4275 1013 4344 assignare
1057 4280 1297 4339 tempora
1331 4283 1423 4337 per
1451 4280 1610 4336 quem
1648 4263 1786 4317 facta
1816 4268 1941 4316 sunt
1966 4268 2226 4329 tempora.

640 4367 698 4422 Si
724 4367 935 4421 Patrem
964 4362 1237 4419 conliteris
1266 4360 1453 4424 Deum,
1486 4358 1653 4424 Deum
1684 4354 1899 4419 Filium,
1938 4361 2231 4406 aeternum-

643 4472 745 4528 que
766 4454 941 4510 credis
966 4461 1021 4509 et
1061 4453 1270 4507 Patrem
1306 4460 1361 4505 et
1407 4416 1638 4513 Filium;
1672 4445 1781 4500 noli
1808 4444 2066 4499 minorem
2096 4441 2236 4497 face-

644 4565 704 4606 re
733 4548 925 4603 Filium
957 4547 1011 4601 in
1047 4560 1112 4601 eo
1160 4543 1301 4614 quod
1341 4542 1465 4597 fecit
1503 4550 1576 4607 te,
1605 4539 1728 4610 quia
1773 4538 1893 4594 ideo
1945 4538 2119 4592 miuor
2154 4536 2233 4592 la-

643 4650 765 4697 ctus
808 4647 928 4704 est,
967 4644 1026 4691 ut
1068 4634 1358 4691 redimeret
1410 4641 1482 4688 te.
1539 4631 1643 4687 Sed
1683 4632 1817 4701 ipse,
1856 4628 2050 4700 inquis,
2078 4628 2233 4697 dixit,

651 4731 807 4785 Pater
820 4729 985 4797 nmior
1009 4743 1088 4781 me
1108 4735 1178 4781 est
1206 4724 1227 4797 (
1256 4722 1415 4779 Joan.
1458 4721 1709 4791 xtv,28).
1741 4721 1981 4791 lntellige
2038 4734 2235 4776 secun-

645 4823 777 4880 dum
828 4827 1133 4890 susceptum
1180 4815 1474 4882 hominem,
1502 4821 1556 4869 et
1599 4812 1823 4883 deponis
1852 4826 2113 4867 errorem.
2140 4810 2240 4867 Sed

645 4914 881 4971 cundum
906 4910 1011 4967 hoc
1029 4908 1176 4972 dicit,
1198 4906 1355 4962 Pater
1379 4905 1543 4976 major
1568 4920 1646 4958 me
1665 4912 1758 4971 est,
1785 4901 2079 4958 secundum
2097 4901 2237 4974 quod

645 5004 717 5062 de
742 5020 808 5062 eo
861 5003 937 5059 ait
977 5001 1258 5073 propheta,
1316 4995 1591 5051 Minorasti
1620 5011 1733 5049 eum
1781 4996 1936 5065 paulo
1986 4995 2151 5051 minus
2176 4994 2239 5049 ab

646 5099 841 5171 angelis
897 5094 1087 5170 (Psal.
1128 5108 1238 5161 vut,
1291 5091 1393 5165 6).
1436 5089 1518 5145 Tu
1556 5098 1736 5144 autem
1789 5087 1895 5155 dic,
1948 5087 2239 5143 secundum

650 5190 779 5260 quid
794 5205 917 5246 eum
940 5189 1203 5245 minorem
1230 5182 1470 5241 asseris?
1493 5181 1550 5238 Si
1574 5179 1869 5236 secundum
1885 5187 2201 5250 potestatem
2225 5198 2237 5234 :

654 5280 811 5336 Pater
832 5298 933 5335 non
954 5281 1154 5352 judicat
1180 5291 1502 5351 quemquam,
1526 5273 1614 5328 sed
1635 5271 1803 5327 Filius
1831 5270 2007 5343 (Joan.
2035 5271 2171 5340 ν,Ξὲ
2198 5271 2240 5342 ).

653 5372 709 5429 ει
762 5372 1053 5427 secundum
1099 5385 1303 5441 Opera:
1335 5367 1521 5423 Omnia
1572 5381 1661 5436 per
1715 5362 1909 5418 Filium
1938 5364 2075 5433 facta
2102 5374 2241 5418 sunt.

655 5462 711 5516 Si
740 5460 1031 5516 secundum
1065 5471 1273 5530 tempus
1297 5459 1401 5513 hoc
1422 5455 1597 5512 credis
1626 5454 1693 5509 de
1720 5455 1831 5510 Deo
1854 5462 1965 5520 tuo,
1989 5454 2112 5524 quia
2138 5468 2245 5508 ειεο

658 5562 715 5606 ιιι
760 5562 818 5606 ιιι
868 5551 1037 5621 major
1078 5568 1137 5607 es
1179 5550 1288 5607 lilio
1325 5562 1436 5616 tuo,
1474 5551 1544 5603 ita
1589 5549 1678 5604 ille
1716 5547 1826 5602 lilio
1854 5563 1952 5603 suo
1986 5567 2000 5603 :
2043 5558 2249 5604 avertat

661 5644 763 5699 hoc
784 5644 924 5697 Deus
951 5642 1018 5696 ab
1043 5642 1256 5696 auribus
1302 5641 1535 5695 ﬁdelium
1565 5655 1580 5705 ;
1612 5638 1825 5709 indigna
1854 5649 1977 5693 sunt
2006 5640 2103 5694 ista
2132 5655 2249 5696 cre-

663 5734 789 5788 dere
818 5732 886 5787 dc
920 5731 1045 5787 Deo.
1092 5732 1147 5788 Si
1189 5731 1331 5785 enim
1360 5730 1530 5785 Filius
1552 5729 1844 5785 secandum
1875 5730 2124 5786 deitatem
2156 5733 2245 5788 Dei

666 5824 899 5881 Verbum
935 5834 1051 5893 εει,
1098 5825 1232 5880 sicut
1287 5821 1611 5892 evangelista
1663 5821 1898 5877 Joannes
1939 5833 2140 5894 narrat,
2177 5825 2241 5881 In

1068 396 1154 450 DE
1193 390 1490 449 CANTICO
1528 387 1730 453 NOVO,
1773 399 1917 449 εἶτα,
1968 379 2025 436 S.
2060 372 2424 432 AUGUSTINI
2462 375 2688 431 SERMO
2733 376 2823 430 AD
2860 368 3431 430 CATIIECUMENOS.

3773 368 3881 424 εει

2289 489 2539 559 principio
2560 498 2665 541 erat
2706 487 2945 553 Verbum,
2970 495 3013 539 et
3073 484 3290 539 Verbum
3319 492 3425 538 erat
3454 482 3594 552 apud
3624 479 3811 543 Deum,
3834 490 3879 532 ct

2289 581 2427 636 Deus
2454 588 2559 635 erat
2615 578 2833 634 Verbum
2860 576 3047 651 (Joan.
3082 594 3120 643 ι,
3166 578 3220 639 5,
3246 576 3269 630 i
3295 575 3312 646 )
3346 574 3482 641 ;l'uit
3510 574 3723 644 aliquod
3753 582 3881 627 tem-

2289 689 2389 747 pus
2424 672 2638 744 quando
2674 671 2831 727 Pater
2877 669 2976 724 fuit
3024 670 3141 722 sine
3172 667 3368 734 Verbo,
3396 675 3487 721 aut
3530 666 3629 720 fuit
3671 665 3882 735 aliquod

2290 766 2609 837 principium
2638 773 2764 818 ante
2791 763 2963 833 ipsum
3008 760 3351 832 principium,
3384 759 3634 827 quoniam
3663 759 3779 828 ipse
3804 757 3886 811 Fi-

2294 857 2398 912 lius
2418 857 2549 912 dixit
2578 871 2638 911 se
2663 870 2783 911 esse
2812 853 3174 925 principium?
3212 849 3667 921 Interrogantibus
3696 851 3884 920 quippe

2294 949 2513 1015 Judzeis,
2556 947 2635 1002 Tu
2663 948 2776 1018 quis
2806 945 2900 1000 es?
2928 944 3230 1015 respondit,
3263 943 3581 1013 Principium
3612 942 3632 1014 (
3661 942 3750 995 Id.
3775 958 3882 1007 \‘lll,

2293 1041 2366 1097 25
2391 1041 2429 1112 ).
2459 1040 2601 1110 Ergo
2644 1047 2697 1093 et
2719 1036 2851 1092 illud
2903 1037 3047 1107 quod
3084 1037 3137 1091 in
3166 1036 3362 1091 Genesi
3395 1035 3654 1104 scriptum
3687 1043 3795 1097 est,
3823 1031 3883 1086 In

2298 1134 2547 1203 principio
2579 1132 2694 1202 fecit
2728 1129 2867 1185 Deus
2905 1130 3084 1184 ccelum
3113 1136 3159 1182 et
3205 1136 3391 1181 terram
3418 1125 3586 1197 (Gen.
3612 1142 3654 1190 I,
3686 1127 3712 1179 1
3743 1125 3785 1194 ),
3818 1125 3889 1178 iu-

2300 1226 2550 1294 telligitur
2571 1224 2621 1277 iu
2658 1223 2813 1290 Filio,
2844 1221 2939 1293 qui
2968 1229 3049 1275 est
3077 1220 3415 1290 principium.
3446 1217 3536 1274 Sic
3579 1232 3712 1286 ergo
3748 1232 3888 1271 sem-

2300 1332 2399 1387 per
2429 1317 2568 1370 Deus
2603 1313 2778 1378 Pater,
2831 1328 3044 1382 semper
3095 1311 3236 1366 Deus
3278 1310 3477 1373 Filius;
3523 1309 3647 1379 quia
3678 1324 3780 1362 nec
3809 1307 3893 1362 ille

2302 1406 2586 1477 aliquando
2605 1420 2708 1459 non
2729 1404 2909 1468 Pater,
2948 1417 3047 1457 nec
3073 1403 3173 1457 iste
3217 1399 3504 1471 aliquando
3557 1413 3664 1453 non
3697 1398 3889 1453 Filius.

2303 1500 2418 1555 Non
2436 1499 2580 1554 enim
2601 1508 2662 1552 ut
2683 1498 2842 1551 Pater
2864 1502 3146 1566 generaret
3167 1492 3381 1560 Filium,
3404 1492 3675 1548 minuitse
3690 1492 3893 1561 ipsum:

2305 1592 2399 1648 sed
2422 1593 2491 1646 ita
2520 1591 2702 1662 genuit
2726 1590 2795 1644 de
2819 1604 2878 1644 se
2918 1589 3145 1643 alterum
3188 1587 3397 1657 qualem
3443 1601 3523 1650 se,
3548 1593 3608 1639 ut
3629 1594 3775 1640 totus
3794 1600 3900 1639 ma-

2305 1693 2459 1741 neret
2486 1684 2538 1738 in
2582 1698 2661 1739 se.
2718 1682 2949 1752 Spiritus
2976 1690 3153 1735 autem
3192 1688 3407 1735 sanctus
3454 1694 3561 1733 non
3601 1678 3896 1748 prazccdit‘

2307 1776 2448 1832 unde
2487 1775 2747 1846 procedit,
2775 1773 2872 1829 sed
2927 1772 3134 1843 integer
3178 1771 3246 1827 de
3296 1772 3523 1841 integro,
3581 1785 3685 1825 nec
3719 1770 3903 1824 minuit

2307 1882 2430 1923 eum
2470 1863 2827 1936 procedendo,
2860 1878 2963 1918 nec
3014 1871 3172 1933 auget
3218 1860 3490 1916 hzcrendo.
3523 1861 3593 1916 Et
3638 1860 3759 1915 hrec
3808 1860 3906 1913 tria

2309 1974 2448 2015 unus
2472 1959 2635 2024 Deus,
2677 1956 2746 2012 de
2772 1972 2879 2028 quo
2906 1956 3163 2027 propheta
3190 1954 3321 2010 dicit
3351 1971 3365 2008 :
3414 1954 3493 2008 Tu
3525 1971 3578 2009 es
3606 1953 3745 2008 Deus
3771 1954 3908 2008 solus

2310 2067 2523 2123 magnus
2552 2048 2574 2122 (
2603 2047 2752 2103 Psal.
2808 2064 2984 2104 Lxxxv
3012 2089 3026 2114 ,
3076 2047 3145 2103 10
3175 2046 3215 2116 ).
3254 2047 3335 2101 Tu
3387 2054 3590 2111 autem,
3632 2046 3905 2111 hmretice,

2312 2155 2573 2212 compone
2621 2140 2817 2211 gradus
2846 2180 2860 2204 ,
2917 2154 3105 2208 separa
3153 2137 3507 2192 Trinitatem:
3570 2136 3652 2192 l'ac
3697 2145 3905 2206 patrem

2314 2234 2594 2305 majorem,
2619 2232 2810 2287 Filium
2832 2232 3112 2294 minorem,
3134 2229 3390 2301 Spiritum
3405 2236 3648 2283 sanctum
3673 2243 3904 2298 sequen-

2317 2336 2442 2382 tem.
2471 2324 2578 2380 Sed
2600 2324 2711 2395 jam
2745 2323 2812 2379 de
2832 2323 2987 2387 Filio,
3017 2322 3159 2394 quod
3205 2321 3426 2392 aqualis
3451 2321 3521 2375 sit
3548 2321 3718 2385 Patri,
3742 2320 3910 2389 aliqua

2316 2418 2567 2484 diximus,
2591 2426 2646 2473 et
2671 2416 2812 2487 quod
2833 2414 3084 2481 occurrit,
3116 2412 3349 2468 diximus
3382 2430 3397 2468 :
3435 2410 3633 2467 audiet
3657 2411 3725 2467 de
3746 2412 3913 2481 Spiri-

2321 2519 2375 2565 tu
2404 2518 2611 2576 sancto,
2659 2523 2817 2578 quem
2864 2506 3125 2561 minorem
3170 2504 3253 2559 vis
3288 2518 3409 2560 esse
3457 2503 3615 2558 Patre
3661 2511 3718 2557 et
3758 2502 3909 2557 Filio.

2319 2602 2521 2673 Nempe
2559 2601 2789 2671 Spiritus
2839 2607 3057 2655 sanctus
3087 2599 3201 2669 ipse
3248 2596 3477 2667 Spiritus
3520 2603 3605 2649 est
3636 2594 3751 2649 Dei.
3781 2593 3914 2648 Audi

2321 2704 2375 2751 et
2400 2696 2514 2766 ipse
2539 2693 2681 2765 quod
2705 2692 2861 2748 simul
2899 2693 2968 2747 sit
2996 2707 3119 2748 cum
3162 2691 3323 2747 Patre
3345 2700 3402 2746 et
3428 2688 3593 2755 Filio,
3626 2697 3681 2743 et
3727 2687 3914 2756 ubique

2322 2790 2393 2846 sit
2427 2799 2589 2846 totus.
2638 2788 2798 2852 Deus,
2831 2787 3005 2857 inquit
3053 2786 3289 2841 Joannes
3330 2781 3640 2853 Apostolus,
3696 2780 3915 2851 Spiritus

2323 2894 2394 2940 est
2418 2885 2437 2958 (
2461 2883 2617 2938 Joan.
2646 2899 2720 2949 tv,
2747 2882 2818 2936 24
2850 2881 2891 2951 ).
2916 2880 2984 2935 Ει
3008 2880 3122 2950 ipse
3150 2878 3314 2933 Filius
3349 2892 3443 2947 per
3475 2874 3797 2946 prophetam
3824 2876 3911 2939 ait,

2326 2976 2555 3049 Spiritus
2613 2973 2819 3029 Domini
2870 2989 3022 3043 super
3052 2987 3133 3025 me
3163 2971 3179 3040 (
3204 2968 3333 3023 Isai.
3368 2984 3475 3035 LXI,
3506 2969 3529 3021 1
3567 2967 3586 3039 )
3623 2985 3636 3021 :
3674 2982 3782 3021 non
3826 2966 3913 3030 ait,

2326 3080 2445 3141 post
2475 3079 2655 3133 me,ut
2681 3076 2993 3137 sequentem
3041 3079 3162 3119 eum
3203 3062 3423 3128 faceret,
3471 3061 3556 3115 vel
3607 3060 3909 3121 minorem;

2326 3161 2421 3217 sed
2443 3161 2711 3229 ait,super
2751 3175 2847 3212 me.
2879 3156 3035 3213 Unde
3091 3164 3146 3210 et
3190 3154 3410 3223 angelus
3458 3151 3675 3207 Gabriel
3717 3150 3784 3205 ad
3812 3149 3914 3204 Ma-

2326 3253 2459 3308 riam
2492 3270 2503 3305 :
2549 3251 2773 3320 Spiritus
2798 3260 3021 3314 sanctus,
3047 3248 3233 3317 inquit,
3262 3244 3575 3316 superveniet
3605 3245 3657 3296 in
3678 3251 3724 3296 te
3753 3242 3773 3313 (
3795 3241 3915 3294 Luc.

2328 3361 2367 3414 ι,
2388 3346 2503 3415 55).
2530 3343 2692 3398 David
2714 3357 2927 3413 quoque
2952 3340 3209 3411 prOpheta
3235 3357 3247 3393 :
3285 3338 3398 3404 Quo
3415 3337 3494 3390 ibo
3521 3352 3551 3388 a
3580 3335 3785 3405 Spiritu
3816 3343 3916 3398 tuo,

2329 3446 2375 3491 et
2404 3454 2433 3489 a
2454 3436 2586 3505 facie
2612 3443 2698 3488 tua
2739 3450 2837 3504 quo
2867 3431 3109 3504 fugiam?
3144 3430 3206 3485 Si
3229 3426 3506 3483 ascendero
3550 3428 3605 3480 in
3644 3426 3845 3489 cretum,
3872 3434 3919 3476 tn

2328 3527 2397 3580 ibi
2420 3543 2488 3592 cs,
2515 3526 2559 3580 si
2583 3524 2884 3579 descendero
2899 3524 2950 3577 in
2970 3522 3226 3592 abyssum,
3244 3530 3295 3574 tu
3322 3518 3442 3573 ades
3469 3516 3640 3589 (Psal.
3659 3531 3917 3581 cxxxvut,

2330 3621 2362 3675 7
2388 3629 2436 3675 et
2462 3619 2687 3689 8).Ergo
2717 3618 2759 3671 si
2791 3616 3021 3686 Spiritus
3045 3614 3136 3670 Dei
3168 3622 3223 3669 et
3263 3613 3313 3667 in
3346 3613 3487 3668 casio
3527 3620 3582 3667 et
3613 3610 3666 3665 in
3709 3618 3851 3665 terra
3874 3619 3921 3663 et

2333 3712 2385 3766 in
2426 3711 2633 3766 inferno
2658 3708 2803 3764 adest
2833 3723 2954 3762 cum
2992 3706 3085 3761 illo
3113 3706 3203 3775 qui
3230 3704 3379 3770 dicit,
3412 3702 3608 3759 Caelum
3647 3713 3695 3757 et
3746 3713 3922 3756 terram

2334 3820 2422 3874 ego
2450 3802 2633 3872 impleo
2656 3801 2675 3871 (
2697 3797 2889 3855 Jerem.
2914 3814 3064 3865 χχιιι,
3082 3797 3153 3853 24
3182 3797 3239 3868 );
3265 3811 3393 3867 ergo
3419 3795 3652 3850 Trinitas
3692 3808 3831 3848 unus
3849 3801 3925 3847 est

2336 3896 2495 3949 Deus.
2527 3892 2632 3948 Sed
2663 3892 2786 3947 audi
2831 3890 3027 3955 adhuc,
3086 3889 3357 3955 haeretice,
3389 3886 3530 3941 unde
3564 3885 3919 3949 convincaris,

2334 3987 2473 4058 quod
2500 3986 2733 4041 Trinitas
2783 3998 2922 4039 unus
2949 3984 3018 4038 sit
3066 3982 3225 4037 Deus.
3273 3980 3468 4050 lnipso
3496 3980 3763 4049 principio
3814 3977 3925 4032 libri

2335 4081 2626 4145 Geneseos,
2657 4077 2797 4149 quod
2836 4076 3088 4142 diximus,
3115 4074 3372 4144 scriptum
3420 4082 3521 4136 est,
3563 4071 3631 4125 In
3684 4071 3925 4140 principio

2336 4173 2452 4244 fecit
2483 4171 2620 4227 Deus
2643 4171 2824 4226 caelum
2849 4178 2896 4224 et
2918 4178 3123 4224 (errant.
3153 4167 3295 4223 Ecce
3336 4167 3473 4222 Deus
3505 4166 3686 4232 Pater,
3713 4174 3767 4219 et
3785 4164 3925 4234 prin-

2336 4264 2533 4335 cipium
2580 4263 2768 4329 Filius,
2800 4260 3095 4318 secundum
3134 4259 3278 4330 quod
3318 4274 3377 4313 se
3403 4257 3536 4313 dixit
3578 4273 3703 4312 esse
3735 4257 3925 4326 princi.

2339 4358 2503 4427 pium.
2527 4357 2579 4413 Si
2606 4365 2783 4412 autem
2802 4355 3119 4426 etSpiritum
3149 4361 3391 4409 sanctum
3414 4352 3609 4423 quaeris
3644 4370 3656 4402 :
3684 4350 3925 4421 Spiritus.

2340 4449 2529 4518 inquit,
2560 4447 2654 4502 Dei
2700 4447 3107 4517 superferebatur
3127 4461 3281 4515 super
3329 4461 3504 4515 aquas.
3558 4442 3695 4498 Cum
3731 4459 3858 4511 ergo
3882 4444 3927 4497 iu

2340 4540 2787 4610 consequentibus
2805 4539 3019 4609 legitur,
3047 4536 3187 4591 Dixit
3205 4535 3363 4603 Deus,
3398 4534 3515 4588 Fiat
3539 4534 3631 4588 Ius:
3650 4552 3670 4601 ;
3701 4543 3776 4601 et,
3812 4534 3930 4587 Fin-

2340 4631 2414 4685 xit
2434 4629 2572 4683 Deus
2599 4631 2661 4684 de
2690 4638 2855 4693 terra;
2882 4637 2957 4693 et,
2997 4626 3141 4682 Fecit
3192 4626 3332 4681 Deus
3358 4642 3376 4680 :
3403 4626 3504 4680 hoc
3536 4625 3931 4681 demonstratur

2342 4722 2483 4792 quod
2534 4721 2910 4792 inseparabilis
2940 4728 3065 4777 sunt
3088 4734 3249 4790 opera
3293 4718 3590 4773 Trinitatis.
3624 4717 3931 4772 Evidentius

2346 4814 2447 4869 hoc
2472 4814 2526 4869 in
2556 4813 3007 4883 consequentibus
3050 4811 3469 4867 demonstratur.
3498 4808 3635 4864 Nam
3657 4823 3781 4866 eum
3810 4825 3934 4864 ven-

2346 4916 2459 4962 tum
2480 4904 2699 4962 essetad
2737 4904 2790 4960 id
2839 4913 2900 4959 ut
2929 4906 3090 4960 homo
3123 4903 3468 4965 l’ormaretur,
3498 4902 3575 4957 ait
3611 4902 3893 4972 Scriptura
3922 4916 3933 4953 :

2348 4999 2416 5054 Et
2446 5001 2572 5054 dixit
2599 4999 2755 5067 Deus,
2810 4998 3084 5053 Faciamus
3120 4998 3371 5053 hominem
3398 4997 3467 5050 ad
3508 4997 3787 5069 imaginem
3808 5006 3852 5051 et
3872 4996 3936 5049 si-

2350 5092 2684 5146 militudinem
2710 5101 2954 5146 nostram.
2982 5089 3098 5145 Non
3122 5088 3276 5155 dixit,
3310 5088 3524 5143 Faciam
3557 5088 3625 5142 ad
3655 5087 3935 5159 imaginem

2349 5192 2404 5237 et
2432 5181 2831 5237 similitudinem
2860 5197 3049 5246 meam,
3079 5189 3137 5237 ut
3166 5181 3310 5235 solus
3334 5180 3494 5235 Pater
3521 5180 3937 5250 intelligeretur;

2352 5273 2618 5339 necdixit,
2672 5273 2811 5338 Fiat,
2854 5283 2911 5329 ut
2962 5272 3099 5327 Filio
3129 5273 3290 5326 veluti
3334 5272 3549 5341 juberet
3596 5270 3800 5337 facere,
3850 5283 3939 5341 per

2352 5382 2508 5436 quem
2534 5366 2672 5421 facta
2716 5374 2838 5421 sunt
2865 5365 3084 5430 omnia;
3126 5379 3225 5419 nec
3269 5363 3469 5417 dictum
3515 5372 3620 5429 est,
3655 5362 3937 5423 Fecerunt,

2355 5458 2620 5537 utsinguli
2671 5458 2875 5528 singula
2907 5457 2961 5511 in
3008 5472 3073 5511 eo
3120 5454 3429 5510 conferrent
3474 5469 3641 5524 Opera
3687 5469 3785 5509 sua
3818 5442 3949 5509 :sed

2354 5567 2475 5607 cum
2508 5550 2813 5615 diceretur,
2868 5548 3143 5603 Faciamus
3195 5548 3446 5601 hominem
3490 5546 3559 5600 ad
3603 5547 3878 5617 imaginem
3901 5553 3943 5597 et

2355 5643 2734 5698 similitudinem
2764 5650 3003 5708 nostram,
3035 5650 3093 5695 ut
3120 5640 3351 5695 Trinitas
3395 5653 3533 5692 unus
3580 5638 3727 5693 Deus
3756 5636 3944 5691 intelli-

2422 5796 2433 5823 ι
2474 5801 2520 5840 tu
2559 5792 2830 5840 Divionensi
2865 5797 2947 5838 Ms.
2990 5789 3302 5837 substitutum
3342 5794 3415 5834 est
3456 5798 3482 5834 a
3520 5786 3745 5837 secunda
3781 5798 3941 5843 nunc,

2354 5857 2527 5906 divisit.
2554 5862 2690 5904 Forte
2712 5855 2833 5915 leg,
2856 5851 3095 5915 pra't‘islit.
