4106 6492
240 374 335 432 685

237 496 472 562 geretur;
505 487 686 544 statim
711 486 1052 559 subjunctum
1080 498 1184 556 est,
1214 489 1281 544 Et
1311 491 1431 561 fecit
1479 491 1618 548 Deus
1657 494 1823 547 homi-

238 598 360 644 nem,
413 581 483 635 ad
513 580 789 651 imaginem
830 597 982 635 suam
1012 581 1133 653 fecit
1184 582 1330 636 illum
1355 581 1522 654 (Gen.
1554 599 1571 637 ι
1615 584 1657 653 ).
1685 583 1825 639 Ecce

237 689 324 745 per
344 671 649 742 Scriptores
678 679 897 726 sanctas
922 670 1162 726 Trinitas
1215 687 1355 727 unus
1393 673 1535 728 Deus
1562 673 1823 745 pratdica-

236 777 348 830 tur;
388 766 606 820 arianus
652 765 927 819 convictus
966 763 1255 835 aliquando
1301 764 1673 821 confundatur.
1713 765 1821 822 Sed

234 856 345 914 audi
369 855 565 922 adhuc,
590 855 861 921 hmretice,
896 856 1195 925 apostolum
1238 856 1464 911 Paulum
1490 858 1819 912 convincen-

234 960 331 1007 tem
360 958 411 1005 te
435 960 489 1004 et
511 948 795 1005 docentem
823 962 926 1011 me,
952 947 1074 1003 audi
1097 947 1223 1019 quid
1248 948 1317 1005 de
1345 949 1457 1003 Deo
1484 948 1621 1003 Filio
1641 948 1815 1005 dicat:

234 1042 369 1109 Cum,
389 1041 580 1111 inquit,
606 1041 658 1094 in
675 1040 842 1109 forma
866 1038 963 1094 Dei
989 1049 1134 1106 esset,
1160 1056 1263 1093 non
1288 1041 1521 1108 rapinam
1545 1040 1819 1094 arbitratus

232 1146 296 1191 est
318 1151 420 1189 esse
446 1134 657 1203 tequalis
681 1132 791 1187 Deo
817 1132 836 1203 (
866 1130 1102 1203 Philipp.
1122 1148 1184 1199 tt,
1214 1132 1247 1188 6
1278 1133 1315 1203 ).
1344 1132 1437 1188 llle
1459 1148 1582 1189 eum
1611 1132 1813 1203 praedi.

232 1237 306 1283 tat
339 1226 621 1296 aequalem,
647 1234 703 1280 tu
714 1239 835 1280 eum
854 1224 1050 1279 asseris
1070 1224 1354 1279 minorem.
1368 1222 1467 1279 Cui
1485 1222 1816 1279 credendum

230 1325 323 1385 est,
345 1316 626 1388 Apostolo,
648 1330 717 1370 an
750 1314 844 1370 tibi
874 1314 1016 1369 ?tibi
1044 1328 1203 1385 quem
1235 1322 1377 1369 totus
1416 1313 1562 1370 orbis
1598 1313 1812 1383 abjecit,

230 1424 290 1464 an
317 1408 391 1463 illi
433 1422 595 1478 quem
625 1414 768 1462 totus
786 1405 1018 1461 mundus
1045 1405 1324 1476 suscepit?
1348 1404 1517 1461 Cedat
1544 1404 1707 1476 igitur
1730 1406 1815 1461 vel

229 1516 338 1556 sero
361 1499 611 1555 convicta
651 1497 977 1569 perversitas
1012 1506 1123 1562 tua,
1159 1498 1282 1567 quia
1306 1497 1416 1568 jam
1444 1505 1613 1552 totum
1646 1513 1812 1553 mun-

228 1595 341 1650 dum
367 1592 609 1665 possedit
642 1591 946 1662 evangelica
971 1597 1025 1645 et
1043 1589 1334 1660 apostolica
1358 1589 1618 1645 doctrina.

289 1686 511 1744 CAPUT
542 1685 679 1741 Vill.
698 1715 768 1724 —
788 1684 842 1740 8.
864 1682 1259 1755 Pelagianorum
1287 1682 1513 1738 hteresis.
1534 1682 1652 1737 Alia
1680 1696 1815 1754 quo-

226 1796 319 1852 que
343 1780 598 1851 Spelunca
645 1778 909 1833 latronum
957 1791 1065 1832 non
1102 1775 1367 1831 bonorum
1391 1817 1405 1842 ,
1437 1777 1812 1832 haereticorum

227 1870 640 1942 Pelagianorum,
670 1876 726 1925 et
753 1865 1169 1924 demonstranda
1199 1876 1283 1922 est
1311 1874 1365 1922 et
1389 1866 1623 1923 cavenda
1653 1884 1665 1920 :
1696 1868 1812 1923 haec

225 1975 299 2019 est
331 1963 473 2019 enim
521 1977 709 2019 eorum
760 1974 1013 2031 perversa
1053 1958 1316 2015 doctrina.
1362 1958 1498 2015 Cum
1536 1958 1811 2031 Scriptura

225 2055 370 2121 dicat,
395 2053 708 2108 Maledictus
733 2052 885 2106 homo
910 2052 999 2124 qui
1023 2068 1162 2122 spem
1185 2068 1332 2106 suam
1359 2052 1501 2122 ponit
1528 2052 1581 2105 in
1608 2052 1812 2106 homine

225 2146 421 2218 (lerem.
453 2162 586 2212 xvn,
612 2142 703 2218 5);
735 2153 789 2200 et
812 2185 827 2210 ,
861 2143 961 2210 Qui
983 2144 1263 2215 gloriatur,
1290 2144 1343 2197 in
1367 2142 1590 2198 Domino
1618 2142 1808 2215 glorie-

222 2248 295 2293 tur
321 2239 368 2311 (Ι
393 2237 517 2294 Cor.
547 2254 584 2302 ι,
613 2238 704 2307 51)
730 2255 743 2291 :
778 2236 865 2292 isti
892 2245 1099 2300 contra,
1129 2236 1232 2291 hoc
1256 2235 1596 2292 maledictum
1628 2236 1808 2292 homi-

223 2344 332 2385 nem
352 2344 466 2385 non
495 2329 770 2384 incurrere
792 2327 1131 2398 promittunt,
1155 2327 1199 2381 si
1220 2326 1287 2382 de
1307 2342 1366 2383 se
1385 2328 1806 2398 praesumpserit,

219 2421 292 2477 vel
329 2422 381 2477 in
409 2435 480 2477 se
518 2420 636 2491 ipso
663 2420 919 2491 gloriatus
963 2418 1145 2474 fuerit.
1193 2418 1301 2475 Sed
1337 2417 1465 2489 quid
1494 2427 1679 2475 contra
1708 2420 1809 2476 hos

219 2513 373 2568 multa
398 2512 696 2569 dicamus?
742 2510 857 2568 Hoc
884 2510 1133 2583 promisit
1175 2518 1230 2567 et
1257 2518 1409 2581 pater
1450 2511 1660 2567 illorum
1690 2510 1808 2567 dia-

222 2603 363 2659 bolus
390 2603 468 2660 illi
501 2607 678 2675 primo
702 2601 907 2659 homini
931 2619 946 2656 :
975 2600 1099 2657 Non
1126 2610 1307 2671 morte,
1337 2602 1527 2673 inquit,
1553 2603 1805 2672 morieris,

221 2694 345 2750 eritis
382 2697 518 2751 sicut
554 2694 646 2748 dii.
694 2694 863 2750 Deum
905 2692 1263 2762 contempsit,
1295 2693 1529 2764 serpenti
1558 2692 1805 2763 credidit,

221 2793 270 2841 et
307 2786 441 2857 quod
492 2794 779 2857 acceperat
820 2784 1073 2856 perdidit.
1118 2783 1177 2840 Si
1226 2793 1350 2839 tunc
1378 2784 1469 2840 ille
1507 2784 1670 2840 homo
1698 2799 1805 2840 non

218 2876 307 2932 iuit
344 2886 559 2945 cautus,
611 2891 755 2932 nunc
802 2876 966 2932 homo
1009 2882 1196 2931 caveat
1239 2874 1321 2931 vel
1363 2882 1634 2947 expertus.
1684 2873 1811 2932 Odit

221 2969 347 3024 Deus
374 2976 797 3041 praesumpr
823 2967 894 3023 de
913 2966 1117 3023 viribus
1139 2967 1274 3023 suis.
1302 2965 1443 3035 Quid
1467 2966 1611 3023 enim
1631 2967 1809 3024 valeat

221 3061 429 3116 liberum
468 3060 755 3115 arbitrium
796 3074 902 3115 non
949 3058 1213 3129 adjutum.
1258 3058 1313 3112 in
1351 3058 1468 3129 ipso
1498 3058 1667 3113 Adam
1705 3057 1803 3113 de-

218 3164 562 3211 monstratum
598 3161 702 3210 est.
743 3152 826 3209 Ad
852 3152 1050 3207 malum
1081 3151 1280 3207 sufficit
1308 3151 1449 3216 sibi;
1498 3150 1566 3206 ad
1605 3150 1805 3206 bonum

216 3261 332 3313 non,
376 3247 477 3303 nisi
515 3246 799 3317 adjuvetur
825 3261 857 3300 a
886 3246 1015 3301 Deo.
1069 3244 1282 3300 Primus
1327 3244 1470 3300 enim
1513 3244 1603 3300 ille
1643 3244 1806 3300 homo

215 3338 405 3408 accepit
431 3338 666 3393 liberum
693 3337 973 3392 arbitrium
1000 3345 1225 3404 rectum,
1249 3344 1305 3391 et
1330 3335 1505 3406 posuit
1530 3342 1657 3390 ante
1680 3350 1804 3391 eum

215 3427 360 3495 Deus,
392 3430 540 3485 sicut
564 3428 837 3501 Scriptura
869 3428 1017 3494 dicit,
1048 3428 1215 3500 ignem
1242 3436 1289 3481 et
1315 3444 1499 3497 aquam
1524 3442 1544 3481 :
1572 3427 1642 3481 ad
1668 3426 1806 3498 quod

212 3519 431 3585 volueris.
465 3520 682 3591 inquit,
712 3521 918 3591 porrige
942 3535 1150 3573 manum
1187 3527 1327 3572 tuam
1352 3516 1539 3588 (Eccli.
1568 3533 1658 3584 xv,
1689 3517 1803 3590 17).

210 3607 370 3682 Elegit
394 3612 603 3683 ignem,
627 3610 844 3682 reliquit
866 3624 1081 3682 aquam.
1106 3608 1295 3665 Videte
1316 3608 1519 3679 justum
1544 3607 1803 3678 judicem.

209 3700 343 3769 Quod
374 3703 547 3774 elegit
574 3702 741 3758 homo
768 3701 925 3766 liber,
957 3700 1163 3771 accepit
1191 3717 1205 3753 :
1237 3699 1436 3754 malum
1467 3698 1667 3766 voluit,
1701 3699 1803 3754 hoc

206 3793 341 3849 illum
369 3805 627 3851 secutum
653 3802 755 3849 est.
799 3794 990 3849 Videte
1014 3808 1228 3848 rursum
1256 3792 1403 3847 illum
1427 3791 1631 3859 justum
1656 3789 1803 3862 judi-

210 3897 317 3938 cem
363 3884 798 3942 misericordiam
854 3884 1158 3940 facientem.
1219 3882 1351 3939 Cum
1402 3882 1608 3937 videret
1658 3882 1804 3953 quod

210 3972 358 4030 homo
386 3985 557 4032 tutam
603 3976 829 4046 stirpem
861 3990 1010 4029 suam
1033 4016 1046 4039 ,
1080 3974 1218 4029 male
1256 3986 1386 4028 usus
1411 3972 1585 4028 libero
1614 3972 1803 4028 volun-

209 4068 323 4123 tatis
362 4070 610 4135 arbitrio,
662 4069 716 4124 in
747 4084 808 4124 se
850 4076 1102 4138 tanquam
1132 4066 1188 4121 in
1233 4064 1413 4122 radice
1452 4066 1797 4135 damnasset;

208 4158 312 4230 ipse
354 4178 459 4216 non
512 4169 737 4232 rogatus
780 4159 848 4215 de
893 4159 1033 4216 caelo
1079 4157 1377 4225 descendit,
1425 4166 1482 4213 et
1525 4156 1799 4213 hominem

206 4256 442 4325 superbia
473 4263 797 4327 pereuntem
820 4254 862 4322 ⁸,
891 4268 987 4308 sua
1014 4252 1314 4308 humilitate
1343 4250 1551 4306 sanavit
1577 4268 1590 4306 :
1616 4265 1801 4307 erran-

205 4354 277 4401 tes
304 4349 556 4418 perduxit
578 4347 645 4403 ad
669 4348 829 4413 viam,
852 4345 1165 4418 peregrinos
1196 4343 1443 4416 perducit
1462 4343 1529 4399 ad
1552 4344 1798 4415 patriam.

204 4436 309 4493 Non
339 4456 469 4512 ergo
496 4440 762 4512 glorietur
788 4438 1020 4494 humana
1050 4444 1240 4493 natura
1280 4434 1348 4492 de
1387 4449 1447 4491 se
1468 4476 1485 4504 ,
1516 4434 1611 4491 sed
1652 4434 1706 4490 in
1734 4449 1801 4491 eo

201 4532 448 4602 glorietur
472 4536 571 4607 qui
600 4533 725 4589 fecit.
752 4548 832 4589 se.
948 4540 951 4543 “

264 4626 489 4684 CAPUT
530 4626 630 4683 IX.
653 4656 726 4666 —
754 4625 808 4682 9.
834 4623 1080 4681 Ha'retici
1113 4640 1215 4679 una
1239 4639 1357 4679 uoce
1385 4621 1797 4695 confunduntur.

200 4714 306 4773 lam
331 4735 461 4776 vero
506 4728 726 4776 etatem
764 4728 926 4775 sectae
954 4717 1329 4773 hmreticorum
1360 4716 1629 4771 Christum
1658 4714 1798 4770 viam

204 4812 609 4877 pmdicantium
631 4854 647 4881 ,
678 4812 774 4871 sed
815 4810 972 4882 longe
997 4825 1026 4865 a
1052 4811 1136 4865 via
1176 4810 1467 4865 errantium
1488 4848 1504 4875 ,
1534 4823 1634 4863 una
1663 4823 1801 4864 voce

256 4926 271 4955 ι
297 4931 421 4983 uss,
434 4923 709 4975 humanum
719 4934 868 4987 genus
882 4918 1108 4986 superbia
1123 4925 1416 4981 pereuntem,
1432 4924 1533 4978 aut,
1554 4922 1797 4981 pereunte.

1396 379 1626 435 SERMO
1666 380 1755 435 DE
1793 380 2076 449 QUARTA
2117 387 2342 443 FEBIA.

3422 408 3527 463 {386

1933 497 2099 567 ipsius
2147 510 2290 555 vera:
2336 503 2435 557 via:
2480 506 2871 566 convincuntur
2918 521 3080 585 atque
3126 518 3527 577 confunduntur

1928 584 2196 645 dicentis:
2234 590 2389 649 Multi
2431 598 2556 651 mihi
2598 600 2763 655 dicent
2792 604 2846 657 in
2872 605 2963 660 illo
2991 584 3101 674 ine,
3146 610 3383 677 Domine,
3418 614 3522 669 Do-

1928 679 2098 747 ntine,
2124 698 2293 739 nonne
2320 685 2374 739 in
2414 694 2499 742 tuo
2537 692 2740 746 nomine
2778 698 3220 770 praphetaoimus,
3250 713 3299 757 et
3339 706 3392 759 in
3434 716 3521 762 tuo

1929 773 2134 828 nomine
2170 775 2423 832 daemonia
2466 781 2705 851 ejecintus
2727 822 2742 851 ,
2782 794 2829 840 et
2860 787 2914 841 in
2961 798 3046 845 tuo
3076 793 3278 849 nomine
3315 798 3519 854 virtutes

1925 867 2115 922 multas
2159 870 2413 940 fecimus?
2456 871 2525 927 Et
2568 882 2688 929 tunc
2729 876 2897 932 dicam
2939 881 3031 949 eis,
3070 882 3193 939 Non
3234 888 3350 941 novi
3386 906 3473 943 vos
3501 906 3520 943 :

1923 958 2141 1050 recedite
2188 977 2221 1014 a
2264 979 2383 1028 me,
2439 981 2612 1021 omnes
2660 968 2747 1038 qui
2794 972 2988 1040 operati
3042 976 3160 1030 estis
3205 977 3518 1050 iniquitatem

1925 1048 2140 1121 (Matth.
2170 1068 2270 1120 vn,
2302 1050 2374 1109 22
2393 1065 2441 1110 et
2469 1055 2599 1129 23).
2631 1057 2757 1115 Ideo
2786 1063 2992 1131 operati
3015 1048 3512 1141 estisiniquitatem,

1922 1143 2045 1212 quia
2076 1144 2331 1202 Ecclesiae
2372 1164 2505 1205 mete
2532 1152 2886 1220 perturbastis
2917 1157 3194 1213 unitatem.

1990 1232 2219 1291 CAPUT
2257 1236 2327 1291 X.
2352 1239 2539 1295 -10.
2571 1240 2891 1298 Exhortatur
2925 1240 3257 1316 baptizandos
3298 1262 3350 1305 ut
3380 1263 3514 1308 recta

1921 1324 2130 1378 tendant
2155 1325 2223 1379 ad
2262 1329 2501 1397 patriam.
2531 1328 2640 1386 Vos
2666 1342 2844 1388 autem
2866 1376 2881 1401 ,
2915 1336 3088 1391 lidelia
3120 1341 3360 1409 germina
3389 1359 3513 1398 san—

1918 1422 2019 1469 ctae
2049 1417 2237 1472 matris
2265 1418 2522 1476 Ecclesia:
2560 1421 2839 1480 catholicae
2880 1441 2976 1495 per
3014 1429 3320 1487 universum
3352 1449 3512 1490 mun-

1918 1502 2047 1560 dum
2091 1506 2330 1575 diffusae,
2375 1510 2542 1582 fugite
2585 1528 2773 1569 omnes
2810 1515 3066 1574 haereses.
3114 1520 3169 1576 Si
3211 1524 3331 1594 quis
3369 1525 3512 1581 aliud

1917 1598 2365 1669 evangelizaverit
2393 1602 2563 1670 vobis,
2596 1605 2881 1663 anathema
2910 1608 2980 1664 sit
3007 1609 3204 1682 (Galat.
3230 1629 3267 1680 ι,
3295 1615 3374 1685 9).
3406 1615 3513 1672 Re-

1916 1693 2033 1743 ctos
2075 1703 2264 1745 cursus
2312 1690 2469 1748 facile
2513 1693 2741 1764 pedibus
2784 1699 2980 1755 vestris
3021 1717 3035 1754 :
3083 1717 3188 1759 non
3230 1705 3513 1763 declinetis

1915 1792 2017 1833 nec
2042 1777 2109 1833 ad
2144 1779 2420 1837 dexteram
2444 1787 2842 1855 praesumendo,
2884 1804 2983 1845 nec
3018 1791 3086 1847 ad
3114 1794 3384 1850 sinistram
3412 1797 3513 1854 de-

1915 1870 2204 1940 sperando.
2231 1872 2443 1931 Currite
2470 1876 2729 1934 velociter
2754 1890 2955 1935 rectam
2983 1883 3123 1938 viam
3169 1902 3182 1938 :
3215 1885 3329 1955 ipsa
3366 1888 3509 1943 enim

1914 1978 2010 2021 vos
2055 1965 2301 2035 perducit
2350 1967 2417 2023 ad
2467 1970 2734 2039 patriam;
2783 1973 2849 2028 ad
2898 1973 3044 2030 illam
3084 1978 3312 2048 patriam
3356 1980 3510 2050 cujus

1913 2054 2061 2143 civ‘s
2087 2056 2276 2127 Angeli
2303 2068 2447 2127 sunt,
2475 2060 2626 2129 cujus
2659 2064 2915 2134 templum
2941 2066 3104 2134 Deus,
3148 2068 3302 2139 cujus
3330 2071 3511 2140 splen-

1913 2145 2014 2202 dor
2058 2145 2245 2214 Filius,
2286 2151 2441 2221 cujus
2486 2151 2721 2209 charitas
2754 2154 2985 2226 Spiritus
3027 2170 3281 2229 sanctus;
3322 2163 3510 2219 civitas

1913 2245 2115 2300 sancta.
2139 2240 2330 2295 civitas
2355 2242 2546 2309 beata;
2584 2244 2773 2302 civitas
2800 2247 2889 2303 ubi
2916 2250 3091 2307 nullus
3119 2253 3257 2322 perit
3283 2256 3504 2323 amicus,

1913 2342 2020 2399 quo
2045 2328 2221 2385 nullus
2259 2331 2558 2389 admittitur
2585 2335 2870 2403 inimicus;
2912 2341 3005 2397 ubi
3042 2344 3221 2400 nullus
3258 2348 3506 2417 moritur,

1911 2422 2033 2494 quia
2076 2424 2257 2480 nullus
2295 2426 2504 2495 oritur;
2551 2430 2728 2485 nullus
2781 2432 3120 2503 inﬁrmatur,
3161 2440 3284 2510 quia
3325 2442 3508 2499 incor-

1911 2524 2065 2586 rupta
2093 2516 2265 2573 salute
2295 2518 2529 2575 laetatur.
2584 2520 2717 2576 Cum
2761 2523 2890 2581 illuc
2916 2528 3242 2597 venerimus,
3284 2548 3392 2589 non
3434 2533 3506 2591 ibi

1911 2608 2212 2665 csuriemus
2255 2618 2349 2665 aut
2392 2612 2637 2669 sitiemus
2672 2631 2685 2667 :
2722 2615 2857 2672 visio
2899 2618 3015 2690 ipsa
3060 2621 3281 2678 satietas
3324 2635 3507 2681 nostra

1912 2699 2033 2754 erit.
2063 2699 2177 2756 Non
2210 2701 2281 2756 ibi
2310 2701 2638 2762 dormiemus
2657 2747 2672 2774 ,
2702 2707 2825 2777 quia
2857 2724 2963 2764 non
3004 2711 3075 2766 ibi
3119 2713 3503 2773 laborabimus.

1911 2791 2065 2848 Nulla
2092 2793 2375 2863 cujuslibet
2404 2798 2482 2853 rei
2509 2799 2812 2855 necessaria
2843 2802 2946 2857 erit
2971 2802 3216 2874 refectio,
3247 2808 3336 2863 ubi
3363 2810 3507 2865 nulla

1912 2888 2016 2942 erit
2056 2886 2306 2943 defectio.
2350 2886 2635 2957 Vivemus,
2669 2893 3042 2962 regnabimus,
3085 2896 3407 2955 lanabimur.
3450 2901 3507 2958 Si

1912 2984 2117 3032 tantum
2156 2977 2390 3035 delectat
2435 2995 2557 3036 cum
2597 2980 2667 3039 de
2707 2997 2769 3038 ea
2820 2984 3108 3056 loquimur,
3153 2989 3278 3060 quid
3317 2992 3420 3046 erit
3455 3001 3510 3049 et

1911 3068 2138 3125 videre?
2186 3068 2386 3126 Videre
2431 3071 2598 3127 Deum
2621 3110 2636 3140 ,
2666 3073 2847 3131 vivere
2884 3090 3003 3131 cum
3051 3077 3194 3147 Deo,
3227 3080 3408 3138 vivere
3440 3082 3509 3138 de

1911 3160 2045 3216 Deo.
2080 3160 2199 3217 Vita
2237 3162 2381 3216 enim
2425 3171 2608 3219 nostra
2655 3164 2759 3220 erit
2802 3164 3021 3224 laudare
3052 3168 3223 3225 Deum
3246 3211 3263 3239 ,
3302 3180 3357 3226 et
3393 3171 3511 3229 sine

1911 3250 2124 3308 defectu
2178 3267 2383 3308 amare.
2432 3253 2577 3309 Beati
2611 3256 2787 3324 enim,
2818 3257 2893 3313 ait
2918 3258 3211 3330 propheta,
3247 3263 3337 3333 qui
3363 3264 3509 3319 habi-

1912 3353 2019 3398 tant
2047 3345 2101 3399 in
2130 3345 2280 3399 domo
2310 3353 2426 3413 tua,
2463 3346 2719 3413 Domine;
2760 3350 2813 3403 in
2851 3352 3039 3405 stecula
3067 3353 3372 3409 saeculorum
3397 3355 3508 3411 lau~

1911 3436 2102 3491 dabunt
2143 3448 2191 3492 te
2228 3436 2404 3509 (Psal.
2434 3453 2663 3508 Lxxxnt,
2694 3439 2784 3515 5).
2816 3442 3033 3499 Fratres
3071 3444 3434 3516 dilectissimi,
3463 3450 3507 3503 si

1910 3545 2033 3584 cum
2080 3531 2453 3601 navigantibus
2498 3532 2879 3603 laboravimus,
2926 3545 2980 3592 et
3010 3538 3306 3596 viatoribus
3340 3540 3507 3597 duca-

1912 3634 2022 3678 tum
2051 3623 2407 3694 praabuimus,
2436 3624 2480 3679 si
2520 3625 2704 3681 devias
2745 3625 2926 3683 fauces
2965 3628 3230 3685 latronum
3252 3674 3266 3699 ,
3296 3632 3398 3688 hoc
3426 3642 3511 3689 est

1914 3714 2333 3783 haereticorum,
2379 3715 2609 3771 sollicite
2668 3716 3189 3786 demonstravimus,
3237 3721 3285 3776 si
3336 3721 3505 3793 ipsam

1910 3805 2135 3876 patriam
2179 3805 2458 3861 ctelestem
2501 3805 2825 3861 declaratam
2876 3815 3040 3878 atque
3080 3808 3504 3866 demonstratam

1903 3896 2015 3968 jam
2044 3896 2267 3953 cernitis
2309 3897 2479 3953 oculis
2504 3897 2683 3953 cordis
2707 3899 2914 3964 vestri;
2960 3899 3169 3957 reddite
3202 3902 3356 3957 nobis
3391 3904 3507 3958 fru-

1910 3996 2053 4043 ctum
2086 3988 2286 4044 laboris
2314 3990 2506 4044 nostri.
2538 3988 2796 4054 Reddite,
2827 3990 3039 4059 fratres,
3067 3991 3275 4049 reddite
3293 4034 3308 4060 ,
3336 3994 3505 4065 exigi-

1908 4094 2031 4136 mus
2056 4095 2087 4136 a
2114 4081 2285 4135 vobis.
2318 4080 2461 4135 Talis
2503 4088 2587 4135 est
2624 4080 2767 4136 enim
2800 4097 3009 4137 merces
3044 4070 3257 4151 nostra,
3284 4099 3443 4155 quam
3473 4101 3504 4140 a

1906 4173 2061 4228 vobis
2109 4172 2369 4243 exigimus
2394 4211 2410 4238 ,
2441 4180 2628 4228 utnec
2669 4186 2768 4227 nos
2798 4172 2996 4244 pudeat
3037 4184 3240 4244 petere,
3285 4190 3386 4231 nec
3408 4190 3506 4232 vos

1910 4266 2088 4337 pigeat
2112 4280 2355 4336 erogare.
2389 4264 2504 4320 Hoc
2528 4264 2670 4335 quod
2695 4264 2958 4335 exigimus
2978 4307 2994 4334 ,
3024 4267 3295 4339 erogando
3318 4282 3507 4323 cumu-

1908 4359 2090 4416 labitis
2129 4360 2298 4429 magis
2319 4400 2336 4427 ,
2367 4374 2525 4430 quam
2553 4358 2933 4414 detrimentum
2977 4360 3286 4430 patiemini,
3318 4361 3363 4417 si
3395 4376 3503 4418 non

1908 4453 2279 4525 erogaveritis.
2302 4452 2435 4521 Qua:
2459 4460 2544 4507 est
2567 4466 2697 4523 ergo
2724 4468 2933 4509 merces
2956 4452 3177 4510 nostra?
3215 4454 3330 4510 Non
3358 4470 3505 4525 qua:-

1906 4548 2076 4602 rimus
2112 4560 2303 4602 aurum
2331 4553 2565 4601 vestrum
2586 4587 2602 4613 ,
2630 4559 2737 4600 non
2774 4553 3055 4616 argentum
3082 4554 3319 4601 vestrum
3337 4589 3351 4613 ,
3394 4561 3501 4603 non

1907 4654 2188 4695 nummum
2213 4646 2448 4693 vestrum
2471 4678 2488 4705 ,
2528 4650 2630 4692 nec
2664 4636 2955 4707 quidquam
2986 4636 3055 4693 de
3083 4636 3243 4692 rebus
3271 4637 3463 4691 VeStris
3491 4654 3504 4691 :

1907 4731 2002 4787 sed
2031 4745 2239 4786 merces
2265 4739 2448 4785 nostra
2477 4737 2596 4795 est,
2625 4736 2685 4784 ut
2721 4730 2773 4784 in
2815 4729 2908 4784 illo
2945 4737 3131 4784 sancto
3172 4730 3319 4785 fonte
3346 4728 3501 4799 adju-

1907 4824 2045 4880 vetis
2078 4838 2176 4878 nos
2203 4821 2537 4877 orationibus
2563 4819 2776 4876 vestris.

198 4993 2825 5020 ______________~_______~__________________..__

271 5064 635 5143 Sequentes
665 5061 1007 5143 Sermones
1038 5055 1661 5143 de_Qut_trlallf‘eria,
1710 5054 1788 5117 de
1827 5052 2259 5132 Calaclysmo,
2307 5052 2370 5109 et
2418 5046 2495 5107 de
2537 5046 2858 5124 Tempore
2903 5044 3276 5119 Barbarico,
3323 5044 3503 5107 dubii

199 5133 582 5218 nobis-sunt,
618 5146 683 5203 et
725 5140 1023 5204 videntur
1047 5135 1360 5199 subdititii
1399 5133 1512 5215 (a).

894 5258 1012 5381 Β
1031 5258 1137 5380 Ε
1215 5247 1807 5471 suae;

1914 5238 2640 5464 ἒςκιξοὲξέξῙΑ
2689 5222 2816 5385 (ω’

1350 5414 1393 5469 E
1432 5412 1521 5468 DE
1558 5410 1884 5467 CULTURA
1923 5405 2089 5464 AGRI
2126 5400 2459 5471 DOMINICI',

1637 5511 2075 5597 SERMO.

265 5666 491 5724 CAPUT
534 5661 823 5721 PRMUM.
845 5690 918 5703 --
941 5660 994 5716 1.
1035 5657 1113 5712 De
1154 5656 1359 5711 cultura
1386 5653 1497 5724 agri
1518 5649 1796 5724 Dominici.

199 5721 521 5809 legaticum
567 5737 788 5807 quinque
833 5735 956 5807 quid
998 5729 1303 5802 signiﬁcent.
1352 5721 1573 5782 Caelesti
1617 5721 1802 5794 grati-.3

199 5828 409 5942 “xime
428 5828 511 5880 bis
533 5839 703 5890 supra,
726 5823 817 5877 col.
843 5821 1074 5884 sas-ese,
1093 5819 1322 5870 Admonit.
1339 5817 1387 5867 in
1405 5828 1556 5867 serm.
1581 5812 1646 5866 de
1669 5820 1797 5879 Sym-

1908 5656 1962 5703 et
1987 5644 2257 5729 spirituali
2288 5644 2491 5729 pluvia:
2521 5640 2917 5729 praeparandus
2946 5649 3192 5729 estnagcr
3232 5644 3507 5729 Ecclesia,

1911 5712 2041 5790 quia'
2075 5717 2246 5772 imber
2271 5712 2483 5772 divinus
2520 5712 2572 5771 in
2615 5712 2860 5787 proximo
2898 5724 3001 5770 est.
3029 5712 3347 5786 operemur,
3377 5712 3512 5771 dite;

1963 5808 2035 5871 (b)
2065 5810 2139 5859 sic
2179 5807 2427 5872 appellant
2451 5810 2604 5872 etiam
2632 5814 2836 5858 veteres
2859 5804 2968 5872 libri
2987 5842 3009 5872 _,
3049 5810 3132 5872 qui
3157 5809 3392 5860 tamenin
3411 5806 3507 5860 the

1896 5867 2173 5934 subjiciunt,
2203 5867 2407 5932 i‘frplicit
2429 5871 2492 5924 de
2518 5867 2686 5923 ultima
2707 5877 2881 5934 quarta
2902 5868 3043 5923 feria.
3068 5867 3082 5872 “
3456 5876 3459 5881 ‘
