4106 6508
580 439 679 495 691

583 554 757 621 quilas
779 567 794 616 ;
818 549 975 605 rediit
999 561 1151 603 amor
1175 588 1190 613 ,
1212 554 1266 621 et
1286 544 1495 621 fugatus
1517 552 1608 621 est
1626 543 1803 598 timor.
1827 542 1972 621 Ecce
1995 540 2172 597 subito

581 614 739 690 quem
769 614 1094 693 negaverat,
1126 620 1259 693 _qula
1304 614 1412 671 non
1456 615 1686 670 habebat
1727 614 1959 693 speciem
1998 627 2173 693 neque

581 683 874 758 decorem:
923 683 1173 759 agnoScit
1220 697 1590 757 resurgentem
1648 686 1951 759 speciosum
2000 683 2171 738 forma

586 779 693 831 pra:
720 754 1146 818 liliis'hominum
1171 801 1187 827 ,
1215 754 1663 831 conjunetamque
1704 755 1779 810 illi
1820 754 1966 809 videt
2010 768 2171 831 spon-

581 826 695 888 sam
716 834 998 907 ,_ttmicam
1024 826 1610 907 illamimm'ortalitatis
1632 867 1648 891 ,
1684 841 1842 907 quam
1888 834 2043 881 antea
2073 826 2173 907 Pef

583 915 695 959 trus
721 897 974 959 timuerat
1013 905 1301 970 perituram
1334 941 1349 964 ,
1389 899 1624 953 indutam
1666 897 1810 970 videt
1842 914 1854 951 :
1885 897 2172 970 cognoscit

579 974 721 1043 quod
751 974 840 1029 tali
863 974 933 1028 sit
956 966 1356 1046 circ_umatnicta
1390 977 1538 1024 veste
1561 1008 1576 1033 ,
1601 966 1990 1046 et_alloqttitur
2016 966 2169 1046 illam

581 1035 752 1113 ipsam
778 1059 1030 1114 sponsam
1055 1043 1246 1114 Petrus
1264 1082 1281 1108 ,
1310 1050 1367 1114 ut
1396 1048 1573 1094 servet
1601 1037 1976 1114 hujus-tunica:
1999 1035 2173 1114 digni-

581 1055 752 1113 ipsam
778 1059 1030 1114 sponsam
1056 1055 1246 1097 Petrus
1264 1082 1281 1108 ,
1310 1055 1367 1094 ut
1396 1055 1573 1094 servet
1602 1055 1756 1161 utgus
1784 1055 1976 1091 tunica:
1999 1055 2172 1104 argnt-

581 1125 744 1170 tatem
772 1157 787 1182 ,
829 1125 883 1169 et
933 1113 1063 1188 dicit
1110 1111 1301 1166 animae
1334 1110 1639 1188 _l_mman:e,_
1694 1108 1882 1188 hristus
1914 1123 2005 1176 pro
2034 1107 2172 1188 voltis

581 1178 863 1255 passus'est
887 1226 903 1251 ,
946 1184 1232 1255 relinquens
1266 1180 1417 1255 voltis
1439 1178 1726 1255 exgmplum
1753 1220 1765 1242 ,
1799 1187 1853 1230 ut
1890 1178 2171 1244 sequamini

581 1250 791 1327 restigia
816 1257 927 1327 ejus
945 1254 971 1327 _(
994 1254 1010 1306 l
1036 1250 1248 1327 Petr._tt
1274 1251 1376 1327 ,_21
1408 1250 1785 1327 ).__Sequerc‘,
1810 1262 2003 1316 sponsa
2026 1287 2042 1312 ,
2080 1262 2169 1327 se-

581 1320 746 1396 quer'o
771 1320 991 1406 vestigia
1018 1323 1201 1406 sponsi
1229 1322 1305 1406 tui
1333 1339 1347 1375 :
1380 1320 1559 1406 nullus
1592 1328 1641 1373 te
1685 1326 1859 1399 metus
1894 1326 2168 1406 revocetna

582 1388 856 1469 consortio
885 1388 1065 1449 dilecti
1092 1394 1188 1450 tui.
1222 1396 1353 1446 Ama
1379 1398 1647 1469 amantem
1673 1429 1688 1453 ,
1726 1388 1859 1469 quia
1894 1388 2041 1456 prius
2078 1388 2170 1467 ille

582 1468 927 1540 amavitunon
976 1473 1283 1540 amantem:
1331 1462 1545 1531 require
1591 1462 1993 1540 reqnirentem,
2035 1462 2169 1540 quia

586 1537 732 1606 prius
760 1537 848 1592 ille
877 1535 1126 1606 qumsivit
1154 1550 1258 1606 non
1299 1528 1649 1606 quaerentem.
1672 1528 1918 1606 ’Require
1941 1528 2171 1606 ,_.et;dic

581 1597 781 1675 sponso
807 1597 936 1673 tuo',
966 1604 1063 1661 Ubi
1087 1605 1252 1677 pascis
1270 1644 1285 1668 ,
1314 1597 1397 1656 ubi
1417 1602 1568 1677 cubas
1668 1600 1915 1653 meridie?
1936 1597 2170 1677 Nejorte

582 1669 706 1745 fiam
731 1679 859 1732 sicut
884 1669 1060 1746 operta
1079 1669 1231 1742 iuper
1250 1689 1423 1745 greges
1464 1672 1715 1726 sodalium
1740 1678 1939 1746 tuorum
2016 1669 2165 1746 Cant.

583 1738 599 1801 ἰ
625 1789 641 1812 ,
660 1748 704 1820 νϐ
728 1749 768 1820 ).
796 1738 966 1814 Quam
987 1747 1066 1820 sic
1085 1738 1315 1820 dilexisti
1338 1738 1359 1808 ζ
1380 1757 1478 1820 pro
1502 1757 1603 1811 qua
1621 1741 1943 1820 sanguinem
1965 1738 2165 1807 fudisti,

583 1763 599 1801 t
625 1789 641 1812 ,
670 1758 704 1803 6
728 1758 768 1820 ).
796 1758 966 1814 Quam
987 1762 1065 1801 Stc
1085 1758 1315 1801 GlleXISlt
1342 1786 1357 1808 ,
1380 1758 1478 1867 pro
1502 1758 1603 1811 qua
1629 1758 1943 1810 sangumem
1965 1758 2165 1807 tuatstt,

583 1819 736 1892 cujus
762 1817 1162 1892 tabernaculum
1215 1816 1267 1869 in
1318 1829 1380 1870 so
1403 1829 1434 1869 e
1481 1812 1705 1885 posuisti
1753 1812 1771 1881 (
1796 1809 1944 1892 Psal.
1991 1826 2126 1865 xvnt
2149 1852 2165 1879 ,

584 1889 618 1942 6
641 1880 683 1959 )';
727 1906 829 1944 non
868 1889 991 1959 ﬁam
1014 1888 1142 1943 sicut
1169 1895 1343 1958 aperta
1372 1880 1524 1954 supér
1550 1898 1724 1955 greges
1752 1880 2004 1935 sodalium
2053 1892 2170 1936 tuo-

649 1976 722 2014 m.

583 1975 881 2104 ΤἼΞᾸΡῸῙ
905 2027 993 2084 VI.
1020 2058 1095 2104 _—
1119 2026 1172 2083 8.
1205 2025 1287 2082 De
1312 2024 1545 2104 cavendis
1574 2022 1821 2078 htereticis
1842 2064 1865 2104 ,_
1889 2024 2168 2104 praeferunt

582 2100 807 2173 Ariauis.
835 2100 975 2155 Ecce
999 2099 1127 2173 dum
1156 2107 1211 2173 te
1230 2111 1419 2173 quer
1445 2095 1533 2151 ubi
1559 2108 1743 2173 pascas
1769 2134 1784 2157 ,
1931 2092 2094 2147 cubes
2114 2092 2168 2147 in

589 2170 813 2226 meridie
836 2212 852 2237 ,
880 2169 1134 2225 meridies
1174 2163 1355 2225 Africa
1393 2175 1475 2223 est
1494 2205 1521 2237 ,ν
1552 2163 1670 2235 qute
1714 2164 1766 2217 in
1806 2163 1934 2237 solis
1974 2176 2169 2219 occasu

582 2249 663 2314 est
684 2283 702 2314 ,_
728 2251 785 2296 et
814 2232 991 2296 tamen
1020 2241 1143 2309 quia
1166 2240 1234 2293 ab
1262 2248 1383 2314 or_tu
1416 2232 1586 2314 _solis—
1608 2249 1776 2314 usque
1808 2232 1875 2314 ad
1919 2247 2169 2314 occasum

582 2310 829 2365 laudatur
855 2306 1051 2365 nomen
1076 2319 1222 2364 tuum
1253 2309 1271 2380 (
1299 2306 1445 2362 Psal.
1470 2321 1574 2362 cxtt
1599 2346 1613 2370 ,
1645 2306 1679 2360 ‘5
1707 2308 1744 2373 ),
1774 2313 1829 2359 et
1855 2312 1980 2357 sunt
2002 2306 2091 2373 qui
2117 2312 2169 2359 te

580 2382 875 2449 praedicant
899 2396 1007 2437 non
1036 2389 1182 2457 caste
1204 2420 1221 2446 ,
1253 2387 1556 2457 quaerentes
1582 2390 1701 2445 quas
1729 2389 1825 2457 sua
1852 2383 1976 2457 sunt
1995 2414 2011 2439 ,
2059 2389 2167 2457 non

578 2444 697 2519 qum
732 2462 819 2507 tua
844 2460 1007 2514 sunt,
1057 2451 1183 2505 dum
1208 2444 1283 2504 Vte-
1315 2464 1498 2516 quer
1538 2444 1610 2501 iui
1631 2446 1891 2519 meridie_,
1926 2444 1977 2519 i_d
2005 2455 2088 2499 est
2114 2445 2167 2500 in

578 2514 795 2595 Africa;
824 2538 951 2595 ecce
974 2535 1164 2592 greges
1206 2514 1466 2595 sodalium
1506 2527 1715 2595 tuorum
1742 2557 1757 2581 ,
1803 2514 2005 2570 schola:
2042 2529 2166 2595 pes—

576 2594 727 2647 sima:
768 2586 1143 2653 haereticorum
1168 2633 1185 2657 ,
1228 2590 1374 2645 fraus
1409 2588 1818 2643 Manichicorum
1846 2626 1883 2657 ,γ
1913 2586 2167 2655 nequitia:

580 2662 982 2738 Pelagianorum
1008 2704 1024 2730 ,
1095 2656 1335 2738 superba
1358 2658 1729 2738 _congrega_tio
1764 2656 2117 2738 .Arianorum
2144 2697 2161 2738 ,

578 2727 1232 2808 insul'tantgvelutmperim
1257 2773 1272 2796 ,
1322 2730 1375 2808 i_d
1405 2727 1537 2808 _es'tZ,
1567 2727 1725 2808 _velut
1761 2727 2084 2808 incognitas“,
2112 2736 2168 2783 et

575 2804 762 2858 dicunt
788 2803 918 2859 mihi
942 2846 956 2868 ,
990 2796 1160 2871 Quem
1190 2803 1427 2871 qumris‘!
1455 2800 1723 2871 Christum
1750 2797 1989 2871 quaeris?
2028 2796 2168 2871 Ecce

576 2873 665 2929 hic
690 2883 774 2930 est
796 2915 810 2940 ,
842 2867 969 2930 ecce
998 2867 1107 2929 illic
1131 2867 1234 2929 est.
1266 2872 1347 2926 Tu
1374 2881 1549 2925 autem
1581 2869 1701 2938 quia
1730 2867 1817 2922 me
1844 2867 2167 2940 admonuisti

574 2944 764 3001 dicens
787 2938 804 3011 ,
832 2945 893 3000 Si
918 2953 1085 2998 autem
1111 2944 1371 3009 dixerint,
1399 2941 1531 2995 Ecce
1555 2941 1635 3011 hic
1656 2948 1765 3003 est,
1795 2954 1906 2992 ecce
1935 2938 2041 2992 illic
2061 2948 2162 3011 est,

579 3010 849 3090 ne‘abieris
874 3024 985 3084 post
1012 3032 1094 3069 eos
1117 3012 1137 3088 (
1160 3014 1348 3068 Matth.
1380 3010 1820 3090 xx1v,_2§);_cum
1848 3017 1898 3062 te
1925 3010 2164 3090 noverim

577 3084 772 3155 ubique
797 3078 965 3141 totum
986 3099 1104 3139 esse
1124 3078 1143 3151 ζ
1167 3099 1272 3139 non
1301 3091 1480 3155 partes
1505 3078 1795 3155 defendere
1818 3078 1955 3155 ,_sed
1984 3079 2166 3133 unita-

578 3149 925 3230 tetn'di‘li‘gere
945 3197 961 3223 ,
984 3149 1263 3230 facta'sum
1286 3149 1391 3230 illis
1412 3151 1674 3230 incognita
1696 3159 1750 3204 et
1772 3149 1915 3230 velut
1940 3158 2123 3217 operta
2147 3167 2162 3205 :

575 3236 631 3282 et
658 3219 903 3282 derident
933 3219 1019 3280 me
1040 3266 1056 3292 ,
1083 3226 1205 3295 quia
1230 3226 1473 3280 nesciunt
1497 3219 1568 3276 te.
1610 3222 1677 3275 Et
1709 3219 1835 3295 quid
1876 3234 2123 3288 magnum
2145 3261 2162 3287 ,

575 3295 700 3365 quia
744 3311 845 3367 ego
887 3297 954 3352 ab
990 3290 1068 3351 eis
1103 3290 1346 3351 sustineo
1390 3295 1495 3367 tale
1541 3290 1882 3367 opprobrium
1909 3332 1924 3355 ,
1956 3305 2076 3367 cum
2110 3300 2163 3367 tu

576 3361 764 3439 eorum
780 3361 941 3439 hunc
961 3382 1129 3439 usque
1153 3364 1596 3439 contumeliosum
1619 3361 2165 3439 sustineasverbum?

574 3436 740 3504 quite
764 3452 884 3491 cum
916 3430 1073 3493 Patre
1104 3437 1290 3491 nolunt
1332 3449 1451 3490 esse
1488 3449 1651 3488 unum
1678 3472 1694 3500 ,
1745 3431 1836 3487 sed
1877 3430 2164 3489 dividendo

576 3507 719 3562 inter
747 3507 958 3583 Patrem
988 3517 1041 3563 et
1070 3506 1261 3562 Filium
1283 3547 1310 3583 _,_
1335 3507 1475 3583 inter
1512 3518 1761 3573 sponsam
1789 3511 1843 3556 et
1866 3517 2118 3583 sponsum
2142 3545 2160 3571 ,

578 3592 826 3647 magnum
852 3580 1129 3633 incurrunt
1157 3578 1529 3647 sacrilegium,
1557 3589 1803 3647 magnum
1824 3587 1941 3647 sua:
1969 3578 2164 3629 anima:

575 3644 808 3704 inferunt
838 3650 1120 3714 morbum;
1151 3650 1273 3718 quia
1315 3644 1416 3702 nec
1458 3655 1510 3701 te
1548 3644 1717 3718 unius
1748 3644 1967 3718 unicum
1994 3657 2165 3718 _spon-

574 3734 692 3773 sum
718 3761 732 3785 ,
779 3735 879 3775 nec
914 3713 1123 3775 ﬁdelem
1152 3713 1313 3790 atque
1340 3719 1605 3790 integrum
1630 3714 1831 3790 habere
1857 3713 2165 3770 desiderant

575 3790 861 3845 medicum.
889 3790 965 3845 Tu
993 3799 1171 3845 autem
1192 3832 1208 3856 ,
1226 3787 1425 3845 'anima
1458 3787 1745 3841 christiana
1768 3826 1783 3851 ,
1814 3800 1934 3855 qu:e
1974 3799 2164 3856 ascen-

574 3876 698 3915 sura
728 3875 787 3916 es
815 3876 881 3917 ex
904 3855 1267 3917 saeratissimo
1293 3859 1438 3914 fonte
1462 3899 1478 3925 ,
1522 3856 1719 3912 rubore
1766 3866 1937 3925 atque
1966 3855 2163 3912 decore

574 3930 788 3998 perfusa
813 3971 828 3995 ,
856 3932 1095 4001 speciosa
1123 3932 1281 3985 nimis
1320 3940 1375 3985 et
1419 3924 1643 4001 candida
1667 3924 2160 4001 ,serva_decorem

576 3996 722 4055 iuum
756 4020 769 4056 :
799 3996 1029 4072 agnosce
1053 4002 1180 4072 quid
1213 4001 1376 4056 lueris
1400 4009 1461 4072 et
1482 3996 1769 4072 quiderls,
1809 3996 1929 4049 vide
1964 4011 2032 4050 ne
2069 3996 2162 4052 do-

574 4087 725 4127 seras
760 4068 997 4127 mensam
1044 4068 1228 4142 sponsi
1276 4072 1370 4142 tui.
1422 4068 1509 4142 Ut:
1539 4068 1760 4142 pulchra
1802 4080 2158 4137 permaneas,

575 4156 767 4213 carnes
791 4142 907 4212 ejus
934 4139 1171 4213 quotidie
1196 4141 1580 4213 manducabis;
1619 4147 1678 4193 ut
1701 4139 1872 4213 vitam
1902 4146 2158 4213 teternam

579 4207 1161 4283 habeasfsan'guinem
1206 4212 1322 4281 ejus
1370 4210 1618 4283 potabis:
1663 4208 1787 4283 vide
1828 4223 1896 4264 ne
1941 4207 2162 4283 deseras

579 4282 716 4336 hanc
735 4277 994 4336 mensarii.
1019 4277 1281 4337 Plurimos
1303 4277 1585 4350 apparatus
1606 4279 1977 4333 hmreticorum
2001 4277 2156 4348 fuge:

579 4361 635 4410 et
662 4352 716 4421 si
738 4351 959 4421 plurima
989 4353 1097 4407 illic
1123 4353 1300 4419 pravis
1324 4349 1771 4421 diSputationibus
1798 4359 2159 4421 apponuntur,

578 4431 670 4476 aut
694 4418 834 4478 {dada
865 4432 989 4478 sunt
1013 4463 1028 4487 ,
1058 4418 1152 4477 aut
1174 4436 1380 4477 semesa
1405 4418 1547 4476 sunt.
1591 4419 1707 4473 Non
1756 4428 1840 4474 est
1874 4419 2018 4473 enim
2054 4418 2163 4475 illic

578 4492 867 4562 quidquam
894 4493 1157 4562 integrum
1179 4533 1195 4559 ,
1228 4492 1317 4546 ubi
1344 4492 1501 4547 Pater
1542 4498 1597 4545 et
1633 4489 1798 4562 Filius
1838 4498 1892 4544 et
1930 4489 2162 4562 Spiritus

580 4558 799 4618 sanctus
828 4578 934 4619 non
964 4558 1046 4618 est
1073 4558 1255 4618 unum.
1277 4562 1457 4617 Mensa
1485 4561 1667 4631 sponsi
1692 4560 1766 4614 tui
1790 4573 1977 4629 panem
2000 4558 2164 4631 habet

580 4635 843 4703 integrum
870 4676 886 4701 ,
939 4643 993 4689 et
1024 4635 1243 4689 calicem
1277 4630 1529 4686 sanctum
1561 4648 1595 4703 :7
1620 4645 1782 4703 quem
1828 4645 2017 4703 panem
2062 4630 2162 4685 etsi

577 4700 908 4760 confractum
961 4705 1453 4768 comminutumque
1496 4702 1722 4756 vidimus
1772 4700 1825 4754 in
1874 4700 2160 4768 passione,

578 4776 787 4847 integer
814 4785 992 4847 tamen
1021 4775 1215 4829 mansit
1242 4774 1293 4828 in
1324 4770 1413 4847 illa
1442 4788 1536 4847 sua
1561 4786 1690 4847 eum
1712 4771 1865 4847 Patre
1895 4770 2161 4847 individua

579 4840 800 4903 unitate.
835 4846 1034 4916 Dejsto
1075 4860 1211 4916 pane
1251 4852 1306 4899 et
1348 4842 1559 4916 deaisto
1595 4842 1758 4897 calice
1796 4840 2006 4895 dicebat
2048 4841 2163 4910 ipse

582 4917 878 4999 Dominus,
912 4913 1244 4999 Panis-quem
1285 4930 1376 4984 ego
1409 4913 1592 4999 dedero
1616 4954 1631 4977 ,
1672 4928 1789 4965 caro
1825 4927 1934 4965 mea
1962 4920 2043 4991 est
2070 4928 2162 4981 pro

578 4989 749 5043 διεσαιὶ
777 4984 877 5043 vita
898 5003 919 5043 :
945 4998 994 5041 et
1019 4984 1155 5042 calix
1176 5001 1325 5055 quem
1351 4984 1728 5052 sancti/icavero
1751 5023 1767 5047 ,
1792 4984 1998 5051 sanguis
2024 4998 2162 5036 meus

578 5068 648 5130 est
666 5099 681 5123 ,
703 5060 790 5130 qui
809 5075 904 5129 pro
927 5058 1329 5130 vobisfundetur
1443 5055 1783 5130 remissionem
1820 5062 2160 5130 peccatorum.

578 5124 835 5197 Superius
862 5131 1003 5185 enim
1032 5124 1242 5184 dixerat
1281 5144 1295 5181 :
1348 5124 1469 5180 Nisi
1500 5125 1919 5197 manducaueritis
1958 5140 2162 5197 carnem

583 5193 719 5274 Ij'ilii
734 5201 953 5274 hominis
971 5242 996 5274 ,_
1016 5211 1063 5274 _et
1085 5198 1307 5274 biberitis
1335 5198 1639 5274 sanguinem
1660 5196 1768 5265 ejus
1792 5237 1807 5261 ,
1836 5211 1936 5248 non
1967 5193 2163 5274 habebi-

581 5270 644 5323 tis
672 5271 824 5323 sitam
842 5271 895 5324 in
918 5263 1073 5325 vobis.
1096 5270 1249 5338 Quod
1272 5263 1495 5325 verbu'm
1520 5263 1798 5322 audientes
1820 5306 1835 5331 ,
1864 5279 1965 5319 nec
2003 5263 2161 5338 intel;

580 5339 805 5409 ligentes
825 5340 1067 5416 discipuli
1092 5335 1387 5416 ,A'd_ixerut_tt_
1404 5358 1418 5393 :
1444 5338 1617 5416 Durus
1641 5346 1712 5391 est
1734 5338 1813 5416 hic
1832 5351 2027 5397 sermo;
2045 5335 2161 5416 quis

580 5406 692 5463 eum
718 5418 875 5476 potest
903 5406 1123 5465 audire?
1148 5412 1214 5465 Et
1240 5411 1391 5464 multi
1430 5425 1497 5464 ex
1544 5408 1649 5463 hoc
1685 5407 1854 5461 verbo
1896 5406 2163 5460 scandali-

581 5480 683 5532 sati
709 5480 1084 5534 discesserunt.
1116 5480 1248 5535 Cum
1277 5481 1483 5535 videret
1508 5488 1689 5533 autem
1715 5477 1870 5534 Jesus
1895 5518 1909 5541 ,
1939 5477 2013 5530 ait
2039 5476 2162 5530 reli-

581 5550 736 5617 quis:
767 5547 1032 5619 Numquid
1064 5559 1112 5604 et
1157 5565 1244 5604 vos
1276 5551 1425 5604 vultis
1449 5551 1563 5603 ire?
1605 5548 1754 5602 Tunc
1802 5548 2028 5619 Petrus,
2069 5547 2160 5616 qui

581 5629 781 5674 saneta:
827 5617 1049 5689 ﬁguram
1098 5621 1343 5689 portabat
1389 5619 1681 5689 Ecclesiae,
1739 5617 2015 5686 respondit
2064 5632 2161 5685 pro

582 5690 832 5745 omnibus
857 5688 885 5743 ί
900 5690 968 5743 Et
987 5691 1055 5743 ad
1074 5688 1219 5755 quem
1238 5690 1357 5742 ituri
1382 5691 1589 5743 sumus?
1618 5688 1834 5742 Verbum
1856 5689 1968 5742 vita:
1987 5689 2157 5755 habes,

582 5706 832 5745 ominous
857 5707 870 5743 :
900 5706 968 5743 ut
987 5706 1054 5743 aa
1109 5706 1219 5743 uem
1238 5706 1357 5742 tum
1382 5706 1589 5743 sumus!
1624 5706 1834 5742 vernum
1856 5706 1968 5742 vute
1987 5706 2157 5755 naves,

581 5769 627 5816 et
651 5760 944 5815 dimittimus
968 5770 1016 5815 te
1036 5761 1054 5832 (
1073 5706 1230 5813 goan.
1258 5774 1360 5832 vt,
1377 5759 1540 5832 52-69
1561 5759 1579 5827 )
1602 5760 1625 5812 ?
1655 5758 1853 5814 Videtis
1876 5800 1899 5832 ,_
1923 5758 2158 5832 dilectis-

584 5832 700 5885 simi
726 5872 741 5896 ,
770 5832 895 5902 quid
925 5832 995 5887 sit
1019 5829 1171 5886 exire
1196 5871 1210 5895 ,
1238 5830 1363 5902 quid
1392 5831 1459 5902 sit
1490 5843 1824 5902 permanere.
1868 5829 1970 5895 Qui
2016 5830 2157 5884 exie-

581 5911 740 5973 runt,
786 5899 907 5976 Quia
958 5903 1178 5960 verbum
1220 5900 1421 5957 Christi
1455 5915 1562 5956 non
1606 5899 2021 5964 intellexerunt,
2053 5915 2158 5955 non

1758 429 1991 487 SERMO
2028 427 2118 484 DE
2156 426 2437 496 QUARTA
2479 429 2707 485 FERIA.

3768 429 3865 487 699

2276 540 2385 610 jam
2410 542 2698 616 discipuli,
2727 540 2820 616 sed
2847 540 3079 596 haeretici
3107 552 3517 616 remanserunt:
3550 542 3644 616 qui
3676 548 3867 615 persti.

2279 620 2494 679 terunt,
2522 613 2745 668 verbum
2773 613 2895 668 vita:
2918 621 3220 668 tenuerunt.
3244 613 3533 683 Agnoscite
3555 613 3580 680 ζ
3598 613 3864 682 Ιιτέτειὶεἰ,

2277 684 2476 737 exitum
2507 692 2744 738 vestrum
2766 725 2781 749 ,
2824 684 2945 753 quia
2975 684 3234 738 minorem
3267 684 3572 753 praedicatis
3597 685 3866 743 Christum

2278 765 2540 809 nostrum.
2574 755 2639 809 Et
2669 770 2764 809 vos
2789 769 2910 809 cum
2950 768 3016 827 eo
3061 763 3204 809 stare
3253 754 3501 827 noluistis
3524 797 3542 819 ,
3570 757 3693 827 quia
3725 757 3867 813 Chri-

2278 834 2419 878 stum
2465 841 2628 879 unum
2667 840 2788 880 esse
2824 839 2944 879 cum
2982 824 3139 880 Patre
3185 842 3290 881 non
3335 824 3721 883 intellexistis:
3749 828 3865 883 ideo

2278 894 2421 967 foras
2446 896 2632 950 existis
2656 936 2671 961 ,
2704 896 2825 965 quia
2866 894 3086 967 verbum
3131 897 3252 950 vita:
3296 897 3609 967 reliquistis.
3652 897 3774 954 Non
3814 900 3863 953 in

2277 966 2429 1036 vobis
2455 975 2673 1032 manet,
2706 966 2793 1035 qui
2853 980 2974 1021 eum
3014 966 3172 1021 Patre
3215 966 3433 1036 :cqualis
3480 978 3682 1024 manet.
3732 971 3865 1026 Audi

2277 1035 2490 1109 ipsum,
2510 1036 2823 1109 quiasituul
2850 1052 2969 1109 cum
3000 1036 3152 1091 l’atre
3170 1035 3369 1092 manet.
3398 1036 3460 1092 Si
3480 1039 3593 1107 quis
3616 1080 3631 1102 ,
3657 1040 3861 1109 inquit,

2276 1121 2356 1159 me
2375 1106 2573 1179 diligit,
2604 1106 2843 1179 diligetur
2869 1124 2901 1160 a
2927 1107 3082 1179 Patre
3103 1125 3211 1162 tneo
3236 1150 3251 1175 ,
3280 1118 3325 1162 et
3354 1124 3445 1178 ego
3469 1109 3683 1179 diligam
3709 1106 3822 1163 eum
3846 1154 3862 1176 ,

2276 1185 2322 1228 et
2346 1178 2596 1249 veniemus
2618 1177 2687 1229 ad
2698 1194 2824 1249 eum
2845 1192 2944 1247 ego
2972 1186 3027 1232 et
3053 1178 3209 1233 Pater
3231 1218 3247 1241 ,
3286 1189 3332 1232 et
3372 1177 3685 1233 mansionem
3726 1183 3863 1249 apud

2275 1262 2391 1319 eum
2416 1248 2661 1319 faciemus
2686 1246 2867 1317 (Joan.
2888 1246 3005 1310 stv,
3030 1249 3092 1302 2|
3122 1289 3139 1315 ,
3163 1249 3275 1319 25).
3304 1250 3396 1303 Dic
3423 1250 3551 1303 mihi
3576 1291 3592 1314 ,
3614 1246 3860 1317 obsecro,

2276 1315 2529 1372 hteretice
2555 1315 2735 1372 ariane
2756 1358 2769 1378 .
2805 1334 2962 1373 unam
2992 1315 3245 1373 animam'
3268 1330 3412 1373 tuam
3456 1320 3614 1375 simul
3660 1315 3859 1375 habitat

2277 1385 2393 1441 hmc
2423 1388 2691 1452 Trinitas,
2726 1389 2882 1444 Pater
2919 1398 2974 1443 et
3016 1387 3182 1443 Filius
3231 1398 3285 1445 et
3328 1390 3559 1456 Spiritus
3602 1394 3862 1447 sanctus?

2275 1456 2541 1529 Quoniam,
2563 1468 2618 1513 et
2648 1458 2879 1529 Spiritus
2906 1468 3123 1515 sanctus
3150 1460 3352 1514 habitat
3383 1461 3434 1514 in
3462 1460 3618 1516 nobis
3645 1478 3661 1517 :
3688 1460 3863 1516 Nesci-

2275 1528 2339 1602 tis
2359 1570 2374 1593 ,
2404 1528 2573 1598 inquit
2601 1528 2889 1602 Apestolus
2911 1572 2926 1596 ,
2958 1532 3077 1602 quia
3098 1532 3337 1602 tetnplunt
3364 1530 3457 1585 Dei
3478 1534 3597 1585 estis
3617 1573 3631 1595 ,
3659 1543 3709 1585 et
3740 1533 3861 1602 Spi-

2274 1599 2401 1653 ritus
2423 1601 2843 1674 sanctushabitat
2872 1602 2922 1655 in
2954 1600 3089 1674 vobis
3112 1601 3171 1674 (Ι
3199 1599 3316 1656 Cor.
3340 1617 3389 1655 Vl
3414 1642 3431 1665 ,
3464 1602 3534 1674 lii
3556 1604 3573 1672 )
3597 1603 3620 1655 ?
3651 1603 3733 1656 Au
3777 1599 3859 1659 di-

2273 1684 2458 1724 versas
2485 1671 2788 1727 mansiones
2817 1672 2868 1726 in
2895 1672 3056 1726 corde
3082 1671 3173 1726 tuo
3196 1688 3464 1742 prmparas
3493 1671 3763 1736 Trinitati,
3808 1685 3861 1730 ut

2275 1742 2532 1813 majorem
2565 1751 2768 1813 partem
2812 1750 2991 1797 teneat
3038 1742 3195 1813 Pater
3237 1744 3408 1813 major
3430 1784 3445 1809 ,
3478 1744 3742 1799 minorem
3775 1745 3859 1800 Fi-

2274 1810 2377 1884 l_ius
2424 1810 2638 1879 minor,
2690 1812 2993 1884 inferiorem
3046 1812 3277 1884 Spiritus
3322 1810 3551 1869 sanctus
3607 1814 3860 1870 inferior?

2272 1880 2392 1953 Jatn
2434 1896 2705 1953 ergognon
2750 1882 2914 1938 habes
2958 1880 3118 1938 unum
3155 1899 3287 1949 cor,
3339 1885 3434 1940 sed
3474 1884 3697 1953 duplum
3728 1927 3743 1947 ,
3771 1898 3861 1942 aut

2274 1951 2515 2025 triplum.
2540 1951 2804 2025 Nanergo
2836 1955 2943 2008 illic
2971 1954 3171 2008 habitat
3198 1954 3447 2025 Trinitas.
3480 1951 3696 2022 Quare?
3723 1955 3853 2025 Quia

2274 2022 2471 2095 dictum
2496 2034 2579 2078 est
2602 2066 2616 2089 ,
2651 2022 2959 2095 Vw'duplici
2987 2026 3137 2079 corde
3164 2026 3181 2093 (
3209 2024 3365 2079 lfccli.
3392 2042 3427 2080 tt
3454 2066 3467 2089 ,
3496 2026 3563 2080 Η
3585 2027 3602 2093 )
3627 2026 3640 2080 !
3670 2022 3856 2082 Inscu-

2273 2104 2389 2148 sate
2414 2134 2429 2158 ,
2456 2093 2634 2167 inepte
2657 2135 2673 2161 ,
2705 2093 2848 2167 fatue
2878 2114 2891 2151 :
2920 2096 3056 2166 ignis
3079 2137 3093 2161 ,
3124 2096 3376 2167 splendor
3398 2138 3415 2163 ,
3445 2106 3498 2151 et
3528 2096 3674 2151 calor
3701 2098 3857 2156 simul

2273 2172 2435 2249 atque
2460 2163 2887 2249 inseparabiliter
2908 2207 2923 2230 ,
2943 2163 3073 2223 'nec
3108 2163 3366 2249 distine-te.
3383 2167 3571 2249 ,Lsctln
3581 2168 3859 2249 aequaliter

2274 2233 2516 2289 habitant
2540 2233 2699 2290 unam
2729 2236 3000 2291 lucernam
3026 2278 3040 2301 ,
3072 2245 3127 2292 et
3152 2251 3256 2291 una
3277 2236 3511 2291 Trinitas
3536 2233 3677 2292 Dens
3698 2238 3856 2293 simul

2274 2320 2381 2360 non
2409 2314 2586 2378 potest
2630 2306 2931 2362 inhabitare
2974 2308 3205 2362 animam
3237 2307 3592 2378 humanam?
3620 2309 3677 2364 Si
3719 2309 3858 2378 apud

2275 2384 2328 2430 te
2374 2377 2596 2446 :cqualis
2634 2378 2852 2432 unitatis
2898 2379 3180 2434 individua:
3220 2377 3497 2433 Trinitatis
3541 2394 3647 2433 non
3700 2379 3854 2435 fuerit

2272 2446 2430 2519 digna
2461 2447 2667 2519 mansio
2698 2448 2915 2505 inventa
2942 2490 2957 2512 ,
2990 2449 3397 2519 respondebitur
3429 2450 3560 2513 tibi,
3611 2448 3744 2504 Ecce
3777 2467 3857 2504 re-

2275 2515 2525 2592 linquetur
2544 2518 2872 2592 voliisdontus
2898 2530 3064 2592 vestra?
3079 2515 3279 2575 deserta
3301 2519 3515 2592 (Matth.
3541 2536 3677 2592 xrxttt
3703 2563 3724 2592 ,
3743 2522 3855 2592 58).

2272 2586 2387 2643 Non
2417 2588 2559 2661 enim
2583 2589 2651 2643 de
2678 2590 2939 2661 lapidibus
2966 2591 3100 2646 vivis
3127 2586 3395 2646 construis
3417 2591 3676 2661 tempittm
3708 2586 3853 2660 Dco',

2271 2673 2409 2727 quos
2432 2660 2813 2731 rebaptizando
2859 2661 3117 2731 pnelocas
3138 2702 3154 2728 ,
3192 2660 3494 2715 exhonoras
3512 2660 3541 2727 ,’
3556 2662 3814 2731 reprobas
3837 2703 3853 2729 ,

2272 2738 2450 2803 vastas
2473 2770 2488 2796 ,
2516 2730 2742 2787 damnas
2765 2773 2780 2795 ,
2812 2730 3155 2787 eiterminas.
3200 2731 3309 2787 Nec
3337 2730 3679 2803 lutulatnenta
3710 2735 3855 2803 Apo-

2271 2800 2529 2855 stolorum
2559 2803 2800 2872 sequeris
2824 2843 2838 2866 ,
2864 2817 2985 2858 eum
3016 2803 3123 2857 sint
3152 2802 3249 2871 ipsi
3292 2802 3557 2857 columine
3585 2804 3679 2858 Dei
3707 2800 3810 2857 vivi
3834 2845 3850 2871 ,

2270 2884 2435 2942 super
2480 2886 2612 2941 quas
2643 2871 2944 2927 labricavil
2986 2874 3245 2943 sapientia
3293 2872 3511 2927 domum
3565 2889 3763 2937 suam;
3802 2883 3857 2929 ut

2270 2949 2673 3015 construeretnr
2697 2958 2879 2997 verum
2912 2944 3037 2999 illud
3067 2944 3319 3013 templum
3344 2984 3360 3009 ,
3393 2948 3446 2998 in
3473 2959 3582 3013 quo
3611 2956 3730 3000 erat
3752 2946 3857 3015 pie-

2274 3013 2395 3085 tatis
2416 3028 2665 3085 magnum
2696 3026 3108 3069 sacramentum.
3141 3016 3213 3069 Dc
3256 3030 3361 3083 quo
3401 3016 3601 3085 tctnpln
3648 3013 3858 3071 dicebat

2270 3082 2525 3155 Judzeis:
2559 3084 2751 3139 Solvite
2778 3087 3016 3155 templum
3044 3087 3137 3139 hoc
3161 3126 3176 3148 ,
3209 3096 3253 3139 ct
3279 3082 3328 3137 in
3356 3082 3527 3139 triduo
3550 3087 3855 3141 resuscitabo

2268 3152 2626 3227 illudlloan.
2651 3170 2685 3227 tt
2713 3196 2727 3221 ,
2760 3155 2827 3211 i9
2853 3152 2892 3225 ).
2942 3156 2996 3210 In
3028 3154 3366 3227 patribusln)
3395 3157 3497 3209 tuis
3536 3172 3643 3210 nun
3696 3157 3857 3212 habes

2270 3224 2497 3293 lapidem
2527 3224 2876 3295 angularem,
2899 3224 3055 3295 quem
3084 3224 3370 3282 secundum
3396 3227 3733 3283 divinitatem
3765 3228 3857 3281 Pa.

2271 3294 2335 3367 tri
2363 3294 2754 3367 aequalemrnon
2781 3294 2994 3353 credis:
3026 3313 3122 3352 nec
3150 3308 3322 3353 tecum
3344 3312 3411 3351 ex
3435 3297 3643 3353 duabus
3669 3298 3859 3367 pennis

2269 3364 2544 3422 charitatis
2571 3366 2907 3423 dilectionem
2942 3368 3033 3423 Dei
3057 3376 3113 3422 et
3154 3368 3379 3437 proximi
3427 3377 3479 3423 te
3524 3364 3728 3425 habere
3762 3368 3857 3423 de-

2268 3445 2573 3510 monstras;
2598 3438 2721 3507 quia
2743 3453 2843 3493 nec
2866 3438 3031 3493 Deum
3054 3438 3228 3510 diligis
3257 3440 3393 3510 sicut
3412 3438 3721 3510 diligendus
3741 3448 3854 3503 est,

2267 3522 2369 3581 nec
2397 3508 2697 3581 proximum
2708 3510 2861 3581 sicut
2885 3518 2936 3564 te
2963 3507 3172 3579 ipsum;
3185 3508 3380 3581 Diliges
3404 3510 3547 3563 enim
3580 3507 3858 3564 Dommum

2271 3577 2434 3633 Deum
2464 3588 2633 3645 tuum,
2667 3578 2865 3634 dictum
2895 3577 3016 3643 esti,
3044 3597 3107 3635 ex
3134 3591 3238 3635 toto
3266 3577 3417 3634 corde
3437 3592 3525 3633 tuo
3549 3620 3566 3645 ,
3592 3590 3638 3633 el
3664 3598 3731 3635 ea:
3758 3592 3857 3635 tota

2266 3650 2439 3721 anima
2464 3660 2550 3705 tua
2572 3692 2589 3718 ,
2615 3659 2661 3707 et
2701 3667 2763 3705 ea:
2800 3660 2906 3705 tota
2940 3651 3119 3706 virtute
3154 3662 3240 3704 tua
3284 3651 3513 3721 (Matth.
3540 3667 3656 3704 nu
3682 3695 3699 3718 ,
3728 3652 3796 3707 57
3818 3654 3855 3712 ).

2267 3720 2343 3774 Da
2369 3736 2463 3776 cor
2488 3731 2635 3776 tuum
2664 3721 2805 3776 Patri
2829 3762 2844 3785 ,
2886 3722 3119 3777 animam
3149 3720 3321 3789 l-‘ilio',
3351 3724 3605 3777 virtutem
3632 3722 3852 3791 Spiritui

2266 3800 2471 3845 sancto.
2502 3793 2639 3847 Ecce
2669 3792 2767 3847 tria
2796 3792 3043 3847 Trinitati
3067 3834 3081 3857 ,
3107 3808 3171 3848 ex
3201 3793 3369 3849 tribus
3390 3808 3553 3847 unum
3583 3792 3854 3848 hominem

2266 3862 2358 3915 uni
2385 3862 2628 3918 Trinitati
2665 3864 2985 3919 sacrilieium
3023 3863 3299 3929 obtulisti,
3331 3864 3575 3918 lueresim
3616 3866 3856 3919 ariauam

2265 3932 2477 3999 vicisti;
2524 3933 2774 4004 quoniam
2820 3934 3077 3990 Dominus
3116 3934 3259 3989 Deus
3300 3944 3419 3989 tuus
3456 3949 3561 3989 non
3608 3941 3720 3989 tres
3748 3936 3854 3999 dii,

2266 4004 2361 4057 sed
2392 4004 2645 4058 Dominus
2672 4020 2809 4059 unus
2837 4014 2938 4059 est.
2968 4005 3094 4061 "me
3119 4015 3201 4061 est
3239 4004 3437 4059 fabrica
3486 4014 3671 4058 sancta
3698 4046 3715 4071 ,
3746 4005 3857 4059 haec

2265 4074 2492 4199 3st
2516 4076 2533 4106 ί
2561 4090 2709 4143 vera,
2758 4077 2810 4129 in
2832 4091 2935 4146 qua
2966 4086 3092 4131 sunt
3130 4090 3259 4132 oves
3308 4076 3546 4143 Christi,
3594 4090 3706 4131 non
3749 4077 3855 4147 lupi

2304 4160 2348 4196 ta
2390 4161 2421 4197 o
2448 4161 2481 4197 ι.

2304 4160 2481 4197 130011.

2336 4214 2562 4269 CAPUT
2595 4214 2705 4270 VII.
2736 4246 2807 4257 -—-
2832 4216 2885 4270 9.
2923 4216 3173 4272 Hortatur
3202 4226 3256 4271 ut
3295 4226 3463 4269 ament
3503 4215 3789 4272 Ecclesium
3809 4228 3853 4272 et

2267 4295 2525 4359 orentgpro
2543 4303 2679 4359 pace
2697 4302 2757 4339 ac
2780 4286 3070 4343 liberatione
3095 4289 3301 4359 patriae.
3322 4287 3535 4351 Cavete,
3567 4287 3854 4344 dilectissi-

2266 4358 2369 4421 mi,
2406 4356 2619 4411 fraudcs
2650 4358 3054 4424 haereticorum;
3086 4356 3214 4414 oves
3250 4358 3478 4421 CliriSti,
3511 4360 3702 4415 timete
3732 4360 3856 4413 insi~

2265 4427 2382 4499 dias
2416 4428 2659 4496 luporum
2680 4442 2706 4499 7:
2735 4428 2912 4484 videte
2937 4431 3057 4499 quia
3080 4430 3209 4484 nihil
3238 4430 3567 4483 subtractum
3596 4440 3683 4484 est
3709 4430 3853 4484 utili-

2267 4498 2361 4553 tati
2406 4507 2634 4565 vestrae,
2677 4498 2731 4553 in
2775 4498 3029 4568 quantum
3076 4501 3190 4569 ipse
3229 4499 3487 4554 Dominus
3523 4500 3749 4555 donavit
3791 4500 3855 4559 de

2266 4569 2679 4642 a‘nnuntiatione
2710 4570 2860 4642 verbi
2904 4570 3020 4642 Dei.
3066 4570 3204 4639 Quid
3247 4570 3489 4642 Christus
3517 4573 3590 4625 sit
3627 4581 3684 4626 et
3730 4573 3853 4642 quid

2269 4639 2804 4711 Ecclesia,iaudistis,
2834 4641 3187 4711 approbastis,
3221 4640 3491 4696 clamastis
3520 4659 3535 4695 :
3569 4642 3667 4695 sed
3694 4639 3855 4711 quare

2268 4718 2414 4763 tanta
2453 4710 2590 4764 mala
2620 4710 2913 4779 patiamur,
2939 4712 3019 4766 vel
3048 4712 3240 4781 quibus
3279 4712 3484 4766 meritis
3508 4710 3851 4782 peccatorum

2268 4782 2323 4835 in
2355 4796 2542 4835 manus
2569 4782 2932 4836 tribulantium
2958 4797 3058 4836 nos
3080 4783 3255 4837 traditi
3288 4782 3565 4845 fuerimus,
3586 4798 3709 4837 cum
3736 4793 3856 4839 ante

2304 4852 2617 4923 aucissimos
2637 4851 2751 4923 dies
2768 4852 3130 4922 loqueremur,
3155 4854 3309 4907 simul
3332 4855 3672 4923 agnovimus,
3700 4856 3856 4910 simul

2304 4867 2617 4905 auetssunos
2637 4867 2751 4905 otes
2769 4867 3130 4922 loqueremur,
3155 4867 3309 4907 simul
3332 4868 3672 4923 agnovimus,
3700 4867 3855 4910 smnit

2266 4867 2627 4997 geyimuslb).
2650 4922 2802 4997 Nunc
2825 4923 2985 4997 etiam
3011 4923 3135 4991 quid
3148 4924 3420 4997 accepturi
3446 4924 3599 4992 estis,
3622 4928 3709 4981 vel
3736 4928 3855 4997 quid

2268 4992 2438 5055 eritis,
2468 4992 2643 5047 adhuc
2673 4994 2723 5065 in
2753 4994 2970 5048 auribus
2998 4995 3194 5049 vestris
3224 4996 3435 5049 insonat
3472 4998 3733 5065 strepitus
3754 4992 3857 5052 ito-

2267 5075 2393 5117 stra:
2422 5065 2569 5118 vocis
2597 5081 2610 5116 :
2651 5064 3002 5119 admonemus
3038 5080 3133 5119 vos
3162 5073 3220 5119 ut
3249 5067 3439 5121 fratres
3462 5108 3477 5130 ,
3511 5064 3858 5123 obSecramus

2268 5144 2327 5206 nt
2356 5144 2556 5203 patres,
2581 5134 2860 5188 hortamur
2891 5143 2950 5189 ut
2973 5134 3134 5206 ﬁlios.
3177 5136 3353 5192 Nolite
3393 5137 3622 5206 perdere
3653 5149 3855 5193 tantum

2268 5205 2490 5259 bonum.
2525 5208 2692 5261 Amor
2727 5205 2930 5261 Christi
2966 5205 3020 5259 in
3054 5207 3307 5262 cordibus
3337 5205 3528 5262 veSIris
3561 5224 3670 5262 non
3711 5210 3858 5265 refri-

2266 5286 2449 5346 gescat
2480 5293 2493 5329 :
2528 5292 2679 5330 amor
2716 5277 2903 5332 matris
2932 5274 3093 5347 hujus
3126 5280 3267 5333 circa
3292 5294 3389 5333 vos
3418 5294 3524 5333 non
3556 5289 3853 5348 torpescat;

2268 5364 2387 5416 qua:
2416 5362 2511 5402 vos
2533 5348 2780 5420 parturit,
2806 5363 2927 5418 qua:
2952 5363 3136 5404 curam
3159 5365 3403 5420 magnam
3434 5365 3533 5419 pro
3564 5352 3741 5405 salute
3767 5368 3854 5405 νος

2268 5430 2395 5491 stra:
2411 5418 2601 5491 aninia:
2626 5418 2783 5488 gerit,
2810 5435 2931 5490 quae
2952 5435 3102 5491 spem
3119 5418 3351 5475 vestram
3376 5418 3576 5490 dirigit,
3592 5438 3715 5491 qua:
3735 5438 3861 5489 quo-

2268 5490 2397 5545 tidie
2422 5489 2709 5561 redeuntes
2733 5489 3121 5546 materno'sinu
3142 5493 3256 5547 exei
3266 5494 3361 5561 pit,
3390 5489 3509 5561 qual-
3526 5489 3683 5547 vobis
3706 5493 3856 5561 Spil'l'

2268 5561 2437 5633 tuales
2465 5560 2615 5616 cibos
2644 5571 3096 5633 prmparat,qu:e
3125 5563 3189 5616 ad
3230 5560 3486 5617 aiternzint
3524 5560 3856 5617 saturitatem

2268 5631 2561 5703 perducere
2610 5631 2899 5688 desiderat.
2943 5631 3317 5688 Immaculatos
3358 5635 3496 5688 tilios
3548 5636 3662 5689 Deo
3720 5634 3856 5690 Patri

2332 5725 2348 5755 ¹
2384 5730 2539 5781 Forte,
2559 5722 2715 5772 caula.

2330 5786 2403 5846 (α)
2425 5785 2589 5839 Morel,
2618 5784 2765 5849 Hem.
2792 5787 2968 5845 Critic.,
2996 5798 3142 5849 pagg.
3168 5785 3276 5843 ‘29l,
3305 5786 3413 5845 902,
3435 5798 3612 5837 censet
3637 5789 3716 5838 hic
3741 5788 3861 5837 im'to

2270 5845 2551 5904 legendum,
2579 5846 2807 5907 partibus.
2940 5856 2993 5895 at.

2334 5908 2405 5969 (ὸ)
2429 5915 2565 5957 forte
2591 5922 2817 5959 sermone
2842 5908 2905 5958 de
2937 5917 3173 5971 Tempore
3200 5910 3466 5959 Barbarieo.
