4106 6500
335 404 443 460 697

334 513 605 569 habentis.
638 511 732 566 ltic
780 518 835 564 tu
880 507 1001 578 quid
1030 524 1087 562 es
1118 548 1132 573 ,
1163 506 1413 577 quoniam
1461 508 1551 562 ille
1590 507 1732 565 aliud
1767 507 1925 563 docet

334 599 495 653 quam
526 598 606 637 es.
640 583 752 653 Dic,
783 578 1203 653 dictandiatnus
1226 578 1365 632 unde
1396 578 1675 653 haereticos
1703 579 1925 653 convin-

332 647 545 708 camus.
575 652 765 707 Audite
789 649 913 721 quid
944 649 1085 721 dicat
1113 666 1126 701 :
1160 647 1267 721 Ego
1291 665 1400 701 sum
1421 650 1604 721 viar._et
1634 651 1813 702 veritas
1838 657 1929 721 ,Aet

333 726 459 786 vita,
492 721 658 776 Nemo
684 718 822 775 venit
838 721 905 773 ad
934 719 1137 772 Patrem
1162 720 1261 771 nisi
1288 735 1375 786 per
1400 736 1478 771 me
1502 718 1679 789 (Joan.
1708 736 1817 785 xw,
1848 719 1925 789 6).

332 793 646 850 Secundum
695 793 1075 846 humanitatem
1118 789 1202 842 via
1227 789 1555 853 ,srcundnm
1596 790 1927 844 divinitatem

336 866 558 930 veritas,
586 872 641 919 et
663 864 789 916 vita.
821 862 898 915 Tu
924 869 1122 924 autem,
1148 859 1395 913 hmretice
1425 861 1624 925 ariane,
1649 861 1734 929 qui
1756 860 1928 915 mino-

334 952 451 990 rem
477 936 558 990 vis
584 948 706 989 esse
729 934 779 987 in
806 932 1079 987 divinitate
1100 931 1261 983 vitam
1291 940 1343 984 ct
1366 932 1661 996 veritatem,
1686 931 1929 1000 sequitur

332 1015 389 1059 ut
423 1021 530 1061 non
554 1021 648 1075 per
661 1020 782 1060 enm
801 1004 982 1075 venias
1007 1001 1071 1055 ad
1094 1002 1324 1075 Patrem.
1352 1001 1676 1075 Sedadhnc,
1703 1002 1928 1056 Domine

330 1076 485 1139 Jesu,
502 1071 719 1130 contere
735 1084 891 1144 caput
911 1071 1267 1144 draconis,dic
1285 1071 1407 1138 quid
1430 1073 1503 1144 sis
1522 1088 1641 1144 cum
1659 1073 1812 1126 Patre
1838 1090 1849 1124 :
1877 1081 1929 1127 te

330 1146 617 1200 audiamus
644 1142 941 1209 doceo—tem,
972 1160 1076 1197 non
1108 1142 1415 1196 hmreticum
1448 1142 1926 1210 blasiiltemantem;

330 1218 424 1285 die
442 1217 568 1285 quid
582 1218 654 1269 sis
675 1232 793 1269 cum
812 1213 1373 1285 Patre.Ego.inqn_it,et
1397 1211 1552 1285 Pater
1579 1229 1732 1285 unum
1756 1230 1929 1267 sumus

335 1281 533 1351 (ldfx,
561 1286 673 1356 50).
700 1288 791 1340 llic
806 1286 997 1349 adhuc,
1020 1284 1128 1353 Ego
1145 1281 1402 1356 inP_atre,
1427 1292 1472 1335 et
1487 1281 1649 1356 _I_’ater
1663 1284 1714 1335 in
1737 1300 1813 1356 me
1838 1292 1927 1356 est.

336 1356 529 1415 Adhuc
549 1352 654 1421 dic,
680 1356 777 1422 Qui
795 1373 871 1408 me
887 1357 1027 1420 vidit,
1052 1352 1171 1407 vidit
1192 1364 1237 1407 et
1256 1353 1460 1406 Patrem
1477 1352 1587 1415 (Id.
1609 1370 1715 1418 xrv,
1737 1354 1821 1416 lO,
1846 1354 1925 1421 9).

330 1428 525 1481 Credis
547 1428 679 1494 jam,
712 1426 978 1487 haeretice,
1008 1434 1167 1479 tantae
1193 1425 1528 1483 auctoritati?
1549 1426 1627 1477 An
1655 1425 1818 1491 ipsius
1853 1433 1932 1478 te-

334 1498 656 1551 stimonium
706 1498 773 1550 de
818 1510 875 1550 Se
917 1498 1031 1563 ipso
1062 1510 1165 1556 non
1207 1495 1471 1557 admittis,
1494 1494 1585 1549 sed
1619 1494 1748 1547 alios
1774 1494 1841 1548 de
1865 1510 1929 1548 eo

336 1577 505 1623 testes
554 1567 817 1638 requiris?
870 1567 1006 1620 Ecce
1052 1564 1496 1638 introducantur,
1527 1565 1828 1638 adversum
1877 1574 1929 1638 te

334 1638 561 1701 dicunt,
590 1635 925 1692 convinceris
945 1680 959 1699 ,
988 1636 1256 1700 refutaris,
1285 1644 1339 1689 et
1368 1635 1499 1703 legis
1526 1635 1729 1704 laqueis
1752 1635 1927 1688 irreti-

333 1709 434 1761 ris.
466 1708 561 1787 Dic
586 1750 600 1773 ,
627 1710 777 1787 testis
819 1707 909 1787 Dei
941 1707 1142 1786 Paule,
1170 1707 1257 1787 qui
1292 1720 1457 1787 usque
1493 1706 1567 1787 9d
1612 1706 1927 1787 sanguinem

335 1794 439 1845 pro
471 1778 574 1831 isto
604 1778 910 1833 testimonio
937 1774 1207 1831 acccssisti
1231 1817 1244 1838 ,
1280 1784 1333 1829 et
1378 1791 1443 1829 ne
1490 1774 1636 1829 falsa:
1673 1775 1929 1829 doctrina:

335 1848 725 1902 succumberes
751 1889 765 1912 ,
794 1849 1023 1902 animam
1053 1847 1293 1916 posuisti.
1322 1846 1443 1900 Dic:
1472 1846 1752 1915 audiatqui
1794 1861 1927 1899 con-

334 1919 479 1972 vinci
519 1918 768 1971 formidat
793 1935 807 1982 ;
833 1919 1180 1972 convincatur
1206 1917 1294 1986 qui
1325 1932 1422 1971 nec
1451 1917 1726 1971 convictus
1751 1926 1925 1969 muta~

337 2000 447 2059 tttr.
481 1987 688 2059 Singuli
715 1990 899 2059 quique
919 2030 931 2049 ,
962 1988 1062 2051 ait,
1092 1988 1185 2059 hoc
1210 1988 1387 2059 sentite
1407 1988 1459 2040 in
1485 1987 1620 2040 vobis
1641 1987 1776 2055 quod
1800 1996 1847 2039 et
1874 1987 1926 2041 in

336 2057 543 2115 Christo
568 2056 692 2112 Jesu
714 2056 736 2125 ,’
757 2061 841 2129 qui
869 2076 981 2112 cum
1008 2059 1061 2111 in
1092 2056 1373 2129 forntaADei
1400 2069 1548 2123 esset,
1573 2074 1671 2113 non
1695 2059 1929 2129 rapinam

335 2130 615 2183 arbitratus
642 2140 714 2183 est
745 2126 849 2183 esse
873 2126 1205 2199 azqualisDeo
1228 2127 1484 2198 (Philipp.
1510 2129 1637 2199 11,75,
1660 2126 1737 2197 6).
1763 2128 1930 2183 Audis

337 2202 623 2269 :equalem,
652 2200 804 2254 audis
822 2198 1044 2253 fortnam
1068 2199 1161 2252 Dei
1188 2218 1199 2253 :
1222 2207 1276 2253 et
1296 2208 1350 2253 tu
1374 2199 1538 2252 audes
1557 2198 1931 2269 dicerertnino-

338 2268 457 2323 rem
489 2270 679 2325 Filium
713 2271 839 2323 Dei!
865 2270 1057 2324 Veniat
1094 2279 1147 2323 et
1186 2269 1323 2323 alius
1348 2269 1496 2322 testis
1520 2310 1534 2334 ,
1558 2276 1616 2321 ut
1641 2270 1691 2322 in
1720 2268 1928 2323 duobus

336 2341 426 2399 vel
456 2341 624 2394 tribus
663 2342 1009 2394 confirmetur
1037 2339 1260 2407 mquitas
1289 2338 1545 2392 veritatis.
1592 2339 1685 2394 Dic
1729 2346 1783 2393 et
1827 2347 1881 2392 tu
1908 2379 1923 2403 ,

336 2420 527 2465 sancte
554 2411 714 2465 Petre
738 2453 752 2474 ,
780 2411 903 2481 quid
937 2411 1027 2465 tibi
1058 2410 1371 2481 rc_velave_rit
1396 2424 1550 2481 zinon
1581 2424 1707 2463 caro
1726 2417 1930 2481 et_san-

334 2482 481 2603 guis,
503 2482 604 2563 sed
636 2478 1069 2567 Pater'coelest'is.
1092 2479 1172 2533 Tu
1198 2497 1271 2563 es,
1294 2479 1484 2562 inquit,
1508 2478 1739 2533 Christus
1766 2478 1930 2534 Filius

364 2559 439 2603 let
466 2568 559 2603 vivi
580 2550 790 2603 (Matth.
813 2552 1029 2603 xvr.1b.
1049 2551 1202 2603 7l.Et
1227 2568 1280 2603 In
1298 2550 1530 2603 Emstola
1543 2565 1635 2603 sua
1653 2550 1717 2603 ad
1730 2550 1930 2603 Gentes

364 2551 441 2605 νεὶ
466 2553 563 2603 vivi
580 2550 790 2616 (Matth.
813 2552 1029 2615 xvr,16,
1049 2551 1202 2620 7).Et
1227 2552 1280 2605 in
1298 2550 1530 2619 Epistula
1543 2565 1635 2620 sua
1653 2550 1717 2603 ad
1730 2550 1930 2604 Gentes

336 2621 577 2693 secunda
610 2639 623 2674 :
656 2621 846 2675 Notam
869 2619 1243 2693 facimusvobis
1266 2662 1281 2688 ,
1312 2621 1515 2693 inquit,
1543 2619 1930 2693 Domininostri

335 2691 495 2747 Jesus
520 2690 704 2745 Christi
734 2690 1035 2757 virtutem,et
1057 2690 1490 2762 prwscientiam,et
1512 2690 1926 2762 magnitudinem.

337 2762 512 2817 Audis
533 2763 801 2827 virtutem,
826 2763 977 2817 audis
1002 2760 1437 2832 magnitudinem,
1469 2760 1621 2815 audis
1645 2761 1927 2830 praescien-

341 2832 495 2885 tiam.
519 2832 575 2887 ln
605 2849 731 2901 quo,
752 2832 1020 2898 haarelice,
1040 2833 1312 2887 Christum
1341 2833 1472 2886 dicis
1498 2847 1617 2886 esse
1643 2832 1929 2885 minorem?

339 2902 454 2957 Sed
478 2903 596 2955 andi
618 2903 792 2958 adhuc
819 2903 943 2972 quid
970 2904 1252 2958 adversum
1275 2911 1326 2957 te
1347 2902 1432 2957 hic
1453 2904 1601 2958 testis
1622 2910 1675 2957 et
1701 2904 1766 2957 de
1795 2902 1930 2969 Filio

339 2983 399 3027 et
427 2973 497 3027 de
517 2972 713 3041 Spiritu
733 2984 917 3028 sancto
932 2974 1092 3028 dicat.
1119 2972 1237 3026 Non
1254 2972 1506 3026 voluntate
1530 2974 1751 3026 humana
1772 2972 1931 3035 allata

341 3054 450 3105 est,
484 3044 651 3111 inquit
670 3085 683 3106 ,
713 3045 978 3113 praphctia
1009 3060 1028 3098 :
1054 3044 1140 3098 sed
1169 3043 1367 3113 Spiritu
1393 3054 1564 3097 sancto
1593 3045 1692 3096 acti
1714 3086 1729 3108 ,
1778 3044 1931 3097 locuti

341 3122 467 3168 sunt
497 3116 721 3167 homines
752 3114 861 3167 Dei.
894 3113 1122 3167 Fuerunt
1156 3130 1270 3167 vero
1301 3125 1346 3166 et
1388 3114 1837 3185 pseudoprophetis:
1877 3115 1930 3168 in

343 3184 539 3254 popqu
558 3226 571 3249 ,
600 3186 729 3237 sicut
772 3195 817 3238 et
846 3186 898 3238 in
928 3185 1062 3237 vobis
1092 3194 1235 3240 erunt
1261 3186 1489 3253 magistri
1519 3184 1779 3239 mendaces
1798 3227 1813 3251 ,
1844 3185 1931 3254 qui

341 3254 676 3308 subindncent
698 3266 857 3308 sectas
886 3256 1196 3323 perditionis,
1245 3264 1289 3306 et
1325 3255 1411 3319 qui
1448 3256 1565 3308 emit
1593 3272 1675 3309 eos
1699 3256 1932 3309 domina-

346 3334 509 3377 torem
528 3326 840 3397 abnegantes
862 3328 877 3395 (
902 3326 951 3397 ll
977 3324 1114 3378 Petr.
1144 3342 1189 3397 t,
1212 3326 1278 3379 16
1297 3366 1310 3387 ,
1343 3324 1434 3390 21,
1460 3336 1509 3397 et
1535 3342 1569 3379 ιι
1594 3366 1609 3391 ,
1642 3327 1664 3379 1
1694 3326 1735 3397 ).
1769 3326 1931 3383 Vides

343 3404 402 3448 te
457 3396 641 3450 validis
686 3396 1007 3451 testimoniis
1057 3406 1110 3449 et
1160 3395 1514 3449 demonstrari
1564 3407 1618 3450 et
1663 3395 1927 3452 convinci.

346 3464 630 3537 Negantes,
656 3467 842 3534 inquit,
875 3466 1238 3519 dominatorem
1260 3480 1379 3520 esse
1403 3467 1488 3535 qui
1503 3469 1619 3519 emit
1639 3483 1739 3522 eos.
1760 3468 1928 3537 Quem

344 3551 513 3603 negas
533 3536 921 3591 dominatorem
944 3578 958 3601 ,
991 3537 1090 3589 nisi
1122 3537 1315 3591 Filium
1342 3552 1499 3605 quem
1528 3537 1660 3591 dicis
1687 3553 1805 3593 esse
1827 3540 1928 3593 ml—

345 3607 572 3679 norem?
602 3609 665 3679 Et
685 3608 803 3675 quis
827 3618 907 3661 est
930 3606 1019 3679 qui
1041 3622 1138 3660 nos
1158 3608 1308 3679 emit,
1335 3607 1435 3661 nisi
1462 3607 1549 3679 qui
1576 3623 1675 3661 nos
1691 3622 1787 3661 suo
1808 3624 1933 3663 san-

346 3678 511 3745 guine
560 3677 823 3731 redemit?
850 3678 943 3732 sed
984 3678 1307 3746 ingrediatur
1335 3686 1389 3731 et
1417 3677 1603 3731 tertius
1649 3680 1798 3733 testis
1826 3720 1839 3742 ,
1874 3691 1931 3734 ut

345 3757 460 3801 tres
491 3763 650 3801 unum
677 3764 864 3802 verum
893 3748 1254 3803 testimonium
1285 3748 1463 3801 dicant
1494 3747 1583 3805 nnl
1612 3748 1857 3813 Trinitati
1877 3759 1932 3805 et

347 3820 505 3871 trina:
535 3818 818 3890 divinitati.
852 3819 944 3890 Dic
986 3827 1039 3890 tu
1066 3859 1081 3881 ,
1110 3827 1290 3873 sancte
1336 3817 1570 3890 Joannes
1594 3858 1607 3879 ,
1640 3818 1727 3887 qui
1770 3835 1932 3890 super

342 3899 535 3957 pectus
561 3889 848 3943 Salvatoris
876 3880 1247 3943 discitmbebas
1268 3930 1283 3953 ,
1316 3897 1370 3942 et
1400 3888 1618 3942 videbas
1660 3880 1933 3957 superste-

346 3958 506 4030 leStia
537 3960 793 4012 mirabilia
814 3960 1028 4014 verbum
1044 3960 1247 4030 Domini
1264 3959 1340 4027 (ιι)
1368 3977 1380 4012 :
1405 3958 1489 4030 dic
1509 3967 1562 4013 et
1591 3968 1665 4022 tu,
1692 3960 1927 4030 inquam,

384 4028 475 4082 uid
520 4030 739 4099 noveris
774 4030 965 4084 Filium
1014 4030 1128 4083 Dei.
1162 4028 1227 4082 In
1253 4029 1560 4099 principio)
1586 4028 1797 4099 inquit',
1825 4040 1933 4085 erat

402 4100 598 4169 erbum,
623 4110 667 4152 et
705 4098 919 4152 Verbum
946 4109 1050 4153 erat
1070 4100 1209 4169 apud
1241 4097 1421 4164 Deum,
1446 4109 1491 4152 et
1515 4097 1777 4153 Deus—erat
1810 4100 1933 4161 Ver-

345 4170 466 4222 bum
498 4168 673 4241 (Joari.
699 4186 735 4230 ι,
763 4172 783 4223 1
813 4171 873 4241 )7:
903 4180 955 4224 et
978 4172 1028 4223 in
1055 4168 1396 4241 epistolarsua
1419 4212 1432 4232 ,
1463 4169 1695 4241 Scimus,
1727 4171 1929 4241 inquit,

342 4241 587 4309 quoniam
622 4238 788 4293 Filius
814 4238 909 4293 Dei
941 4238 1101 4305 venit,
1124 4250 1171 4294 et
1197 4240 1331 4293 dedit
1358 4241 1499 4293 nobis
1521 4238 1848 4308 intellectum,
1877 4252 1934 4296 ut

342 4312 567 4382 sciamus
595 4311 717 4379 quid
742 4327 909 4382 verum
935 4313 1019 4378 sit,
1051 4322 1097 4364 et
1122 4312 1279 4364 simus
1310 4312 1360 4363 in
1386 4310 1661 4382 veroﬁilio
1687 4312 1797 4382 ejus
1815 4329 1833 4366 :
1854 4314 1934 4366 hic

343 4390 421 4454 est
467 4381 601 4432 enim
636 4398 782 4454 verus
829 4380 1061 4454 DeusLet
1111 4379 1790 4454 vgita!teterna(l_loan:'v,
1816 4382 1931 4454 20).

343 4451 427 4504 Tu
457 4460 635 4504 autem
666 4452 927 4505 minorem
957 4451 1183 4506 dicendo
1210 4452 1428 4516 Filium,
1454 4452 1541 4521 qui
1573 4460 1654 4506 est
1676 4452 1814 4505 Deus
1844 4451 1935 4507 ve-

341 4536 440 4575 rus
462 4562 477 4586 ,
509 4538 612 4574 non
640 4522 803 4575 habes
830 4524 988 4575 vitam
1011 4532 1284 4575 mternam.
1314 4523 1421 4575 Sed
1459 4523 1527 4576 ad
1558 4523 1933 4578 confutandam

341 4592 738 4646 contumaciam
784 4608 1086 4661 perversam
1138 4593 1355 4647 hmresis
1380 4634 1394 4657 ,
1428 4592 1493 4645 ad
1530 4592 1932 4662 deglntiendum

342 4675 419 4723 te,
450 4676 674 4729 sa-rpens
701 4665 901 4731 magice
928 4662 1098 4716 factus
1118 4704 1133 4728 ,
1163 4679 1268 4716 non
1298 4678 1326 4716 a
1356 4663 1581 4717 veritate
1610 4674 1889 4732 susceptus
1916 4706 1931 4730 ,

342 4733 464 4801 ipse
509 4732 667 4785 Pater
721 4734 1079 4787 testimonium
1121 4734 1258 4786 dicat
1315 4733 1381 4789 de
1432 4733 1564 4788 Filio
1620 4750 1633 4785 :
1687 4743 1745 4787 ut
1800 4734 1933 4788 nihil

341 4804 576 4869 amplius
622 4818 830 4872 quaeras
858 4846 872 4869 ,
934 4804 1062 4856 nihil
1108 4804 1336 4872 amplius
1380 4805 1587 4858 credas.
1650 4804 1752 4858 Per
1806 4805 1936 4859 Pro-

341 4872 563 4942 phetam
606 4891 632 4944 ﬁ:
686 4872 903 4937 Tecum,
945 4875 1145 4943 inquit,
1193 4874 1496 4944 principium
1549 4875 1601 4926 in
1649 4874 1731 4927 die
1780 4875 1940 4929 virtu.

342 4944 410 5018 t_is
449 4954 566 4997 tute.
603 4943 923 5018 Principium
956 4945 1138 5018 Pater,
1180 4943 1494 5018 principium
1526 4944 1690 5018 Filius
1720 4963 1758 5018 _:
1808 4960 1937 5018 ergo

342 5014 507 5085 Pater
580 5022 635 5067 et
699 5014 866 5067 Filius
920 5015 1235 5085 principium
1305 5016 1421 5068 sine
1490 5014 1598 5069 ullo
1654 5014 1933 5084 principio.

345 5083 537 5138 Tecum
577 5084 881 5154 principium
920 5083 972 5138 in
1011 5083 1104 5137 die,
1127 5084 1321 5137 virtutis
1358 5095 1476 5149 tute,
1509 5086 1559 5137 in
1588 5085 1938 5155 splendoribus

343 5166 758 5237 sanctorumnea:
802 5165 941 5208 utero
992 5156 1242 5237 generavit
1296 5165 1341 5237 te
1398 5155 1577 5227 (Psat.
1634 5170 1751 5220 (ιιι,
1802 5156 1874 5237 5)
1919 5174 1936 5237 ξ

344 5237 601 5295 tanquam
627 5224 848 5290 dit-cret,
872 5236 930 5279 ut
951 5224 1118 5280 sancti
1153 5224 1594 5288 illuminarentur,
1628 5224 1936 5293 processisti

343 5312 416 5350 ex
445 5311 552 5349 me.
588 5295 697 5348 Nec
728 5296 822 5349 om
842 5336 855 5360 ,
886 5296 1217 5350 dilectissimi
1241 5337 1254 5357 ,
1279 5297 1379 5350 alia
1407 5310 1563 5349 causa
1594 5310 1688 5349 cur
1713 5298 1797 5350 vel
1822 5297 1936 5366 ipsa

341 5367 565 5420 nomina
597 5366 769 5419 Patris
799 5377 851 5419 et
884 5367 1003 5420 Filii
1034 5377 1087 5421 et
1116 5367 1343 5435 Spiritus
1373 5366 1541 5419 sancti
1588 5366 1826 5434 sejuncta
1860 5370 1938 5422 vi-

341 5437 747 5498 derentur,nisi
779 5446 837 5490 ut
864 5439 1030 5490 sancti
1079 5437 1320 5491 homines
1366 5436 1771 5491 instruerentnr.
1824 5438 1939 5492 Ca:-

341 5517 524 5562 terum
556 5507 697 5578 quod
731 5507 927 5560 dictum
956 5517 1040 5562 est
1064 5507 1227 5578 Moysi
1240 5507 1325 5578 Aab
1352 5507 1463 5573 ipsa
1492 5507 1785 5578 substantia
1814 5507 1937 5562 Tri-

340 5578 549 5647 nitatis.
580 5577 689 5646 Ego
716 5594 826 5630 sum
847 5580 931 5647 qui
952 5594 1085 5638 sum;
1108 5576 1195 5643 et,
1226 5576 1315 5632 Sic
1342 5578 1506 5641 dices,
1540 5577 1639 5643 Qui
1663 5588 1735 5630 est
1761 5620 1774 5642 ,
1803 5579 1939 5633 misit

340 5664 425 5705 me
452 5649 471 5719 (
494 5646 671 5701 Exod.
700 5663 757 5702 nt
787 5689 801 5716 ,
836 5646 903 5703 i4
923 5648 960 5719 ).
991 5649 1132 5720 Ergo
1158 5665 1222 5703 ex
1268 5658 1420 5703 utero
1460 5648 1514 5703 in
1566 5648 1937 5719 splendorihus

406 5868 486 5942 (ei)
510 5866 613 5918 vid.
640 5864 726 5921 lib.
749 5865 813 5917 de
832 5872 997 5947 sancta
1022 5867 1323 5934 virginitate,
1348 5879 1451 5931 cap.
1477 5867 1553 5924 2‘1.

1494 393 1725 449 SERMO
1763 393 1853 447 AD
1891 392 2463 453 CATECHUMENOS.

3515 400 3618 457 698

2036 519 2341 591 sanctorum
2377 521 2663 591 generatus
2686 523 2778 591 est
2804 515 2993 591 Filius.
3020 516 3126 573 Sed
3168 533 3236 591 ne
3264 517 3421 591 hanc
3442 534 3614 587 gene-

2036 584 2292 658 rationem
2314 584 2597 658 carnaliter
2618 585 2698 639 vel
2722 587 3082 658 temporaliter
3104 589 3375 658 acciperes
3400 584 3616 658 factam,

2035 650 2157 704 andi
2188 653 2616 727 quomodoeurn
2656 650 2914 723 genuerit.
2952 650 3250 725 Eructavit',
3285 661 3454 727 inquit
3482 700 3499 727 ,
3532 650 3620 715 cor

2034 737 2201 802 meum
2225 720 2434 802 lferbum
2458 722 2625 802 (lfsal.
2650 720 2790 802 xciv,
2812 727 2847 780 2
2858 740 2893 792 ).
2914 728 3150 802 Joannes
3162 720 3319 802 testis
3345 720 3517 783 dicit':
3552 729 3616 784 In

2037 792 2287 860 principio
2328 804 2435 846 erat
2478 793 2711 849 Verbum.
2747 797 2881 851 Deus
2922 798 3077 852 Pater
3120 799 3247 854 dicit
3295 817 3309 850 :
3357 802 3617 855 Eruetavit

2035 876 2122 913 cor
2170 880 2333 915 meum
2394 862 2627 918 Verbum.
2678 866 2921 922 Ilahacnc
2954 868 3121 921 dicit:
3153 869 3438 923 Ambufact’t
3485 869 3615 925 Ver-

2035 929 2153 984 bum
2182 932 2400 1005 (Ilabac.
2432 952 2507 997 Ill,
2542 936 2592 993 5.
2622 953 2721 990 sec.
2757 937 2946 1003 LXX.)
2968 938 3129 992 Audis
3161 940 3327 994 Deum
3356 939 3612 1005 Verbum,

2034 1012 2088 1077 et
2131 1005 2231 1077 hoc
2266 1020 2384 1077 esse
2423 1005 2473 1058 in
2524 1007 2782 1074 principio
2812 1009 2948 1077 apud
2980 1010 3141 1063 Deum
3168 1052 3182 1073 ,
3207 1019 3261 1064 et
3290 1012 3452 1063 Deum
3493 1028 3613 1066 esse

2035 1073 2291 1149 Verbum.
2341 1073 2788 1149 Testimoniorum
2831 1073 2931 1131 vox
2957 1120 2971 1142 ,
3014 1087 3069 1133 et
3125 1080 3287 1149 ipsius
3332 1080 3611 1135 Trinitatis

2036 1145 2212 1198 unitas
2257 1161 2349 1213 per
2392 1155 2557 1199 totum
2611 1148 2864 1200 mundum
2905 1159 3086 1202 contra
3130 1145 3179 1202 te
3209 1152 3399 1204 clamat
3429 1169 3443 1203 :
3475 1161 3527 1204 et
3558 1163 3612 1207 tu

2034 1216 2178 1268 velut
2202 1216 2349 1269 canis
2381 1216 2590 1270 rabidus
2612 1225 2795 1272 contra
2830 1227 2995 1272 totum
3026 1220 3277 1273 mundum
3308 1221 3485 1274 latras.
3506 1222 3612 1276 Sed

2035 1285 2158 1338 andi
2189 1285 2361 1359 adhuc
2400 1287 2537 1359 unde
2565 1288 2774 1355 plenius
2805 1291 3137 1344 convincaris
3171 1332 3184 1353 ,
3216 1291 3355 1359 quod
3382 1291 3609 1347 Trinitas

2038 1371 2173 1430 unus
2214 1356 2356 1430 Deus
2380 1357 2466 1430 sit.
2497 1358 2668 1430 Patris
2697 1376 2797 1415 vox
2829 1372 2909 1414 est
2938 1377 3034 1430 per
3066 1356 3381 1427 Prophemm
3421 1362 3484 1415 ad
3527 1360 3614 1415 Fi-

2035 1425 2162 1499 lium
2189 1444 2200 1478 :
2226 1424 2293 1479 In
2324 1428 2673 1494 splendoribus
2697 1424 2981 1484 sanctorum
3008 1448 3069 1484 ea:
3090 1424 3227 1483 utero
3258 1432 3407 1499 genui
3428 1442 3491 1485 te.
3515 1432 3613 1484 Pa—

2038 1496 2133 1569 t_ris
2161 1512 2262 1569 vox
2287 1508 2369 1551 est
2394 1499 2457 1551 ad
2491 1499 2676 1553 Isaiam
2706 1501 3027 1569 prophetam
3058 1502 3123 1552 de
3148 1496 3343 1565 Spiritu
3372 1501 3565 1554 Sancto
3598 1520 3609 1552 :

2036 1565 2259 1639 Spiritus
2278 1577 2497 1630 sanctus,
2524 1565 2771 1639 inquit,‘a
2794 1565 2870 1625 me
2893 1573 3037 1625 exiet.
3072 1571 3141 1625 Et
3165 1571 3281 1624 Filii
3307 1586 3405 1625 vox
3442 1582 3522 1625 est
3559 1573 3613 1626 in

2036 1636 2334 1711 E_v_angelio_
2354 1636 2639 1695 ostendens
2664 1642 2713 1694 in
2746 1658 2803 1695 se
2826 1642 3032 1695 Patrem
3060 1657 3198 1704 esse,
3227 1649 3281 1695 et
3303 1657 3360 1695 se
3389 1642 3440 1696 in
3475 1643 3611 1711 ipso,

2035 1707 2124 1760 ubi
2151 1708 2266 1781 ait:
2288 1708 2525 1781 Peterin
2550 1728 2627 1763 me
2654 1728 2861 1765 manens
2878 1750 2903 1781 ί,
2935 1714 3043 1779 ipse
3084 1713 3203 1781 facit
3242 1728 3393 1781 opera
3417 1713 3433 1780 (
3453 1707 3609 1768 Joan.

2035 1793 2127 1850 le
2151 1820 2165 1843 ,
2199 1778 2326 1847 l0).
2356 1779 2475 1833 Filii
2499 1797 2596 1833 vox
2648 1792 2729 1835 est
2771 1782 2838 1835 de
2868 1780 3065 1850 Spiritu
3085 1778 3303 1849 sancto,
3326 1778 3615 1837 ostendens

2034 1847 2452 1920 quiauquumodo
2479 1851 2717 1919 procedit
2746 1868 2810 1907 ex
2844 1847 2999 1906 Patre
3022 1894 3036 1917 ,
3069 1852 3139 1907 ita
3169 1868 3233 1907 ex
3262 1847 3318 1905 se
3347 1853 3461 1920 ipso
3480 1894 3494 1917 ,
3523 1853 3613 1907 ubi

2034 1918 2109 1993 ait
2137 1918 2411 1987 discipulis
2438 1918 2554 1993 sitis
2575 1932 2693 1988 post
2713 1924 3154 1977 resurrectionem
3188 1942 3200 1976 :
3228 1918 3453 1993 Accipite
3485 1923 3613 1990 Spi-

2033 1989 2187 2062 ritum
2230 2000 2474 2043 sanctum.
2509 1991 2573 2043 Et
2602 1993 2872 2062 insuﬂlavit
2904 1994 2956 2049 in
2995 1995 3063 2049 eis
3088 2035 3102 2058 ,
3134 1993 3207 2048 ait
3231 1989 3569 2061 Evangelista
3594 2034 3611 2059 ,

2034 2058 2286 2126 Spiritum
2317 2071 2555 2115 sanctum
2584 2058 2841 2127 dans"eis,
2872 2078 2937 2117 ac
2960 2064 3141 2117 dicens
3172 2080 3183 2114 :
3219 2064 3281 2117 Si
3300 2058 3616 2117 cui—remise-

2033 2129 2145 2201 ritis
2174 2140 2397 2201 peccata,
2427 2132 2738 2185 remittentur
2757 2134 2834 2186 illi
2861 2132 2969 2201 (Id.
2996 2150 3086 2197 xx,
3106 2134 3196 2197 22,
3224 2134 3336 2199 23).
3366 2132 3616 2188 Undccst

2035 2200 2279 2274 et_il|ud
2303 2203 2528 2269 apostoli
2572 2204 2761 2274 Pauli:
2796 2200 2992 2274 Siquis
3018 2204 3269 2269 Spiritum
3294 2203 3483 2259 Christi
3510 2220 3613 2257 non

2034 2269 2196 2343 habet,
2228 2271 2309 2323 hic
2336 2282 2537 2343 nonest
2566 2274 2673 2343 ejus
2695 2273 2870 2340 (Rom.
2893 2269 3004 2338 vni,
3038 2275 3113 2342 9).
3137 2274 3191 2329 Si
3224 2290 3350 2342 ergo
3370 2274 3539 2328 Filius
3561 2274 3613 2327 in

2034 2339 2192 2412 Patre
2226 2350 2390 2412 etmex
2436 2339 2626 2404 Patre,
2658 2343 2887 2412 Spiritus
2919 2339 3132 2398 sanctus
3164 2339 3318 2397 simul
3342 2352 3423 2399 est
3460 2353 3516 2397 et
3558 2343 3614 2397 in

2034 2409 2171 2481 Filio
2213 2420 2267 2464 et
2293 2411 2450 2465 Patre
2478 2429 2492 2477 ;
2523 2428 2626 2466 non
2675 2409 2757 2467 est
2800 2414 3037 2481 seiuncta
3089 2414 3324 2468 Trinitas
3353 2457 3367 2478 ,
3400 2415 3489 2468 ubi
3530 2422 3617 2467 est

2034 2480 2263 2554 perfecta
2293 2482 2484 2537 unitas.
2513 2483 2759 2538 Discedat
2778 2484 3007 2539 Arianus
3037 2484 3288 2539 confusus
3312 2500 3455 2551 reus,
3488 2484 3613 2554 quia

2034 2550 2265 2605 Trinitas
2287 2568 2425 2606 unus
2446 2562 2527 2608 est
2556 2554 2711 2608 Deus.

2104 2622 2330 2694 CAPUT
2364 2622 2604 2694 Vl.——8.
2653 2623 2820 2694 Virga:
2858 2633 2905 2678 et
2943 2624 3104 2678 crucis
3146 2624 3331 2678 Christi
3376 2624 3616 2693 mysteria

2036 2693 2370 2764 prosequitur.
2402 2692 2705 2764 Sanctorum
2735 2692 2962 2763 exempla
3002 2696 3137 2747 οινιηὶ
3168 2692 3617 2764 hominumgeneri

2035 2765 2311 2832 proposita.
2342 2763 2446 2818 Sed
2487 2764 2697 2833 quando
2739 2765 2852 2827 tibi,
2897 2780 3143 2834 perversa
3182 2764 3421 2828 haeresis,
3451 2763 3617 2819 verba

2035 2848 2151 2887 mea
2178 2833 2478 2911 proficiunt,
2510 2850 2631 2911 cum
2674 2835 2748 2889 sis
2787 2833 2930 2911 aspis
2969 2834 3147 2911 surda,
3182 2836 3436 2911 obturans
3459 2848 3618 2889 aures

2036 2918 2104 2957 ne
2146 2904 2330 2958 audias
2359 2919 2542 2959 vocem
2590 2905 3012 2963 incantantium‘!
3049 2905 3268 2959 Noveris
3300 2914 3349 2958 te
3380 2914 3556 2959 tamen
3584 2919 3616 2958 a

2035 2983 2284 3048 serpente
2332 2989 2451 3048 esse
2493 2975 2898 3048 comedendam,
2945 2975 3069 3029 dum
3115 2976 3419 3048 oves'quas
3468 2984 3618 3048 tenes

2035 3044 2292 3115 captivas,
2340 3044 2404 3097 ad
2439 3060 2591 3098 suum
2623 3046 2760 3100 ovile
2793 3047 2877 3099 illc
2918 3056 3096 3113 pastor
3121 3044 3414 3104 adduxerit.
3446 3056 3505 3097 ut
3548 3045 3618 3098 sit

2036 3129 2174 3186 unus
2196 3131 2334 3186 grex,
2356 3124 2409 3169 et
2439 3131 2575 3168 unus
2601 3126 2802 3186 pastor.
2836 3116 2923 3169 Ille
2952 3125 3132 3185 pastor
3159 3114 3619 3186 noster,_dilectis-

2036 3185 2178 3249 simi,
2204 3185 2289 3254 qui
2322 3184 2373 3256 in
2405 3186 2548 3253 virga
2581 3184 2748 3241 ferrea
2780 3184 2961 3256 pascit
2985 3196 3037 3241 et
3072 3187 3225 3255 regit,
3257 3184 3539 3253 confringit
3563 3194 3619 3240 et

2034 3256 2287 3326 restituit,
2322 3255 2436 3324 ipse
2464 3265 2647 3325 pastor
2669 3255 2915 3324 est,'ipse
2945 3268 3141 3321 rector,
3174 3258 3285 3326 ipse
3310 3256 3614 3326 fabricator,

2037 3326 2150 3395 ipse
2171 3324 2493 3380 architectus
2530 3338 2730 3381 noster.
2780 3327 3019 3396 Magnum
3062 3336 3113 3380 te
3144 3324 3406 3392 pastorem
3439 3325 3614 3391 video,

2038 3397 2259 3450 Domine
2285 3396 2432 3460 Jesn,
2461 3412 2586 3451 oves
2614 3405 2939 3464 pascentem,
2971 3406 3211 3451 errantes
3234 3397 3614 3464 requirentem,

2036 3467 2276 3521 inventas
2325 3482 2444 3521 cum
2492 3466 2686 3537 gaudio
2736 3468 2801 3521 ad
2841 3483 3053 3537 gregem
3102 3468 3203 3520 tuis
3256 3466 3493 3521 humeris
3535 3480 3619 3521 re-

2036 3546 2334 3607 portantem
2370 3555 2383 3590 :
2414 3553 2660 3607 magnum
2710 3546 2760 3592 te
2797 3539 3142 3592 architectum
3187 3537 3362 3598 video,
3412 3537 3617 3607 virgam

2037 3606 2355 3677 portantem,
2381 3608 2431 3661 in
2451 3608 2595 3676 virga
2622 3608 2961 3677 pendentem,
2984 3608 3124 3663 etde
3152 3608 3249 3662 ista
3278 3607 3420 3675 virga
3452 3606 3617 3660 multa

2036 3678 2287 3731 miracula
2321 3677 2619 3731 facientem.
2652 3677 2870 3731 Multum
2901 3692 3197 3747 expavesct)
3227 3677 3615 3747 expositionem

2037 3748 2204 3817 virga:
2242 3748 2417 3815 hujus,
2447 3748 2800 3812 dilectissimi,
2839 3746 3108 3801 dum'loca
3134 3747 3435 3801 divinarum
3476 3746 3620 3817 Scri-

2036 3816 2313 3887 pturarum
2358 3818 2659 3874 considero.
2694 3817 2853 3887 Virga
2884 3818 3044 3871 Maria
3093 3826 3296 3877 sancta,
3328 3816 3469 3883 virga
3503 3816 3618 3884 ipse

2036 3887 2300 3949 Christus,
2324 3888 2469 3955 virga
2499 3903 2645 3941 crux.
2683 3889 2739 3941 Et
2778 3887 2844 3942 de
2872 3888 2968 3943 ista
2997 3889 3139 3953 virga
3166 3901 3321 3955 quam
3349 3900 3536 3954 magna
3562 3894 3618 3940 et

2037 3959 2168 4013 mira
2211 3958 2337 4013 fecit
2379 3958 2465 4012 hic
2510 3958 2856 4018 architectus!
2904 3965 2958 4012 et
2996 3957 3239 4011 arborem
3282 3955 3406 4009 fecit
3443 3955 3618 4010 crucis

2039 4029 2126 4083 ubi
2168 4030 2279 4096 ipse
2317 4029 2582 4097 angularis
2627 4028 2876 4099 pependit
2900 4028 3054 4095 lapis,
3086 4037 3139 4099 et
3170 4025 3485 4099 scalascmli
3520 4040 3618 4099 per

2037 4114 2168 4169 quas
2189 4094 2467 4152 hominem
2499 4094 2708 4167 lapsum
2747 4099 2811 4152 ad
2842 4099 3059 4169 Patrem
3084 4097 3294 4169 levavit.
3324 4094 3491 4169 Quale
3518 4094 3619 4153 mi-

2038 4166 2298 4235 raculum,
2345 4166 2565 4231 fratres,
2601 4169 2753 4237 hujus
2791 4168 3087 4232 architecti,
3134 4176 3191 4221 ut
3229 4166 3296 4219 de
3340 4166 3483 4233 virga
3521 4180 3618 4220 sua

2039 4240 2234 4303 faceret
2263 4238 2453 4305 scalas,
2478 4248 2531 4292 et
2560 4240 2690 4293 tales
2711 4254 2934 4309 quarum
2967 4247 3123 4307 caput
3142 4238 3192 4309 in
3219 4237 3411 4309 caelum
3446 4250 3614 4302 pone-

2038 4320 2140 4373 ret,
2170 4318 2224 4363 et
2251 4325 2345 4378 per
2370 4325 2460 4364 eas
2502 4309 2614 4377 ipse
2648 4319 2702 4369 et
2730 4306 3039 4371 ascenderet
3068 4318 3123 4373 et
3151 4306 3520 4378 descenderet,
3558 4314 3617 4378 et

2039 4375 2883 4453 propter—confirmationemipse
2928 4394 3089 4451 super
3118 4394 3208 4453 eas
3252 4375 3614 4431 incumberet!

2040 4449 2283 4506 Ascendc
2320 4464 2560 4515 securus,
2606 4452 2693 4519 qui
2722 4449 2995 4504 desideras
3037 4450 3271 4519 caelum:
3302 4463 3406 4501 non
3435 4456 3486 4500 tc
3513 4454 3620 4519 ter-

2040 4532 2155 4575 reat
2197 4536 2380 4575 earnm
2421 4536 2518 4574 nec
2560 4516 2833 4591 angustia,
2881 4535 2980 4573 nec
3022 4518 3314 4591 longitudo,
3358 4532 3457 4571 nec
3496 4516 3618 4591 alti-

2041 4591 2200 4655 tudo;
2236 4591 2363 4644 nihil
2397 4592 2604 4655 timeas,
2632 4585 2739 4644 non
2771 4600 2956 4644 nutant
2982 4585 3173 4657 gradus
3202 4588 3338 4656 ejus,
3373 4601 3506 4657 quos
3530 4585 3618 4640 ille

2041 4661 2362 4716 architectus
2407 4662 2483 4715 sic
2511 4662 2863 4721 conllrmavit,
2912 4670 2965 4713 ut
3006 4661 3055 4713 in
3094 4660 3210 4728 ejus
3252 4659 3393 4726 ligno
3418 4670 3621 4728 manus

2041 4747 2165 4786 suas
2204 4732 2367 4786 clavis
2393 4731 2532 4801 altigi
2576 4732 2819 4785 voluerit.
2851 4730 2983 4784 Vide
3020 4726 3311 4801 has'scalas
3343 4726 3498 4801 hujus
3526 4739 3618 4779 ar-

2042 4802 2257 4857 chitecti
2308 4796 2624 4871 discipulum
2678 4802 2973 4869 apostolum
3018 4800 3237 4853 Paulum
3294 4807 3346 4851 et
3398 4796 3621 4871 demon-

2042 4883 2322 4936 strantem,
2355 4882 2407 4925 et
2434 4864 2628 4941 {gradus
2655 4864 2806 4941 quasi
2849 4878 3234 4941 numerantem_
3244 4875 3298 4941 et
3323 4864 3623 4941 ascenden-

2045 4953 2173 5005 tem,
2219 4951 2274 4998 ct
2312 4933 2469 5011 quam
2512 4933 2767 5009 plurimos
2809 4936 3387 5011 iuvitantemq:_Flecto_,_
3429 4933 3618 5011 inquit,

2043 5031 2205 5085 genua
2235 5004 2344 5066 med
2389 5013 2457 5064 ad
2490 5004 2694 5085 Patrem
2728 5006 2927 5064 Domini
2972 5009 3128 5085 nostri
3156 5007 3281 5061 Jesu
3327 5004 3534 5085 (ihristi,
3567 5015 3623 5085 ut

2043 5076 2125 5139 det
2154 5084 2289 5137 vobis
2324 5083 2742 5150 comprehendere
2785 5097 2899 5145 cum
2938 5077 3387 5150 omnibussanctis
3415 5090 3529 5150 qut?
3556 5076 3623 5130 sit

2044 5153 2265 5229 altitudo
2276 5163 2325 5229 et
2351 5146 2584 5229 latitudo,
2610 5152 2870 5229 longitudo
2894 5158 2939 5202 et
2966 5146 3517 5229 profundunt'ut‘phes.
3538 5161 3618 5229 l‘ll,

2045 5226 2113 5279 Η
2131 5233 2178 5278 et
2206 5222 2314 5294 18).
2347 5215 2584 5294 Quatuor
2610 5215 2803 5294 gradus
2832 5215 3007 5290 posuit
3043 5215 3236 5294 crucis.
3260 5215 3522 5294 Nouergo
3546 5215 3626 5269 la—

2043 5286 2284 5349 boriosm'
2317 5286 2441 5346 sunt
2470 5291 2551 5345 ha:
2592 5286 2786 5345 scalm:
2818 5286 3045 5358 quatuor
3080 5287 3275 5358 gradus
3303 5286 3521 5348 habent,
3570 5295 3627 5341 et

2044 5364 2340 5434 perducunt
2378 5362 2443 5415 ad
2472 5362 2686 5434 cmlum.
2735 5361 2788 5413 ln
2818 5358 3094 5434 altitudine
3128 5358 3496 5434 crnc_is_caput
3522 5371 3624 5434 νοτ

2045 5426 2200 5489 situm
2228 5444 2309 5487 est
2335 5432 2570 5487 crucifixi
2601 5450 2613 5484 :
2643 5445 2850 5485 sursum
2881 5445 2974 5484 cor
2994 5430 3183 5483 haheat
3212 5426 3535 5482 Christianus
3560 5426 3624 5481 ad

2046 5506 2348 5567 Dominum,
2381 5502 2519 5573 quod
2554 5503 2907 5573 interrogatus
2933 5501 3169 5573 quotidie
3214 5498 3535 5573 respondet;
3575 5508 3628 5551 et

2044 5574 2284 5631 ascendit
2331 5570 2490 5627 unum
2532 5570 2775 5639 gradum.
2818 5571 2876 5626 In
2913 5572 3190 5625 latitudine
3224 5570 3399 5625 crucis
3440 5582 3627 5639 manus

2044 5645 2215 5699 affixa:
2256 5654 2379 5698 sunt
2415 5635 2652 5697 cruciﬁxi
2686 5662 2697 5695 ε
2727 5651 3072 5713 perseverent
3119 5656 3307 5713 manus
3353 5635 3626 5713 christiani

2045 5717 2098 5789 in
2128 5716 2379 5789 operibus
2410 5716 2595 5789 bouis;
2624 5723 2679 5769 et
2704 5707 2992 5768 secundum
3008 5708 3532 5789 gradumnascendit:
3568 5707 3624 5789 lu

2046 5781 2371 5856 longitudine
2397 5787 2571 5841 crucis
2600 5799 2796 5854 corpus
2818 5783 3065 5856 pependit
3095 5781 3331 5856 crucifixi
3348 5781 3627 5856 _:__ca.stigct

2047 5847 2166 5925 quis
2203 5873 2397 5929 corpus
2425 5872 2577 5923 suum
2605 5847 3082 5927 observationibus,
3109 5851 3324 5921 jejuniis
3348 5847 3474 5919 illud
3505 5861 3625 5913 sus-
