4018 6532
483 448 586 505 699

484 563 718 635 pendat,
771 570 829 615 ut
874 560 1114 635 servituti
1159 559 1368 635 anime
1399 557 1676 635 subjiciat;
1735 564 1810 635 et_
1838 553 2054 635 tertium

483 625 714 705 "gradum
743 633 999 705 ascendit.
1045 631 1104 705 ln_
1144 627 1407 705 profundo
1460 625 1634 705 crucis
1662 625 1930 681 occultum
1976 634 2060 705 esi

482 695 624 774 quod
669 718 774 758 non
806 702 972 774 vides,
1012 701 1105 774 sed
1141 695 1266 774 inde
1309 699 1546 774 exsurgit
1574 698 1676 751 hoc
1715 705 1883 751 totum
1915 695 2058 765 quod

481 769 672 828 vides:
705 774 842 828 adsit
869 773 1001 828 lides
1039 772 1347 837 christiana,
1380 769 1523 839 quod
1565 784 1671 823 non
1697 775 1873 837 potest
1909 780 2062 820 com-

481 844 837 915 prehendere,
886 843 1068 917 credat
1119 841 1298 908 corde,
1347 841 1532 895 altiora
1576 853 1784 917 se_non
1835 843 2058 917 qumrat,

485 907 610 986 spes
639 931 758 986 eum
788 907 986 969 nutriat
1007 931 1030 986 ;_
1049 921 1103 967 et
1132 922 1257 967 tunc
1284 907 1528 986 quartum
1552 909 1771 986 gradum
1799 907 2059 962 ascendit.

555 929 610 968 es
639 931 758 968 eum
788 929 1019 976 nlllt‘lill;
1049 929 1103 967 et
1132 929 1257 967 tunc
1284 929 1528 1036 guartum
1552 929 1771 980 gradum
1799 929 2059 962 ascenun.

555 985 610 1040 9.
653 985 754 1039 Per
785 986 879 1038 hos
906 984 1105 1054 gradus
1126 999 1283 1038 ascen
1324 991 1479 1042 erunt
1507 980 1673 1035 sancti
1697 993 1904 1054 omnes,
1934 991 2064 1054 con-

483 1056 736 1120 tinentes,
779 1047 1042 1124 conjngati
1084 1053 1266 1109 fideles
1294 1071 1308 1108 :
1332 1061 1615 1124 evaserunt
1642 1050 1823 1124 ruinas
1853 1047 2059 1124 mundi,

484 1118 849 1196 migraverunt
877 1118 1080 1196 ad'loca
1111 1125 1394 1196 tutissima,
1437 1122 1525 1177 ubi
1548 1121 1658 1190 jam
1689 1135 1788 1196 nec
1807 1118 2064 1172 barbaros

483 1191 719 1271 timent,‘
745 1213 842 1250 nec
881 1195 1098 1264 fragiles
1136 1209 1292 1249 casus
1335 1193 1593 1271 humanos
1624 1191 1931 1271 exliorrcnt,
1965 1203 2066 1243 nec

483 1267 856 1335 corruptiones
881 1263 1142 1332 metuunt,
1167 1281 1264 1320 nec
1287 1263 1627 1335 aegritudines
1649 1263 1936 1335 patiuntur,
1968 1273 2066 1312 nec

485 1331 913 1411 tribulationibus
955 1331 1432 1411 afliiguntur,_nec
1477 1334 1646 1411 ipsam
1680 1331 1789 1411 iam
1837 1338 2064 1411 mortem

484 1410 696 1470 timent,
739 1406 830 1460 sed
872 1422 991 1460 cum
1025 1401 1132 1460 Deo
1176 1401 1404 1460 de'Deo
1449 1401 1650 1458 vivunt.
1682 1401 1828 1456 [Iane
1871 1401 2060 1464 vitam,

485 1477 834 1534 dilectissimi.
874 1492 1132 1542 amemus,
1179 1485 1512 1545 appctamtts,
1559 1473 1924 1545 desideremus
1955 1488 1968 1524 :
1999 1471 2063 1545 ad

485 1563 645 1624 quam
680 1548 853 1602 omnis
881 1547 967 1624 q_ui
1005 1539 1190 1624 currit,
1215 1539 1328 1601 non
1353 1543 1693 1624 graditur_via
1716 1539 2065 1624 Apedumnsed

485 1614 568 1669 via
619 1633 847 1671 morum.
895 1617 1025 1671 Boni
1072 1632 1199 1687 ergo
1240 1614 1422 1671 mores
1459 1614 1819 1684 requirantur,
1863 1614 1970 1687 ipsi
2013 1614 2066 1664 in

486 1688 734 1741 omnibus
773 1682 1392 1756 inveniantur.'Uterque
1438 1682 1599 1756 sexus
1625 1693 1692 1756 et
1723 1682 1909 1756 omnis
1937 1689 2066 1735 tetas

486 1757 648 1811 habet
685 1760 736 1811 in
767 1757 868 1812 hoc
911 1766 1214 1813 sanctorum
1243 1753 1520 1810 hominum
1548 1753 1857 1808 imitationis
1881 1765 2068 1807 exem-

486 1828 652 1896 plum.
682 1827 958 1882 Imitentur
993 1843 1150 1882 senes
1179 1843 1354 1882 mores
1383 1827 1585 1890 Tobias,
1615 1824 1705 1895 qui
1744 1837 1865 1896 cum
1895 1837 2067 1896 caecus

486 1891 629 1968 esset
659 1913 906 1968 corpore,
928 1899 1068 1953 viam
1091 1899 1211 1952 vitae
1237 1898 1345 1952 ﬁlio
1368 1891 1767 1952 demonstrabat
1795 1894 1848 1948 in
1880 1891 2064 1968 corde.

485 1967 579 2022 Ille
607 1983 728 2022 eum
758 1962 916 2022 manu
947 1968 1175 2024 ducebat
1215 1969 1270 2024 in
1314 1977 1474 2028 terra.
1512 1975 1566 2022 et
1609 1975 1760 2036 pater
1797 1962 2068 2036 monendo

471 2053 607 2091 'eum
655 2039 973 2106 perducebat
1015 2039 1082 2093 ad
1126 2040 1341 2095 coelum.
1382 2035 1658 2093 Imitentur
1697 2035 2066 2090 adolescentes

469 2107 685 2179 'Joseph
732 2119 1005 2176 sanctum,
1059 2111 1338 2180 pulchrum
1390 2124 1650 2179 corpore,
1704 2106 2063 2178 pulchriorem

1505 440 1736 497 SERth
1789 439 1873 494 DE
1913 437 2235 494 TEMPORE
2276 439 2679 496 BARBARICO.

3657 441 3762 498 Ἰοὓ

2170 564 2347 611 mente
2375 573 2387 608 :
2417 572 2577 626 quem
2598 555 2813 612 castitas
2855 556 2934 610 sic
2979 554 3309 626 possederat,
3359 563 3417 610 ut
3492 555 3762 612 irruentes

2169 627 2328 681 mium
2366 627 2596 682 dominae
2635 626 2873 681 mulieris
2918 627 3195 696 impudica:
3239 641 3344 681 non
3371 637 3593 694 possent
3637 643 3761 683 eum

2171 697 2390 761 violare,
2439 713 2536 752 nec
2577 699 2810 763 mente‘,
2855 711 2955 752 nec
2998 712 3243 766 corpore,
3284 697 3438 766 cujus
3461 696 3573 767 jam
3618 697 3760 754 Deus

2169 768 2481 836 possederat
2524 776 2778 822 mentem.
2826 767 3103 824 Imitentur
3129 768 3363 838 virgines
3405 777 3607 822 sanctae
3639 782 3763 822 san-

2169 847 2307 891 ctam
2353 839 2560 892 Domini
2610 838 2692 892 sui
2731 847 2956 893 matrem
2995 836 3232 893 Mariam:
3282 836 3563 892 Imitentur
3588 838 3763 896 vidua:

2170 910 2469 978 religiosam
2506 909 2718 963 viduam
2764 910 3011 964 Annam:
3043 910 3316 964 imitentur
3359 919 3409 964 et
3459 909 3762 980 conjugata:

2171 988 2371 1052 castam
2390 980 2721 1052 (Susannam.
2743 980 2904 1052 Virgo
2929 989 3102 1036 mater
3125 980 3266 1052 quod
3290 980 3454 1042 vovit,
3481 981 3760 1052 implevit:

2169 1049 2324 1104 Anna
2351 1051 2504 1104 vidua
2552 1052 2602 1105 in
2634 1049 2966 1106 orationibus
2995 1062 3048 1106 et
3071 1051 3290 1122 jejuuiis
3319 1065 3486 1121 usque
3517 1051 3569 1104 in
3601 1053 3762 1122 linem

2172 1121 2621 1188 perseverantiam
2667 1123 2876 1177 tenuit:
2912 1120 3156 1177 Susanna
3204 1130 3346 1176 casta
3378 1120 3475 1189 pro
3505 1120 3762 1190 pudicitia

2171 1191 2431 1260 conjugali
2461 1207 2625 1260 usque
2649 1192 2714 1247 ad
2745 1193 3038 1261 periculum
3081 1193 3270 1248 mortis
3301 1192 3550 1247 accessit.
3575 1193 3764 1247 Inten-

2171 1261 2303 1324 dite,
2336 1263 2649 1332 conjugatae,
2684 1264 2854 1332 qualis
2889 1262 3041 1318 vobis
3070 1264 3227 1331 hujus
3257 1277 3286 1316 a
3315 1261 3590 1330 Scriptura
3632 1277 3764 1316 san-

2171 1340 2256 1386 cta
2297 1332 2528 1403 imitatio
2564 1343 2906 1402 proponatur.
2962 1334 3077 1389 Non
3133 1335 3274 1388 enim
3320 1349 3439 1387 eam
3481 1333 3760 1403 prmdicat,

2171 1401 2312 1472 quod
2340 1401 2501 1458 fuerit
2524 1401 2677 1470 auro,
2709 1404 2994 1459 monilibus
3033 1405 3111 1459 vel
3144 1416 3292 1458 vesw
3329 1401 3562 1473 pretiosa
3590 1403 3762 1457 forin-

2172 1487 2327 1545 secus
2356 1483 2588 1545 compta,
2635 1489 2757 1528 cum
2804 1475 2964 1529 fuerit
2999 1477 3320 1530 intrinsecus
3357 1474 3559 1542 pudore
3598 1475 3763 1529 casti-

2173 1544 2295 1614 tatis
2323 1544 2530 1599 ornata.
2555 1545 2813 1601 Omnibus
2833 1546 2992 1599 vitam
3014 1546 3248 1611 donavit,
3273 1546 3360 1614 qui
3387 1546 3555 1598 bonos
3585 1559 3764 1599 mores

2173 1613 2418 1686 instituit.
2464 1615 2754 1686 Propterea
2800 1632 3026 1686 namque
3057 1618 3171 1686 ipse
3213 1613 3298 1670 vir
3333 1615 3400 1670 de
3446 1614 3646 1669 femina
3681 1625 3760 1671 est

2173 1685 2322 1756 nasci
2341 1685 2606 1756 dignatus.
2637 1687 2760 1756 quia
2782 1687 2849 1741 ab
2875 1685 2989 1755 ipso
3019 1685 3242 1756 uterque
3268 1701 3426 1740 sexus
3455 1695 3538 1741 εει
3560 1687 3762 1756 libera-

2175 1762 2280 1826 tus.
2310 1755 2470 1811 Multa
2505 1755 2754 1821 diximus,
2785 1757 3138 1812 intentissime
3160 1755 3415 1820 audistis,
3447 1755 3636 1826 epulas
3665 1757 3764 1810 do-

2173 1825 2398 1898 minicas
2445 1828 2796 1882 libentissime
2851 1828 3160 1883 comedistis
3201 1845 3214 1880 :
3260 1825 3540 1898 rependite
3590 1828 3762 1882 vicem

2175 1897 2526 1953 ministratori
2563 1906 2763 1967 vestro,
2802 1908 2860 1954 ut
2901 1899 2947 1955 si
2975 1915 3083 1955 non
3111 1897 3533 1966 verbo,"saltem
3561 1899 3758 1954 vestris

2174 1967 2504 2024 orationibus
2529 1984 2736 2040 pascar.

2239 2107 2258 2139 ί
2292 2107 2458 2167 Abest,
2473 2119 2563 2158 nec
2580 2112 2752 2169 mente,
2769 2109 2830 2158 ab
2853 2114 2926 2157 Er.
2947 2115 2999 2159 et
3021 2120 3049 2157 a
3066 2115 3174 2159 Mss.

1799 2347 2414 2476 SERMO

1592 2556 1698 2616 DE
1738 2557 2115 2619 ΤΕΜΡΟΒΕ
2155 2558 2631 2622 BARBARICO.

1949 2687 2315 2745 eccm-ﬁmo

551 2809 774 2869 CAPUT
822 2810 1105 2890 PRIM_UM.
1145 2838 1216 2850 —
1254 2810 1307 2890 ι.
1362 2805 1719 2890 Paenitentiam:
1763 2809 2068 2890 ᾳηῳιεεέεη-
2152 2809 2400 2890 viderint,
2432 2813 2880 2890 quemadmodum
2917 2815 2987 2872 ab
3020 2831 3343 2890 cocomnem
3387 2834 3539 2890 spem
3578 2824 3768 2881 salutis

481 2883 600 2936 dam
642 2899 766 2946 esse,
813 2899 926 2935 cum
958 2881 1092 2936 Deus
1134 2888 1337 2950 prapter
1401 2888 1603 2950 peccata
1645 2879 1890 2948 ﬂagellat.
1939 2878 2065 2950 Fla-

483 2954 614 3020 gello
664 2953 761 3006 Dei
802 2969 973 3006 omnes
1017 2948 1452 3020 meritoi‘conteri.
1502 2948 1768 3003 Admonet
1811 2949 2066 3005 Dominus

481 3012 624 3078 Deus
666 3033 868 3088 noster,
918 3038 1023 3076 non
1063 3036 1160 3076 nos
1186 3019 1382 3075 debere
1421 3020 1688 3088 negligere
1735 3028 1915 3073 nostra
1944 3034 2068 3088 pec-

485 3105 624 3155 cata,
675 3093 887 3163 quando
940 3092 1100 3146 talem
1159 3090 1901 3163 demonstrat_iram__suam.
1947 3090 2068 3163 Ipse

485 3159 856 3233 quippe'jttste
897 3163 1046 3232 punit
1096 3170 1404 3233 nocentem,
1439 3160 1560 3233 quia
1616 3159 1817 3213 nullum
1863 3159 2069 3215 invenit

481 3230 856 3304 poenitentem.
890 3230 1129 3304 Quoties,
1157 3231 1505 3304 dilectissimi,
1537 3230 1879 3304 intonuerunt
1909 3240 2067 3304 atque

484 3302 732 3358 iutonant
773 3303 912 3357 tubae
941 3303 1130 3357 divina:
1157 3320 1170 3355 :
1195 3302 1339 3372 Agite
1365 3302 1705 3372 pmnitcmimn
1729 3314 1751 3372 ;r
1788 3303 2068 3371 appropin-

482 3376 651 3441 quavit
681 3375 812 3427 enim
841 3375 908 3426 ad
945 3389 1029 3427 vos
1055 3369 1262 3444 regnum
1311 3369 1548 3444 scelerum
1576 3369 1786 3444 (Matth.
1821 3369 2066 3444 mir)?

485 3445 552 3499 Et
580 3446 774 3499 clausis
811 3445 1028 3498 auribus
1056 3443 1253 3508 cordis,
1299 3443 1465 3512 magis
1507 3443 1789 3512 operamur
1823 3443 1982 3506 mala,
2013 3451 2068 3498 et

483 3517 712 3584 petimus
745 3523 800 3568 ut
827 3515 1040 3568 veniant
1061 3515 1216 3567 bona.
1247 3512 1351 3567 Sed
1378 3511 1560 3584 talium
1583 3511 1838 3584 judicium
1863 3512 2066 3584 justum

483 3582 612 3639 dicit
649 3600 769 3641 esse
810 3585 1113 3651 Apostolus.
1159 3584 1215 3638 ln
1244 3598 1308 3637 eo
1335 3583 1474 3636 enim
1507 3583 1622 3652 ipso
1664 3582 1804 3652 quod
1836 3582 1958 3637 talia
1989 3597 2068 3638 sa-

483 3657 634 3725 piunt
661 3656 747 3724 qui
776 3655 905 3710 tales
935 3662 1078 3721 sunt,
1109 3669 1172 3709 ex
1205 3653 1358 3707 malis
1378 3652 1809 3725 operibusposse
1839 3668 1897 3708 se
1926 3653 2065 3709 bona

486 3723 781 3795 suscipere,
827 3725 1068 3780 obdurati
1108 3733 1251 3788 sunt,
1281 3724 1605 3793 paenitentia:
1634 3723 1805 3777 locum
1833 3738 1945 3795 non
1987 3739 2068 3780 re-

483 3797 717 3866 quirunt.
751 3796 937 3850 Merito
957 3797 1096 3863 justo
1123 3795 1366 3864 judicati,
1397 3795 1485 3864 qui
1516 3809 1545 3848 a
1574 3794 1874 3863 semetipsis
1912 3794 2065 3866 inre-

484 3864 700 3920 niuntur
746 3876 864 3921 eSSe
907 3865 1162 3920 damnati.
1206 3866 1357 3920 Licet
1394 3880 1499 3918 non
1543 3879 1729 3919 omnes
1771 3872 1949 3936 tangat
1977 3864 2065 3920 hic

482 3946 671 3991 noster
698 3951 893 3999 sermo,
925 3952 1110 3991 omnes
1138 3944 1316 3990 tamen
1351 3936 1596 4003 astringit
1625 3950 1802 3988 sermo
1830 3935 2061 4002 divinus,

482 4009 667 4063 dicens
693 4025 704 4059 :
734 4007 919 4061 Omnes
948 4008 1342 4069 declinaverunt,
1364 4006 1515 4060 simul
1537 4005 1739 4060 inutiles
1771 4005 1891 4074 facti
1911 4014 2028 4059 sunt
2045 4023 2066 4069 ,'

481 4096 582 4130 non
627 4087 698 4131 εει
741 4079 826 4144 qui
874 4079 1026 4144 faciat
1077 4077 1282 4143 bonum,
1333 4093 1431 4130 non
1483 4085 1554 4131 εει
1600 4093 1756 4144 usque
1801 4077 1868 4129 ad
1910 4091 2066 4130 unum

484 4096 582 4130 non
627 4087 698 4131 εει
741 4080 826 4144 qui
895 4080 1026 4131 aciat
1077 4080 1282 4143 bonum,
1333 4093 1431 4130 non
1483 4085 1554 4131 εει
1600 4093 1756 4144 usque
1801 4080 1868 4129 ad
1910 4091 2060 4130 unum

484 4147 654 4217 (Psal.
693 4164 804 4210 xm,
838 4080 918 4218 ὃς.
964 4147 1243 4214 Quomodo
1289 4161 1497 4218 omnes,
1534 4155 1595 4218 et
1639 4145 1906 4218 quomodo
1933 4161 2060 4218 non

481 4216 704 4272 Omnes?
741 4216 1018 4285 Quomodo
1053 4233 1156 4270 non
1182 4217 1408 4271 omnes?
1447 4217 1578 4283 Quia
1622 4225 1744 4270 sunt
1794 4216 1943 4270 multi
1973 4217 2065 4285 qui

482 4296 701 4356 gemunt
748 4299 800 4341 et
838 4287 1019 4341 dolent
1065 4287 1133 4342 ob
1180 4287 1481 4356 iniquitates
1523 4299 1639 4356 qua:
1680 4288 1809 4340 liunt
1848 4287 1900 4340 in
1947 4302 2063 4342 me—

481 4359 571 4412 dio
607 4358 1091 4420 eorum,'volenles
1138 4358 1416 4417 resistere;
1460 4357 1553 4412 sed
1604 4357 1793 4411 timore
1836 4357 2064 4410 szerula-

482 4429 621 4482 rium
653 4443 832 4482 rerum
875 4444 982 4482 non
1020 4426 1296 4494 audentes,
1340 4443 1472 4497 quas
1515 4425 1688 4481 adlmc
1718 4427 1802 4481 vel
1844 4427 2064 4493 adipisci

483 4498 751 4552 desiderat
798 4497 1025 4552 humana
1077 4498 1360 4568 fragilitas,
1400 4498 1484 4552 vel
1520 4498 1765 4552 amittere
1817 4497 2063 4552 formidat

482 4569 783 4623 infirmitas.
833 4568 1136 4623 Secundum
1175 4569 1223 4621 id
1253 4568 1390 4636 quod
1443 4568 1644 4631 dolent,
1687 4583 1791 4621 non
1835 4583 2060 4623 omnes:

481 4640 772 4694 secundum
793 4638 930 4708 quod
958 4654 1068 4693 rem
1101 4654 1204 4692 non
1228 4638 1513 4692 timendam
1547 4640 1749 4702 timent,
1776 4654 1947 4692 omnes
1972 4639 2062 4692 de-

482 4709 814 4773 clinaverunt,
845 4709 999 4763 simul
1034 4710 1236 4764 inutiles
1279 4710 1398 4779 facti
1438 4718 1587 4774 sunt;
1615 4709 1738 4776 quia
1776 4709 1894 4778 plus
1921 4709 2064 4763 aesti-

481 4791 658 4835 matur
704 4782 864 4834 timor
906 4779 1156 4843 hominis,
1205 4795 1361 4849 quam
1412 4780 1570 4834 timor
1610 4779 1724 4843 Dei,
1771 4787 1825 4833 et
1872 4779 2063 4848 praefe-

480 4860 608 4906 runt
637 4851 879 4905 homines
917 4865 1004 4904 res
1042 4865 1173 4919 quas
1215 4859 1534 4920 acceperunt
1568 4865 1598 4903 a
1649 4850 1758 4904 Deo
1782 4849 1895 4920 ipsi
1927 4851 2059 4906 Deo.

481 4921 558 4977 Nc
609 4937 700 4977 eas
744 4922 891 4975 tollat
935 4920 1104 4975 malus
1151 4919 1733 4982 homo,’contemnitur
1779 4919 1918 4974 Deus
1968 4937 2064 4985 per

481 5009 640 5062 quem
669 4992 840 5047 factus
869 5002 951 5046 est
974 4991 1153 5045 homo.
1183 4990 1382 5046 Vellem
1421 5005 1512 5044 vos
1538 4990 1863 5062 quidemqui
1890 4990 2062 5062 adhuc

483 5060 615 5118 tales
639 5064 788 5130 estis,
819 5071 872 5116 et
910 5077 1093 5117 amore
1119 5077 1294 5117 rerum
1332 5062 1663 5116 saecularium
1691 5060 1904 5130 obligati
1935 5077 2060 5124 pec-

480 5134 722 5188 cantibus
763 5141 854 5187 aut
876 5134 1114 5204 parcitis,
1143 5141 1237 5204 aut
1263 5132 1480 5204 favctis;
1510 5133 1698 5186 vellem
1728 5147 1822 5204 vos
1847 5131 2061 5204 quidem

480 5204 743 5273 aliquibus
799 5201 1254 5258 exhortationibus
1309 5203 1624 5264 admonere,
1675 5201 1803 5270 quid
1853 5202 1936 5255 cui
1981 5202 2060 5256 rei

481 5289 792 5342 praeponere
841 5273 1079 5329 debeatis
1119 5291 1132 5327 :
1166 5273 1268 5328 nisi
1316 5289 1412 5328 nos
1465 5273 1655 5327 ﬂuvius
1709 5274 2059 5343 lacrymarum

479 5344 823 5410 compelleret
845 5344 1091 5415 plangere
1115 5359 1208 5400 eos
1230 5345 1319 5415 qui
1345 5351 1586 5414 peccant,
1610 5352 1663 5398 et
1689 5343 2060 5415 noluutagere

480 5415 866 5482 penitentiam.
906 5413 1149 5470 Si’esset
1196 5413 1259 5468 in
1301 5415 1456 5470 nobis
1506 5415 1768 5468 humanus
1816 5413 2056 5477 affectus,

479 5483 524 5553 si
556 5494 701 5553 esset
729 5484 1110 5553 compassionis
1148 5499 1356 5550 sensus,
1386 5485 1544 5538 unius
1576 5483 1805 5538 hominis
1830 5494 2058 5538 mortem

479 5551 631 5619 ﬂere,
673 5551 861 5606 dolere
892 5568 960 5625 ac
984 5555 1236 5623 plangere
1272 5554 1590 5609 deberemus
1619 5572 1632 5607 :
1659 5554 1851 5624 quibus
1879 5553 2053 5625 lacry-

478 5625 615 5684 mis,
643 5637 779 5693 Aquo
829 5624 1059 5691 gemitu,
1104 5625 1294 5693 quibus
1343 5625 1637 5693 planctibus
1688 5624 2054 5692 exagitamur,

476 5691 810 5762 quandoaut
849 5691 1135 5763 maximam
1170 5691 1395 5763 partem,
1436 5702 1524 5747 aut
1553 5710 1690 5763 pene
1717 5691 1878 5748 totam
1916 5696 2057 5763 plan-

478 5761 654 5834 gimus
681 5762 987 5834 civitatem?
1016 5761 1186 5833 [Eger
1209 5772 1292 5817 est
1319 5763 1536 5834 charus,
1557 5761 1618 5820 'ct
1645 5780 1776 5818 vena
1803 5761 2057 5832 ejus'nta-

478 5835 584 5887 lum
612 5833 903 5896 renuntiat;
945 5849 1128 5888 omnes
1158 5834 1245 5902 qui
1277 5849 1397 5888 cum
1429 5833 1666 5901 diligunt,
1700 5842 1959 5902 aegrotant
1982 5835 2053 5889 si-

478 5903 584 5960 mul
623 5905 821 5961 animo.
867 5903 924 5961 Si
962 5919 1084 5958 cum
1123 5913 1176 5957 ct
1220 5905 1270 5957 in
1314 5903 1424 5967 ipsa
1465 5903 1633 5958 vicina
1674 5913 1843 5962 morte
1877 5904 2052 5960 ridere

2174 2881 2407 2964 ablatam
2451 2881 2711 2964 Sentium,
2746 2902 3005 2964 _eumquc_
3034 2888 3221 2964 adhuc
3271 2881 3452 2945 vivum
3511 2901 3764 2964 tanquam

2175 2961 2446 3033 mortuum
2479 2956 2670 3009 merito
2709 2957 3006 3033 plangunt?
3034 2957 3183 3033 Inter~
3205 2968 3377 3016 tantas
3406 2956 3686 3033 angustias
3715 2977 3768 3023 et

2176 3023 2229 3076 in
2266 3023 2383 3105 ipso
2412 3024 2516 3105 fine
2553 3023 2734 3080 rerum
2780 3023 2948 3095 poSita
2988 3039 3072 3084 est
3097 3031 3343 3105 universa
3387 3023 3684 3105 profvincia,
3714 3047 3767 3093 et

2174 3095 2411 3175 quoiidie
2437 3095 2841 3175 frequentantur
2871 3101 3173 3175 spectacula
3192 3119 3212 3175 _:
3243 3095 3459 3172 sanguis
3487 3095 3764 3162 hominum

2175 3165 2414 3232 quotidie
2450 3165 2688 3220 funditur
2735 3168 2786 3221 in
2832 3165 3052 3236 mundo,
3098 3180 3151 3226 et
3189 3165 3566 3229 insanientium
3606 3193 3766 3235 voces

2175 3237 2441 3316 crepitant
2466 3239 2516 3291 in
2537 3237 2700 3316 circo.
2730 3237 2775 3292 Ο
2797 3239 3200 3316 ρΙειιριυξλίιιῑιιιὶ
3225 3244 3444 3316 tristitia
3460 3249 3760 3316 acceptior!

2177 3305 2482 3384 9_plancttts
2508 3308 2653 3384 omni
2685 3305 2935 3384 maestitia
2958 3311 3222 3384 affligens
3251 3317 3377 3370 cor!
3424 3305 3761 3374 Libet-ﬂere.

2173 3373 2484 3458 Plangimus
2520 3379 2684 3443 enim,
2718 3379 3073 3458 diiectissimi,
3092 3373 3155 3438 Et
3183 3385 3382 3458 illoscet
3415 3402 3532 3458 nos,
3557 3373 3682 3458 quia
3710 3373 3766 3446 et

2174 3459 2274 3525 nos
2301 3449 2447 3525 digni
2487 3463 2678 3525 sumus
2687 3451 2788 3525 (qui
2818 3466 2939 3506 cum
2965 3455 3160 3525 talibus
3176 3455 3379 3525 (merito
3407 3449 3760 3525 ﬂagell'emur.

2173 3514 2282 3573 Nos
2295 3514 2460 3596 enim,
2490 3534 2610 3596 cum
2631 3514 2764 3596 alios
2780 3536 3090 3596 accusamus
3117 3524 3190 3596 (ιι)
3209 3542 3226 3591 ;
3244 3540 3432 3582 omnes
3460 3514 3670 3584 declina
3680 3514 3761 3586 vi;

2173 3601 2314 3676 mus,
2363 3589 2523 3676 simul
2582 3589 2797 3647 inutiles
2844 3593 2970 3674 facii
3021 3589 3227 3676 sumus,
3274 3611 3496 3676 prorsus
3549 3617 3758 3656 omnes.

2172 3655 2362 3734 ﬁullus
2390 3669 2496 3734 est”
2505 3671 2828 3734 excusatus;
2859 3663 2981 3730 quia
3013 3666 3133 3719 talis
3167 3655 3249 3720 est
3269 3655 3452 3734 iudex,
3485 3677 3546 3723 ut
3582 3655 3760 3728 omnis

2172 3726 2335 3809 homo
2369 3729 2436 3809 ab
2465 3731 2555 3809 illo
2585 3726 2888 3809 inveniatur
2927 3749 3073 3809 reus.
3102 3735 3227 3789 Cum
3265 3726 3406 3792 enim
3441 3726 3563 3794 'Rea:
3582 3726 3758 3809 justus

2171 3799 2430 3875 sederitin
2452 3801 2650 3875 throno,
2673 3804 2782 3871 quis
2808 3804 3105 3875 gloriabitur
3125 3817 3317 3860 castum
3344 3825 3398 3863 εε
3421 3799 3605 3865 habere
3631 3829 3719 3868 cor
3735 3815 3761 3868 Ρ

2172 3877 2276 3952 cut
2311 3871 2711 3952 luisﬁgloriabitur
2728 3871 2969 3928 mundum
2985 3893 3038 3930 se
3060 3889 3167 3932 esse
3185 3894 3216 3931 a
3232 3890 3434 3950 peccato
3457 3879 3639 3952 (Prov.
3665 3900 3756 3951 xx,

2241 4009 2297 4064 2.
2338 4009 2567 4069 Advenit
2601 4023 2817 4088 tempus
2833 4015 2956 4072 illud
2999 4019 3137 4088 quod
3181 4021 3423 4088 praedixit
3451 4020 3755 4080 Dominus:

2172 4079 2489 4160 Putas,_cum
2536 4079 2743 4160 veneri;
2769 4086 2936 4160 ilius
2980 4079 3218 4160 hominis,
3260 4093 3474 4146 inveniet
3505 4079 3758 4160 ﬁdentia

2172 4152 2479 4234 terra.(f_.ue.
2504 4172 2652 4234 xviii,
2696 4156 2789 4234 8)?
2814 4158 2946 4234 Quis
2986 4159 3145 4215 habet
3186 4152 3390 4218 iidem?
3425 4152 3545 4232 quis
3589 4165 3760 4221 credit

2171 4225 2383 4305 verbis?
2413 4225 2642 4305 Audebit
2671 4225 2858 4305 aliquis
2881 4239 3117 4305 nostrum
3142 4225 3538 4305 assignarecsibi
3569 4234 3754 4305 ﬁdem,

2169 4294 2876 4370 quamlo_audithominum
2907 4299 3169 4355 dicentem
3207 4294 3479 4370 discipulis
3513 4322 3526 4358 :
3559 4305 3623 4359 Si
3659 4294 3755 4360 ha;

2169 4363 2346 4444 (feretis
2373 4365 2522 4434 fidem
2545 4369 2673 4444 sicut
2699 4384 2911 4444 granum
2939 4372 3149 4444 sinapis,
3172 4363 3398 4428 diceretis
3423 4375 3594 4429 arbori
3619 4378 3754 4444 huic,

2171 4433 2478 4506 lii-adicere.
2529 4449 2576 4491 et
2616 4433 2848 4506 plaittare
2889 4442 2944 4494 in
2995 4433 3160 4506 mari
3199 4453 3248 4497 et
3294 4445 3579 4499 obaudiaset
3622 4433 3756 4502 vobis

2171 4502 2280 4572 (Id.
2301 4522 2439 4587 .xvn,
2469 4507 2564 4580 6)?
2592 4502 2720 4577 Quis
2748 4502 3395 4587 s_ibi_audehi_t_assignare
3425 4517 3568 4584 quod
3603 4517 3755 4573 faciat

2169 4583 2346 4658 cmni‘a
2385 4594 2504 4647 quae
2549 4583 2817 4658 prtecepit
2846 4583 3024 4658 Deus?
3068 4583 3258 4658 Nemo,
3314 4583 3530 4658 prorsus
3575 4604 3750 4644 nemo.

2167 4645 2633 4720 Praedicainusfct
2661 4645 2764 4704 non
2793 4651 3013 4707 facimus
3039 4671 3051 4706 :
3079 4645 3292 4720 auditis,
3315 4645 3393 4710 ἐι
3435 4655 3613 4713 facere
3651 4676 3751 4714 non

2168 4718 2384 4772 curatis.
2417 4719 2601 4794 Merito
2638 4736 2824 4777 omnes
2866 4723 2966 4778 sub
3010 4723 3239 4794 ﬂagello,
3280 4718 3336 4781 et
3371 4727 3559 4781 doctor
3590 4738 3645 4783 et
3672 4728 3752 4784 fa-

2167 4795 2304 4863 ctor,
2331 4790 2616 4863 etauditor
2644 4802 2697 4846 et
2721 4790 3392 4863 contemptorCStudemus
3413 4797 3642 4854 invicem
3672 4815 3755 4855 re—

2167 4857 2521 4941 prehendere,
2554 4871 2608 4941 et
2633 4878 2738 4917 non
2765 4857 3050 4941 studemus
3069 4881 3229 4941 opera
3255 4878 3433 4941 nostra
3461 4869 3747 4927 discutere.

2168 4928 2407 5007 Detrahit
2426 4933 2703 5007 proximus
2728 4935 2991 5007 proximo,
3019 4928 3250 4991 detrahit
3278 4939 3504 4993 clericus
3533 4941 3748 5007 clerico,

2167 4998 2400 5055 detrahit
2423 5000 2589 5076 laicus
2625 4998 2778 5059 laico.
2811 4998 2984 5061 Video
3001 5008 3215 5076 quidem
3244 5023 3302 5064 se
3338 5010 3564 5065 invicem
3597 4998 3754 5067 accu;

2168 5072 2525 5153 santeshsed
2574 5076 2838 5153 neminem
2885 5072 3043 5153 video
3083 5079 3230 5153 juste
3273 5095 3332 5153 se
3380 5091 3748 5137 excusantem.

2167 5137 2540 5221 Unusquisque
2574 5146 2738 5221 enim,
2769 5137 3118 5221 dilectissimi,
3145 5150 3414 5219 proprium
3453 5167 3591 5206 onus
3624 5169 3747 5221 por-

2167 5217 2263 5290 tat.
2295 5213 3094 5290 {Volite_detralterealterutrum,
3124 5213 3322 5288 fratres,
3368 5223 3440 5274 ait
3472 5213 3746 5290 apostolus

2165 5279 2438 5363 Iacobus.-
2460 5283 2560 5363 Qui
2589 5287 2730 5363 enini
2749 5287 2968 5363 detrahit
2995 5279 3141 5363 fratri
3177 5301 3266 5344 aut
3282 5279 3482 5360 j'udicat
3511 5279 3742 5363 'fratrem,

2166 5351 2392 5434 detrahit
2420 5355 2518 5424 legi
2547 5365 2592 5434 et
2609 5358 2813 5434 judicth
2842 5351 3018 5434 (egeni.
3149 5351 3316 5416 autem
3330 5351 3538 5434 judicas
3568 5351 3746 5434 legem,

2165 5438 2265 5504 non
2293 5440 2343 5504 es
2363 5425 2532 5504 factor
2551 5425 2693 5498 legis,
2725 5429 2813 5484 sed
2830 5425 3014 5504 judex.
3069 5431 3212 5487 Unus
3229 5442 3298 5488 εει
3330 5425 3465 5504 enim
3494 5425 3750 5504 legislator

2165 5502 2210 5545 et
2227 5497 2414 5575 judge},
2446 5499 2532 5575 qui
2556 5497 2716 5568 pateat
2733 5497 2972 5575 perdere
2995 5512 3041 5555 et
3063 5504 3294 5558 liberare.
3336 5503 3413 5558 Tu
3447 5497 3615 5559 uulém
3641 5508 3749 5575 qui:

2164 5567 2571 5644 εεηςιιιξέιεςὶςᾳε
2600 5567 2887 5644 prcximum
2915 5571 3118 5643 (Jacobi
3147 5590 3222 5635 IV.
3248 5577 3484 5644 11-15)?

2197 5706 2209 5717 .
2233 5634 2464 5717 ICAPU'I:
2484 5637 2546 5692 ιι.
2671 5641 2722 5695 5.
2761 5634 3068 5697 Ρωηὶἱεηιὶα
3095 5634 3312 5717 agenda,
3343 5634 3617 5716 antequam
3636 5663 3746 5701 suc-

2162 5706 2361 5787 cidatur
2387 5710 2554 5762 arbor.
2593 5709 2709 5787 _Nec
2732 5721 2904 5768 tamen
2950 5729 3109 5770 voces
3127 5706 3544 5787 "detrahentium
3586 5718 3747 5772 silen-

2164 5781 2292 5831 tium
2321 5790 2544 5848 possunt
2589 5781 2867 5851 imponere
2917 5787 3080 5841 verbo
3121 5787 3234 5842 Dei.
3264 5785 3470 5844 Clamat
3513 5789 3600 5844 ille
3646 5805 3738 5860 per

2226 5911 2298 5974 (ει)
2333 5917 2470 5962 Forte
2493 5912 2780 5978 addendum,
2800 5928 2882 5969 nos
2900 5929 3200 5970 tremamus.
