4106 6552
262 438 351 491 701

260 551 444 613 bonos,
492 558 541 602 ct
588 565 681 619 per
710 549 882 603 malos
912 548 1489 621 :_Agite_prrnitentiam
1512 591 1527 615 ,
1562 551 1846 621 appropin-

255 622 421 689 quavit
455 622 520 673 ad
557 618 643 692 res
684 636 893 692 regnum
933 619 1047 692 Dei.
1081 618 1401 692 A’Aoiite_esse
1440 618 1695 675 auditores
1725 623 1848 692 legis

257 688 465 755 tantum,
487 691 571 746 sed
592 692 806 761 factores
829 690 1085 761 (lucebit.
1113 689 1227 758 22).
1257 688 1435 744 Facile
1449 692 1629 761 dignos
1652 688 1846 758 {racius

256 763 572 829 plenitentiaz.
594 760 729 816 Ecce
754 763 906 822 enim,
936 762 1007 813 ait
1035 760 1373 829 Evangelista
1395 804 1407 821 ,
1437 760 1627 817 securis
1656 765 1724 816 ad
1759 782 1846 817 ra-

255 836 385 886 dices
413 834 651 886 arborum
681 833 842 902 posita
870 841 960 886 est.
993 830 1172 885 Omnis
1191 834 1325 884 enim
1353 831 1505 885 arbor
1530 851 1630 887 non
1652 835 1843 903 faciens

257 906 468 971 fructum
497 904 701 969 bonum,
731 903 1013 967 excidetur,
1036 914 1080 955 et
1107 903 1159 955 in
1188 903 1354 972 ignem
1383 904 1606 956 mittetur
1628 904 1838 965 (Matth.

256 990 325 1033 Ill,
354 973 408 1037 2,
437 973 470 1028 3
501 984 544 1027 et
573 973 684 1042 10).
717 973 900 1040 \‘ideo,
923 972 1111 1042 inquit,
1132 987 1318 1027 omnes
1336 972 1580 1027 homines
1603 975 1841 1030 diversas

253 1045 490 1105 arbores,
525 1043 727 1098 fructus
754 1046 914 1099 etiam
944 1043 1185 1099 diversos
1213 1042 1471 1098 habentes
1501 1062 1513 1096 :
1544 1046 1638 1099 sed
1665 1046 1840 1100 bonus

254 1114 444 1170 fructus
494 1116 754 1185 quaeritur
804 1117 891 1184 qui
939 1124 1138 1184 pascat,
1175 1129 1279 1168 non
1320 1115 1409 1183 qui
1452 1126 1669 1185 pungat.
1703 1115 1840 1171 Sunt

251 1187 388 1238 cnim
437 1196 493 1239 et
536 1186 758 1240 arbores
797 1187 1048 1253 spinosm,
1083 1185 1189 1251 igni
1219 1185 1506 1252 deputatte,
1540 1187 1732 1240 merito
1755 1188 1843 1241 in-r

251 1257 559 1323 cendendae,
583 1258 703 1326 quia
734 1258 783 1310 in
801 1257 879 1311 eis
908 1256 1081 1310 nullus
1110 1254 1312 1309 {ructus
1329 1265 1409 1309 est
1432 1258 1643 1311 animae.
1678 1257 1837 1311 Puta-

252 1329 401 1389 tisne,
429 1326 784 1388 dilectissimi.
810 1342 908 1381 nos
928 1341 1116 1381 omnes
1146 1328 1280 1379 tales
1305 1340 1508 1391 sumus,
1529 1327 1615 1391 qui
1642 1327 1691 1380 in
1722 1328 1836 1381 istis

250 1398 398 1451 malis
436 1412 552 1468 pro,
580 1397 810 1468 peccatis
865 1396 1563 1468 nostrisdimissisumus?
1601 1398 1835 1468 Exacuit

250 1468 475 1538 agricola
531 1466 753 1533 ferrum,
790 1476 1029 1537 amputat
1074 1466 1523 1538 inutile__lignum,
1564 1467 1829 1521 abscisum

250 1536 420 1593 servat
460 1538 712 1594 incendio
745 1536 1216 1593 concremandum.
1256 1536 1368 1591 Hoc
1416 1553 1557 1591 nunc
1598 1539 1771 1607 agitur
1799 1553 1830 1592 a

251 1624 369 1663 vero
391 1610 649 1679 agricola.
669 1609 929 1663 Videntur
950 1607 1163 1679 quidem
1193 1607 1290 1662 sibi
1322 1607 1443 1661 mali
1462 1607 1643 1679 adhuc
1663 1619 1826 1674 stare,

250 1679 412 1734 adhuc
434 1678 656 1734 ﬂorere.
696 1680 947 1749 Quisquis
970 1678 1106 1733 talis
1139 1695 1229 1742 es,
1264 1678 1502 1747 quisquis
1536 1679 1706 1734 malus
1745 1694 1825 1743 es,

251 1751 480 1819 quisquis
509 1751 709 1820 corrigi
747 1766 851 1804 non
898 1751 999 1814 vis,
1034 1766 1139 1803 non
1186 1758 1238 1803 te
1267 1750 1577 1804 consoletur
1604 1749 1829 1806 altitudo

250 1829 329 1873 tua
349 1838 375 1891 ;7
394 1821 517 1889 quia
550 1821 722 1890 major
742 1831 792 1876 te
812 1830 1087 1891 exspectat
1112 1820 1639 1891 ruina,ampliorque
1667 1822 1829 1875 susti-

252 1901 334 1945 net
357 1890 594 1945 ﬁamma.
622 1892 755 1959 Quia
803 1890 1006 1947 securis
1038 1891 1152 1945 haec
1190 1890 1255 1944 ad
1302 1899 1353 1945 te
1392 1892 1628 1945 nondum
1660 1891 1824 1957 venit,

251 1960 359 2015 ideo
386 1971 544 2030 putas
575 1972 627 2017 te
656 1977 814 2032 posse
832 1978 1045 2031 semper
1070 1961 1250 2017 stare?
1274 1976 1395 2015 cum
1427 1962 1607 2016 videas
1637 1964 1720 2017 vel
1743 1978 1829 2016 au-

251 2031 353 2085 dias
374 2033 500 2087 alias
522 2031 750 2088 arbores
778 2044 827 2087 te
853 2033 1139 2102 ampliores
1177 2032 1453 2086 cecidisse.
1487 2032 1637 2098 Quod
1669 2043 1718 2088 te
1741 2033 1828 2090 hic

249 2103 465 2169 agricola
496 2104 703 2169 diﬁ'ert,
728 2104 841 2173 ejus
866 2113 950 2159 est
978 2104 1264 2172 patientiae,
1285 2118 1353 2157 ne
1372 2102 1506 2157 forte
1534 2104 1828 2160 intercedat

248 2174 374 2244 apud
420 2190 550 2228 eum
598 2175 747 2229 locus
792 2174 1141 2244 pmnitentiaz.
1186 2174 1420 2227 Colonas
1455 2175 1596 2228 enim
1640 2174 1730 2229 ille
1773 2176 1823 2230 in

249 2242 554 2313 Evangelii),
584 2246 672 2315 qui
706 2242 1195 2315 intérccdehatipro
1218 2245 1429 2308 arbore,
1463 2260 1621 2314 quam
1647 2245 1825 2299 domi-

249 2329 340 2368 nus
385 2314 665 2371 eradicare
694 2316 925 2378 volebat,
957 2314 1098 2385 quod
1137 2314 1365 2385 fructum
1411 2330 1503 2382 per
1536 2316 1823 2370 triennium

253 2402 346 2455 non
378 2386 622 2451 haberet,
650 2387 825 2441 videte
850 2387 973 2455 quid
999 2387 1073 2438 ait
1098 2401 1109 2437 :
1139 2384 1374 2449 Domine,
1399 2386 1594 2439 dimitte
1613 2387 1755 2440 illam
1777 2397 1825 2441 et

254 2454 337 2508 hoc
358 2473 523 2519 anno;
550 2458 742 2525 faciant
768 2459 810 2512 ei
836 2454 1043 2525 {ossanu
1068 2455 1333 2509 adhibeam
1353 2456 1625 2524 cap/tinum
1639 2467 1828 2512 sterco-

252 2528 316 2598 ris
342 2544 360 2580 :
385 2529 427 2579 si
445 2529 621 2597 fecerit
648 2532 887 2598 fructum,
920 2528 1076 2592 bene;
1115 2528 1193 2580 sin
1219 2536 1406 2598 autem,
1442 2527 1672 2598 abscides
1713 2544 1825 2583 eam

257 2595 391 2665 (Luc.
423 2595 537 2660 iul.
565 2600 624 2664 8,
648 2595 728 2669 9).
752 2601 928 2653 Arbor
962 2599 1077 2651 hinc
1100 2597 1299 2651 sterilis
1316 2638 1329 2659 ,
1353 2611 1522 2666 genus
1544 2596 1822 2669 hominum

255 2677 325 2721 est
360 2684 456 2740 non
487 2670 696 2725 habens
737 2669 969 2724 fructum
1012 2669 1371 2740 poenitentiae.
1403 2668 1657 2740 Dominus
1685 2670 1823 2740 ejus,

254 2738 478 2809 conditor
496 2740 622 2809 ejus
649 2750 749 2795 est.
775 2738 1101 2794 ltllel'CCSSOl'
1118 2738 1272 2807 hujus
1298 2738 1524 2809 arboris,
1551 2738 1825 2807 apostolus

255 2806 431 2864 Paulus
452 2806 551 2865 est.
584 2810 739 2866 Unde
766 2806 1234 2880 probamus?Audi
1259 2811 1308 2863 in
1334 2808 1560 2890 quadam
1588 2810 1824 2932 Epistola

256 2892 335 2930 sua
363 2881 809 2932 ottemadmodum
861 2880 1208 2932 ntercedehat
1245 2895 1342 2932 oro
1371 2881 1562 2932 talibus
1588 2898 1600 2932 :
1647 2880 1821 2932 "lecto.

256 2892 335 2930 sua
363 2881 809 2948 quemadmodum
861 2880 1208 2937 ntercedehat
1245 2895 1342 2947 pro
1371 2881 1562 2934 talibus
1588 2898 1600 2933 :
1623 2880 1821 2946 Flecto,

256 2948 426 3019 inquit,
449 2969 619 3021 genua
646 2970 757 3005 mea
780 2955 849 3005 ad
876 2952 1080 3005 Patrem
1109 2950 1316 3004 Domini
1340 2951 1499 3005 nostri
1529 2949 1564 3003 J
1569 2968 1655 3005 esu
1675 2950 1825 3006 Chri-

255 3024 328 3094 sti,
349 3032 396 3074 ut
421 3020 499 3094 det
519 3024 663 3077 vobis
684 3024 912 3075 virtutem
939 3020 1155 3094 (Ephes.
1185 3036 1262 3083 tu,
1283 3022 1385 3094 AM,
1417 3022 1530 3094 16).
1564 3021 1677 3094 Hoc
1696 3037 1824 3094 ergo

255 3091 324 3163 eis
349 3093 571 3160 petebat,
594 3102 653 3147 ut
672 3091 976 3161 acciperent
992 3091 1132 3163 quod
1151 3107 1255 3145 non
1281 3092 1567 3146 habebant.
1592 3091 1821 3158 Faciam,

259 3160 428 3235 inquit,
454 3165 497 3216 ei
522 3169 741 3235 fossam,
777 3160 1045 3235 adhibeam
1067 3163 1340 3233 cap/tinum
1368 3165 1621 3235 stercoris.
1656 3163 1823 3219 Fossa

255 3228 385 3287 locus
416 3228 497 3289 est
522 3228 902 3289 'humilitatis:
931 3228 1193 3305 cophinus
1224 3234 1517 3305 rstcrcoris,
1570 3234 1824 3305 lacrymm

256 3313 363 3355 sunt
390 3306 721 3372 paenitentis.
771 3306 940 3371 Quem
989 3304 1163 3358 locum
1191 3304 1235 3358 si
1272 3304 1392 3372 quis
1421 3304 1821 3373 contempserit,

258 3374 463 3441 amplius
487 3376 777 3431 sustinebit
806 3383 1150 3439 tormentum,
1174 3374 1386 3443 quando
1409 3374 1548 3428 illius
1576 3376 1825 3443 agricola:

255 3446 599 3501 acutissimum
628 3448 858 3503 senserit
885 3446 1288 3501 ferramentum.
1322 3446 1507 3514 Agite,
1534 3447 1680 3507 mali,
1711 3461 1827 3515 po:-

256 3515 535 3588 nitentiam;
568 3518 931 3588 corrigimini,
971 3517 1117 3584 mali,
1160 3516 1284 3586 quia
1322 3516 1598 3571 vobiscum
1638 3516 1824 3588 ﬂagel-

255 3583 409 3640 lantur
434 3596 485 3643 et
506 3589 659 3642 boni.

314 3655 524 3713 CAPUT
568 3658 659 3713 Ill.
688 3690 759 3699 —
787 3660 842 3714 4.
872 3660 1039 3726 Quare
1066 3658 1182 3713 boni
1205 3674 1320 3712 cum
1348 3657 1497 3710 malis
1523 3658 1819 3727 puniantur.

256 3723 386 3782 Dicet
431 3732 627 3800 aliquis
681 3748 695 3785 :
751 3731 807 3786 Si
861 3723 984 3783 mali
1034 3729 1224 3800 merito
1280 3723 1643 3800 ﬂagellantur,
1696 3729 1823 3800 boni

255 3813 399 3865 quare
431 3798 549 3855 talia
583 3808 704 3855 cum
734 3801 888 3856 malis
913 3811 968 3855 et
1011 3814 1043 3854 a
1088 3799 1241 3853 malis
1275 3799 1581 3868 patiuntur?
1608 3798 1822 3865 Quare?

256 3870 372 3943 Quia
396 3872 694 3927 secundum
724 3872 1009 3943 quemdam
1034 3869 1249 3943 modum
1276 3870 1525 3943 dicuntur
1555 3869 1707 3943 boni;
1735 3885 1824 3925 se-

255 3940 459 3995 candum
480 3956 665 3996 autem
686 3939 888 3998 rectum
905 3956 1195 4008 verumque
1211 3941 1430 4006 bonum,
1455 3939 1619 3993 Nemo
1642 3940 1822 4005 bonus,

256 4011 339 4063 nisi
361 4014 489 4066 solus
517 4013 662 4067 Deus
685 4013 835 4080 (Luc.
863 4029 1010 4073 xvut.
1037 4012 1149 4080 i9).
1182 4012 1325 4081 Ergo
1344 4019 1397 4065 et
1420 4011 1518 4079 ipsi
1538 4011 1684 4077 boni,
1703 4012 1823 4080 qui-

258 4094 463 4152 cumque
489 4094 615 4138 sunt
647 4084 792 4149 boni,
819 4100 922 4138 non
957 4083 1092 4138 tales
1120 4090 1264 4148 sunt,
1289 4083 1471 4150 quales
1486 4081 1683 4152 debent
1705 4097 1825 4138 esse

261 4148 414 4207 boni':
443 4170 545 4209 non
577 4156 723 4209 enim
774 4148 897 4209 Sunt
944 4153 1239 4223 perfectum
1277 4148 1512 4217 bonum;
1546 4151 1826 4221 proﬁciunt

259 4223 382 4276 enim
410 4224 474 4279 de
502 4226 589 4280 die
612 4227 666 4280 in
689 4227 853 4280 diem.
871 4225 925 4281 Si
952 4225 1257 4294 proliciunt,
1283 4224 1463 4293 utique
1488 4224 1822 4294 exercitatio-

262 4293 397 4348 nibus
425 4297 732 4364 proﬁciunt.
763 4297 931 4352 Nemo
954 4293 1021 4350 se
1047 4295 1323 4363 justiticet,
1344 4304 1593 4362 tanquam
1616 4293 1725 4361 jam
1756 4294 1826 4349 sit

260 4366 523 4430 perfectus.
564 4368 804 4422 Recedat
842 4368 909 4422 de
942 4367 1119 4419 medio
1145 4366 1287 4419 male
1327 4364 1649 4433 justilicator
1680 4365 1826 4432 pela-

260 4435 443 4501 gianus,
472 4438 830 4492 confundatur
867 4438 1151 4492 haereticus
1189 4436 1404 4489 arianus
1440 4452 1451 4486 :
1485 4434 1651 4488 Nemo
1680 4437 1822 4489 enim

262 4508 417 4577 bonus,
446 4510 545 4562 nisi
584 4510 724 4562 solus
770 4509 923 4563 Deus.
954 4508 1090 4574 Quid
1137 4506 1301 4577 ergo?
1331 4506 1575 4577 Christus
1604 4520 1709 4559 non
1744 4516 1827 4561 est

263 4574 421 4647 Deus?
450 4578 613 4634 Plane
644 4580 809 4634 Deus.
860 4581 933 4633 De
983 4582 1099 4645 ipso
1140 4574 1338 4647 quippe
1379 4576 1507 4630 dicit
1550 4577 1824 4647 Scriptura

264 4645 415 4699 divina
450 4666 463 4701 :
500 4649 598 4704 llic
620 4660 693 4703 est
721 4667 863 4705 rerus
890 4650 1048 4715 Deus,
1071 4657 1117 4702 et
1151 4645 1252 4701 uita
1280 4658 1469 4700 (eterna
1498 4648 1515 4715 (
1548 4647 1565 4700 1
1590 4646 1746 4701 Jaau.
1770 4664 1823 4713 ν,

260 4716 361 4790 flii).
378 4718 508 4786 Quid
534 4722 766 4790 Spiritus
786 4730 1022 4785 sanctus,
1049 4734 1152 4772 non
1171 4728 1251 4773 cst
1280 4718 1457 4771 Deus?
1480 4718 1640 4790 l’lane
1664 4719 1823 4772 Deus.

264 4782 733 4859 l’nilevprobamus,
765 4782 1018 4859 quoniam
1046 4798 1101 4844 et
1130 4790 1241 4858 ipse.
1264 4789 1435 4859 Deus?
1459 4788 1593 4842 Audi
1615 4789 1664 4842 in
1683 4790 1827 4843 Acti-

263 4856 350 4912 bus
377 4856 751 4928 Apostolorum
781 4856 997 4916 Petrum
1044 4856 1264 4914 Ana‘nite
1305 4858 1593 4913 fraudatori
1624 4860 1826 4928 impro-

262 4942 517 4996 perantem
551 4934 825 4996 :Auania,
864 4934 1054 5002 inquit,
1101 4948 1193 4984 cur
1234 4931 1457 4998 implevit
1481 4941 1703 5002 satanas
1741 4947 1829 4984 cor

263 5008 407 5074 tuum,
435 5005 632 5056 ntentiri
649 5014 696 5060 te
714 5004 854 5074 apud
886 4999 1132 5070 Spiritum
1167 5002 1437 5074 sanctum?
1465 4999 1585 5053 Non
1605 5017 1831 5074 esmen-

265 5070 367 5123 titus
384 5073 679 5140 hominibus,
708 5070 906 5129 sedDeo
929 5076 1064 5142 (Act.
1085 5074 1176 5135 v,5
1190 5082 1236 5125 et
1258 5072 1338 5141 4).
1367 5073 1503 5126 Ecce
1526 5081 1578 5126 et
1599 5071 1829 5139 Spiritus

265 5152 460 5197 sanctus
491 5145 648 5199 Deus.
683 5147 820 5215 Ergo
851 5146 1082 5199 Trinitas
1100 5158 1236 5215 unus
1250 5151 1333 5198 est
1349 5142 1495 5215 _Deus
1530 5160 1541 5195 :
1567 5152 1621 5196 et
1645 5159 1828 5197 verum

265 5222 337 5280 est
362 5216 476 5280 quia
506 5233 651 5270 nemo
679 5213 859 5280 bonus,
884 5217 980 5270 nisi
1002 5233 1133 5269 unus
1161 5213 1317 5268 Deus.
1349 5213 1616 5267 Pallentes
1633 5223 1823 5276 estote,

266 5279 405 5355 boni,
456 5296 511 5339 ut
556 5288 673 5341 sitis
709 5279 853 5343 verer
878 5287 1041 5341 boni:
1079 5286 1340 5355 patientes
1368 5293 1539 5339 estote
1568 5299 1735 5353 usque
1763 5285 1829 5337 ad

266 5351 530 5410 adventum
586 5358 814 5412 Domini.
874 5351 1123 5413 Tolerate
1170 5356 1310 5410 mala
1358 5371 1477 5425 qua:
1519 5351 1759 5423 patimini
1799 5370 1831 5409 a

267 5425 406 5496 malis
438 5441 557 5480 cum
602 5430 784 5491 malis;
818 5428 939 5496 quia
970 5429 1069 5481 ista
1099 5427 1353 5488 tentatio,
1388 5436 1561 5479 vestra
1590 5436 1669 5479 est
1699 5441 1829 5480 exa-

268 5493 503 5569 minutio.)
520 5498 575 5551 Si
604 5514 790 5552 aurum
814 5493 892 5562 es,
926 5499 1053 5569 quid
1078 5499 1235 5553 times
1266 5498 1495 5566 paleam,
1525 5496 1649 5569 quid
1666 5496 1833 5569 times

270 5560 465 5638 ignem?
485 5568 655 5622 Simul
676 5560 888 5638 quidem
913 5560 1065 5625 eritis
1094 5570 1144 5622 in
1176 5560 1392 5623 fornace
1410 5608 1422 5630 ,
1447 5560 1710 5638 sed-ignis
1736 5581 1830 5635 pa-

272 5631 368 5688 leas
387 5636 436 5689 in
466 5639 668 5693 cineres
695 5631 872 5705 vertit,
910 5642 1001 5694 tibi
1033 5639 1221 5695 sordes
1252 5639 1406 5692 tollit.
1429 5638 1482 5691 Si
1509 5631 1830 5691 frumentum

271 5719 341 5767 ες.
365 5707 483 5780 quid
507 5710 661 5763 times
680 5712 969 5766 tribulam?
1005 5711 1121 5766 Non
1161 5709 1445 5780 apparebis
1473 5709 1644 5777 qualis
1675 5718 1831 5761 antea

274 5788 378 5847 etas
405 5778 458 5831 in
483 5782 648 5847 spica,
674 5782 772 5838 nisi
803 5783 995 5838 tributa
1026 5778 1354 5836 conterendo
1375 5796 1405 5833 a
1432 5790 1483 5833 te
1504 5780 1834 5847 separaverit

277 5846 452 5964 “dcas.
491 5848 544 5905 Si
592 5852 770 5907 oleum
811 5869 900 5917 es,
946 5852 1074 5925 quid
1118 5853 1275 5905 times
1324 5865 1625 5919 prcssuram
1658 5850 1834 5919 preli?

316 5932 377 5964 un
404 5918 747 5964 declarabitur
774 5926 981 5964 ειηροίος
1014 5938 1097 5964 IIIS
1148 5923 1246 5964 nisi
1278 5923 1436 5964 s-limn
1465 5921 1668 5964 nmtdm
1698 5921 1824 5964 lam-

316 5932 377 5969 on
404 5918 747 5981 declarabitur
774 5918 981 5995 species
1014 5938 1124 5992 tua,
1148 5923 1248 5979 nisi
1278 5918 1436 5979 etiam
1463 5918 1668 5993 pondus
1698 5921 1824 5989 lapt-

1344 434 1574 492 SERMO
1604 437 1688 492 DE
1727 437 2047 495 TEMPORE
2084 443 2491 505 BARBARICO.

3432 456 3531 514 702

1947 553 2032 608 dis
2051 562 2151 609 ate
2170 559 3212 640 separaveritamurcanyYerumtamen
3232 567 3530 640 interroget

1946 638 2005 708 se
2040 641 2384 708 unaquaeque
2432 632 2640 708 ani-ma,
2666 643 2723 708 et
2752 633 2932 687 videat
2962 637 3005 708 si
3039 637 3242 704 injuste
3294 632 3522 708 patitur.

1943 691 2261 751 Proferatur
2292 691 2492 771 statera
2514 691 2759 766 iustitiae.
2782 691 3123 771 appendatui‘
3153 691 3317 762 amorr
3333 691 3523 767 mundi

1943 778 2068 818 eum
2110 781 2296 848 amore
2326 768 2604 848 Dei,_vide
2649 768 3105 848 quemadmodum
3144 780 3523 848 prmponderet

1942 849 2096 913 arnor
2113 839 2318 913 mundi.
2342 838 2653 913 Proferatur
2667 838 2962 912 speculum
2987 838 3279 913 Scriptura}
3296 849 3516 905 divinae.

1944 905 2237 983 Speculum
2267 910 2372 963 hoc
2402 912 2677 983 iieniinem
2712 905 2894 981 palpat
2927 932 2939 967 :
2964 905 3140 983 qualis
3165 934 3247 981 es,
3275 920 3433 973 talem
3470 932 3522 975 te

1944 976 2038 1028 tibi
2070 976 2727 1058 idennionstrataIntende
2756 976 2816 1037 et
2842 976 3069 1058 vide;et
3098 988 3140 1039 si
3188 976 3272 1042 est
3315 989 3520 1058 aliquid

1940 1046 2083 1113 quod
2104 1047 2361 1108 olTendat.
2390 1051 2475 1104 abi
2494 1052 2775 1117 confusus,
2793 1062 2845 1108 et
2866 1056 2978 1107 redi
2998 1069 3294 1111 correctus.
3320 1046 3519 1114 Annon

1939 1118 2314 1194 conl‘underis,
2343 1130 2398 1194 et
2435 1122 2491 1174 in
2523 1123 2682 1176 malis
2711 1125 2815 1177 tuis
2838 1124 3199 1194 gloriaberis?
3229 1128 3349 1182 Eris
3372 1129 3518 1183 enim

1939 1186 2242 1263 perfectum
2281 1191 2503 1263 malum,
2538 1208 2645 1245 non
2686 1186 3085 1263 qualecumque
3117 1196 3345 1251 bonum.
3369 1199 3521 1254 Talis

1938 1270 2050 1308 non
2077 1257 2159 1311 vis
2196 1256 2456 1334 flagellari
2491 1277 2613 1334 cum
2652 1256 2876 1329 nﬁtndo,
2909 1256 3334 1334 aut'ﬁagellatus
3366 1286 3516 1323 mur-

1937 1339 2130 1403 muras
2145 1328 2249 1403 sub
2265 1330 2509 1399 ﬂagello?
2528 1334 2695 1385 Serve
2716 1328 2877 1397 male,
2898 1334 3073 1388 fecisti
3094 1328 3237 1403 quod
3262 1336 3521 1393 Dominus

1938 1398 2134 1474 jjtssit?
2163 1400 2239 1474 Ne
2264 1398 2571 1474 vapulares,
2615 1406 2712 1456 ista
2743 1403 2944 1472 ﬂagella
2977 1407 3068 1459 tibi
3109 1398 3235 1460 ante
3264 1409 3529 1474 przcdtxit.

1942 1467 2072 1547 Quis
2096 1468 2295 1547 jnus‘sit‘?
2324 1467 2775 1547 Dominusjussit,
2799 1467 3019 1530 Creator
3047 1484 3167 1530 tuus
3189 1467 3365 1546 jussit.
3392 1478 3527 1544 Quid

1935 1540 2131 1606 jussit?
2155 1540 2254 1606 Qui
2269 1550 2437 1617 amat,_
2460 1542 2649 1617 inquit,
2670 1554 2862 1617 patrem
2888 1556 2977 1617 aut
3011 1540 3219 1599 matrem
3246 1548 3360 1616 plus
3378 1540 3531 1617 quam

1939 1624 2039 1685 me,
2066 1626 2166 1663 non
2182 1619 2363 1685 estine
2387 1612 2591 1685 dignus.
2619 1616 2751 1669 Ecce
2775 1616 2897 1684 quid
2919 1616 3095 1685 jussit.
3122 1612 3255 1680 Aut,
3279 1617 3380 1683 Qui
3391 1612 3531 1671 amat

1938 1677 2104 1757 ﬁliuni
2119 1689 2206 1757 au_t
2217 1682 2377 1748 ﬁliam
2404 1677 2519 1757 pius
2528 1699 2678 1757 quam
2696 1677 3007 1757 mefnon'est
3023 1704 3099 1740 me
3112 1677 3329 1757 dignust
3336 1686 3525 1743 Matth.

1938 1765 1993 1815 κ,
2022 1751 2133 1820 57).
2167 1752 2306 1807 Ecce
2330 1751 2455 1821 quid
2481 1754 2663 1828 jussit.
2690 1753 2773 1828 Et
2796 1758 2915 1828 quis
2937 1767 3037 1821 cst,
3070 1751 3239 1825 inquit
3258 1798 3271 1822 ,
3301 1751 3389 1828 qui
3418 1760 3531 1814 odit

1935 1829 2143 1899 patrem
2172 1831 2262 1899 aut
2290 1832 2512 1899 matrem
2543 1826 2822 1899 autlilios?
2842 1826 2950 1881 Nec
2977 1828 3064 1882 ille
3087 1828 3205 1882 illos
3219 1826 3367 1883 odire
3394 1845 3530 1899 pra:-

1934 1892 2119 1969 cepit;
2150 1893 2246 1948 sed
2291 1894 2375 1969 vel
2420 1907 2674 1969 quantum
2719 1897 2858 1969 illos,
2895 1906 3096 1969 tantum
3140 1913 3198 1953 se
3226 1899 3369 1969 diligi
3395 1892 3531 1967 'jus~

1935 1961 2025 2016 sit.
2058 1962 2189 2018 Plus
2227 1961 2452 2039 quidem
2467 1965 2729 2039 debueras
2757 1961 2977 2039 diligere
3000 1961 3346 2039 Creatorem:
3362 1961 3519 2039 quam

1933 2043 2269 2109 creaturam;
2316 2036 2411 2090 sed
2443 2036 2511 2109 _si
2555 2053 2660 2091 non
2701 2036 3163 2109 vales'prmferre,
3205 2036 3392 2094 saltem
3442 2042 3525 2098 vel

1933 2117 2147 2179 aequare
2170 2104 2580 2179 dignare.4Vere
2608 2109 2746 2163 ﬁlios
2770 2104 3175 2179 tuos'diligercs,
3198 2110 3525 2167 siChristum

1934 2172 2059 2249 ﬁliis
2086 2172 2384 2249 prml'erres,
2420 2177 2669 2249 ipsosque
2698 2179 2836 2233 ﬁlios
2865 2180 2962 2249 ipsi
2980 2172 3363 2236 committeres.
3384 2182 3526 2239 Vere

1934 2244 2215 2321 ﬁliostuos
2238 2244 2510 2321 diligeres,
2546 2244 2597 2321 si
2632 2251 2830 2321 ingipso
2866 2244 2985 2305 illos
3014 2250 3279 2320 diligeres,
3313 2255 3400 2321 qui
3430 2268 3526 2308 eos

1934 2314 2031 2370 tibi
2056 2316 2203 2370 dedit
2218 2326 2281 2391 ut
2306 2317 2514 2391 diligas.
2545 2320 2625 2391 An
2650 2314 2770 2375 ideo
2790 2336 2883 2376 eos
2910 2314 3370 2391 videris'diligeré,
3400 2325 3524 2391 quia

1931 2400 2119 2459 eorum
2147 2388 2508 2459 voluptatibus
2552 2390 2738 2444 faves?
2779 2392 2944 2446 Audis
2980 2388 3431 2459 blasphemantes,
3468 2403 3525 2448 et

1932 2456 2199 2530 patienter
2223 2457 2359 2523 fers,
2382 2458 2703 2526 Christiane,
2732 2463 2875 2530 quod
2898 2478 2991 2517 rex
3028 2456 3523 2518 Nabuchodonosor

1931 2528 2228 2600 alienigena
2254 2544 2358 2582 non
2383 2531 2553 2600 potuit
2581 2528 2868 2599 sustinere,
2900 2531 3085 2586 dicens
3114 2549 3126 2583 :
3153 2532 3215 2587 Si
3239 2534 3349 2600 quis
3377 2534 3523 2587 dixe-

1930 2600 1995 2674 rit
2024 2599 2395 2674 blasphemiam
2408 2600 2467 2674 in
2489 2599 2655 2674 Deum
2684 2600 2925 2674 Sidrach,
2956 2602 3119 2674 illisae
3144 2599 3514 2674 etgAbdenago,

1928 2669 1985 2723 in
2024 2670 2282 2743 interitum
2325 2671 2417 2723 erit
2447 2670 2626 2743 (Dan.
2674 2672 2931 2743 111,796).
2975 2672 3137 2728 Vides
3184 2669 3523 2743 frequentare

1931 2741 2255 2809 spectacula,
2290 2750 2345 2795 et
2365 2741 2470 2797 non
2493 2756 2731 2797 revocas.
2762 2741 2923 2798 Vides
2952 2741 3302 2809 luxuriantes,
3332 2755 3384 2799 et
3411 2760 3519 2799 non

1931 2811 2531 2885 verberaerecpotes
2572 2822 2622 2866 te
2663 2813 2820 2885 talem
2863 2813 3121 2885 exhibere
3158 2824 3384 2883 patrem,
3428 2816 3520 2885 qui

1937 2891 2158 2951 paratus
2184 2883 2258 2936 sis
2288 2882 2707 2951 iudisciplinatos
2743 2884 2880 2938 ﬁlios
2920 2886 3002 2938 vel
3042 2882 3388 2940 cxhieredare
3433 2882 3521 2940 vel

1930 2952 2184 3019 abjicere,
2214 2968 2333 3006 cum
2373 2961 2589 3021 paratus
2633 2969 2753 3008 esse
2797 2955 3060 3010 debueras
3086 2955 3223 3009 sicut
3248 2954 3516 3010 Abraham

1929 3024 2091 3094 etiam
2124 3022 2287 3076 ﬁlium
2320 3024 2615 3077 immolare.
2648 3024 2833 3079 Omnis
2857 3027 2998 3079 enim
3025 3025 3113 3094 qui
3143 3026 3369 3079 ﬁliorum
3404 3035 3519 3080 tru-

1931 3093 2075 3147 cidat
2124 3095 2457 3162 voluptates,
2513 3094 2833 3149 sacriﬁcium
2889 3097 2994 3151 tale
3042 3093 3200 3163 quale
3250 3095 3519 3151 Abraham

1930 3164 2089 3219 oﬁ'ert
2106 3164 2233 3219 Deo.
2263 3163 2372 3219 Sed
2390 3164 2513 3219 dum
2542 3166 2637 3219 ista
2661 3182 2765 3220 non
2790 3166 2940 3231 ﬁunt,
2971 3175 3025 3220 et
3053 3165 3138 3220 his
3166 3167 3404 3222 moribus
3428 3167 3525 3223 de-

1969 3235 2166 3288 ravatis
2187 3235 2324 3289 male
2349 3238 2674 3303 nutriuntur,
2701 3238 2788 3305 qui
2819 3237 2920 3291 isto
2948 3235 3145 3291 mundo
3174 3246 3414 3300 utuntur,
3439 3238 3521 3292 la-

1967 3305 2062 3359 eﬁt
2103 3305 2354 3371 mundus,
2398 3321 2497 3360 nec
2539 3307 2806 3361 immerito
2850 3309 2923 3361 ait
2943 3308 3215 3431 propheta
3248 3324 3261 3359 :
3293 3307 3523 3378 Dor/luxit

1967 3391 2085 3431 ma.
2117 3385 2164 3430 et
2181 3392 2351 3429 omnes
2379 3377 2717 3431 inhabitantes
2744 3378 2798 3430 in
2817 3394 2878 3431 ea
2904 3378 2922 3431 (
2975 3380 3070 3431 sai.
3102 3393 3252 3431 xxrv.
3276 3379 3311 3431 4
3336 3380 3372 3431 l.
3404 3378 3520 3431 Non

1933 3385 2085 3441 terra,
2117 3385 2164 3430 et
2181 3392 2351 3429 onmes
2379 3377 2717 3431 inhabitantes
2744 3378 2798 3430 in
2817 3394 2878 3431 ea
2904 3378 2922 3447 (
2943 3377 3070 3433 Isni.
3102 3393 3252 3440 XXIV,
3276 3379 3311 3433 4
3335 3377 3379 3446 ).
3404 3378 3521 3434 Non

1930 3447 2215 3515 quiescunt
2243 3462 2409 3515 usque
2450 3462 2590 3501 nunc
2632 3463 2968 3503 murmurare
3013 3449 3274 3512 homines,
3305 3448 3522 3505 laudare

1932 3523 2176 3586 tempora
2234 3518 2542 3585 praeterita,
2601 3532 2855 3573 accusare
2908 3528 3147 3587 tempora
3207 3518 3519 3575 christiana.

1933 3587 2119 3657 Magna
2151 3594 2303 3641 erant
2330 3595 2569 3655 tempora
2605 3596 2813 3656 patrum
2857 3600 3160 3643 nostrorum
3181 3632 3195 3654 ,
3226 3590 3409 3644 dicunt
3444 3609 3458 3646 :
3486 3605 3521 3645 o

1930 3672 2090 3728 quam
2119 3658 2253 3709 bona
2280 3667 2515 3726 tempora
2547 3659 2842 3713 habuerunt
2869 3670 3044 3728 patres
3070 3660 3234 3713 nostri
3263 3662 3276 3714 !

2001 3728 2225 3783 CAPUT
2254 3728 2342 3782 ιν.
2369 3759 2439 3767 —
2469 3730 2529 3784 5.
2554 3728 2689 3799 Vitia
2714 3731 2919 3798 quisque
2934 3731 2983 3783 in
3008 3731 3111 3784 suis
3136 3732 3341 3799 castiget
3361 3738 3406 3783 et
3423 3748 3520 3797 pu-

1931 3799 2037 3852 niat
2063 3799 2290 3877 eaegtplo
2330 3810 2573 3877 veterum;
2596 3798 2699 3853 Sed
2730 3800 2902 3877 videte
2930 3816 3065 3877 quas
3082 3798 3304 3877 fecerint
3343 3810 3519 3869 patres

1931 3870 2119 3923 nostri.
2147 3870 2375 3924 Phineas
2402 3869 2787 3924 sacriﬁcantem
2816 3869 2986 3923 virum
3018 3870 3172 3924 idolis
3198 3886 3355 3924 manu
3387 3886 3511 3939 pro-

1971 3941 2045 3993 ria
2071 3938 2314 4009 peremit,
2336 3949 2391 4012 ut
2419 3940 2650 4012 placaret
2695 3941 2825 3992 iram
2869 3941 2959 3994 Dei
2991 3941 3008 4007 (
3033 3939 3210 4012 Nam.
3248 3938 3443 4012 xx_v,8
3473 3940 3514 4012 ).

1958 4014 2141 4082 loyscs
2192 4010 2446 4081 populum
2496 4010 2864 4073 oberrantem,
2916 4011 3242 4079 vitulmnque
3300 4010 3514 4067 fusiletn

1931 4081 2267 4146 adorantem,
2300 4082 2368 4134 ita
2397 4092 2540 4134 certa
2571 4082 2950 4135 emendatione
2972 4084 3245 4147 coercuit,
3273 4092 3328 4135 ut
3356 4098 3514 4136 unam

1930 4153 2129 4205 tribum
2169 4166 2198 4205 e
2237 4150 2517 4206 duodecim
2549 4152 2613 4205 ad
2644 4168 2702 4206 se
2738 4166 2967 4218 vocans,
2999 4168 3116 4221 qum
3159 4154 3306 4221 sequi
3350 4154 3518 4209 voluit

1933 4222 2122 4288 Deum,
2153 4231 2478 4292 praeceptum
2524 4223 2603 4277 eis
2631 4222 2815 4285 daret,
2862 4230 2921 4275 ut
2957 4224 3190 4291 acceptis
3226 4222 3415 4290 gladiis
3466 4225 3517 4277 in

1933 4295 2180 4347 manilius
2231 4294 2342 4346 suis
2386 4292 2478 4345 ﬁlii
2524 4302 2861 4361 percuterent
2892 4302 3158 4358 parentes,
3192 4305 3243 4347 et
3271 4303 3520 4362 parentes

1932 4364 2239 4419 occiderent
2268 4364 2405 4417 ﬁlios
2435 4362 2627 4433 (Exod.
2654 4378 2835 4434 χχχιι,
2865 4363 3077 4434 26-28).
3103 4365 3287 4417 Nullus
3310 4380 3403 4419 eos
3433 4380 3521 4420 re-

1932 4434 2404 4500 vocavitaﬁ'ectus,
2446 4434 2624 4488 nullus
2650 4433 2963 4488 humanitati
2994 4433 3294 4489 reservatus
3320 4446 3401 4489 est
3434 4437 3516 4488 lo-

1932 4521 2060 4569 cus;
2093 4507 2213 4573 quia
2245 4507 2406 4559 timor
2435 4514 2489 4559 et
2512 4520 2665 4558 amor
2690 4505 2780 4559 Dei
2806 4520 2914 4574 prae
2953 4508 3096 4560 onini
3127 4506 3516 4561 desideriorum

1932 4577 2227 4631 carnalium
2268 4591 2449 4630 amore
2479 4574 2771 4630 ferebatur.
2808 4576 3000 4646 Jephte
3027 4585 3083 4630 ut
3115 4576 3295 4630 hostes
3326 4577 3427 4631 diis
3454 4593 3519 4631 ac

1933 4648 2265 4701 daemonibus
2292 4647 2632 4701 immolantes
2669 4656 2984 4715 superaret,
3017 4649 3226 4701 unicam
3261 4647 3419 4700 ﬁliam
3466 4648 3518 4701 in

1934 4718 2197 4772 sacriﬁcio
2223 4716 2409 4788 dedit(
2439 4717 2614 4770 Judic.
2649 4734 2699 4771 χι
2730 4720 2769 4787 ).
2798 4718 3020 4773 Samson
3051 4733 3172 4773 cum
3202 4727 3387 4787 gentes
3407 4716 3520 4770 da»

1933 4789 2251 4853 monicolas,
2282 4790 2479 4843 virtute
2519 4803 2675 4857 quam
2706 4805 2735 4842 a
2765 4789 2876 4843 Deo
2905 4804 2955 4841 m
2987 4790 3163 4857 capite
3207 4795 3517 4854 acceperat,

1933 4861 2134 4914 diutius
2164 4860 2317 4914 bellis
2342 4868 2644 4913 contereret
2672 4868 2829 4926 atque
2860 4858 3127 4927 fatigaret,
3162 4858 3518 4925 seductusque

1934 4942 2118 4999 postea
2164 4946 2258 4998 per
2302 4931 2603 4994 mulierem,
2637 4934 2819 4982 oculos
2862 4929 3125 4996 simulque
3155 4928 3512 4999 virtutemcao

1935 4998 2059 5070 pilis
2090 5001 2424 5071 perdidisset,
2445 5010 2787 5068 posteaquam
2818 5000 3066 5071 cognovit
3093 4999 3143 5071 in
3175 4998 3518 5071 opprobrium

1936 5067 2103 5127 suum
2122 5087 2309 5125 omnes
2334 5067 2455 5124 illos
2490 5067 2803 5123 convenisse
2848 5068 2912 5122 ad
2957 5069 3210 5137 templum
3260 5067 3521 5122 idolorum

1935 5158 2177 5203 suorum,
2204 5156 2403 5211 eosque
2426 5139 2762 5211 magniﬁcare
2790 5139 2918 5192 deos
2950 5153 3096 5204 suos,
3124 5139 3263 5207 quod
3293 5139 3370 5191 eis
3415 5150 3523 5193 tra-

1937 5213 2183 5267 diderant
2221 5210 2539 5265 acerrimum
2571 5210 2841 5263 inimicum
2873 5224 3025 5261 suum
3048 5249 3061 5269 ,
3089 5223 3211 5262 cum
3239 5220 3518 5266 crescente

1938 5299 2089 5338 coma
2132 5284 2318 5352 capitis
2349 5282 2472 5352 ejus,
2496 5282 2545 5352 ei
2574 5281 2911 5352 crevissetet
2939 5280 3125 5345 virtus,
3176 5295 3206 5332 a
3239 5295 3405 5348 puero
3433 5283 3526 5350 qui

1938 5355 2038 5408 sibi
2070 5351 2319 5407 ducatum
2348 5351 2635 5421 prtebehat,
2671 5360 2726 5403 ut
2750 5351 2847 5403 sibi
2872 5365 3085 5403 manum
3113 5354 3403 5421 porrigeret
3434 5367 3529 5420 pe-

1940 5426 2041 5487 tiit,
2066 5438 2231 5492 seque
2257 5424 2321 5476 ad
2357 5421 2484 5475 illud
2525 5421 2779 5489 templum
2810 5421 2930 5492 duci
2962 5422 3222 5491 poposcit.
3263 5422 3343 5475 Ad
3384 5423 3527 5491 quod

1940 5511 2060 5549 cum
2093 5491 2455 5563 pervenisset,
2475 5493 2749 5546 columnas
2793 5491 2926 5545 duas
2949 5534 2963 5557 ,
2996 5508 3153 5561 supra
3196 5508 3327 5563 quas
3359 5502 3525 5547 totum

1943 5566 2068 5620 illud
2095 5562 2399 5617 tediﬁcium
2436 5562 2726 5627 ferebatur,
2760 5563 2979 5632 singulis
3016 5562 3261 5617 manibus
3294 5566 3534 5633 singulas

1940 5636 2366 5707 apprehendens,
2394 5635 2543 5688 ruina
2575 5649 2633 5707 se
2659 5634 2817 5687 simul
2847 5644 2901 5688 et
2929 5636 3048 5707 illos
3076 5635 3239 5707 voluit
3279 5634 3528 5703 opprimi,

1942 5706 2008 5761 ne
2033 5706 2215 5761 laudes
2245 5706 2547 5759 dmmonum
2596 5706 2646 5759 in
2677 5706 3056 5759 contumeliam
3100 5706 3191 5759 Dei
3230 5707 3310 5759 sui
3338 5723 3363 5757 a
3393 5721 3531 5773 quo~

1943 5792 2100 5847 quam
2134 5778 2360 5830 libenter
2388 5785 2656 5847 pateretur
2676 5777 2845 5831 audiri
2878 5774 2988 5847 (Id.
3018 5776 3155 5846 xvi).
3188 5777 3373 5830 Daniel
3403 5792 3469 5829 ne
3500 5790 3527 5826 a

1945 5846 2069 5917 rege
2097 5848 2313 5901 homine
2343 5846 2656 5916 petitionem
2683 5848 2912 5916 aliquant
2943 5855 3209 5916 posceret,
3242 5847 3391 5917 scda
3422 5847 3529 5899 lteo

1949 5916 2091 5987 vivo,
2115 5919 2201 5992 qui
2231 5928 2445 5989 praestat
2477 5920 2652 5975 omnia
2690 5920 2824 5975 bona
2851 5920 2988 5981 suis,
3020 5917 3259 5971 leonibus
3280 5916 3527 5982 jejunan—
