4018 6498
593 389 698 443 707

594 499 826 557 surrexit
853 515 867 552 :
900 498 1085 553 cecidit
1122 506 1449 566 persecutor.
1482 501 1692 566 erectus
1722 502 1803 546 est
1834 492 2169 566 praedicator.

599 574 653 626 ln
702 570 1016 625 Christianis
1066 563 1333 623 Christum
1385 565 1649 635 persecuti
1694 573 1816 616 sunt
1847 578 1998 635 reges
2034 579 2045 615 ε
2082 563 2174 615 sed

593 642 814 697 multum
844 642 938 713 eis
963 640 1347 713 prtestiterunt,
1380 634 1595 713 quando
1634 636 1870 713 membra
1911 634 1976 687 ad
2018 642 2178 713 caput

592 728 743 765 suum
779 703 1582 783 velocitertransieruntXNemo
1607 706 1727 783 talia
1755 704 1967 783 damna,
2000 703 2177 783 qualia

594 793 645 835 tu
680 824 693 847 ,
747 782 937 849 ingerit
990 779 1200 834 Christo
1235 798 1247 831 :
1280 780 1486 854 animas
1538 776 1680 854 enim
1718 777 2000 854 multorum
2031 776 2180 854 cupis

597 844 917 918 inttrticére,
947 869 1042 920 pro
1070 852 1259 919 quibus
1275 848 1518 903 Christus
1548 849 1599 901 in
1631 862 1789 920 carne
1812 847 1955 900 venit
1984 844 2178 920 occidi.

594 914 1226 995 Erubescegerube'sce,
1263 920 1534 995 hmretice.
1568 917 1704 995 Quid
1736 914 2066 995 iteraanuod
2097 930 2183 968 se-

591 995 694 1065 mel
739 994 931 1065 datur?
966 993 1019 1065 In
1054 992 1307 1065 membris
1330 990 1592 1065 snis_jam_
1618 992 1760 1065 intus
1782 998 1865 1065 est
1889 986 2133 1065 Christus
2162 1026 2177 1050 ,

591 1064 698 1117 noli
741 1064 792 1117 in
830 1064 944 1137 istis
987 1063 1164 1137 ipsum
1208 1062 1346 1116 velle
1375 1057 1762 1137 rebaptizare?
1808 1057 1987 1112 Semel
2014 1057 2179 1137 enim

596 1149 691 1201 pro
722 1134 967 1188 omnibus
992 1129 1111 1187 cum
1142 1132 1345 1187 Joanne
1374 1132 1425 1185 in
1458 1146 1647 1200 aquam
1678 1129 1923 1199 dignatus
1948 1135 2030 1181 est
2071 1129 2183 1194 ipse

1831 380 1887 434 S.
1929 379 2295 436 AUCUSTINI
2336 378 2637 436 EPISCOPI

3784 384 3888 443 708

2282 492 2608 565 descendere
2626 491 2835 565 (litauit.
2866 508 2941 565 tn,
2964 492 3071 565 l6).
3104 493 3349 550 Redemit
3377 494 3626 552 Christus
3647 497 3881 565 animas,

2283 563 2545 637 custodite
2571 564 2712 633 quod
2728 564 2829 637 ille
2855 563 3099 637 redemit.
3130 565 3341 635 lntegro
3360 565 3579 622 Christo
3606 563 3881 637 integrum

2284 635 2549 703 assignate
2598 634 2874 704 praedium.
2913 634 3080 690 Nemo
3127 637 3372 703 invadat,
3415 653 3575 691 nemo
3643 634 3880 693 invasori

2284 705 2581 759 consentiat
2615 724 2627 758 :
2669 706 3033 759 characterem
3074 707 3396 762 dominicum
3441 708 3621 763 nullus
3670 708 3881 764 abster-

2284 785 2391 844 gat,
2425 776 2603 830 titulos
2631 776 2828 830 Christi
2860 791 3016 831 nemo
3045 778 3297 846 deponat.
3334 778 3612 834 Redditnri
3644 780 3779 834 estis
3795 797 3884 834 ra-

2288 848 2483 900 tionem
2499 846 2721 899 Domino
2744 847 2873 915 regi,
2895 847 3018 901 boni
3047 850 3210 910 servi.
3236 849 3357 903 data
3380 860 3463 905 est
3488 851 3644 905 vobis
3667 852 3884 907 occasio

2287 917 2424 990 bene
2462 918 2763 990 operandi.
2795 917 3078 990 Abundant
3109 920 3401 989 peregrini,
3432 922 3653 989 captivi,
3685 936 3883 990 exspo-

2290 987 2420 1062 liati.
2448 985 2638 1062 Facite
2655 988 2792 1041 vobis
2821 989 3012 1062 amicos
3037 985 3416 1045 exinaniatona
3458 985 3744 1062 iniquitatis
3772 985 3881 1062 ,θυι

2288 1068 2334 1111 et
2360 1058 2457 1129 ipsi
2485 1058 2726 1129 recipiant
2752 1073 2836 1112 vos
2865 1060 2916 1112 in
2942 1060 3267 1114 tabernacula
3292 1072 3479 1116 (eterna
3495 1058 3649 1135 (Luc.
3669 1079 3782 1127 XVI,
3804 1061 3879 1131 9).

597 1256 725 1264 ,___..-,

1178 1344 1320 1458 S.
1415 1341 2178 1457 AURELII
2265 1336 3270 1452 AUGUSTINI

1774 1527 2288 1593 HIPPONENSIS
2329 1526 2682 1590 EPISCOPI

648 1680 994 1840 DE
1130 1669 2638 1842 UTILITATE
2754 1670 3825 1836 JEJUNII

1980 1928 2379 2012 SEBMO
2408 1917 2518 2003 (τ’).

2064 2064 2433 2118 εθῖῶὲἱβεὶϐε

662 2179 887 2235 CAPUT
915 2177 1199 2233 PRIMUM.
1227 2206 1295 2217 -—
1324 2177 1375 2230 1.
1407 2174 1671 2245 Jejunium
1698 2171 1803 2225 Deo
1832 2169 2061 2224 exhibere
2088 2168 2182 2221 ho-

591 2272 782 2324 minum
807 2281 900 2337 est,
934 2288 1035 2324 non
1066 2270 1389 2339 Angelorum.
1424 2268 1496 2321 De
1529 2265 1755 2319 utilitate
1780 2262 1967 2333 jejunii
1996 2260 2183 2315 admo-

590 2380 779 2418 nemur
802 2364 998 2433 aliquid
1028 2363 1203 2432 loqui;
1230 2372 1283 2416 et
1305 2362 1443 2416 Deus
1470 2360 1741 2423 admonet,
1768 2367 1823 2412 et
1854 2366 2061 2426 tempus
2085 2369 2183 2409 nos

588 2453 857 2507 admonet.
901 2454 1027 2508 llch
1071 2453 1214 2507 enim
1259 2449 1583 2512 observatio,
1628 2450 1742 2503 hzec
1770 2448 1941 2503 virtus
1967 2446 2127 2501 animi
2162 2486 2178 2512 ,

590 2546 704 2601 haec
731 2545 991 2601 lraudatio
1012 2546 1189 2601 carnis
1214 2553 1268 2600 et
1294 2545 1500 2600 lucrum
1527 2543 1721 2598 mentis
1741 2542 1807 2596 ab
1836 2540 2052 2609 Angelis
2074 2553 2178 2593 non

588 2638 873 2693 exhibetur
892 2639 1019 2694 Deo.
1043 2637 1116 2692 lhi
1140 2638 1279 2692 enim
1302 2637 1477 2692 omnis
1499 2644 1581 2690 est
1604 2636 1754 2705 copia
1769 2642 1823 2689 et
1852 2636 2177 2702 sempiterna

588 2730 849 2785 securitas
880 2747 891 2783 :
921 2738 976 2785 et
1020 2730 1139 2785 ideo
1187 2729 1363 2784 nullus
1411 2727 1690 2793 defectus,
1741 2726 1862 2796 quia
1912 2726 1964 2778 in
2011 2726 2177 2778 Deum

588 2823 775 2891 plenus
802 2821 1042 2877 ali'ectus.
1072 2821 1146 2876 lbi
1179 2821 1329 2891 panis
1374 2820 1699 2890 Angelorum
1734 2837 1745 2872 :
1782 2833 1939 2887 quem
1980 2831 2173 2886 panem

588 2913 915 2983 Angelorum
948 2922 1005 2966 ut
1045 2912 1391 2967 manducaret
1439 2911 1599 2965 homo
1623 2950 1638 2971 ,
1680 2907 1850 2963 factus
1876 2916 1960 2962 est
1993 2908 2172 2961 homo.

588 3003 685 3057 llic
714 3017 898 3057 omnes
940 3004 1130 3057 anima:
1176 3013 1441 3057 terrenam
1484 3015 1701 3056 carnem
1753 3008 2062 3071 portantes,
2108 2996 2175 3052 de

588 3101 729 3148 terra
757 3094 979 3163 implent
1003 3102 1216 3148 ventres
1244 3110 1257 3146 :
1289 3093 1357 3147 ibi
1386 3092 1603 3162 spiritus
1630 3090 1916 3145 rationales
1941 3088 2176 3143 celesti-

588 3184 687 3237 bus
726 3184 1037 3252 corporibus
1066 3184 1435 3255 praesidentes,
1468 3182 1535 3237 de
1564 3182 1672 3236 Deo
1703 3181 1924 3250 implent
1944 3192 2171 3235 mentes.

587 3274 653 3329 Et
685 3274 771 3329 hic
792 3276 942 3330 cibus
968 3286 1068 3340 est,
1098 3285 1151 3331 et
1181 3276 1249 3329 ibi
1280 3275 1432 3329 cibus
1470 3292 1483 3327 :
1514 3274 1609 3329 sed
1637 3274 1786 3328 cibus
1821 3274 1920 3328 iste
1939 3287 2057 3327 cum
2085 3288 2173 3327 re-

588 3367 719 3433 iicit,
758 3367 956 3433 delicit,
988 3378 1041 3422 et
1069 3369 1147 3422 sic
1182 3367 1369 3437 implet
1393 3366 1594 3432 alvum,
1642 3373 1699 3419 ut
1730 3365 1842 3434 ipse
1867 3364 2168 3430 minuatur;

586 3459 673 3511 ille
691 3466 868 3513 autem
886 3470 938 3512 et
960 3459 1162 3529 implet,
1187 3468 1240 3512 ct
1267 3459 1470 3527 integer
1498 3466 1790 3527 permanet.
1816 3457 1966 3510 llunc
1986 3456 2169 3509 cibum

588 3549 745 3603 nobis
774 3549 1118 3604 esuriendum
1158 3549 1405 3605 Christus
1433 3548 1643 3615 indixit,
1666 3548 1849 3603 dicens
1874 3566 1887 3601 :
1919 3545 2064 3600 Beati
2087 3546 2173 3617 qui

584 3642 808 3696 esuriant
841 3652 887 3696 et
916 3642 1091 3696 sitiunt
1108 3643 1381 3711 justitiam,
1414 3642 1653 3713 quoniam
1677 3640 1775 3712 ipsi
1811 3639 2173 3695 saturabuutur

584 3733 796 3805 (Matth.
829 3750 881 3801 v,
913 3735 988 3807 6).
1018 3735 1256 3790 Pertinet
1288 3750 1417 3804 ergo
1452 3734 1517 3788 ad
1548 3733 1791 3788 homines
1832 3733 1970 3787 hanc
2004 3732 2167 3785 vitam

580 3828 860 3882 mortalem
891 3835 1174 3897 gerentes,
1227 3826 1430 3881 esurire
1459 3841 1520 3880 ac
1550 3825 1697 3879 sitire
1730 3824 1987 3893 justitiam
2023 3840 2035 3877 :
2071 3824 2170 3877 im-

580 3919 713 3988 pleri
743 3927 921 3974 autem
955 3918 1198 3989 justitia,
1248 3916 1317 3972 ad
1364 3917 1519 3971 aliam
1567 3915 1727 3969 vitam
1777 3914 2023 3983 pertinet.
2058 3913 2169 3967 lluc

579 4025 717 4080 pane
741 4052 757 4077 ,
809 4010 913 4065 hoc
960 4010 1078 4064 cibo
1122 4009 1263 4079 pleni
1302 4016 1425 4062 sunt
1454 4006 1640 4076 Angeli
1670 4022 1683 4058 :
1718 4004 1962 4059 homines
1990 4012 2165 4057 autem

578 4100 705 4155 dum
733 4100 977 4156 esurinnt
1001 4100 1293 4154 extendunt
1322 4114 1413 4163 se;
1446 4098 1571 4152 dum
1603 4112 1663 4152 se
1690 4096 2004 4162 extendunt,
2032 4096 2166 4149 dila—

579 4201 791 4258 tantur;
820 4192 946 4246 dum
973 4191 1282 4256 dilatantur,
1314 4204 1537 4260 capaces
1564 4189 1729 4254 ﬁunt;
1754 4202 1977 4259 capaces
2003 4187 2121 4241 facti
2147 4228 2163 4254 ,

579 4298 679 4337 suo
711 4294 951 4352 tempore
979 4281 1347 4351 replebuntur.
1388 4279 1525 4348 Quid
1565 4278 1732 4349 ergo?
1763 4278 1847 4333 hic
1878 4278 2010 4332 nihil
2044 4277 2165 4333 inde

578 4373 793 4442 capiunt
840 4372 929 4442 qui
978 4371 1218 4425 esuriunt
1273 4378 1338 4425 et.
1366 4370 1553 4425 sitiunt
1590 4368 1887 4439 justitiam?
1940 4368 2166 4440 Capiunt

577 4464 733 4533 plane
758 4480 771 4515 :
801 4463 894 4517 sed
923 4461 1064 4515 aliud
1086 4470 1185 4527 est,
1204 4476 1324 4517 cum
1347 4461 1634 4532 quaerimus
1654 4459 1720 4514 de
1742 4458 2034 4515 refectione
2064 4460 2165 4514 iter

576 4554 879 4625 agentium;
912 4564 965 4607 et
990 4551 1153 4617 aliud,
1207 4568 1325 4607 eum
1377 4551 1662 4622 quzerimus
1713 4549 1780 4606 de
1835 4549 2163 4621 perfectione

575 4647 875 4701 beatorum.
926 4644 1239 4714 Apostolum
1269 4642 1390 4697 audi
1418 4644 1741 4697 esurientem
1769 4650 1824 4697 et
1849 4641 2115 4697 sitientem
2144 4683 2159 4708 ,

573 4749 629 4793 et
674 4740 853 4807 utique
897 4735 1178 4805 justitiam,
1208 4744 1401 4803 quanta
1434 4734 1484 4787 in
1518 4732 1617 4787 hac
1659 4734 1761 4787 vita
1807 4735 1922 4802 capi
1962 4742 2157 4801 potest,

573 4838 767 4900 quanta
797 4828 911 4899 geri
938 4826 1158 4897 justitia.
1190 4825 1321 4894 Quis
1363 4826 1504 4881 enim
1557 4834 1797 4879 nostrum
1840 4840 1898 4880 se
1950 4824 2024 4877 illi
2079 4826 2160 4879 Vri

573 4922 818 4978 conferre
843 4920 1055 4987 audeat,
1087 4918 1280 4973 nedum
1311 4917 1597 4988 prtel'erre?
1624 4917 1728 4972 Sed
1758 4917 1881 4987 quid
1912 4916 2004 4981 ait,
2039 4916 2160 4971 Non

570 5018 689 5087 quia
703 5017 816 5088 jam
843 5014 1141 5084 acceperim,
1182 5022 1270 5066 aut
1286 5013 1401 5083 jam
1429 5011 1678 5083 perfectus
1694 5010 1809 5065 sim.
1832 5009 2016 5064 Videte
2041 5010 2161 5079 quis

572 5109 817 5179 loquatur
846 5125 859 5162 :
892 5107 995 5161 Vas
1022 5106 1320 5173 electionis,
1343 5115 1396 5161 et
1416 5113 1713 5160 extremum
1740 5102 1968 5174 quodam
1998 5102 2159 5158 modo

572 5201 901 5256 ﬁmbriarum
935 5200 1239 5255 vestimenti
1289 5198 1533 5263 Domini;
1578 5196 1674 5252 sed
1717 5204 1891 5251 tamen
1920 5195 2063 5265 quod
2092 5195 2157 5250 ad

571 5292 769 5347 ﬂuxum
797 5292 1068 5362 sanguinis
1092 5301 1244 5346 sanat
1280 5297 1607 5360 tangentem,
1649 5287 1770 5358 quia
1798 5286 2107 5343 credentem
2142 5305 2153 5341 :

571 5387 891 5441 novissimus
919 5388 1059 5443 enim
1093 5387 1467 5458 Apostolorum
1495 5392 1549 5439 et
1578 5382 1849 5450 minimus,
1881 5382 2020 5436 sicut
2042 5381 2157 5450 ipse

573 5478 667 5540 ait,
698 5476 809 5547 Ego
838 5496 948 5531 sum
989 5480 1290 5534 nouissimus
1340 5478 1735 5548 Apostolorum;
1765 5484 1838 5541 et,
1885 5473 1996 5546 Ego
2043 5491 2157 5527 sum

574 5568 810 5622 minimus
862 5570 1257 5637 Apostolorum:
1286 5577 1340 5622 et
1386 5570 1598 5633 iterum,
1652 5567 1771 5621 Non
1814 5583 1925 5621 sum
1972 5567 2157 5636 dignus

570 5664 738 5716 vocari
764 5663 1040 5732 apostolus,
1075 5664 1190 5731 quia
1222 5672 1508 5732 persecutus
1557 5678 1668 5716 sum
1710 5660 1989 5713 Ecclesium
2023 5658 2156 5713 Dei:

632 5800 705 5859 (a)
730 5804 1024 5845 necensetur
1048 5808 1075 5844 a
1095 5793 1303 5843 Possidio
1320 5792 1365 5839 in
1387 5794 1577 5843 tndiculi
1603 5808 1703 5856 cap.
1731 5794 1776 5842 8.
1810 5801 1903 5843 Non
1928 5799 2155 5855 repertus

571 5868 646 5909 est
675 5874 765 5909 nisi
789 5861 835 5907 ia
862 5859 1018 5906 Editis.

2297 2168 2385 2221 sed
2410 2168 2574 2237 gratia
2604 2166 2695 2223 Dei
2720 2187 2827 2225 sum
2851 2171 2905 2224 id
2941 2172 3077 2241 quod
3103 2188 3253 2238 sum;
3281 2182 3326 2228 et
3363 2175 3529 2246 gratia
3565 2178 3676 2248 ejus
3719 2178 3773 2232 in
3802 2196 3877 2235 me

2287 2273 2443 2311 vacua
2476 2275 2578 2313 non
2620 2261 2749 2331 fuit,
2795 2262 2883 2317 sed
2928 2263 3042 2332 plus
3083 2264 3313 2319 omnibus
3338 2266 3442 2321 illis
3472 2266 3697 2322 laboravi
3729 2286 3747 2323 :
3777 2288 3879 2324 non

2288 2364 2377 2419 ego
2404 2358 2601 2416 autem,
2640 2352 2729 2404 sed
2764 2354 2930 2423 gratia
2958 2353 3053 2407 Dei
3090 2371 3286 2409 mecum
3313 2354 3369 2429 (l
3408 2356 3529 2413 Cor.
3576 2375 3667 2425 xv,
3697 2361 3878 2431 8-10).

2288 2440 2414 2497 llaec
2445 2442 2666 2500 audiens
2707 2454 2792 2513 tu,
2842 2455 3091 2518 tanquam
3133 2449 3346 2519 plenum
3374 2460 3427 2506 et
3452 2452 3752 2522 perlectum
3785 2455 3877 2510 tibi

2285 2533 2483 2590 videris
2508 2536 2710 2593 audire.
2742 2538 2950 2593 Audisti
2979 2540 3104 2611 quid
3134 2551 3325 2606 ructet,
3354 2542 3477 2597 audi
3509 2552 3563 2599 et
3589 2545 3718 2615 quid
3756 2560 3878 2601 esu-

2284 2625 2408 2680 riat.
2444 2624 2566 2680 Non
2594 2629 2712 2698 quia
2730 2630 2843 2700 jam
2870 2632 3170 2701 acceperim,
3209 2643 3295 2686 aut
3314 2635 3432 2704 jam
3462 2640 3719 2705 perfectus
3744 2636 3841 2690 sim
3859 2680 3874 2704 ,

2283 2716 2377 2770 ait.
2408 2716 2636 2786 Fratres,
2666 2736 2759 2789 ego
2784 2738 2882 2774 non
2907 2723 3123 2777 arbitror
3144 2740 3222 2777 me
3250 2726 3643 2795 apprehendisse
3670 2744 3690 2781 :
3721 2745 3875 2782 unum

2283 2816 2450 2861 autem
2476 2826 2589 2877 qua:
2614 2820 2746 2865 retro
2776 2810 2980 2880 oblitus,
3012 2813 3065 2867 in
3108 2831 3164 2868 ea
3192 2831 3305 2884 qua:
3328 2824 3442 2870 ante
3471 2826 3586 2870 sunt
3611 2829 3869 2885 extentus,

2281 2901 2554 2954 secundum
2582 2903 2904 2958 intentionem
2931 2921 3110 2975 sequor
3133 2906 3201 2959 ad
3222 2907 3442 2977 palmam
3462 2925 3703 2977 superna:
3730 2927 3874 2966 voca-

2283 2990 2432 3045 tionis
2462 2990 2557 3044 Dei
2584 2992 2635 3045 in
2664 2991 2863 3047 Christo
2887 2992 3012 3048 Jesu
3040 2994 3299 3066 (Philipp.
3338 3012 3414 3061 tn,
3468 2999 3685 3070 1244).
3742 3002 3873 3058 Dicit

2280 3094 2339 3136 se
2366 3083 2600 3137 nondum
2625 3099 2744 3139 esse
2772 3085 3085 3154 perlectum,
3117 3088 3255 3156 quod
3290 3089 3523 3144 nondum
3555 3093 3826 3163 acceperit
3854 3134 3870 3159 ,

2279 3172 2518 3228 nondum
2568 3176 3027 3245 apprehenderit:
3071 3178 3201 3234 dicit
3244 3194 3303 3235 se
3350 3181 3587 3249 extendi,
3635 3182 3769 3238 dicit
3816 3199 3872 3238 se

2279 3266 2430 3336 sequi
2457 3266 2519 3319 ad
2540 3267 2770 3336 palmam
2792 3284 3039 3339 superna:
3067 3272 3382 3326 vocationis.
3413 3272 3467 3327 ln
3501 3273 3582 3327 via
3614 3284 3721 3340 est;
3751 3290 3870 3330 esu-

2279 3357 2368 3420 rit,
2400 3357 2608 3428 impleri
2631 3360 2762 3425 vult,
2786 3362 2995 3433 satagit,
3028 3364 3305 3433 pervenire
3332 3363 3620 3431 desiderat,
3641 3374 3868 3422 aestuat:

2277 3449 2411 3505 nihil
2442 3451 2517 3504 illi
2550 3460 2653 3506 tam
2680 3468 2885 3524 magna:
2911 3470 3076 3510 morae
3104 3468 3208 3523 est,
3237 3471 3393 3527 quam
3416 3457 3637 3513 dissolvi
3669 3468 3727 3514 et
3754 3476 3871 3516 esse

2276 3555 2396 3596 cum
2423 3542 2635 3599 Christo
2665 3543 2774 3615 (Id.
2808 3562 2844 3611 ι,
2871 3545 2986 3618 23).

2348 3633 2573 3690 CAPUT
2605 3635 2668 3689 ll.
2698 3667 2767 3676 —
2791 3636 2844 3689 2.
2874 3636 3136 3709 Jejunium
3163 3639 3423 3695 hominum
3442 3650 3514 3696 est
3538 3642 3767 3697 medium
3794 3644 3867 3697 lo-

2274 3743 2390 3780 cum
2435 3727 2709 3781 tenentium
2735 3730 2964 3783 carnales
2984 3730 3113 3783 inter
3146 3740 3193 3784 et
3237 3731 3477 3803 Angelos.
3524 3732 3693 3804 Ergo,
3739 3734 3867 3789 cha-

2273 3821 2492 3885 rissimi,
2525 3821 2646 3890 quia
2673 3829 2756 3877 est
2778 3831 3025 3878 terrenus
3053 3822 3223 3890 cibus,
3252 3840 3357 3895 quo
3384 3826 3563 3880 carnis
3581 3826 3866 3882 inﬁrmitas

2276 3912 2544 3981 pascitur;
2589 3920 2673 3967 est
2717 3922 2893 3968 autem
2926 3923 2979 3969 et
3033 3915 3270 3970 caelestis
3316 3917 3487 3983 cibus,
3536 3932 3646 3988 quo
3702 3920 3867 3989 pietas

2273 4005 2466 4060 mentis
2495 4006 2770 4075 impletur;
2801 4014 2857 4062 et
2884 4007 3045 4063 habet
3090 4010 3241 4064 cibus
3270 4010 3369 4063 iste
3401 4018 3651 4066 terrenus
3704 4014 3864 4068 vitam

2272 4112 2445 4162 suam,
2478 4097 2641 4152 habet
2666 4107 2720 4153 et
2768 4097 2856 4153 ille
2882 4115 3034 4154 suam
3061 4117 3073 4152 ε
3105 4099 3263 4171 hujus
3311 4101 3417 4156 cibi
3446 4103 3553 4157 vita
3586 4103 3862 4160 hominum

2272 4199 2373 4256 est,
2404 4190 2544 4245 illius
2564 4192 2667 4246 cibi
2699 4192 2803 4247 vita
2835 4190 3159 4263 Angelorum
3203 4203 3307 4249 est.
3341 4195 3552 4252 Fideles
3583 4198 3860 4266 homines,

2271 4281 2487 4337 discreti
2508 4282 2618 4352 jam
2646 4283 2809 4339 corde
2856 4299 2886 4338 a
2934 4284 3092 4339 turba
3143 4284 3437 4342 infidelium
3466 4328 3481 4355 ,
3530 4294 3783 4359 suspensi
3815 4294 3862 4347 in

2270 4375 2437 4431 Deum
2455 4416 2469 4441 ,
2496 4375 2689 4446 quibus
2716 4375 2930 4442 dicitur,
2984 4376 3207 4433 Sursum
3242 4393 3338 4433 cor
3359 4421 3374 4445 ,
3402 4380 3561 4435 aliam
3590 4397 3745 4453 spem
3773 4399 3861 4455 ge-

2270 4479 2449 4524 rentes
2471 4509 2485 4533 ,
2522 4476 2577 4523 et
2603 4467 2834 4523 scientes
2850 4483 2909 4523 se
2936 4470 3262 4539 peregrinari
3288 4470 3340 4524 in
3369 4470 3471 4526 hoc
3489 4474 3728 4540 mundo,
3751 4491 3862 4530 me-

2268 4562 2411 4616 dium
2424 4560 2704 4632 quemdam
2725 4561 2898 4617 locum
2920 4570 3099 4617 tenent
3114 4577 3244 4633 gnec
3262 4562 3363 4616 illis
3376 4566 3729 4633 comparandi
3745 4576 3865 4621 sunt

2266 4655 2355 4725 qui
2400 4653 2532 4707 nihil
2559 4653 2702 4708 aliud
2749 4663 2935 4724 putant
2973 4654 3194 4721 bonum,
3218 4671 3376 4724 quant
3398 4655 3605 4711 deliciis
3632 4661 3863 4715 terrenis

2266 4745 2486 4815 perfrui,
2503 4760 2600 4799 nec
2618 4746 2897 4801 illisadhuc
2913 4747 3156 4815 supernis
3172 4746 3559 4803 habitatoribus
3576 4753 3701 4806 (ια)Ιί
3714 4795 3727 4815 ,
3743 4755 3861 4822 qui-

2267 4836 2365 4890 bus
2382 4836 2509 4890 501:1:
2528 4836 2732 4891 deliciae
2757 4836 2881 4891 sunt
2908 4838 3063 4908 panis
3086 4837 3201 4907 ipse
3225 4852 3255 4892 a
3283 4854 3389 4909 quo
3409 4840 3577 4895 creati
3603 4851 3755 4897 sunt.
3786 4843 3860 4897 Illi

2268 4929 2515 4985 homines
2540 4931 2692 5000 proni
2724 4930 2790 4985 ad
2821 4940 3040 4998 terram,
3074 4941 3282 5002 pastum
3313 4943 3473 5005 atque
3514 4935 3763 4993 lzetitiam
3795 4939 3859 4994 de

2266 5020 2377 5074 sola
2400 5035 2562 5075 carne
2586 5021 2942 5091 requirentes,
2962 5024 3245 5093 pecoribus
3261 5037 3647 5096 comparantur
3672 5031 3858 5099 :longe

2265 5110 2333 5165 ab
2360 5110 2577 5181 Angelis
2613 5110 2815 5167 distant
2839 5121 2893 5168 et
2919 5112 3224 5172 conditione
3262 5124 3318 5171 et
3363 5118 3636 5188 moribus;
3667 5123 3855 5178 condi-

2267 5202 2431 5268 tione,
2464 5202 2585 5273 quia
2613 5204 2869 5261 mortales
2908 5216 3064 5273 sunt;
3114 5208 3377 5276 moribus,
3410 5212 3535 5280 quia
3570 5212 3853 5271 luxuriosi.

2265 5292 2407 5348 Inter
2436 5294 2582 5349 illum
2607 5296 2859 5365 populum
2888 5298 3012 5353 caeli
3041 5307 3095 5354 et
3127 5302 3383 5369 populum
3428 5312 3613 5368 terra),
3644 5308 3855 5363 medius

2263 5383 2493 5454 quodam
2516 5384 2676 5439 modo
2704 5386 2969 5456 pendebat
2990 5390 3277 5458 Apostolus
3306 5408 3319 5444 :
3345 5392 3467 5447 illuc
3490 5394 3619 5459 ibat,
3645 5395 3773 5451 hinc
3799 5414 3853 5451 se

2263 5477 2554 5532 attollebat.
2581 5477 2693 5533 Nec
2717 5494 2838 5534 cum
2866 5480 2969 5535 illis
2987 5490 3163 5537 tamen
3195 5492 3312 5538 erat
3357 5484 3562 5551 adhuc;
3607 5504 3732 5542 nam
3782 5489 3851 5543 di-

2262 5579 2439 5636 ceret,
2472 5569 2589 5624 Jam
2612 5570 2880 5640 perlectus
2909 5588 3025 5627 sum
3049 5592 3063 5629 :
3084 5589 3184 5629 nec
3204 5590 3325 5629 cum
3356 5574 3471 5629 istis
3494 5586 3630 5642 crat,
3657 5580 3849 5648 pigris,

2264 5661 2506 5729 torpidis,
2537 5662 2806 5728 marcidis,
2839 5664 3209 5731 somnoientis,
3238 5664 3369 5720 nihil
3399 5666 3542 5720 aliud
3582 5683 3705 5723 esse
3745 5686 3845 5740 pu-

2263 5752 2520 5818 tantibus,
2550 5752 2650 5807 nisi
2695 5753 2837 5823 quod
2867 5755 3085 5822 vident,
3111 5766 3166 5811 et
3186 5753 3327 5826 quod
3356 5760 3543 5813 transit
3570 5802 3585 5826 ,
3614 5771 3664 5814 et
3706 5763 3848 5831 quod

2267 5844 2376 5899 nati
2406 5852 2548 5914 sunt,
2580 5853 2633 5903 et
2661 5846 2800 5917 quod
2832 5848 3075 5904 morituri
3102 5857 3254 5915 sunt;
3285 5863 3405 5904 nam
3435 5848 3482 5905 si
3512 5866 3633 5906 eum
3650 5853 3730 5907 eis
3759 5868 3846 5908 es-
