4106 6504
269 392 366 450 700

266 521 370 575 set,
401 522 501 562 non
524 505 759 569 diceret,
788 504 984 574 Sequor
1013 502 1080 555 ad
1103 501 1325 572 palmam
1349 517 1583 572 supernae
1604 501 1831 555 vacatio-

262 603 355 655 nis.
385 598 693 655 Gubernare
714 597 890 666 itaque
917 596 1174 651 debemus
1220 605 1402 649 nostra
1446 595 1670 665 jejunia.
1712 594 1829 650 Non

260 693 482 759 esthoc,
511 701 567 746 ut
588 690 694 745 dixi
718 732 733 756 ,
762 689 994 744 officium
1042 688 1377 758 angelicum;
1421 703 1524 743 nec
1562 699 1737 743 tamen
1779 697 1836 743 et

261 785 461 841 illorum
485 782 758 836 hominum
810 781 1045 835 officium
1086 787 1170 834 est
1210 780 1300 850 qui
1332 785 1504 835 ventri
1532 780 1771 834 serviunt
1816 797 1829 832 :

260 876 544 932 medietatis
570 885 768 929 nostrae
790 889 878 930 res
905 882 986 929 est
1005 914 1019 937 ,
1047 887 1151 942 qua
1178 872 1410 927 vivimus
1436 873 1630 928 secreti
1662 872 1728 926 ab
1762 872 1833 924 in-

260 967 534 1032 fidelibus,
593 964 843 1034 conjungi
919 965 1134 1034 Angelis
1213 963 1501 1017 inhiantes.
1585 962 1828 1016 Nondum

260 1058 607 1130 pervenimus,
662 1056 755 1112 sed
816 1056 925 1127 jam
997 1055 1135 1110 imus
1178 1072 1192 1109 :
1234 1054 1475 1109 nondum
1529 1055 1599 1108 ibi
1679 1054 1830 1108 lzeta-

261 1167 414 1216 mur,
449 1150 544 1203 sed
568 1149 677 1218 jam
729 1147 816 1203 hic
868 1147 1216 1217 suspiramus.
1283 1146 1420 1214 Quid
1479 1160 1610 1216 ergo
1672 1145 1827 1201 nobis

255 1243 462 1313 prodest
481 1242 749 1296 abstinere
795 1241 1127 1309 aliquantum
1157 1254 1186 1292 a
1209 1248 1362 1309 pastu
1389 1246 1444 1293 et
1490 1238 1671 1292 lzetitia
1709 1252 1829 1291 car-

264 1333 361 1386 nali
387 1332 410 1384 7
437 1331 576 1385 Caro
598 1332 651 1385 in
679 1340 876 1385 terram
903 1331 1074 1400 cogit;
1096 1346 1248 1385 mens
1273 1344 1482 1385 sursum
1502 1329 1670 1383 tendit
1702 1345 1714 1381 :
1746 1343 1831 1382 ra-

255 1425 387 1494 pitur
412 1437 616 1489 amore,
658 1422 754 1479 sed
782 1423 1017 1477 tardatur
1044 1423 1302 1493 pondere.
1335 1422 1411 1475 De
1441 1421 1543 1475 hac
1582 1437 1643 1476 re
1680 1420 1829 1475 Scri-

255 1525 395 1584 ptura
436 1514 507 1568 ita
535 1514 771 1582 loquitur
800 1532 814 1567 :
847 1512 1042 1583 Corpus
1089 1513 1223 1567 enim
1271 1512 1406 1581 quod
1444 1512 1787 1581 corrumpitur
1810 1550 1825 1576 ,

253 1614 481 1677 aggravut
499 1606 746 1670 animam,
768 1614 816 1658 et
835 1605 1071 1675 deprimit
1094 1614 1289 1658 terrena
1309 1604 1607 1657 inhabitatio
1627 1618 1828 1656 sensum

253 1697 399 1750 utalia
427 1697 733 1766 cogitantem
757 1695 911 1767 (Sap.
942 1693 1146 1768 ιι,15).
1178 1696 1234 1749 Si
1252 1709 1379 1765 ergo
1400 1709 1528 1748 caro
1547 1694 1598 1747 in
1625 1702 1820 1748 terram

252 1801 463 1857 vergens
483 1802 623 1840 onus
649 1795 732 1841 est
752 1787 974 1853 animai,
1005 1796 1058 1841 et
1088 1786 1297 1840 sarcina
1327 1801 1663 1856 praegravans
1691 1799 1832 1855 prae-

254 1879 536 1942 volantem;
558 1889 819 1949 quantum
842 1880 1064 1949 quisque
1087 1878 1386 1934 delectatur
1415 1879 1689 1948 superiore
1719 1879 1827 1933 vita

254 1984 359 2033 sua,
390 1979 596 2025 tantum
628 1970 849 2039 deponit
876 1969 945 2024 de
998 1980 1207 2025 terrena
1266 1970 1475 2024 sarcina
1524 1985 1641 2024 sua.
1686 1970 1827 2027 Ecce

252 2063 379 2133 quod
408 2064 620 2133 agimus
649 2062 974 2132 jejunantes.

314 2155 533 2214 CAPUT
576 2154 665 2209 Ill.
694 2185 767 2195 —
785 2157 837 2210 5.
864 2153 1127 2225 Jejunium
1154 2154 1491 2208 necessarium
1528 2154 1597 2207 ad
1624 2171 1825 2209 carnem

251 2248 565 2301 domandam.
596 2246 715 2301 Non
744 2246 895 2301 vobis
924 2260 1051 2315 ergo
1076 2245 1318 2299 videatur
1346 2246 1477 2299 levis
1506 2260 1593 2300 res
1614 2254 1705 2299 aut
1731 2261 1824 2301 su-

248 2341 458 2410 perflua,
490 2355 561 2395 ne
592 2340 874 2410 quisquam
904 2337 1040 2392 forte
1060 2336 1163 2391 hoc
1188 2336 1390 2391 faciens
1421 2336 1671 2391 Ecclesia:
1696 2353 1826 2391 con-
1876 2391 1883 2397 ,

249 2433 532 2497 suetudine,
565 2432 766 2502 cogitet
802 2428 943 2500 apud
965 2444 1053 2495 se,
1098 2436 1154 2484 et
1181 2427 1321 2483 dicat
1343 2426 1475 2493 sibi,
1508 2435 1600 2481 aut
1626 2442 1822 2498 suggeo

250 2534 439 2578 rentem
473 2524 803 2577 intrinsecus
854 2519 1038 2575 audiat
1082 2527 1401 2573 tentatorem
1427 2536 1440 2572 :
1469 2518 1607 2586 Quid
1660 2519 1819 2587 facis,

251 2616 361 2684 quia
383 2614 600 2684 jejunas
628 2612 652 2664 ?
696 2611 983 2667 Defraudas
1008 2611 1239 2664 animam
1289 2618 1466 2677 tuam,
1499 2626 1606 2664 non
1637 2610 1686 2664 ei
1726 2610 1823 2666 das

249 2705 375 2775 quod
400 2721 516 2760 eam
536 2704 808 2768 delectat;
834 2702 925 2757 tibi
952 2701 1054 2771 ipsi
1081 2700 1281 2771 ingeris
1305 2714 1542 2770 ptenam,
1562 2708 1684 2754 tuus
1710 2701 1824 2770 ipse

249 2805 403 2851 tortor
428 2806 479 2853 et
506 2796 783 2852 cruciator
822 2794 1027 2850 existis.
1059 2792 1172 2847 Deo
1218 2808 1346 2862 ergo
1390 2792 1562 2862 placet
1605 2792 1727 2862 quia
1767 2799 1821 2847 te

247 2889 478 2943 crucias?
502 2890 652 2958 Ergo
678 2887 907 2942 crudelis
936 2894 1047 2952 est,
1067 2885 1157 2957 qui
1178 2884 1480 2939 delectatur
1504 2884 1679 2954 pomis
1695 2883 1819 2938 tuis.

249 2983 513 3053 Responde
545 2981 860 3053 huiusmodi
883 2980 1134 3036 tentatori
1168 2995 1185 3011 ·
1216 2978 1481 3034 Excrucio
1508 2992 1593 3031 me
1624 2977 1783 3045 plane
1803 3018 1819 3043 ,

247 3087 299 3131 ut
318 3077 398 3132 ille
423 3084 646 3147 parcat;
672 3074 742 3129 do
768 3073 836 3128 de
861 3088 947 3128 me
972 3087 1188 3142 poenas,
1216 3078 1272 3125 at
1299 3070 1387 3124 ille
1413 3069 1727 3134 subveniat,
1764 3075 1825 3123 ut

249 3169 467 3239 placeam
490 3167 670 3224 oculis
686 3168 822 3235 ejus,
838 3173 896 3219 ut
915 3164 1173 3220 delectem
1190 3162 1512 3217 suavitatem
1534 3161 1669 3230 ejus.
1688 3160 1822 3214 Nam

248 3268 296 3314 et
321 3259 526 3313 victima
560 3256 921 3319 excruciatur,
950 3263 1009 3308 ut
1040 3254 1091 3307 in
1122 3268 1270 3306 aram
1300 3252 1623 3320 imponatur.
1652 3250 1822 3305 Minus

249 3360 439 3419 premet
466 3358 712 3404 mentem
742 3360 917 3401 meam
944 3360 1068 3399 caro
1098 3358 1236 3397 mea.
1281 3342 1349 3395 Et
1390 3342 1479 3395 tali
1525 3340 1820 3395 dissuasori

249 3444 409 3511 male,
438 3456 603 3498 servo
631 3438 835 3494 ventris
858 3479 874 3505 ,
920 3434 1188 3505 responde
1218 3449 1310 3504 per
1340 3433 1475 3488 hanc
1517 3432 1825 3487 similitudi-

249 3553 379 3604 nem,
406 3547 457 3591 ct
477 3536 567 3591 dic
592 3534 674 3589 :Si
697 3533 939 3601 jumento
969 3528 1106 3583 forte
1123 3526 1405 3591 insideres,
1430 3526 1475 3580 si
1493 3540 1629 3595 equo
1648 3532 1824 3579 utere—

248 3631 333 3695 ris,
348 3630 432 3699 qui
456 3638 505 3684 te
518 3624 803 3699 gestiendo
818 3634 999 3693 posset
1010 3620 1344 3692 praecipitare
1362 3635 1376 3683 ;
1398 3633 1573 3672 nonne
1599 3625 1654 3671 ut
1666 3632 1825 3672 secu-

249 3736 331 3775 rus
354 3722 449 3775 iter
473 3732 673 3790 ageres
688 3757 702 3783 ,
728 3714 924 3770 cibaria
941 3710 1217 3767 ferocicmi
1235 3708 1598 3774 subtraheres,
1616 3716 1672 3762 et
1686 3706 1825 3763 fame

248 3814 481 3869 domares
505 3825 673 3883 quem
704 3808 860 3864 freno
894 3821 998 3862 non
1033 3818 1219 3875 posses
1243 3804 1266 3857 ?
1292 3802 1428 3857 Caro
1456 3816 1572 3856 mea
1611 3800 1826 3871 jumen-

251 3914 349 3960 tum
371 3922 547 3961 meum
573 3910 664 3958 est
691 3919 706 3956 :
733 3901 834 3955 iter
855 3914 953 3968 ago
982 3898 1035 3952 in
1062 3895 1379 3957 Jerusalem,
1414 3893 1722 3963 plerumque
1742 3908 1830 3948 me

248 3998 393 4067 rapit,
422 4006 476 4053 et
503 3995 577 4051 de
604 3994 689 4048 via
717 3998 941 4047 conatur
964 3987 1247 4045 excludere
1274 3987 1290 4017 ¹
1323 4003 1335 4040 :
1365 3985 1446 4039 via
1500 3993 1676 4038 autem
1706 3998 1823 4039 mea

250 4092 478 4149 Christus
507 4099 596 4146 est
623 4106 638 4142 :
674 4087 747 4141 ita
772 4086 1125 4141 exsultantem
1158 4095 1265 4134 non
1292 4078 1553 4133 cohibebo
1575 4077 1778 4147 jejunio
1807 4076 1830 4130 ?

250 4184 432 4256 Siquis
483 4184 592 4239 hoc
618 4180 794 4251 sapit,
841 4177 1003 4237 etiam
1059 4175 1175 4244 ipso
1232 4172 1601 4242 experimento
1643 4171 1833 4241 probat

252 4296 398 4352 quam
445 4281 655 4335 utiliter
688 4276 980 4346 jejunetur.
1025 4269 1290 4339 Numquid
1329 4270 1470 4324 enim
1521 4282 1649 4323 caro
1696 4268 1830 4334 ista,

251 4392 359 4445 qua:
388 4389 532 4429 nunc
557 4373 832 4435 domatur,
858 4381 1070 4436 semper
1095 4363 1398 4419 domabitur
1418 4363 1439 4415 ?
1461 4361 1593 4414 Dum
1627 4368 1834 4429 tempo-

252 4467 423 4521 raliter
450 4466 648 4529 ﬂuitat,
681 4461 806 4516 dum
832 4456 1175 4515 mortalitatis
1204 4453 1509 4509 conditione
1536 4466 1835 4521 praegrava-

256 4567 348 4625 tur,
376 4559 540 4614 habet
575 4553 963 4611 exsultationes
1000 4564 1122 4604 suas
1150 4547 1455 4613 manifestas
1484 4554 1538 4600 et
1566 4544 1834 4614 periculo-

252 4664 332 4704 sas
355 4649 520 4703 menti
546 4653 768 4702 nostrze.
792 4644 931 4697 Caro
957 4649 1039 4696 est
1070 4639 1211 4693 enim
1238 4637 1415 4691 adhuc
1439 4634 1828 4704 corruptibilis,

253 4741 479 4795 nondum
511 4735 839 4799 resurrexit;
865 4747 990 4787 nam
1034 4744 1142 4785 non
1174 4743 1389 4797 semper
1409 4727 1486 4782 sic
1511 4727 1613 4780 erit
1656 4744 1669 4780 :
1698 4740 1836 4779 non-

255 4831 370 4888 dum
425 4832 590 4888 habet
636 4838 831 4884 statum
874 4823 1150 4896 proprium
1195 4821 1430 4877 crelesris
1475 4818 1833 4884 habitudinis;

257 4926 482 4981 nondum
505 4922 653 4981 enim
687 4919 808 4975 facti
835 4931 1020 4974 sumus
1041 4914 1274 4984 aequales
1305 4911 1524 4982 Angelis
1552 4910 1667 4965 Dei.

318 5015 547 5073 CAPUT
588 5012 678 5069 1V.
718 5040 792 5052 —
817 5011 872 5066 4.
917 5006 1323 5062 Μαηὶεὴωοηιηι
1370 5018 1511 5057 error
1549 5002 1611 5055 de
1668 5016 1838 5071 pugna

253 5108 413 5161 carnis
457 5114 505 5161 et
528 5103 760 5175 spiritus.
785 5098 966 5156 Carnis
995 5112 1165 5168 pugna
1192 5109 1339 5165 pwna
1372 5091 1582 5163 peccati.
1607 5090 1685 5146 Ne
1710 5104 1838 5161 ergo

254 5199 541 5254 arbitretur
568 5194 789 5250 Dilectio
816 5198 1015 5258 vestra,
1038 5187 1179 5259 quod
1197 5186 1411 5241 inimica
1426 5184 1497 5239 sit
1523 5198 1648 5239 caro
1676 5182 1839 5253 spirio

257 5293 347 5358 tui,
375 5292 529 5365 quasi
551 5289 689 5344 alter
714 5286 783 5343 sit
803 5292 991 5341 auctor
1014 5282 1212 5347 carnis,
1254 5278 1390 5333 alter
1418 5277 1489 5331 sit
1512 5285 1698 5330 auctor
1726 5274 1842 5344 spi-

256 5388 403 5440 ritus.
431 5382 591 5440 Multi
620 5380 762 5437 enim
809 5378 914 5434 hoc
951 5381 1197 5445 putantes
1244 5385 1373 5426 vere
1420 5368 1559 5438 rapti
1612 5366 1681 5421 ab
1726 5367 1839 5436 ipsa

256 5494 414 5534 carne
443 5478 750 5540 deviarunt,
783 5481 836 5529 et
856 5470 1079 5526 alterum
1108 5474 1381 5521 auctorem
1420 5462 1588 5529 carni,
1615 5461 1841 5515 alterum

258 5570 462 5641 spiritui
497 5573 817 5638 posuerunt.
850 5561 1083 5618 Utuntur
1108 5566 1284 5612 autem
1330 5554 1482 5625 quasi
1538 5551 1841 5606 testimonio

260 5664 575 5733 apostolico,
606 5657 746 5729 quod
767 5672 876 5713 non
892 5653 1192 5724 intelligunt
1219 5668 1233 5705 :
1266 5648 1396 5705 Caro
1416 5646 1723 5718 concupiscit
1751 5644 1845 5699 ad-

258 5771 424 5809 versus
456 5753 719 5823 spiritum,
748 5758 794 5804 et
833 5747 1040 5820 spiritus
1070 5745 1309 5799 adversus
1338 5757 1539 5798 carnem
1562 5737 1764 5811 (Galat.
1792 5752 1842 5804 v,

320 5868 337 5899 ⁸
370 5872 533 5921 forte,
555 5866 799 5915 excutere.

1381 386 1608 444 SERMO
1649 385 1736 441 DE
1793 383 2157 443 UTILITATE
2193 388 2464 447 JFJUNII.

3423 405 3525 459 2th

1942 499 2053 571 17).
2088 501 2199 558 lloc
2220 518 2403 558 verum
2423 511 2537 570 est;
2569 505 2661 561 sed
2691 521 2855 577 quare
2877 516 2931 563 et
2958 509 3099 565 aliud
3126 526 3230 566 non
3258 516 3523 574 attendis:

1944 595 2111 650 Nemo
2136 598 2266 650 enim
2288 614 2511 664 unquam
2532 615 2733 652 carnem
2755 619 2902 655 suam
2930 604 3047 657 odio
3077 606 3259 667 habet;
3297 608 3387 660 sed
3423 626 3524 661 nu-

1942 687 2025 739 trit
2047 696 2091 739 et
2114 690 2242 758 fovet
2266 705 2393 751 eam,
2440 690 2565 743 sicut
2592 699 2636 742 et
2663 691 2891 746 Christus
2927 692 3203 748 Ecclesium
3229 697 3444 767 (Ephes.
3468 716 3521 766 v,

1940 776 2072 845 29)?
2098 777 2155 831 1n
2209 779 2298 832 illa
2352 780 2521 847 prima
2568 784 2827 835 sententia
2870 800 3025 852 quam
3068 793 3521 857 commemoravi,

1940 870 2089 939 quasi
2134 871 2375 940 quaedam
2436 873 2573 927 lucta
2620 874 2843 929 duorum
2899 877 3235 934 inimicorum
3292 883 3524 950 videtur,

1939 961 2114 1014 carnis
2143 971 2195 1015 et
2218 963 2468 1031 spiritus;
2494 966 2614 1034 quia
2636 983 2755 1019 caro
2781 970 3092 1038 concupiscit
3119 972 3355 1028 adversus
3372 978 3526 1044 spiri-

1939 1058 2066 1115 tum,
2093 1061 2138 1104 et
2182 1054 2389 1123 spiritus
2433 1056 2672 1111 adversus
2701 1073 2925 1112 carnem.
2952 1060 3005 1113 lu
3038 1060 3137 1115 hac
3179 1074 3354 1118 autem
3401 1074 3521 1119 tan-

1938 1156 2096 1211 quam
2134 1147 2401 1213 copulatio
2431 1149 2725 1218 conjugalis
2750 1168 2761 1202 :
2798 1149 2963 1204 Nemo
2991 1153 3125 1205 enim
3158 1170 3379 1224 unquam
3403 1174 3518 1210 car-

1938 1250 2051 1288 nem
2075 1253 2219 1289 suam
2242 1239 2357 1292 odio
2385 1240 2563 1303 habet;
2604 1241 2692 1295 sed
2719 1243 2874 1295 nutrit
2894 1252 2939 1296 et
2977 1248 3108 1313 fovet
3147 1262 3291 1311 eam,
3322 1249 3453 1304 sicut
3477 1262 3523 1302 et

1938 1326 2166 1382 Christus
2186 1329 2486 1385 Ecclesium.
2514 1333 2649 1401 Quid
2672 1350 2800 1404 ergo
2842 1334 3066 1392 facimus
3105 1338 3242 1393 inter
3264 1340 3360 1396 has
3388 1342 3521 1398 duas

1937 1421 2272 1474 sententias?
2303 1421 2360 1476 Si
2407 1426 2689 1480 contrariae
2742 1435 2904 1493 sunt,
2962 1444 3119 1498 quam
3170 1446 3521 1500 respuemus,

1937 1525 2094 1580 quam
2123 1514 2466 1570 tenebimus?
2493 1516 2600 1573 Sed
2632 1534 2735 1573 non
2762 1529 2887 1575 sunt
2928 1524 3233 1577 contraria}.
3281 1524 3526 1581 lntendat

1935 1602 2079 1656 enim
2104 1604 2351 1661 Charitas
2377 1616 2552 1663 vestra
2584 1626 2597 1662 :
2641 1609 2856 1666 interim
2878 1627 2977 1683 ego
2998 1614 3182 1669 ambas
3206 1617 3408 1685 accipio
3426 1659 3440 1681 ,
3471 1629 3526 1672 et

1935 1698 2119 1753 ambas
2144 1701 2439 1755 concordes
2462 1742 2477 1768 ,
2510 1713 2763 1773 quantum
2807 1714 3032 1774 potuero
3060 1746 3076 1773 ,
3121 1707 3521 1766 demonstrabo.

1937 1786 2015 1841 Tu
2044 1798 2222 1844 autem
2250 1791 2490 1861 quisquis
2520 1793 2678 1847 alium
2707 1803 2976 1850 auctorem
3006 1797 3183 1852 carnis
3206 1799 3486 1855 constituis
3505 1842 3520 1865 ,

1935 1877 2099 1933 alium
2125 1881 2363 1949 spiritus,
2395 1881 2462 1937 de
2485 1883 2570 1936 illa
2604 1884 2727 1953 quid
2757 1886 2912 1954 agis?
2938 1884 3101 1939 Nemo
3132 1888 3265 1940 enim
3297 1905 3519 1959 unquam

1934 1984 2136 2023 carnem
2162 1988 2306 2025 suam
2330 1973 2447 2026 odio
2470 1973 2651 2041 habet,
2675 1976 2764 2029 sed
2794 1978 2948 2030 nutrit
2973 1986 3019 2031 et
3061 1976 3190 2047 fovet
3217 1995 3327 2033 eam
3350 2021 3366 2047 ,
3393 1982 3524 2035 sicut

1933 2057 2161 2115 Christus
2187 2060 2491 2116 Ecclesium.
2518 2063 2611 2119 Vel
2641 2066 2934 2120 similitudo
2957 2083 3064 2121 non
3091 2078 3141 2123 te
3172 2071 3374 2124 terret?
3395 2072 3521 2141 quia

1933 2151 2110 2218 nutrit,
2136 2152 2323 2222 inquit,
2357 2164 2403 2207 et
2425 2158 2554 2225 fovet
2580 2171 2711 2221 eam,
2733 2158 2860 2211 sicut
2885 2168 2930 2210 et
2955 2156 3183 2213 Christus
3214 2158 3519 2215 Ecclesium.

1932 2239 2258 2311 Compedem
2302 2254 2456 2314 putas
2506 2260 2721 2301 carnem
2770 2264 2782 2299 :
2835 2248 2956 2318 quis
3007 2259 3153 2304 amat
3202 2253 3519 2321 compedetn

1932 2348 2082 2388 suam
2110 2333 2436 2390 ?Carcerem
2463 2344 2616 2405 putas
2646 2352 2861 2392 carnem
2887 2355 2903 2391 :
2926 2339 3045 2408 quis
3074 2350 3219 2395 amat
3247 2357 3520 2398 carcerem

1932 2438 2089 2479 suum
2133 2425 2157 2477 ?
2194 2423 2359 2479 Nemo
2384 2426 2515 2480 enim
2556 2442 2779 2498 unquam
2805 2444 3008 2482 carnem
3034 2446 3178 2483 suam
3206 2432 3323 2484 odio
3351 2433 3516 2485 habet.

1931 2514 2060 2582 Quis
2085 2531 2191 2569 non
2212 2516 2386 2571 oderit
2410 2516 2675 2571 vinculum
2706 2532 2861 2572 suum
2889 2519 3048 2587 iquis
3074 2534 3176 2573 non
3204 2520 3380 2575 oderit
3402 2536 3519 2590 pte-

1930 2620 2052 2661 nam
2078 2606 2273 2662 suam?
2304 2607 2373 2661 Et
2412 2616 2586 2662 tamen
2608 2649 2622 2673 ,
2655 2606 2820 2661 Nemo
2864 2625 3085 2679 unquam
3132 2627 3332 2663 carnem
3370 2628 3518 2664 suam

1936 2697 2053 2751 odio
2078 2696 2258 2761 habet;
2281 2697 2371 2751 sed
2393 2699 2551 2752 nutrit
2572 2706 2617 2751 et
2647 2702 2777 2769 fovet
2806 2716 2937 2767 eam,
2962 2700 3090 2753 sicut
3112 2710 3157 2754 et
3175 2700 3400 2756 Christus
3423 2701 3520 2755 Ec-

1930 2788 2253 2843 clesiam.Tu
2278 2803 2405 2859 ergo
2453 2791 2544 2858 qui
2588 2789 2749 2844 alium
2793 2800 3066 2846 auctorem
3121 2794 3276 2863 ponis
3323 2794 3470 2847 carni
3498 2833 3515 2861 ,

1930 2879 2091 2935 alium
2120 2890 2393 2937 auctorem
2415 2882 2648 2951 spiritui,
2677 2883 2839 2937 alium
2861 2885 3132 2954 positurus
3157 2901 3215 2941 es
3233 2886 3511 2953 Ecclesiae,

1930 2970 2090 3026 alium
2117 2972 2329 3027 Christo
2358 2990 2371 3027 :
2401 2972 2542 3043 quod
2572 2974 2661 3043 qui
2689 2975 2863 3044 sapit,
2894 2975 3110 3046 desipit.
3163 2978 3344 3047 Diligit
3386 2993 3514 3048 ergo

1932 3065 2295 3134 unusquisque
2321 3080 2537 3120 carnem
2567 3081 2734 3132 suam,
2768 3069 3059 3137 Apostolus
3083 3070 3231 3135 dicit,
3250 3079 3305 3125 et
3327 3081 3520 3140 prmter

1931 3156 2173 3225 Apostoli
2194 3155 2391 3210 dictum
2424 3158 2788 3227 unusquisque
2816 3159 2868 3212 in
2897 3174 2954 3213 se
2982 3160 3187 3229 probat.
3221 3162 3519 3230 Quantum-

1932 3247 2064 3303 libet
2087 3248 2229 3302 enim
2260 3247 2335 3302 sis
2357 3247 2601 3302 domalor
2630 3250 2807 3303 carnis
2826 3290 2841 3315 ,
2864 3252 3190 3320 quantalibet
3216 3252 3269 3306 in
3296 3268 3413 3327 eam
3432 3268 3521 3308 se-

1933 3340 2157 3396 veritate
2183 3341 2515 3405 accendaris,
2545 3341 2727 3395 nescio
2779 3352 2956 3397 utrum
2987 3360 3094 3398 non
3144 3345 3361 3402 claudes
3389 3362 3518 3402 ocu-

1934 3430 2041 3486 lum
2062 3472 2078 3498 ,
2106 3431 2151 3485 si
2180 3432 2371 3502 aliquis
2398 3432 2532 3488 ictus
2562 3433 2860 3488 immineat.

2006 3546 2060 3601 5.
2092 3546 2187 3601 Est
2210 3562 2339 3617 ergo
2364 3547 2517 3617 quasi
2564 3548 2829 3619 quoddam
2859 3549 3163 3620 conjugium
3210 3550 3426 3619 spiritus
3468 3561 3522 3607 et

1933 3640 2128 3695 carnis.
2156 3638 2308 3694 Unde
2328 3654 2455 3709 ergo
2477 3656 2595 3693 caro
2620 3642 2926 3711 concupiscit
2975 3642 3212 3696 adversus
3254 3644 3512 3713 spiritum,

1935 3744 1982 3788 et
2008 3732 2213 3803 spiritus
2233 3732 2473 3786 adversus
2496 3749 2697 3787 carnem
2718 3734 2741 3787 ?
2764 3735 2902 3788 unde
2933 3734 3031 3788 ista
3062 3749 3236 3802 poma,
3262 3751 3380 3804 qua:
3419 3736 3521 3789 du-

1935 3831 2018 3880 cta
2067 3833 2149 3878 est
2195 3824 2267 3879 de
2318 3825 2505 3879 mortis
2552 3826 2843 3894 propagine
2885 3825 2908 3878 ?
2943 3825 3094 3880 Unde
3141 3825 3343 3879 dictum
3383 3836 3514 3893 est,

1940 3916 2125 3970 Omnes
2153 3916 2206 3969 in
2234 3916 2396 3969 Adam
2432 3917 2717 3969 moriuntur
2761 3914 2801 3987 (Ι
2824 3914 2942 3969 Cor.
2979 3932 3067 3979 xv,
3095 3916 3186 3987 22)
3226 3917 3248 3968 ?
3278 3925 3333 3971 et
3381 3917 3523 3973 unde

1937 4004 2062 4060 dicit
2095 4006 2410 4075 Apostolus,
2445 4005 2659 4060 Fuimus
2684 4006 2960 4076 aliquando
2986 4015 3032 4059 et
3061 4022 3153 4059 nos
3192 4018 3384 4059 natura
3427 4009 3524 4076 ﬁlii

1936 4096 2048 4162 irtc,
2074 4097 2204 4149 sicut
2228 4105 2272 4149 et
2293 4097 2459 4150 ctetcri
2482 4096 2500 4165 (
2520 4095 2709 4166 Ephes.
2741 4112 2800 4160 ιι,
2829 4095 2883 4165 3)
2911 4095 2934 4148 ?
2980 4097 3200 4167 Accepit
3243 4099 3385 4152 enim
3434 4098 3523 4152 ille

1936 4188 2227 4243 vindictam
2254 4189 2459 4251 mortis,
2489 4187 2556 4244 de
2598 4204 2702 4258 quo
2735 4189 2842 4242 nati
2872 4204 3056 4243 sumus
3080 4231 3096 4256 ,
3153 4198 3207 4244 et
3260 4190 3523 4245 trahimus

1939 4278 2081 4349 quod
2108 4279 2419 4334 vincamus:
2444 4287 2498 4333 et
2527 4279 2647 4334 ideo
2673 4280 3099 4349 concupiscimus
3124 4279 3381 4335 adversus
3403 4297 3524 4336 car-

1939 4386 2086 4434 nem,
2115 4378 2174 4423 ut
2201 4369 2356 4425 nobis
2376 4370 2631 4424 domitam
2662 4384 2877 4425 carnem
2915 4370 3259 4439 subjiciamus
3281 4413 3296 4437 ,
3321 4380 3376 4426 et
3405 4386 3523 4427 eam

1940 4460 2007 4516 ad
2033 4460 2387 4516 obediendum
2410 4460 2764 4516 attrahamus.
2810 4460 3076 4531 Numquid
3103 4476 3229 4531 ergo
3278 4461 3488 4517 odimus
3508 4504 3525 4528 ,

1941 4567 2099 4623 quam
2130 4551 2285 4607 nobis
2316 4553 2562 4621 cupimus
2581 4551 2800 4607 obedire
2827 4552 2851 4605 ?
2882 4552 2983 4606 Dat
3011 4552 3375 4623 unusquisque
3395 4562 3449 4608 et
3473 4554 3526 4608 in

1942 4643 2102 4697 domo
2152 4659 2247 4698 sua
2299 4642 2612 4712 plerumque
2652 4642 2987 4712 disciplinam
3031 4644 3240 4714 conjugi
3288 4660 3433 4708 suae;
3472 4654 3527 4699 et

1943 4748 2059 4788 eam
2086 4734 2334 4804 subjugat
2350 4734 2669 4788 renitentem
2692 4775 2706 4799 ,
2737 4748 2841 4788 non
2875 4736 3215 4804 persequitur
3244 4735 3523 4789 inimican-

1944 4832 2075 4879 tem.
2108 4824 2301 4880 Filium
2345 4834 2492 4880 tuum
2536 4824 2754 4890 domas,
2784 4834 2841 4879 ut
2868 4824 2962 4879 tibi
2990 4825 3236 4880 obediat:
3268 4826 3521 4894 numquid

1943 4915 2104 4971 odisti
2130 4915 2155 4969 ?
2180 4914 2437 4985 numquid
2459 4915 2684 4985 deputas
2710 4916 2984 4969 inimicum
3015 4915 3038 4967 ?
3064 4914 3289 4969 Servum
3316 4925 3523 4983 postre-

1944 5022 2035 5063 mo
2056 5015 2202 5062 tuum
2222 5006 2399 5077 diligis
2424 5016 2478 5062 et
2497 5007 2743 5075 castigas,
2774 5014 2826 5059 et
2856 5006 2908 5059 in
2935 5003 3243 5075 castigando
3269 5004 3526 5060 obedien-

1946 5107 2053 5156 tem
2082 5099 2236 5155 facis.
2282 5098 2456 5153 liabes
2481 5097 2549 5152 de
2577 5097 2677 5151 hac
2724 5111 2785 5150 re
2814 5096 2979 5164 ipsius
3028 5095 3269 5165 Apostoli
3311 5095 3528 5151 manife-

1946 5198 2082 5246 stam
2109 5189 2425 5260 plenamque
2444 5186 2761 5242 sentcntiam
2786 5203 2798 5239 :
2831 5183 2952 5238 Non
2980 5185 3051 5238 sic
3100 5199 3279 5251 curro,
3319 5183 3490 5253 inquit
3509 5226 3525 5250 ,

1950 5290 2186 5349 tanquam
2205 5280 2259 5333 in
2278 5280 2545 5341 incertum;
2572 5292 2673 5330 non
2700 5276 2773 5329 sic
2795 5274 3040 5345 pugillor,
3070 5275 3217 5341 quasi
3234 5291 3401 5328 aerem
3426 5292 3526 5329 ca:-

1950 5373 2075 5428 dens
2094 5387 2114 5425 :
2134 5369 2223 5424 sed
2255 5369 2445 5437 castigo
2473 5383 2657 5436 corpus
2680 5382 2862 5431 meum,
2887 5374 2932 5419 et
2954 5366 3005 5418 in
3025 5367 3310 5420 servitutem
3334 5366 3533 5437 redigo;

1950 5481 2013 5519 ne
2037 5468 2165 5535 forte
2183 5462 2297 5515 aliis
2324 5459 2627 5529 praedicans,
2672 5458 2781 5527 ipse
2821 5458 3064 5527 reprobus
3086 5458 3315 5512 inveniar
3344 5458 3383 5527 (ι
3407 5457 3527 5512 Cor.

1950 5572 2024 5619 rx,
2054 5553 2125 5609 26
2153 5562 2199 5606 et
2225 5550 2343 5623 27).
2374 5549 2544 5605 liabet
2572 5563 2698 5620 ergo
2724 5563 2851 5603 caro
2876 5565 2941 5604 ex
2968 5548 3272 5604 conditione
3310 5548 3527 5604 mortali

1951 5645 2102 5715 quasi
2121 5642 2379 5713 quosdam
2399 5649 2640 5696 terrenos
2654 5640 2919 5710 appetitus
2936 5655 3061 5696 suos
3094 5659 3106 5695 :
3133 5640 3183 5694 in
3202 5638 3300 5695 hos
3332 5640 3424 5694 tibi
3440 5640 3524 5709 jus

1952 5740 2085 5795 freni
2108 5751 2419 5793 concessum
2448 5743 2548 5790 est.
2581 5734 2750 5804 Regat
2778 5742 2828 5788 te
2853 5735 3193 5804 praepositus,
3220 5740 3277 5787 ut
3312 5732 3478 5802 possit
3505 5748 3532 5784 a

1957 5844 2009 5891 tc
2030 5833 2139 5903 regi
2169 5829 2453 5901 subjectus.
2485 5826 2623 5883 Infra
2661 5837 2711 5884 te
2749 5835 2833 5882 est
2874 5841 3001 5881 caro
3032 5836 3138 5887 tua,
3184 5837 3344 5881 supra
3378 5831 3428 5878 te
3455 5831 3536 5876 csr
