4018 6504
574 385 673 441 7η

576 498 718 553 Deus
747 504 869 551 tuus
908 509 925 549 :
957 506 1079 548 eum
1104 489 1184 545 vis
1212 496 1269 544 ut
1300 487 1503 544 serviat
1525 487 1615 545 tibi
1644 498 1772 542 caro
1800 494 1886 540 tua
1905 525 1921 552 ,
1967 484 2153 539 admo-

576 589 719 643 neris
742 583 1008 656 quomodo
1036 591 1088 637 te
1112 587 1358 651 oporteat
1383 578 1590 635 servire
1617 579 1728 632 Deo
1765 586 1877 631 tuo.
1910 574 2154 629 Attendis

574 677 715 751 quod
744 676 842 731 sub
864 684 914 730 te
938 683 1058 740 est,
1092 671 1305 726 attende
1330 679 1384 726 et
1411 670 1553 740 quod
1592 684 1753 739 supra
1784 676 1837 722 te
1856 674 1957 721 est.
1986 666 2155 736 Leges

576 772 629 824 in
659 767 962 823 inferiorem
981 776 1087 820 non
1105 764 1298 829 habes,
1333 762 1433 817 nisi
1462 776 1491 815 a
1520 760 1816 832 superiore.
1847 757 2044 813 Servus
2070 770 2151 823 es,

574 874 788 916 servum
811 857 977 912 habes
1009 873 1021 910 :
1055 855 1148 911 sed
1174 855 1430 909 Domintts
1456 852 1590 907 duos
1615 865 1801 906 servos
1822 850 2001 905 habet.
2031 847 2158 904 Ser-

574 970 671 1009 vus
693 962 815 1008 tuus
834 952 955 1022 plus
984 950 1140 1005 estin
1169 955 1432 1019 potestate
1476 944 1688 1000 Domini
1727 944 1845 1009 tui,
1887 957 2045 1013 quam
2100 940 2156 996 in

577 1055 686 1099 tua.
733 1042 917 1111 Itaque
963 1040 1041 1094 vis
1091 1039 1183 1093 tibi
1249 1035 1453 1092 obediri
1501 1050 1533 1089 a
1570 1048 1764 1098 carne;
1810 1031 2062 1101 numquid
2102 1031 2155 1085 in

575 1136 826 1189 omnibus
854 1141 1029 1203 potest
1048 1133 1070 1186 ’ἲ
1090 1131 1147 1186 In
1165 1131 1410 1185 omnibus
1425 1129 1756 1197 obtemperat
1781 1127 2005 1181 Domino
2028 1134 2154 1191 tuo;

577 1244 683 1283 non
712 1228 763 1280 in
803 1224 1048 1280 omnibus
1091 1224 1423 1291 obtemperat
1452 1220 1567 1273 tibi.
1597 1218 1874 1287 Quomodo
1895 1259 1907 1281 ,
1939 1217 2157 1286 inquis?

578 1314 1029 1384 Ambulas,pedes
1055 1327 1257 1377 moves,
1283 1311 1521 1380 sequitur
1553 1327 1565 1363 :
1596 1307 1690 1363 sed
1709 1307 1962 1376 numquid
1992 1322 2158 1376 quan-

577 1407 781 1461 tumvis
802 1406 895 1459 ibit
912 1413 1084 1460 tecum
1114 1402 1432 1456 ?Animatur
1451 1415 1482 1454 a
1521 1408 1604 1465 te,
1631 1398 1885 1467 numquid
1908 1396 2157 1468 quamdiu

577 1498 691 1554 vis?
706 1495 956 1567 numquid
973 1492 1187 1565 quando
1202 1493 1303 1558 vis,
1324 1491 1472 1546 doles
1486 1491 1510 1544 ?
1524 1488 1737 1560 quando
1757 1488 1856 1553 vis,
1879 1502 2041 1542 sanus
2061 1488 2157 1542 es?

576 1594 810 1648 Exercet
825 1590 965 1645 enim
998 1587 1368 1658 teplerumque
1394 1582 1649 1637 Dominus
1676 1590 1796 1635 tuus
1821 1595 1915 1650 per
1939 1593 2156 1634 servum

578 1693 767 1749 tuum;
816 1691 875 1738 ut
920 1681 1045 1752 quia
1094 1678 1235 1733 fuisti
1276 1675 1488 1732 Domini
1518 1682 1875 1744 contemptor,
1902 1671 2158 1727 merearis

578 1773 849 1830 emendari
876 1788 973 1844 per
1000 1781 1235 1826 servum.

647 1863 872 1920 CAPUT
909 1863 967 1917 V.
994 1882 1066 1902 ——'-
1098 1860 1152 1916 ϐ.
1197 1857 1474 1913 Delectatio
1503 1857 1672 1911 carnis
1698 1856 2015 1923 aliquantum
2042 1861 2091 1909 et
2123 1870 2157 1908 a

577 1959 725 2013 licitis
750 1952 1073 2028 refrenanda.
1105 1951 1375 2021 Jejunium
1414 1958 1639 2003 nostrum
1689 1949 1791 2017 ﬁne
1836 1947 2085 2001 diversum
2125 1962 2157 1999 a

571 2049 772 2121 jejunio
800 2046 1153 2117 Paganorum,
1180 2041 1479 2096 Juda’orum
1505 2051 1552 2094 et
1572 2040 1942 2094 Itmreticorum.
1973 2037 2155 2091 Παντοδ-

575 2140 689 2193 ticis
715 2148 766 2191 ut
785 2137 1043 2208 jejunium
1067 2134 1224 2206 prosit
1248 2132 1561 2186 redeundum
1604 2130 1672 2183 ad
1706 2129 2010 2184 Ecclesium.
2044 2126 2151 2182 Sed

574 2230 641 2285 ad
671 2240 721 2284 te
744 2227 871 2296 quid
928 2225 1200 2296 pertinet?
1225 2222 1641 2278 Delectationem
1693 2221 1870 2276 carnis
1927 2234 2032 2274 non
2064 2234 2155 2274 res

575 2324 759 2378 laxare
789 2336 954 2390 usque
1000 2318 1064 2373 ad
1098 2317 1300 2383 illicita,
1332 2316 1657 2384 aliquantum
1689 2322 1743 2368 et
1785 2329 1816 2368 a
1869 2312 2027 2367 licitis
2063 2326 2155 2366 re-

576 2414 824 2468 fricnare.
881 2410 981 2478 Qui
1027 2409 1168 2464 enim
1211 2422 1241 2461 a
1300 2408 1458 2460 nullis
1507 2405 1753 2459 rcfrzcnat
1797 2404 1974 2469 licitis,
2020 2403 2153 2458 vici-

572 2520 673 2559 nus
697 2511 781 2559 est
804 2511 859 2557 et
887 2502 1101 2556 illicitis.
1134 2498 1382 2563 Proinde,
1414 2497 1606 2552 fratres
1630 2538 1643 2562 ,
1676 2496 1874 2550 licitum
1917 2504 2001 2551 est
2024 2510 2155 2550 con-

567 2596 795 2666 jugium,
827 2592 1065 2647 illicitum
1096 2599 1175 2645 est
1196 2588 1545 2651 adulterium;
1570 2597 1621 2642 et
1649 2596 1822 2641 tamen
1845 2595 2152 2656 temperan-

573 2697 652 2741 tes
679 2686 798 2751 viri,
822 2692 880 2737 ut
905 2684 1061 2752 longe
1085 2682 1189 2735 sint
1214 2680 1280 2734 ab
1306 2679 1489 2734 illicito
1505 2677 1786 2743 adulterio,
1810 2674 2152 2731 refrenantse

570 2778 895 2846 aliquantum
912 2782 965 2829 et
984 2789 1011 2826 a
1032 2774 1173 2827 licito
1195 2770 1462 2841 conjugio.
1485 2769 1653 2824 Licita
1670 2778 1752 2824 est
1770 2768 1992 2822 satietas
2009 2810 2024 2835 ,
2050 2767 2153 2822 illi-

568 2869 674 2925 cita
703 2876 784 2923 est
804 2866 1116 2921 ebriositas:
1152 2874 1324 2919 tamen
1353 2862 1581 2917 modesti
1620 2861 1886 2927 homines,
1909 2871 1964 2915 ut
1994 2861 2151 2931 longe

568 2977 629 3017 se
656 2960 850 3015 faciant
876 2975 903 3013 a
936 2957 1259 3027 turpitudine
1305 2956 1577 3012 ebrietatis
1601 2997 1616 3022 ,
1664 2957 1924 3026 castigant
1954 2969 2012 3010 se
2048 2954 2148 3010 ali-

568 3060 825 3121 qnantum
865 3058 919 3105 et
961 3064 992 3103 a
1022 3049 1265 3103 libertate
1295 3046 1573 3102 satietatis.
1617 3045 1691 3100 lta
1739 3060 1867 3115 ergo
1899 3060 2146 3116 agamus,

569 3143 783 3207 fratres,
813 3150 1202 3209 temperemus;
1223 3136 1432 3208 etquod
1458 3136 1679 3191 facimus
1700 3178 1715 3202 ,
1740 3137 1969 3190 sciamus
1984 3150 2149 3206 quare

567 3230 1130 3286 faciamus.Cessaudo
1154 3245 1184 3284 a
1205 3229 1386 3284 laetitia
1418 3227 1617 3295 carnis,
1648 3227 1936 3297 acquiritur
1966 3227 2148 3283 laetitia

566 3324 784 3380 mentis.

639 3417 691 3469 7.
726 3413 955 3469 Proinde
985 3413 1103 3468 ﬁnis
1131 3411 1285 3467 nobis
1330 3410 1653 3481 jejuniorum
1702 3420 2037 3477 nostrorum,
2079 3410 2146 3466 ad

566 3506 668 3560 iter
694 3515 931 3560 nostrum
962 3523 976 3558 :
1008 3503 1132 3574 quid
1154 3504 1222 3558 sit
1259 3503 1432 3572 ipsum
1456 3502 1574 3567 iter,
1617 3510 1671 3556 et
1695 3517 1801 3571 quo
1832 3502 2143 3566 tendamus,

566 3597 667 3652 hoc
693 3594 1133 3652 considerandum
1165 3601 1266 3648 est.
1319 3592 1556 3662 Namque
1582 3602 1635 3646 et
1665 3592 1860 3663 Pagani
1903 3592 2147 3662 jejunant

564 3688 871 3759 aliquando,
903 3703 1002 3742 nec
1030 3687 1301 3756 regionem
1353 3700 1459 3755 quo
1510 3684 1776 3739 tendimus
1827 3694 2058 3739 norunt:
2092 3694 2146 3740 et

564 3779 733 3833 Judaei
758 3778 1315 3849 jejunantaliquando,
1337 3786 1390 3831 et
1416 3776 1551 3830 viam
1584 3782 1635 3830 in
1663 3792 1760 3845 qua
1784 3777 2141 3840 ambulamus,

566 3890 670 3928 non
696 3870 1410 3943 apprehenderunt.Talecst
1440 3869 1559 3934 hoc,
1587 3884 1649 3923 ac
1669 3869 1711 3922 si
1734 3869 1922 3937 aliquis
1947 3884 2138 3939 equum

559 3965 759 4025 domet.
786 3964 838 4018 in
866 3979 971 4033 quo
1002 3970 1166 4017 erret.
1197 3961 1444 4030 Jejunant
1476 3960 1746 4013 lucretici:
1782 3959 1933 4013 video
1958 3960 2141 4029 quales

561 4068 718 4121 cant;
752 4056 1019 4125 interrogo
1044 4071 1147 4123 quo
1173 4062 1297 4107 cant
1314 4052 1337 4104 ?
1354 4051 1634 4121 Jejunatis,
1660 4061 1715 4104 ut
1741 4052 1823 4105 cui
1854 4051 2143 4119 placeatis?

498 4181 513 4191 -
561 4149 689 4211 Deo,
724 4148 982 4216 inquiunt.
1002 4144 1211 4207 Munus,
1230 4143 1450 4213 putatis,
1475 4142 1701 4210 accipit?
1723 4141 1825 4195 Sed
1848 4141 1992 4209 prius
2023 4141 2141 4196 vide

560 4238 688 4308 quid
716 4238 845 4291 dicit
870 4255 883 4290 :
916 4235 1162 4307 Relinque
1182 4250 1385 4298 munus,
1413 4242 1458 4284 et
1489 4231 1631 4297 vade,
1659 4232 1796 4300 prius
1818 4232 2142 4286 reconciliare

562 4331 712 4399 fratri
735 4338 820 4382 tuo
848 4326 1056 4397 (Matth.
1084 4341 1138 4391 ν,
1166 4324 1284 4393 24).
1309 4322 1569 4392 Numquid
1611 4323 1846 4377 membra
1879 4331 1965 4377 tua
1995 4331 2139 4378 recte

558 4422 767 4487 domas,
795 4421 883 4490 qui
908 4418 1101 4473 Christi
1128 4416 1362 4470 membra
1384 4414 1612 4469 dilanias
1630 4415 1653 4466 ?
1677 4415 1913 4479 Auditur,
1939 4415 2131 4485 inquit,

555 4513 611 4566 in
636 4512 854 4565 clamore
873 4526 968 4564 vox
987 4518 1177 4573 vestra;
1203 4517 1250 4560 et
1279 4523 1361 4561 eos
1376 4506 1462 4576 qui
1477 4506 1699 4576 subjugo
1719 4514 1878 4561 vestro
1898 4517 2033 4573 sunt,
2047 4506 2140 4560 sti-

556 4603 763 4657 mulatis
783 4612 827 4655 et
852 4601 1043 4655 creditis
1067 4600 1270 4670 pugnis.
1302 4597 1424 4651 Non
1446 4598 1545 4651 tale
1554 4598 1811 4668 jejunium
1840 4598 1985 4668 elegi,
2014 4599 2138 4652 dicit

555 4693 807 4748 Dominus
838 4691 990 4763 (Ιεαὶ.
1021 4706 1166 4755 Lvnt,
1195 4690 1294 4743 det
1312 4689 1388 4758 5).
1420 4688 1813 4758 lmprobaretur
1838 4703 1964 4758 ergo
2001 4688 2140 4759 jeju-

555 4788 701 4842 nium
732 4795 901 4850 tuum,
926 4785 969 4838 si
1002 4782 1403 4838 immoderatius
1425 4796 1645 4837 severus
1664 4783 1923 4837 existeres
1945 4781 1996 4835 in
2023 4796 2137 4836 ser-

555 4894 676 4934 vum
706 4889 853 4933 tuum
879 4894 892 4931 :
922 4875 1299 4947 approbabitur
1339 4875 1601 4944 jejunium
1647 4884 1791 4929 tuum
1818 4915 1834 4941 ,
1864 4890 1984 4929 cum
2028 4890 2133 4930 non

561 4975 808 5059 agnoscis
851 4973 1063 5027 lratrem
1095 4971 1286 5025 tuum?
1315 4970 1432 5025 Non
1472 4985 1571 5039 ego
1614 4984 1796 5038 qumro
1825 4984 1855 5022 a
1880 4983 1987 5039 quo
2016 4970 2135 5024 cibo

554 5068 839 5127 BbBllneflS,
865 5065 956 5120 sed
985 5080 1143 5135 quem
1175 5063 1351 5117 cibum
1379 5062 1589 5132 diligas.
1611 5062 1704 5116 Dic
1730 5061 1857 5115 mihi
1875 5075 2031 5130 quem
2054 5061 2133 5115 ci-

555 5156 677 5211 bum
704 5158 920 5225 diligas,
954 5165 1012 5209 ut
1033 5154 1322 5224 approbem
1349 5153 1490 5223 quod
1527 5153 1593 5206 ab
1621 5154 1722 5208 isto
1749 5154 1869 5207 cibo
1896 5160 1947 5207 te
1967 5152 2132 5207 absti-

554 5260 701 5301 neas.
731 5248 912 5316 Diligis
928 5247 1184 5315 justitiam
1210 5246 1232 5299 ?
1263 5245 1422 5300 Forte
1442 5287 1456 5309 ,
1489 5245 1664 5314 inquis
1684 5286 1699 5309 ,
1732 5245 1914 5314 diligo.
1950 5246 2131 5314 Appa-

553 5349 669 5393 rcat
695 5352 824 5408 ergo
846 5341 1046 5407 justitia
1074 5349 1183 5395 tua.
1214 5340 1349 5395 Puto
1373 5340 1513 5395 enim
1537 5340 1737 5409 justum
1767 5354 1885 5394 esse
1912 5348 1970 5393 ut
2018 5353 2130 5392 ma-

553 5431 651 5501 jori
682 5430 882 5483 servias
910 5444 1048 5498 ,quo
1073 5431 1165 5485 tibi
1211 5433 1387 5485 minor
1435 5431 1787 5499 obtemperet.
1847 5431 1921 5484 De
1969 5443 2130 5483 carne

553 5520 696 5573 enim
721 5518 1069 5585 loquebamur
1089 5564 1102 5582 ,
1144 5534 1261 5591 qua:
1286 5520 1463 5574 minor
1491 5530 1573 5574 est
1598 5537 1753 5590 quam
1796 5520 2012 5589 spiritus
2030 5561 2043 5585 ,
2075 5529 2130 5574 et

551 5625 671 5679 qum
697 5606 959 5661 domanda
988 5625 1046 5662 ac
1078 5610 1401 5666 moderanda
1440 5612 1675 5680 subjecta
1707 5623 1807 5667 est.
1852 5613 1979 5680 Agis
2006 5626 2125 5666 cum

551 5716 611 5753 ea
644 5707 703 5751 ut
730 5696 1059 5764 obtemperet
1090 5702 1214 5767 tibi,
1259 5711 1314 5754 et
1352 5702 1616 5756 subtrahis
1660 5704 1708 5757 ei
1748 5704 1950 5768 cibum,
1984 5702 2125 5773 quod

549 5801 699 5843 ames
725 5786 1011 5854 subjectam
1045 5789 1135 5846 tibi
1166 5810 1181 5849 :
1207 5805 1438 5864 agnosce
1465 5793 1756 5864 majorem,
1789 5805 2016 5864 agnosce
2038 5811 2126 5851 su-

1796 372 1855 430 S.
1897 368 2262 430 AUGUSTINI
2302 370 2597 429 EPISCOPI
3576 328 3581 333 Ι
3705 383 3790 440 712

2264 486 2549 554 perierem,
2579 491 2638 538 ut
2670 482 2762 539 tibi
2790 491 2935 539 recte
2954 482 3108 540 cedat
3137 482 3376 542 inferior.

2337 576 2561 632 CAPUT
2592 576 2677 630 Vl.
2712 606 2783 615 --
2805 575 3087 631 Concordia
3129 579 3462 633 membrorum
3501 587 3702 653 corporis
3733 590 3790 647 ad

2261 669 2503 721 unitatem
2526 683 2610 721 eos
2638 676 2860 720 revocat.
2887 666 3022 735 Quid
3044 708 3059 732 ,
3087 668 3133 722 si
3162 683 3288 722 caro
3313 677 3401 722 tua
3428 669 3595 727 obedit
3619 677 3727 743 tibi,
3750 691 3794 736 et

2264 766 2319 812 tu
2340 772 2445 813 non
2470 757 2653 813 obedis
2676 759 2787 812 Deo
2818 767 2908 812 tuo
2934 758 2957 811 ?
2982 773 3159 813 nonne
3187 759 3253 813 ab
3271 759 3383 829 ipsa
3412 759 3676 833 damnaris,
3694 784 3792 825 cum

2265 847 2358 902 tibi
2386 846 2764 917 obtemperat?
2791 845 2978 903 Nonne
3001 847 3417 919 obtemperando
3448 851 3553 917 tibi,
3581 867 3741 911 contra
3755 869 3795 915 te

2263 938 2392 994 dicit
2418 939 2778 993 testimonium
2798 940 2822 993 ?

2332 1026 2386 1083 8.
2418 1028 2484 1082 Ει
2508 1027 2592 1082 cui
2611 1070 2626 1096 ,
2650 1028 2839 1098 inquit,
2867 1027 3057 1098 majori
3085 1028 3485 1102 obtemperem?
3512 1034 3636 1090 Ecce
3669 1037 3798 1093 Chri-

2264 1127 2378 1173 stus
2406 1118 2640 1188 loquitur
2659 1161 2673 1185 ,
2693 1119 2913 1189 justitite
2940 1129 3231 1175 amatorem
3264 1130 3316 1176 te
3336 1121 3575 1178 dixeras:
3606 1126 3799 1182 Mandu-

2264 1219 2371 1264 tum
2399 1228 2580 1265 uovum
2606 1212 2671 1266 do
2691 1212 2846 1279 vobis,
2875 1222 2929 1266 ut
2950 1229 3034 1266 vos
3055 1213 3265 1267 invicem
3286 1214 3506 1283 diligatis
3523 1216 3682 1289 (Joan.
3704 1237 3796 1288 xui,

2264 1304 2378 1374 Si).
2412 1304 2548 1359 Audi
2569 1320 2696 1375 ergo
2726 1305 3005 1359 Dominum
3036 1314 3180 1359 tuum
3207 1308 3510 1362 mandatum
3527 1309 3736 1378 dantem,
3757 1324 3803 1368 ut

2266 1412 2364 1451 nos
2394 1396 2619 1451 invicem
2658 1396 2962 1467 diligamus.
2991 1397 3125 1452 Cum
3150 1414 3216 1453 ex
3250 1398 3407 1454 nobis
3448 1402 3676 1457 omnibus
3702 1415 3801 1463 tan-

2264 1504 2421 1558 quam
2464 1488 2720 1544 membris
2767 1503 2964 1558 corpus
2991 1490 3090 1544 sibi
3120 1488 3316 1557 faciat,
3347 1491 3489 1561 quod
3524 1507 3699 1564 corpus
3721 1496 3801 1551 ha-

2264 1578 2387 1634 beat
2406 1595 2567 1633 unum
2594 1587 2755 1649 caput
2780 1579 2950 1649 ipsum
2984 1579 3268 1634 Dominum
3297 1592 3351 1635 et
3370 1582 3713 1651 Salvatorem;
3758 1597 3802 1642 tu

2262 1682 2448 1725 contra
2477 1671 2686 1726 divellis
2716 1680 2768 1726 te
2810 1686 2840 1725 a
2868 1671 3120 1727 membris
3156 1672 3386 1739 Christi,
3417 1690 3521 1731 non
3545 1691 3681 1732 amas
3702 1680 3803 1733 uui-

2263 1770 2446 1818 tatem.
2497 1761 2610 1817 Non
2656 1762 2758 1817 hoc
2785 1777 3166 1831 expavesceres
3216 1764 3267 1817 in
3322 1765 3574 1821 membris
3604 1769 3729 1823 tuis?
3756 1769 3805 1825 Si

2261 1852 2545 1908 distortum
2575 1852 2798 1923 digitum
2825 1852 3050 1909 haberes
3069 1895 3085 1920 ,
3130 1870 3237 1908 non
3278 1853 3344 1908 ad
3376 1867 3715 1913 correctorem
3740 1861 3806 1914 di-

2260 1944 2354 2015 giti
2382 1944 2457 1999 tui
2482 1944 2746 1999 medicum
2774 1944 3058 1999 curreres?
3083 1945 3237 2000 Certe
3264 1954 3393 2000 tunc
3421 1961 3479 2001 se
3507 1947 3657 2003 habet
3691 1951 3806 2006 bene

2261 2050 2454 2106 corpus
2483 2044 2631 2091 tuum
2654 2077 2670 2103 ,
2712 2035 2924 2106 quando
2962 2036 3061 2091 sibi
3087 2037 3417 2092 concordant
3446 2039 3667 2093 membra
3692 2050 3767 2095 tua
3791 2058 3802 2095 :

2263 2135 2387 2182 tunc
2413 2126 2605 2182 diceris
2637 2139 2801 2181 sanus
2819 2166 2834 2193 ,
2867 2134 2992 2181 tunc
3012 2125 3149 2182 bene
3169 2126 3335 2183 vales.
3358 2126 3417 2182 Si
3445 2136 3615 2184 autem
3637 2130 3806 2199 aliquid

2261 2217 2314 2271 in
2357 2226 2447 2272 tuo
2492 2232 2715 2287 corpore
2744 2217 3024 2272 dissentiat
3070 2217 3137 2272 ab
3179 2218 3295 2273 aliis
3322 2219 3592 2289 partibus,
3639 2223 3807 2291 quieris

2260 2312 2349 2381 qui
2398 2311 2664 2367 emendet.
2720 2310 2828 2365 Cur
2854 2325 2984 2380 ergo
3033 2325 3139 2365 non
3177 2312 3373 2380 qumris
3432 2312 3720 2380 emendari,
3763 2323 3811 2367 ut

2259 2403 2558 2475 compagini
2610 2403 2971 2458 membrorum
3022 2402 3219 2457 Christi
3264 2405 3554 2472 revoceris,
3600 2414 3652 2459 et
3696 2420 3808 2459 con-

2258 2511 2418 2566 gruas
2460 2496 2512 2550 in
2561 2496 2675 2565 ipso
2716 2510 2943 2565 corpore
2985 2503 3039 2549 et
3088 2496 3219 2549 tuo?
3272 2496 3434 2551 Certe
3464 2498 3669 2553 viliores
3707 2507 3812 2552 sunt

2257 2588 2467 2645 caeteris
2512 2587 2766 2643 membris
2811 2587 2985 2656 capilli
3029 2587 3142 2642 tui?
3193 2588 3316 2658 quid
3347 2589 3505 2646 vilius
3527 2590 3575 2644 in
3616 2605 3810 2659 corpore

2256 2689 2348 2736 tuo
2374 2680 2579 2751 capillis
2598 2679 2741 2735 tuis?
2769 2678 2895 2750 quid
2920 2679 3317 2749 contemptius?
3358 2681 3488 2751 quid
3538 2681 3812 2751 abjectius?

2256 2773 2325 2829 Et
2372 2781 2548 2828 tamen
2599 2772 2643 2825 si
2695 2772 2831 2827 male
2879 2779 2930 2826 te
2979 2770 3231 2835 tondeat,
3288 2771 3540 2827 irasceris
3587 2772 3801 2837 tonsori,

2256 2864 2383 2935 quia
2408 2864 2461 2918 in
2488 2863 2692 2933 capillis
2723 2863 2828 2917 tuis
2851 2875 2958 2916 non
2980 2871 3161 2917 servat
3184 2862 3550 2933 aequalitatem
3581 2879 3594 2917 :
3624 2872 3675 2918 et
3698 2872 3743 2917 tu
3767 2864 3809 2918 in

2256 2955 2515 3013 membris
2539 2955 2737 3010 Christi
2757 2971 2860 3010 non
2889 2956 3038 3011 tenes
3058 2955 3357 3010 unitatem?
3382 2956 3525 3025 Quid
3546 2966 3665 3013 sunt
3684 2972 3808 3027 ergo,

2255 3058 2348 3105 aut
2372 3049 2457 3105 cui
2487 3048 2564 3104 rei
2585 3058 2808 3118 prosunt
2828 3048 3028 3118 jejunia
3060 3049 3191 3103 tua?
3222 3048 3508 3120 Indignum
3536 3050 3695 3106 Deum
3733 3065 3814 3119 pu-

2255 3147 2368 3204 tas,
2399 3140 2484 3195 eui
2514 3139 2579 3194 ab
2603 3140 2848 3195 omnibus
2880 3139 2969 3210 qui
3019 3139 3072 3193 in
3103 3154 3225 3194 eum
3255 3140 3517 3206 credunt,
3550 3141 3602 3195 in
3641 3141 3814 3193 unitate

2254 3234 2557 3288 serviatur:
2588 3242 2642 3288 et
2671 3243 2844 3289 tamen
2872 3233 2954 3287 vis
2994 3233 3046 3287 in
3076 3233 3333 3289 membris
3363 3234 3476 3289 tuis
3495 3273 3510 3298 ,
3539 3232 3590 3288 in
3617 3246 3817 3301 corpore

2254 3333 2366 3391 tuo,
2383 3325 2433 3377 in
2451 3323 2658 3393 capillis
2679 3324 2781 3378 tuis
2799 3323 3050 3378 unitatem
3070 3323 3288 3377 servari.
3308 3323 3624 3394 Loquuntur
3640 3322 3812 3376 viscera

2252 3422 2363 3481 tua,
2384 3414 2620 3468 membra
2652 3422 2736 3467 tua
2758 3422 2941 3468 contra
2965 3423 3015 3468 te
3040 3413 3219 3468 dicunt
3243 3428 3429 3467 verum
3456 3413 3816 3479 testimonium,

2251 3514 2305 3562 et
2331 3514 2383 3560 tu
2415 3505 2604 3560 falsum
2632 3516 2813 3560 contra
2842 3506 3079 3561 membra
3102 3505 3295 3559 Christi
3318 3507 3342 3559 ?

2322 3597 2375 3652 9.
2412 3597 2721 3652 DiscreviSti
2752 3605 2803 3651 te
2826 3612 2855 3650 a
2880 3597 3082 3666 jejunio
3112 3596 3497 3667 Paganorum?
3528 3597 3638 3651 lloc
3665 3604 3815 3665 putas,

2250 3696 2304 3743 et
2356 3688 2476 3743 ideo
2526 3702 2743 3743 securus
2793 3689 2887 3743 tibi
2942 3688 3159 3743 videris.
3218 3689 3328 3759 Ego
3380 3691 3568 3755 enim,
3623 3689 3811 3757 inquis,

2248 3778 2459 3833 Christo
2484 3778 2665 3849 jejuno
2684 3820 2698 3846 ,
2728 3779 2800 3833 illi
2832 3788 3006 3833 autem
3034 3778 3187 3833 idolis
3209 3790 3263 3835 et
3288 3780 3595 3834 daemoniis.
3625 3778 3818 3847 Accipio

2249 3870 2387 3940 quod
2410 3870 2574 3936 dicis,
2604 3879 2658 3925 et
2684 3885 2867 3926 revera
2888 3911 2903 3937 ,
2949 3886 3054 3925 non
3082 3886 3216 3940 nego
3236 3912 3250 3937 ,
3280 3870 3575 3937 discretum
3604 3879 3698 3927 est.
3728 3868 3819 3923 Sed

2248 3978 2373 4018 ecce
2402 3962 2843 4033 quemadmodum
2871 3971 3056 4017 contra
3086 3972 3135 4017 te
3158 3962 3313 4032 paulo
3344 3973 3473 4017 ante
3503 3979 3588 4017 me
3608 3975 3821 4018 commc-

2247 4064 2490 4110 morantc
2511 4098 2525 4121 ,
2555 4055 2803 4111 dicebant
2830 4054 3191 4109 testimonium
3223 4059 3465 4109 membra
3515 4064 3600 4109 tua
3619 4097 3634 4121 ,
3658 4065 3709 4107 ut
3737 4052 3820 4103 :ul-

2246 4162 2520 4202 monerem
2553 4158 2603 4202 te
2628 4148 2798 4217 qualis
2816 4162 2935 4201 esse
2962 4146 3159 4201 debeas
3189 4162 3311 4202 cum
3352 4147 3617 4202 membris
3641 4130 3818 4200 Christi

2247 4240 2342 4295 Dei
2375 4241 2482 4300 tui;
2511 4248 2564 4294 et
2593 4240 2691 4309 ipsi
2749 4239 2945 4310 Pagani
2965 4279 2981 4305 ,
3040 4254 3069 4292 a
3099 4239 3290 4307 quibus
3316 4254 3546 4308 scparas
3580 4239 3824 4308 jejunium

2246 4343 2393 4389 tuum
2417 4375 2434 4400 ,
2459 4333 2782 4389 admoneant
2810 4343 2861 4388 te
2889 4334 3084 4403 aliquid
3114 4334 3180 4389 de
3202 4335 3405 4389 unitate
3437 4334 3642 4390 Christi
3674 4333 3761 4385 tui.

2315 4425 2542 4482 CAPUT
2570 4425 2680 4480 VII.
2708 4456 2780 4466 -—
2808 4425 3134 4496 Paganorum
3188 4428 3418 4497 ipsorum
3471 4427 3742 4481 concordia
3780 4425 3826 4476 in

2244 4518 2384 4571 cultu
2424 4515 2731 4588 litigantium
2760 4517 2989 4571 deorum.
3020 4517 3156 4572 Ecce
3182 4517 3257 4571 illi
3286 4519 3495 4572 multos
3523 4518 3653 4573 deos
3685 4516 3827 4570 falsos

2243 4624 2349 4664 non
2371 4608 2524 4663 divisi
2549 4608 2767 4663 colunt:
2797 4608 3050 4678 numquid
3074 4624 3170 4662 nos
3200 4626 3361 4663 unum
3394 4625 3589 4665 verum
3624 4609 3739 4664 ideo
3760 4608 3830 4660 in-

2244 4698 2526 4762 venimus,
2573 4708 2632 4753 ut
2674 4698 2772 4751 sub
2814 4713 2921 4752 uno
2960 4698 3011 4752 in
3041 4699 3240 4753 unitate
3268 4715 3373 4753 non
3408 4700 3624 4754 simus?
3653 4699 3829 4752 Multos

2241 4789 2316 4844 illi
2340 4798 2393 4844 et
2420 4787 2611 4855 falsos,
2644 4805 2740 4843 nos
2766 4805 2929 4843 unum
2970 4798 3023 4844 et
3047 4806 3226 4844 verum
3260 4808 3273 4844 :
3306 4800 3358 4844 et
3392 4792 3477 4845 illi
3531 4793 3635 4847 sub
3666 4790 3832 4844 multis

2241 4881 2386 4936 falsis
2414 4896 2518 4936 non
2543 4881 2741 4936 habent
2776 4880 3089 4935 divisionem
3116 4921 3130 4945 ,
3163 4897 3263 4936 nos
3304 4882 3407 4937 sub
3436 4898 3551 4937 uno
3580 4895 3709 4936 vero
3735 4894 3829 4932 non

2241 4981 2484 5028 tenemus
2515 4974 2790 5027 unitatem.
2821 4971 2938 5027 Non
2980 4972 3128 5027 doles
3149 5016 3163 5039 ,
3196 4990 3299 5027 non
3343 4977 3554 5044 gemis,
3587 4991 3693 5030 non
3724 4990 3834 5028 eru-

2240 5063 2450 5118 bescis?
2479 5062 2637 5118 Aliud
2688 5062 2827 5118 addo
2857 5082 2869 5116 :
2903 5079 3007 5118 non
3044 5064 3216 5118 solum
3264 5066 3469 5120 multos
3501 5067 3637 5121 deos
3682 5066 3831 5119 [διευς

2239 5154 2434 5224 Pagani
2461 5154 2682 5218 colunt,
2714 5153 2810 5209 sed
2841 5155 3126 5224 plerosque
3153 5156 3252 5209 sibi
3298 5158 3616 5211 contrarios
3663 5166 3717 5211 et
3741 5154 3835 5208 ini-

2238 5247 2425 5302 micos.
2457 5246 2614 5302 Verbi
2639 5247 2807 5316 gratia
2833 5288 2847 5309 ,
2878 5262 3357 5303 commemoremus
3373 5250 3561 5319 aliqua
3581 5251 3830 5319 Ipsorum,

2236 5338 2281 5391 si
2310 5346 2499 5392 cuncta
2531 5352 2637 5392 non
2665 5352 2946 5406 possumus
2977 5353 2989 5391 :
3047 5336 3302 5395 Hercules
3344 5349 3403 5393 et
3447 5340 3599 5395 Juno
3649 5326 3835 5393 inimici

2237 5426 2446 5482 fuerunt
2469 5469 2484 5492 ,
2531 5427 2773 5482 homines
2798 5428 2939 5481 enim
2970 5427 3221 5492 fuerunt;
3258 5431 3542 5498 privignus
3576 5432 3663 5485 ille
3685 5470 3700 5493 ,
3752 5444 3838 5479 no-

2234 5533 2389 5572 verca
2419 5517 2508 5571 illa
2533 5533 2547 5569 :
2578 5518 2787 5588 utrique
2815 5533 2997 5573 eorum
3030 5520 3224 5587 Pagani
3252 5521 3451 5588 templa
3484 5522 3759 5581 fecerunt,
3792 5526 3840 5569 et

2232 5608 2427 5664 lunoni
2458 5616 2512 5663 et
2533 5608 2767 5664 llerculi.
2802 5610 3037 5665 Adorant
3060 5613 3205 5665 illum
3232 5658 3243 5677 ,
3280 5614 3514 5668 adorant
3542 5615 3688 5669 illam
3716 5630 3731 5675 ;
3762 5626 3838 5679 pa-

2232 5703 2362 5757 riter
2408 5711 2540 5757 eunt
2565 5702 2632 5757 ad
2674 5703 2964 5769 Iunonem,
3000 5706 3196 5774 pariter
3242 5707 3305 5760 ad
3361 5707 3662 5763 Herculem
3700 5726 3709 5759 :
3744 5706 3841 5759 illis

2233 5796 2332 5852 sibi
2366 5797 2511 5852 iratis
2534 5838 2548 5864 ,
2578 5795 2869 5851 concordes
2895 5805 3035 5850 sunt.
3071 5790 3333 5852 Vulcanus
3357 5808 3413 5851 et
3463 5798 3612 5853 Mars
3643 5786 3839 5851 inimici
