4106 6484
233 406 335 462 713

233 529 388 587 sunt,
421 528 473 574 et
498 518 693 590 justam
722 528 937 572 causam
968 512 1129 569 habet
1152 511 1413 567 Vulcanus
1447 530 1461 569 :
1510 511 1603 567 sed
1628 511 1694 566 da
1730 511 1819 581 ju—

234 612 402 667 dieem
432 608 732 680 quiaudiat.
764 606 889 662 Odit
909 606 1051 661 enim
1079 605 1241 659 miser
1255 604 1439 659 uxoris
1463 602 1818 669 adulterium;

235 718 331 758 nec
353 710 532 755 tamen
556 699 718 755 audet
743 698 979 753 cultores
999 710 1127 751 suos
1148 710 1178 749 a
1205 695 1384 749 Martis
1410 695 1609 765 templo
1636 693 1822 766 prohi-

236 793 379 848 bere.
412 791 580 846 Simul
603 790 830 845 adorant
850 788 997 843 illum
1024 797 1078 842 et
1106 786 1277 840 illum.
1297 785 1354 841 Si
1371 786 1645 840 imitantur
1667 784 1818 853 deos,

237 883 445 952 litigant
469 891 524 936 et
553 881 675 951 ipsi.
731 880 874 934 Eunt
916 878 984 933 de
1014 877 1212 946 templo
1250 875 1433 930 Martis
1469 875 1536 930 ad
1568 876 1823 945 templum

240 972 499 1028 Vulcani:
533 987 724 1042 magna
779 969 1103 1041 indignitas!
1138 983 1237 1024 nec
1287 978 1464 1023 tamen
1516 969 1705 1023 timent
1755 982 1826 1023 ne

238 1063 333 1118 subi
364 1064 625 1118 irascatur
671 1061 894 1115 maritus
911 1101 926 1125 ,
955 1058 1097 1130 quod
1120 1058 1187 1113 ad
1213 1073 1333 1113 eum
1364 1058 1575 1113 venitur
1597 1058 1664 1113 de
1691 1067 1829 1112 tem-

240 1156 324 1225 plo
353 1155 533 1209 Martis
555 1154 801 1209 adulteri.
834 1153 1041 1208 Habent
1067 1167 1162 1207 cor
1183 1192 1197 1218 ,
1236 1153 1408 1207 sciunt
1435 1151 1663 1221 lapidem
1700 1162 1828 1205 sen-

241 1256 337 1302 tire
364 1263 470 1301 non
503 1261 678 1316 posse.
705 1245 845 1300 Ecce
870 1243 1108 1300 colentes
1136 1243 1334 1297 multos
1357 1283 1373 1307 ,
1423 1242 1582 1297 falsos
1602 1284 1615 1304 ,
1647 1242 1829 1297 diver-

241 1353 327 1393 sos
346 1378 362 1403 ,
394 1336 650 1391 adversos
673 1377 688 1403 ,
719 1344 901 1390 tenent
921 1343 1096 1389 tamen
1123 1334 1175 1388 in
1215 1334 1294 1389 eis
1321 1333 1560 1389 colendis
1589 1333 1832 1404 qualem-

240 1446 467 1501 cumque
498 1430 754 1484 unitatem
779 1447 793 1483 :
821 1443 952 1484 ecce
974 1428 1157 1483 dicunt
1181 1436 1364 1481 contra
1391 1438 1440 1481 te
1467 1426 1829 1483 testimonium

241 1523 413 1591 etipsi
440 1521 726 1591 Pagani,a
757 1520 951 1589 quibus
1003 1528 1088 1573 tua
1134 1518 1333 1589 jejunia
1379 1518 1658 1589 separasti.
1697 1516 1831 1573 Veni

242 1627 368 1682 ergo
388 1611 452 1666 ad
476 1611 735 1665 unitatem
760 1651 774 1673 ,
805 1611 987 1665 frater.
1010 1608 1184 1665 Unum
1218 1610 1381 1663 Deum
1404 1609 1628 1664 colimus
1653 1626 1667 1663 :
1697 1624 1833 1663 nun-

242 1718 399 1771 quam
428 1701 639 1757 Patrem
666 1710 721 1757 et
752 1699 942 1755 Filium
965 1699 1196 1754 vidimus
1222 1699 1508 1770 litigantes.
1546 1699 1657 1755 Nec
1701 1698 1833 1755 mihi

244 1795 439 1865 Pagani
478 1799 864 1855 succenseant,
906 1793 1052 1863 quod
1108 1791 1222 1847 haec
1259 1791 1368 1847 dixi
1395 1791 1465 1847 de
1493 1793 1595 1847 diis
1622 1807 1831 1846 eorum.

243 1888 418 1951 Quare
443 1886 583 1939 enim
614 1885 915 1939 irascantur
936 1883 1111 1939 verbis
1138 1883 1270 1937 meis
1297 1924 1312 1949 ,
1337 1891 1392 1938 et
1422 1899 1526 1937 non
1549 1883 1726 1953 potius
1746 1882 1834 1936 lit-

246 1981 373 2033 teris
398 1978 547 2033 suis?
576 1978 699 2033 Illas
724 1977 872 2047 prius
894 2018 910 2045 ,
941 1976 986 2031 si
1020 1984 1277 2049 possunt,
1331 1976 1469 2042 imo,
1522 1979 1567 2031 si
1611 1976 1793 2029 volunt
1816 2015 1833 2043 ,

243 2070 389 2124 delea
398 2080 454 2124 nt
473 2087 486 2123 :
507 2084 613 2124 non
640 2069 720 2124 eis
737 2067 992 2123 docendis
1003 2065 1336 2137 grammatici
1351 2066 1469 2122 vela
1483 2064 1832 2136 suspendant.

246 2161 498 2215 Irascitur
518 2160 646 2214 mihi
684 2160 805 2229 quia
835 2174 936 2229 ego
978 2157 1130 2225 dico,
1166 2157 1255 2229 qui
1299 2156 1393 2213 dat
1437 2156 1740 2212 mercedem
1781 2164 1838 2211 ut

246 2251 380 2305 ﬁlius
412 2250 578 2319 ipsius
605 2250 794 2305 discat.

309 2340 541 2398 CAPUT
570 2341 701 2395 VIII.
731 2371 799 2380 —-
829 2340 913 2396 10.
940 2338 1139 2411 Pagani
1158 2338 1558 2397 Christianorum
1584 2338 1838 2393 discordia

242 2434 448 2487 avocari
496 2449 527 2484 a
554 2433 829 2485 christiana
883 2433 1126 2503 religione
1171 2448 1269 2485 non
1318 2430 1516 2485 debent.
1564 2429 1835 2496 Charitas,

243 2527 375 2591 vita;
402 2525 651 2578 dissensio
677 2566 691 2589 ,
736 2541 890 2577 mors.
943 2523 1115 2593 Ergo,
1148 2521 1448 2576 cltarissimi
1470 2563 1485 2587 ,
1506 2520 1595 2581 illi
1621 2520 1837 2590 quidem

244 2616 372 2671 tales
401 2616 538 2671 deos
567 2615 795 2681 habent,
829 2614 913 2670 vel
966 2615 1141 2684 potius
1170 2613 1487 2667 habuerunt.
1529 2612 1659 2678 Quia
1692 2612 1837 2666 enim

242 2710 336 2778 ipsi
361 2725 464 2765 eos
484 2709 739 2764 deserere
770 2709 1094 2774 noluerunt,
1135 2709 1204 2763 ab
1234 2709 1313 2761 eis
1356 2706 1554 2760 deserti
1596 2716 1737 2760 sunt.
1772 2707 1838 2761 Et

241 2802 385 2855 multi
419 2802 777 2858 deseruerunt
801 2817 894 2857 eos
919 2842 932 2865 ,
963 2810 1016 2856 et
1044 2800 1217 2855 adhuc
1239 2799 1528 2862 deserunt,
1580 2797 1839 2867 dejiciunt

240 2896 443 2965 templa
472 2909 659 2950 eorum
697 2895 747 2948 in
779 2894 1033 2949 cordibus
1081 2893 1191 2949 suis
1225 2910 1238 2947 :
1269 2891 1360 2946 sed
1407 2891 1734 2961 gaudeamus
1770 2892 1840 2947 de

238 2983 368 3051 illis,
402 2986 535 3055 quia
558 2986 778 3040 veniunt
801 2984 865 3038 ad
896 2986 1189 3050 unitatem,
1237 2999 1342 3038 non
1385 2984 1453 3037 ad
1496 2982 1837 3039 divisionem.

235 3075 347 3130 Non
398 3077 649 3131 inveniat
704 3091 942 3146 paganus
988 3076 1325 3130 occasionem
1373 3088 1476 3144 qua
1527 3074 1661 3129 nolit
1717 3089 1839 3131 esse

233 3168 587 3223 christianos.
623 3166 1023 3222 Concordemus
1050 3209 1065 3233 ,
1114 3165 1345 3231 fratres,
1395 3165 1635 3221 colentes
1670 3179 1838 3220 unum

235 3257 402 3312 Deum
439 3300 453 3323 ,
484 3268 541 3313 ut
577 3267 631 3311 et
658 3259 775 3312 illos
805 3258 1053 3313 deserere
1104 3257 1301 3311 multos
1329 3255 1460 3310 deos
1491 3256 1839 3311 exhortamur

236 3348 469 3417 quodam
522 3348 681 3402 modo
727 3356 908 3402 nostra
951 3346 1236 3402 concordia
1266 3387 1282 3412 ,
1338 3354 1393 3399 ut
1444 3345 1511 3400 ad
1542 3360 1725 3415 pacem
1784 3353 1840 3401 et

234 3440 297 3495 ad
353 3442 619 3495 unitatem
665 3439 882 3495 veniant
930 3438 1140 3493 colendi
1195 3453 1357 3492 unum
1420 3436 1608 3491 Deum.
1670 3436 1737 3491 Et
1792 3436 1837 3491 si

236 3530 369 3586 forte
404 3530 724 3598 fastidiunt,
776 3541 829 3585 et
866 3530 991 3585 hinc
1026 3528 1180 3583 nobis
1218 3529 1611 3584 calumniantur
1637 3568 1653 3595 ,
1692 3528 1837 3599 quod

233 3622 499 3677 unitatem
537 3622 677 3676 inter
704 3636 801 3676 nos
823 3619 1115 3677 Christiani
1144 3634 1248 3675 non
1288 3619 1581 3685 habemus,
1632 3629 1685 3675 et
1714 3620 1838 3675 inde

233 3720 355 3766 sunt
382 3712 531 3766 tardi
562 3720 618 3765 et
642 3711 773 3781 pigri
797 3725 864 3767 ne
890 3711 1108 3766 veniant
1131 3710 1199 3764 ad
1224 3710 1451 3765 salutem
1476 3726 1491 3773 ;
1521 3709 1765 3780 alloquar
1783 3720 1839 3765 et

233 3801 374 3871 ipsos
398 3802 720 3873 paululum,
742 3810 795 3856 et
821 3801 1025 3869 dicam,
1057 3799 1200 3871 quod
1225 3799 1303 3855 eis
1331 3800 1540 3854 dicatis.
1557 3798 1673 3853 Non
1703 3816 1836 3867 prai-

232 3895 405 3953 ferant
436 3896 605 3951 nobis
629 3895 780 3965 quasi
810 3893 1150 3949 concordiam
1180 3907 1328 3947 suam
1351 3934 1365 3958 ,
1411 3908 1515 3946 non
1570 3892 1671 3946 sibi
1722 3899 1838 3946 tan-

227 4004 385 4057 quam
415 3989 488 4044 de
520 3988 725 4042 unitate
752 4001 845 4040 sua
892 3984 1157 4055 placeant.
1192 3984 1410 4039 Ilostem
1454 3984 1650 4054 quippe
1678 3999 1835 4054 quem

226 4082 465 4149 patimur
485 4122 502 4145 ,
543 4080 615 4134 illi
644 4094 749 4133 non
776 4077 1051 4147 patiuntur
1080 4095 1094 4131 :
1125 4076 1248 4131 illos
1271 4085 1327 4131 et
1354 4090 1460 4130 non
1488 4076 1588 4130 ista
1618 4084 1838 4147 agentes

224 4172 338 4243 ipse
368 4172 645 4244 possidet.
668 4172 823 4227 Videt
846 4186 941 4227 eos
969 4171 1285 4226 adoratorcs
1309 4169 1557 4224 falsorum
1580 4168 1834 4235 deorum;

225 4266 369 4321 videt
394 4281 499 4321 eos
522 4278 742 4330 servos,
770 4272 824 4319 et
847 4276 1033 4317 servos
1058 4260 1443 4316 da-mnniorunt
1460 4259 1587 4330 quid
1610 4260 1683 4314 illi
1706 4260 1839 4314 lucri

186 4406 193 4419 ,
224 4367 305 4412 est
330 4358 463 4427 quia
498 4356 742 4425 litigant,
774 4361 861 4407 aut
910 4353 1035 4423 quid
1062 4350 1241 4406 damni
1287 4360 1374 4407 est
1419 4351 1543 4422 quia
1579 4367 1687 4406 non
1734 4350 1839 4405 liti-

223 4449 395 4517 gant?
423 4449 499 4503 Et
533 4462 701 4502 unum
726 4446 968 4516 quamvis
998 4444 1187 4499 falsum
1221 4451 1275 4499 et
1295 4459 1487 4498 vanum
1518 4443 1834 4511 sentientes,

222 4542 440 4611 sibique
461 4538 877 4594 consentientes
901 4579 917 4603 ,
949 4537 1027 4591 sic
1054 4549 1148 4591 eos
1175 4534 1429 4605 possidet.
1459 4536 1529 4589 At
1561 4550 1690 4589 vero
1715 4549 1836 4590 cum

223 4632 585 4689 desereretur
606 4673 620 4695 ,
653 4641 705 4685 et
737 4630 886 4685 multi
919 4631 985 4684 ad
1014 4646 1177 4685 unum
1210 4630 1374 4684 Deum
1413 4639 1795 4685 concurrerent
1818 4669 1837 4698 ,

218 4727 335 4796 ejus
361 4726 641 4794 sacrilega
664 4734 997 4780 sacramenta
1026 4724 1375 4789 desererent,
1405 4723 1599 4794 templa
1630 4732 1839 4779 everte-

218 4830 375 4884 rent,
413 4818 568 4872 idola
604 4815 937 4887 frangerent,
966 4815 1226 4870 sacriﬁcia
1271 4815 1653 4887 prohiberent;
1707 4815 1840 4871 vidit

215 4926 274 4966 se
321 4910 649 4982 perdidisse
679 4924 812 4978 quos
844 4908 1095 4975 tenebat,
1126 4907 1259 4963 vidit
1296 4924 1323 4961 a
1355 4923 1451 4964 sua
1496 4906 1694 4962 familia
1748 4924 1838 4964 re-

216 5005 490 5068 cessisse,
526 5016 723 5055 verum
772 4999 937 5054 Deum
989 4999 1307 5068 cOgnovisse
1350 5015 1363 5050 :
1414 4997 1538 5070 quid
1576 4997 1839 5069 faceret?

213 5095 502 5167 quomodo
533 5090 915 5147 insidiaretur?
943 5090 1249 5146 Concordes
1275 5104 1373 5144 nos
1418 5091 1514 5145 scit
1543 5091 1683 5161 quod
1709 5106 1836 5161 pos-

213 5192 397 5245 sidere
450 5202 573 5243 non
610 5184 804 5254 possit,
848 5200 1011 5240 unum
1065 5184 1231 5238 Deum
1262 5183 1417 5237 nobis
1457 5182 1700 5239 dividere
1730 5200 1836 5239 non

216 5292 433 5355 potest,
469 5281 652 5335 falsos
703 5277 834 5332 deos
890 5276 1043 5331 nobis
1094 5290 1399 5345 supponere
1453 5290 1558 5330 non
1610 5284 1833 5345 potest;

214 5377 381 5430 sentit
412 5388 550 5429 esse
576 5370 741 5423 vitam
793 5378 1025 5423 nostram
1049 5367 1363 5422 charitatem
1389 5408 1403 5431 ,
1455 5376 1683 5421 mortem
1730 5383 1832 5423 no-

213 5479 383 5523 stram
413 5463 833 5523 dissensionem
874 5477 888 5515 :
922 5461 1043 5516 lites
1071 5459 1292 5514 immisit
1319 5460 1457 5512 inter
1480 5457 1834 5523 Christianos,

213 5562 337 5631 quia
367 5559 591 5613 multos
642 5542 773 5608 deos
818 5567 924 5607 non
968 5550 1139 5622 putuit
1181 5548 1442 5605 fabricare
1480 5547 1837 5615 Christianis;

215 5665 394 5709 sectas
426 5645 856 5717 multiplicat-it,
878 5659 1093 5701 errores
1120 5640 1445 5708 seminavit,
1476 5641 1708 5696 haereses
1752 5641 1837 5696 in-

214 5744 408 5800 vituit.
444 5739 564 5799 Sed
616 5735 873 5807 quidquid
913 5735 1063 5800 fecit,
1106 5733 1175 5790 de
1205 5733 1354 5804 palea
1385 5731 1653 5788 dominica
1690 5730 1834 5789 fecit.

218 5839 357 5897 Ecce
377 5834 668 5896 securitas
696 5830 850 5886 nobis
876 5837 990 5896 est,
1013 5828 1137 5885 licet
1161 5828 1253 5884 illo
1281 5824 1564 5896 szeviente,
1594 5825 1718 5883 licet
1745 5824 1836 5883 illo

581 5921 866 5985 ΡΑτιιιο.
914 5919 1046 5984 XL.

1329 396 1560 454 SERMO
1603 395 1690 451 DE
1732 392 2098 452 UTILITATE
2135 394 2404 451 JEJINII.

3418 398 3523 454 τη

1930 507 2251 575 insidiante,
2292 520 2347 564 et
2390 509 2752 565 dissensiones
2802 512 2980 566 varias
3026 512 3166 568 inter
3189 511 3522 572 Christianos

1929 600 2274 655 seminante:
2319 601 2364 655 si
2408 601 2573 655 Deum
2620 612 2858 656 nostrum
2889 617 3274 673 agnoscamus,
3318 606 3363 660 si
3389 621 3525 661 con-

1928 690 2163 745 Corditer
2186 700 2457 746 teneamus
2484 734 2499 759 ,
2532 691 2576 746 si
2602 692 2756 746 Iidem
2787 709 3083 761 servemus,
3111 696 3285 750 securi
3315 698 3521 752 suinus.

1932 779 2151 836 Fratres
2172 824 2186 848 ,
2211 780 2532 836 frumentum
2563 783 2630 836 de
2652 798 2775 836 area
2802 792 2894 837 aut
2918 800 3022 838 non
3052 786 3285 853 recedit,
3319 797 3410 842 aut
3441 804 3528 843 re-

1933 871 2045 925 dit:
2074 871 2273 941 aliquid
2303 874 2573 943 palearum
2605 874 2777 928 aufert
2798 886 2989 929 ventus
3013 877 3320 933 tentationis
3341 922 3355 944 ,
3382 880 3524 935 unde

1935 964 2088 1020 nobis
2120 965 2275 1019 faciat
2303 980 2406 1020 non
2433 966 2569 1020 viam
2604 966 2913 1036 perditionis
2934 1008 2949 1034 ,
2981 968 3072 1021 sed
3100 984 3233 1038 opus
3265 974 3527 1026 exercita-

1936 1057 2117 1112 tionis.
2148 1054 2409 1124 Quantam
2438 1073 2566 1113 vero
2589 1059 2791 1127 paleam
2826 1074 2927 1115 non
2955 1060 3094 1115 tollit
3118 1059 3260 1115 foras
3284 1105 3298 1127 ,
3330 1074 3383 1118 et
3410 1065 3522 1133 ipsa

1936 1156 2110 1203 tamen
2138 1149 2188 1203 in
2216 1150 2404 1204 ultimo
2431 1150 2734 1206 ventilanda
2762 1160 2884 1207 est:
2917 1159 2972 1207 et
3000 1168 3102 1207 non
3137 1154 3177 1208 it
3229 1163 3337 1210 tota
3373 1157 3523 1225 palea

1934 1239 2041 1295 nisi
2067 1240 2119 1294 in
2148 1241 2344 1311 ignem.
2369 1242 2626 1313 Satagere
2646 1257 2774 1313 ergo
2800 1242 3061 1298 debemus
3080 1284 3094 1307 ,
3138 1242 3332 1301 fratres
3371 1247 3473 1302 mei
3503 1288 3519 1312 ,

1935 1345 2057 1386 cum
2084 1341 2295 1401 tempus
2341 1341 2462 1396 est,
2491 1334 2705 1403 quantis
2740 1348 3024 1403 possumus
3049 1335 3247 1390 viribus
3271 1378 3284 1400 ,
3330 1349 3527 1406 quanta

1936 1437 2222 1492 possumus
2247 1423 2562 1490 intentione,
2590 1434 2647 1479 ut
2684 1425 2730 1479 si
2762 1426 2874 1480 ﬁeri
2904 1436 3097 1497 potest,
3129 1437 3183 1483 et
3209 1428 3359 1499 palea
3410 1432 3531 1485 red-

1935 1523 2044 1581 eat,
2080 1514 2206 1569 dam
2236 1515 2502 1570 frumenta
2534 1531 2639 1570 non
2691 1525 2931 1586 pereant.
2966 1518 3189 1575 Dilectio
3230 1531 3412 1576 nostra
3442 1521 3529 1577 hic

1939 1607 2229 1676 probatur,
2274 1623 2525 1679 magnum
2571 1624 2706 1679 opus
2765 1610 2886 1665 vita:
2936 1617 3136 1666 nostra:
3190 1614 3528 1683 proponitur.

1936 1697 2054 1754 Non
2081 1714 2179 1755 nos
2198 1701 2561 1756 inveniremus
2580 1743 2594 1767 ,
2623 1710 2878 1771 quantum
2906 1702 3100 1759 fratres
3131 1704 3445 1776 diligamus,
3484 1707 3530 1763 si

1932 1786 2098 1845 nemo
2141 1792 2529 1859 periclitaretur
2572 1810 2586 1846 :
2638 1808 2745 1848 non
2787 1806 3069 1864 appareret
3127 1808 3323 1867 quanta
3387 1809 3535 1857 esset

1938 1880 2152 1937 dilectio
2199 1882 2555 1954 inquisitionis
2590 1925 2606 1951 ,
2653 1884 2699 1939 si
2741 1885 2873 1940 nihil
2924 1895 3131 1943 teneret
3157 1888 3384 1960 abyssus
3405 1907 3531 1962 per-

1939 1974 2176 2031 ditionis.

2009 2065 2236 2124 CAPUT
2263 2067 2456 2123 IX.-—I
2470 2071 2491 2124 I
2506 2110 2519 2123 .
2541 2068 2805 2141 Agendum
2831 2068 3063 2127 omnibus
3087 2072 3250 2129 modis
3268 2085 3323 2128 ut
3341 2076 3411 2130 ad
3426 2078 3534 2132 unto

1941 2169 2091 2213 tatem
2111 2161 2319 2215 redeant
2336 2162 2577 2216 heretici.
2608 2160 2934 2216 Piscatorum
2964 2172 3012 2217 et
3037 2174 3333 2220 venatorum
3368 2169 3533 2240 oﬁcia

1940 2248 2157 2304 diversa.
2181 2250 2532 2317 Laboremns,
2555 2250 2765 2318 fratres,
2787 2268 2890 2307 non
2917 2268 3212 2323 cessemus,
3232 2260 3377 2312 onmi
3399 2276 3533 2330 ope-

1941 2355 2020 2405 re,
2040 2342 2183 2395 omni
2207 2342 2399 2397 sudore
2420 2384 2433 2405 ,
2464 2342 2659 2397 affectu
2691 2344 2777 2413 pio
2795 2344 2860 2399 ad
2886 2346 3049 2400 Deum
3069 2388 3085 2413 ,
3116 2346 3183 2401 ad
3206 2348 3326 2403 illos
3344 2390 3360 2416 ,
3393 2350 3534 2407 inter

1943 2448 2068 2496 nos,
2101 2449 2168 2488 ne
2194 2434 2407 2488 illorum
2438 2445 2673 2489 veterem
2702 2436 2844 2491 litem
2874 2438 3052 2506 sopire
3081 2440 3322 2496 volentes
3344 2483 3356 2503 ,
3392 2442 3534 2498 inter

1946 2540 2044 2579 nos
2079 2542 2244 2581 novas
2273 2528 2416 2581 rixas
2457 2526 2716 2582 faciamus
2765 2546 2779 2583 :
2826 2538 2881 2584 et
2928 2538 3052 2585 ante
3078 2532 3256 2585 omnia
3286 2535 3426 2588 cauti
3453 2536 3531 2589 si—

1943 2632 2060 2669 ntus
2088 2615 2228 2671 inter
2262 2633 2360 2671 nos
2390 2618 2531 2686 ipsos
2564 2628 2747 2673 tenere
2775 2617 3132 2675 firmissimam
3161 2622 3527 2681 dilectionem.

1944 2706 2021 2761 Illi
2051 2708 2358 2777 gelavcrunt
2386 2709 2438 2763 in
2481 2710 2845 2779 iniquitatibus
2871 2711 2982 2766 suis
3012 2713 3319 2780 :quomodo
3359 2715 3410 2770 in
3447 2716 3530 2773 eis

1944 2809 2000 2854 tu
2039 2800 2216 2855 solves
2246 2801 2466 2871 glaciem
2500 2801 2789 2870 iniquitatis
2811 2844 2824 2868 ,
2871 2802 2917 2856 si
2948 2816 3052 2857 non
3083 2803 3274 2859 ardeas
3313 2804 3529 2862 flamma

1942 2891 2255 2948 charitatis‘?
2297 2893 2408 2949 Nec
2444 2908 2692 2949 curemus
2732 2894 2875 2965 quod
2921 2894 3000 2950 eis
3047 2897 3256 2951 molesti
3285 2900 3533 2954 videmur

1941 2983 2313 3054 compellendo
2345 3002 2359 3039 :
2389 2985 2724 3039 attendamus
2757 2999 2895 3055 quo;
2926 2986 2977 3039 in
3023 3002 3088 3041 eo
3112 2992 3285 3044 securi
3313 2990 3480 3044 simus
3512 3008 3527 3045 :

1943 3074 2199 3144 numquid
2227 3076 2367 3130 enim
2394 3075 2459 3128 ad
2506 3087 2732 3130 mortem
2758 3117 2773 3143 ,
2822 3085 2876 3131 et
2917 3092 3021 3131 non
3054 3078 3227 3148 potius
3254 3094 3284 3133 a
3314 3081 3531 3137 morte?

1940 3164 2170 3221 Omnino
2217 3167 2637 3238 quibuscumque
2684 3168 2857 3223 modis
2903 3184 3218 3238 possumus,
3270 3172 3366 3229 sed
3416 3190 3535 3229 mo-

1940 3256 2091 3313 deste
2111 3300 2125 3324 ,
2157 3267 2363 3313 vetusta
2393 3260 2610 3313 vulnera
2638 3268 3024 3329 pertractemus
3054 3278 3067 3313 :
3096 3270 3151 3317 et
3173 3264 3313 3318 cauti
3340 3264 3529 3329 simus,

1943 3365 2010 3403 ne
2050 3350 2189 3404 inter
2232 3364 2420 3403 manus
2477 3350 2669 3404 medici
2726 3350 2936 3405 deﬁciat
2975 3352 3065 3422 qui
3118 3364 3353 3409 curatur.
3392 3355 3531 3425 Quid

1942 3441 2121 3511 itaque
2148 3442 2440 3496 curandum
2475 3442 2627 3498 nobis
2667 3450 2748 3497 est
2791 3444 2911 3513 quia
2944 3445 3116 3514 plorat
3160 3463 3292 3516 puer
3330 3449 3419 3518 qui
3466 3452 3531 3503 ad

1941 3531 2178 3586 scholam
2204 3532 2453 3587 ducitur?
2480 3532 2829 3603 COgitandum
2862 3536 3018 3590 nobis
3047 3545 3130 3591 est
3168 3539 3289 3607 quia
3322 3540 3535 3609 repellit

1942 3641 2131 3679 manus
2160 3625 2352 3680 medici
2379 3626 2468 3695 qui
2509 3625 2759 3680 secatur?
2788 3626 3088 3683 Piscatores
3132 3628 3345 3684 fuerunt
3388 3635 3530 3703 Apo-

1941 3718 2096 3781 stoli,
2141 3726 2195 3772 et
2234 3719 2488 3772 Dominus
2516 3718 2650 3772 dixit
2703 3720 2814 3784 eis,
2869 3718 3082 3773 Faciam
3121 3737 3206 3775 vos
3257 3723 3532 3793 piscatores

1942 3812 2201 3866 hominum
2235 3811 2449 3881 (Matth.
2478 3827 2533 3865 1v
2555 3854 2569 3878 ,
2602 3813 2714 3881 I9).
2748 3813 2849 3866 Per
2876 3813 3188 3883 prophetam
3228 3822 3405 3869 autem
3450 3818 3533 3871 di-

1941 3906 2082 3961 citur
2109 3904 2251 3975 quod
2299 3904 2442 3958 Deus
2496 3904 2669 3973 primo
2720 3907 3014 3972 piscatores
3067 3914 3182 3960 erat
3235 3907 3526 3972 missurus,

1942 4005 2125 4065 postea
2157 4003 2440 4049 venatores
2472 3992 2687 4063 (Jerem.
2720 4008 2814 4047 xvi
2834 4034 2849 4057 ,
2882 3994 2995 4064 16).
3027 3994 3206 4049 Primo
3236 3994 3533 4065 piscatores

1942 4088 2120 4147 misit,
2167 4095 2353 4155 postea
2404 4095 2682 4139 venatores
2730 4084 2912 4138 mittit.
2964 4084 3139 4152 Quare
3201 4087 3529 4155 piscatores,

1942 4191 2106 4247 quare
2151 4175 2467 4231 venatores?
2512 4175 2587 4229 De
2611 4175 2805 4244 abysso
2845 4183 2900 4230 et
2931 4173 3194 4244 profundo
3248 4176 3408 4230 maris
3438 4191 3531 4233 su-

1942 4269 2273 4339 perstitionis
2296 4267 2609 4322 idololatriae
2637 4266 2915 4322 credentes
2947 4266 3132 4336 piseati
3165 4278 3291 4322 sunt
3329 4268 3536 4325 retibus

1944 4360 2085 4417 fidei.
2120 4360 2413 4415 Venatores
2438 4370 2613 4413 autem
2645 4374 2750 4425 quo
2794 4357 2942 4413 missi
2985 4358 3146 4414 sunt?
3172 4359 3304 4415 Cum
3334 4360 3409 4414 illi
3438 4376 3534 4414 va-

1941 4463 2194 4523 garentur
2220 4467 2316 4521 per
2346 4458 2554 4505 montes
2584 4459 2640 4506 et
2660 4449 2858 4517 colles,
2888 4449 2937 4505 id
2962 4459 3079 4517 est,
3111 4466 3206 4521 per
3250 4450 3532 4521 superbius

1943 4544 2217 4599 hominum
2238 4585 2253 4609 ,
2286 4558 2380 4612 per
2410 4549 2649 4598 tumores
2688 4550 2974 4597 terrarum.
3003 4541 3155 4597 Mons
3185 4557 3319 4596 unus
3352 4542 3531 4597 Dona-

1945 4643 2028 4689 tus
2048 4677 2062 4700 ,
2087 4645 2138 4688 et
2169 4635 2305 4688 alius
2334 4649 2489 4689 mons
2519 4634 2706 4697 Arius;
2739 4633 2874 4689 alter
2904 4648 3059 4689 mons
3089 4634 3368 4697 Photinus,
3392 4634 3530 4688 alter

1944 4741 2099 4781 mons
2124 4725 2358 4779 Novatus
2391 4744 2402 4777 :
2433 4740 2530 4796 per
2550 4726 2681 4778 istos
2707 4734 2917 4779 montes
2947 4724 3230 4790 errabant;
3260 4724 3533 4779 venatori-

1946 4818 2045 4873 bus
2067 4816 2335 4888 indigebat
2357 4832 2513 4873 error
2556 4816 2813 4887 ipsorum.
2851 4816 2972 4871 Ideo
3000 4825 3053 4870 et
3082 4816 3361 4870 distributa
3408 4824 3537 4870 sunt

1944 4909 2118 4964 ofﬁcia
2149 4909 2471 4979 piscatorum
2497 4915 2552 4962 et
2589 4917 2932 4971 venatorum,
2963 4921 3031 4962 ne
3061 4904 3200 4960 forte
3238 4906 3324 4960 isti
3353 4904 3539 4963 dicant

1947 5000 2143 5056 nobis:
2175 4999 2353 5069 Quare
2399 4998 2641 5068 Apostoli
2688 4999 2955 5053 neminem
3002 5004 3330 5067 coegerunt,
3363 4998 3538 5051 nemi-

1946 5110 2070 5151 nem
2113 5091 2478 5163 impulerunt?
2521 5091 2656 5159 Quia
2703 5092 2937 5160 piscator
2965 5096 3083 5153 est,
3114 5089 3247 5143 retia
3280 5089 3442 5144 mittit
3482 5091 3539 5147 in

1947 5198 2125 5247 mare,
2156 5181 2298 5253 quod
2340 5180 2626 5235 incurrerit
2671 5180 2849 5234 trahit.
2880 5179 3114 5234 Venator
3153 5189 3330 5234 autem
3376 5180 3534 5241 silvas

1945 5276 2139 5348 cingit,
2185 5282 2368 5331 sentes
2395 5275 2628 5337 excutit,
2661 5272 2957 5328 terroribus
2999 5272 3235 5343 undique
3281 5274 3541 5344 multipli-

1945 5368 2075 5425 catis
2104 5367 2245 5437 cogit
2293 5366 2344 5421 in
2399 5365 2554 5421 retia.
2582 5363 2661 5420 Ne
2712 5364 2813 5419 hac
2858 5364 3215 5429 eat,neillac
3254 5373 3382 5420 eat:
3416 5364 3542 5422 inde

1946 5474 2168 5514 occurre
2187 5501 2202 5524 ,
2234 5456 2359 5513 inde
2384 5455 2563 5524 crede,
2592 5456 2715 5512 inde
2746 5465 2921 5522 terre;
2951 5472 3058 5512 non
3102 5466 3294 5525 exeat,
3322 5474 3429 5514 non
3458 5458 3545 5515 ef-

1946 5549 2129 5622 fugiat.
2158 5548 2263 5607 Sed
2292 5549 2421 5605 retia
2450 5558 2632 5604 nostra
2660 5550 2767 5604 vita
2794 5556 2912 5617 est,
2941 5557 3145 5605 tantum
3168 5549 3385 5608 dilectio
3410 5567 3538 5607 con-

1944 5650 2208 5696 servetur.
2250 5640 2358 5696 Nec
2402 5640 2646 5697 attendas
2674 5656 2834 5712 quam
2865 5640 2938 5696 illi
2991 5641 3067 5697 sis
3112 5642 3370 5698 molestus
3393 5682 3409 5707 ,
3443 5640 3538 5697 sed

1944 5749 2105 5807 quam
2138 5734 2231 5788 tibi
2258 5733 2347 5792 ille
2372 5732 2443 5791 sit
2471 5732 2719 5792 dilectus.
2748 5732 2932 5801 Qualis
2960 5734 3131 5806 pietas
3151 5776 3167 5801 ,
3199 5734 3244 5789 si
3282 5733 3457 5806 parcis
3481 5741 3541 5790 et

1951 5822 2209 5881 moritur?

2787 5924 2822 5995 (
2835 5916 3294 5995 νῖκαι-τῖον.)
