4018 6488
559 386 665 444 715

623 503 845 562 CAPUT
877 497 1108 556 X.-—i2.
1137 497 1431 553 Similitudo
1449 497 1631 550 docens
1653 497 1850 567 pietatis
1875 514 2000 562 esse,
2032 515 2142 550 cum

552 597 798 653 hereticis
825 594 1083 650 obstinatis
1109 609 1209 647 non
1237 592 1467 664 parcitur
1493 633 1506 658 ,
1537 609 1598 645 ne
1623 598 1848 661 pereant.
1886 589 2096 644 Fratres
2123 632 2134 652 ,

555 690 690 744 hanc
717 689 876 744 etiam
903 686 1237 744 considerate
1293 684 1745 754 comparationem
1792 693 1847 740 et
1890 682 2141 739 similitu-

552 778 732 834 dinem
766 797 780 834 :
809 792 911 833 una
960 778 1103 834 enim
1147 792 1236 832 res
1278 775 1476 832 multas
1521 775 1896 830 similitudines
1944 774 2141 828 habere

554 879 744 938 potest.
779 871 852 924 Ea
905 869 1209 924 conditione
1261 876 1552 923 nascuntur
1593 866 1858 933 homines,
1918 874 1977 919 ut
2019 864 2145 918 velit

553 963 654 1021 sibi
682 963 855 1018 omnis
880 963 1039 1018 homo
1067 977 1097 1016 a
1120 960 1242 1016 ﬁliis
1266 962 1377 1016 suis
1407 958 1619 1016 succedi
1649 976 1665 1026 ;
1687 968 1741 1014 et
1769 973 1926 1013 nemo
1950 964 2034 1012 est
2053 956 2142 1026 qui

553 1072 660 1111 non
679 1055 821 1111 hunc
841 1055 1079 1110 ordinem
1107 1054 1158 1109 in
1180 1055 1340 1109 domo
1365 1069 1457 1108 sua
1477 1052 1562 1108 vel
1591 1051 1837 1122 Optetvel
1859 1058 2059 1120 speret,
2087 1058 2145 1104 ut

553 1157 897 1218 generatores
927 1147 1154 1201 ﬁliorum
1181 1145 1391 1207 cedant,
1453 1153 1507 1198 et
1551 1141 1791 1214 generati
1831 1140 2142 1196 succedant.

555 1240 754 1294 Tamen
777 1238 821 1294 si
848 1247 997 1308 pater
1026 1253 1187 1292 senex
1217 1244 1439 1306 aegrotet
1469 1254 1483 1288 :
1518 1249 1625 1288 non
1667 1233 1787 1288 dico
1811 1274 1826 1299 ,
1874 1233 1918 1287 si
1969 1233 2107 1286 ﬁlius
2126 1275 2141 1297 ,

553 1331 640 1386 cui
676 1330 815 1386 adsit
867 1338 1037 1400 pater,
1067 1344 1222 1398 quem
1268 1329 1460 1397 quaerit
1501 1325 1788 1388 hacredem,
1817 1341 1971 1394 quem
2001 1327 2146 1394 cupit

555 1437 942 1487 successorem,
973 1435 1128 1490 quem
1171 1427 1451 1489 propterea
1493 1419 1696 1488 genuit,
1732 1427 1789 1471 ut
1812 1417 1903 1469 illo
1934 1427 2145 1470 mortuo

557 1516 668 1583 ipse
724 1515 902 1575 vivat;
959 1529 1061 1567 non
1093 1511 1193 1565 hoc
1245 1510 1364 1565 dico
1391 1527 1406 1562 :
1436 1511 1479 1565 si
1509 1520 1656 1579 pater
1692 1519 1915 1578 aegrotet
1943 1522 2103 1562 senex
2126 1549 2140 1572 ,

556 1605 744 1668 iturus,
771 1604 879 1674 jam
915 1603 1116 1656 vicinus
1147 1601 1326 1664 morti,
1354 1600 1465 1670 jam
1502 1609 1706 1653 natura:
1755 1597 2000 1653 ordinem
2048 1614 2143 1668 pe-

556 1704 695 1761 tens,
722 1695 830 1763 jam
878 1694 1014 1747 ultra
1063 1693 1203 1763 quod
1249 1700 1428 1760 speret
1470 1707 1575 1745 non
1619 1691 1848 1755 habens;
1895 1701 2068 1745 tamen
2101 1693 2146 1746 si

554 1793 796 1854 aegrotet,
827 1793 878 1837 et
919 1783 1056 1836 adsit
1092 1782 1164 1836 illi
1190 1783 1279 1854 pic
1332 1780 1470 1835 filius
1500 1780 1652 1849 ejus,
1708 1789 1761 1835 et
1813 1780 1987 1834 videat
2023 1795 2145 1836 eum

556 1873 794 1927 medicus
818 1871 1001 1926 lethali
1023 1882 1077 1927 et
1124 1871 1282 1925 noxio
1305 1885 1494 1926 somno
1526 1870 1721 1939 premi,
1755 1869 1959 1940 patiens
1986 1879 2066 1924 est
2095 1872 2145 1925 in

559 1979 739 2019 senem
768 1965 1079 2018 moriturum
1109 1973 1326 2033 prOpter
1371 1961 1515 2031 ipsos
1542 1976 1740 2032 paucos
1792 1961 1908 2017 dies
1959 1963 2148 2032 quibus

560 2055 644 2109 hic
664 2063 842 2127 potest
867 2056 1070 2119 vivere;
1094 2062 1200 2108 stat
1221 2053 1378 2120 filius,
1412 2060 1469 2110 et
1511 2053 1663 2110 adest
1691 2054 1825 2124 patri
1851 2055 2142 2109 sollicitus:

557 2158 612 2202 et
636 2164 754 2202 cum
777 2147 1000 2202 audierit
1028 2147 1292 2202 medicum
1315 2147 1601 2216 dicentem,
1631 2147 1737 2202 Iste
1759 2147 1918 2202 homo
1945 2147 2146 2202 lethar-

557 2239 708 2307 gicus
739 2246 911 2308 potest
935 2253 1074 2303 esse,
1109 2248 1161 2292 et
1188 2237 1311 2294 inde
1336 2239 1495 2302 mori,
1515 2239 1557 2293 si
1584 2238 1919 2308 permittatur
1945 2237 2148 2294 dormi-

560 2345 652 2396 re;
676 2330 717 2383 si
748 2329 905 2384 vultis
928 2344 1049 2384 eum
1082 2329 1278 2393 vivere,
1305 2345 1408 2382 non
1431 2328 1662 2383 dormiat
1700 2346 1713 2381 :
1752 2329 1898 2382 illum
1930 2343 2150 2383 somnus

560 2423 646 2476 ille
673 2420 861 2476 noxius
886 2420 1098 2490 premit,
1121 2420 1209 2488 qui
1232 2429 1284 2473 et
1313 2418 1506 2474 noxius
1531 2428 1632 2483 est,
1652 2428 1704 2472 et
1723 2417 1892 2473 dulcis
1930 2428 2028 2472 est.
2058 2418 2148 2472 Fi-

561 2513 662 2567 lius
682 2522 856 2566 autem
879 2510 995 2581 ejus
1036 2509 1338 2564 admonitus
1366 2525 1395 2562 a
1430 2509 1672 2576 medico,
1707 2517 1813 2564 stat
1841 2510 2099 2564 sollicitus
2131 2549 2144 2574 ,

563 2605 700 2672 patri
725 2601 998 2664 molestus,
1035 2599 1228 2668 pulsat;
1262 2608 1315 2653 et
1362 2599 1405 2653 si
1446 2600 1673 2668 pulsatio
1710 2599 1828 2667 ejus
1878 2598 2104 2654 vincitur
2128 2641 2142 2665 ,

560 2693 789 2758 vellicat;
808 2703 862 2749 et
887 2692 931 2746 si
957 2691 1222 2746 vellicatio
1271 2689 1402 2744 nihil
1447 2692 1573 2760 agit,
1605 2691 1810 2760 pungit.
1837 2690 1994 2745 Certe
2035 2705 2149 2745 mo-

561 2786 728 2839 lcstus
754 2791 838 2839 est
863 2783 996 2852 patri
1030 2799 1045 2835 :
1072 2791 1121 2837 et
1154 2789 1297 2836 esset
1325 2781 1552 2850 impius,
1609 2780 1710 2834 nisi
1766 2781 2023 2836 molestus
2067 2797 2151 2836 cs-

561 2887 663 2933 set.
696 2877 876 2931 Atille
899 2890 1056 2946 quem
1085 2874 1314 2928 delectat
1343 2873 1500 2938 mori,
1531 2873 1812 2927 molestum
1855 2873 1953 2927 sibi
1985 2873 2148 2927 filium

563 2969 696 3024 tristi
719 2975 935 3038 aspectu
961 2976 1016 3020 et
1041 2980 1171 3019 voce
1198 2964 1503 3018 reverberat
1528 2982 1539 3016 :
1565 2963 1788 3031 Quiesce
1818 2963 1944 3016 mihi
1967 2980 1980 3027 ;
2022 2965 2146 3034 quid

562 3059 692 3113 mihi
723 3058 976 3112 molestus
1004 3056 1103 3111 es?
1130 3054 1235 3110 Sed
1266 3054 1502 3108 medicus
1528 3055 1598 3108 ait
1629 3055 1747 3124 quia
1780 3053 1823 3108 si
1847 3053 2148 3121 dormieris,

563 3149 828 3204 morieris.
859 3149 924 3202 Et
970 3146 1058 3201 ille
1090 3163 1104 3200 :
1135 3145 1348 3200 Dimitte
1377 3161 1461 3198 me
1487 3161 1501 3210 ;
1533 3145 1667 3200 mori
1697 3145 1836 3200 volo.
1865 3145 2040 3200 Senex
2073 3146 2151 3200 di-

565 3242 659 3309 cit,
693 3239 824 3296 Mori
857 3239 980 3293 volo
1014 3257 1027 3290 :
1060 3247 1113 3292 et
1139 3254 1271 3309 puer
1314 3239 1505 3307 impius
1552 3246 1672 3304 est,
1720 3238 1763 3291 si
1819 3253 1925 3293 non
1973 3239 2147 3304 dicat,

564 3335 677 3404 Ego
702 3331 845 3386 nolo.
869 3331 933 3384 Et
958 3331 1048 3384 illa
1074 3331 1180 3384 vita
1207 3329 1386 3397 utique
1427 3328 1733 3398 temporalis
1767 3337 1848 3382 est
1877 3369 1893 3394 ,
1927 3344 2023 3383 nec
2064 3329 2152 3384 ille

566 3426 619 3478 in
649 3437 712 3478 ea
742 3421 1186 3497 perpetuuserit,
1218 3420 1302 3474 cui
1342 3419 1478 3473 filius
1519 3428 1603 3472 est
1626 3420 1879 3473 molestus
1922 3429 1978 3474 ut
2005 3422 2150 3474 exci-

567 3522 662 3580 tet;
691 3529 792 3569 nec
822 3513 912 3567 ille
940 3510 1030 3582 qui
1060 3511 1276 3566 abeunti
1319 3511 1454 3579 patri
1480 3517 1533 3564 et
1575 3509 1854 3566 decedenti
1895 3512 2150 3566 succedit.

569 3607 743 3661 Ambo
774 3621 869 3676 per
895 3619 1012 3659 eam
1043 3610 1337 3666 transeunt,
1363 3601 1520 3655 ambo
1550 3617 1642 3671 per
1679 3602 1819 3656 illam
1849 3604 2148 3672 temporali-

567 3709 648 3754 ter
668 3697 1139 3754 transvolvantzet
1166 3705 1341 3750 tamen
1387 3694 1532 3764 impii
1577 3703 1721 3760 sunt,
1749 3696 1848 3749 nisi
1875 3695 1938 3749 ad
1985 3696 2151 3766 ipsam

566 3791 666 3846 sibi
697 3789 1076 3860 temporalem,
1127 3788 1288 3843 etiam
1332 3802 1451 3842 cum
1496 3787 1722 3842 invicem
1777 3787 1984 3841 molesti
2030 3796 2152 3841 sunt

566 3883 863 3938 consulant.
889 3881 1100 3950 Ergone
1128 3878 1282 3932 video
1325 3877 1540 3932 fratrem
1593 3893 1768 3931 meum
1817 3892 2009 3931 somno
2060 3894 2154 3932 no-

566 3975 668 4028 xia:
693 3972 1092 4029 consuetudinis
1123 3973 1311 4040 premi,
1339 3982 1393 4026 et
1423 3986 1526 4025 non
1568 3971 1742 4025 excito
1765 4011 1778 4034 ,
1827 3969 1951 4024 dum
1993 3970 2153 4024 timeo

570 4067 827 4121 molestus
854 4082 975 4121 esse
1004 4065 1286 4121 dormienti
1333 4077 1491 4134 atque
1517 4065 1756 4134 pereunti
1779 4064 1803 4117 ?
1829 4063 1984 4118 Absit
2009 4079 2036 4117 a
2069 4079 2154 4120 me

568 4167 626 4212 ut
646 4158 745 4212 hoc
775 4157 1024 4224 facerem,
1059 4172 1156 4212 nec
1182 4158 1224 4211 si
1255 4157 1346 4210 illo
1374 4157 1493 4210 vivo
1544 4166 1725 4211 nostra
1780 4167 2155 4227 augustaretur

569 4249 869 4303 bmreditas.
897 4247 1048 4302 Nunc
1077 4264 1204 4303 vero
1233 4262 1351 4301 cum
1391 4247 1518 4302 illud
1551 4250 1691 4316 quod
1744 4247 2013 4316 accepturi
2059 4261 2153 4300 su-

569 4356 688 4393 mus
714 4339 876 4393 dividi
902 4353 1005 4392 non
1038 4339 1224 4408 possit,
1277 4353 1416 4403 cum,
1453 4351 1764 4407 possessore
1804 4338 2154 4408 multiplicato

567 4430 836 4498 angustari
855 4445 957 4483 non
987 4429 1173 4498 possit;
1218 4445 1322 4484 non
1355 4444 1474 4484 eum
1515 4431 1714 4499 erigam
1763 4430 1848 4484 vel
1894 4431 2154 4487 molestus

1781 385 1838 440 S.
1882 387 1914 438 Α
1928 383 2242 440 UtiUS'l‘lNl
2281 385 2585 443 EPISCOPI
3701 407 3787 466 τιὸ

2253 508 2309 550 ut
2333 499 2534 567 vigilet,
2567 506 2620 554 et
2646 513 2834 556 carens
2862 515 3050 559 somno
3077 505 3424 564 vetustissimi
3465 511 3648 569 erroris
3694 535 3787 573 Inc-

2247 603 2364 642 Cum
2410 591 2460 644 in
2493 590 2802 648 haereditate
2828 593 3055 664 gaudeat
3083 597 3331 653 unitatis?
3357 598 3575 658 Prorsus
3596 605 3786 676 faciam;

2247 682 2290 734 si
2309 683 2486 751 vigilo,
2513 681 2701 738 faciam
2732 701 2746 738 :
2779 685 2822 740 si
2853 701 2957 741 non
2976 686 3131 756 facio,
3161 697 3215 744 et
3236 706 3336 760 ego
3365 691 3585 748 dormio.

2316 772 2542 830 CAPUT
2575 775 2664 831 XI.
2705 806 2780 818 —
2825 779 2912 833 i5.
2938 777 3127 834 Contra
3150 783 3410 840 haereticos
3440 787 3692 848 Ecclesium
3719 797 3785 850 di-

2246 865 2483 921 videntes.
2505 864 2840 934 Charissimi,
2871 869 3128 926 Dominus
3156 871 3522 944 interpellatus
3545 891 3660 937 esta
3679 901 3787 953 quo-

2246 958 2390 1022 dam,
2421 973 2544 1012 cum
2572 958 2740 1014 turbis
2771 959 3100 1030 loqueretur,
3125 973 3179 1016 et
3207 965 3281 1018 ait
3329 966 3439 1021 illi:
3468 967 3698 1038 Domine,
3725 976 3791 1030 dis

2249 1049 2398 1120 fratri
2416 1065 2525 1103 meo
2552 1058 2607 1103 ut
2628 1049 2818 1104 dividat
2846 1068 3040 1106 mecum
3064 1055 3426 1111 hereditatem.
3451 1059 3790 1120 EtDominus:

2247 1138 2364 1206 Dic,
2388 1141 2558 1208 homo,
2581 1142 2692 1212 quis
2726 1159 2806 1196 me
2834 1145 3089 1200 constituit
3118 1147 3389 1202 divisorem
3419 1150 3706 1208 hereditatis
3727 1157 3793 1209 iu-

2249 1248 2322 1292 ter
2349 1237 2473 1309 vos(
2502 1237 2628 1291 Luc.
2661 1253 2754 1303 xu,
2788 1240 2875 1306 15,
2907 1242 2974 1295 ιι
2998 1241 3056 1310 )2
3084 1241 3222 1310 Νυιι,
3247 1245 3428 1315 utique
3451 1245 3794 1315 dedignabatur

2248 1343 2595 1397 compescere
2612 1329 2989 1399 cupiditatem,
3022 1332 3114 1386 sed
3145 1333 3359 1388 nolebat
3412 1335 3523 1390 ﬁeri
3572 1337 3718 1407 judex
3739 1339 3794 1393 ad

2248 1419 2581 1474 divisionem.
2613 1421 2720 1475 Nos
2747 1429 2944 1486 autem,
2967 1424 3303 1491 charissimi,
3340 1439 3446 1478 non
3490 1441 3605 1481 eum
3642 1444 3795 1484 rerum

2251 1510 2431 1564 talium
2454 1510 2688 1580 judicem
2714 1513 3068 1582 requiramus,
3102 1515 3224 1584 quia
3255 1531 3355 1570 nec
3384 1517 3502 1570 talis
3543 1529 3618 1572 est
3643 1518 3795 1574 haere-

2249 1604 2385 1658 ditas
2411 1613 2630 1672 n0stra;
2661 1621 2788 1675 pura
2813 1605 2984 1662 fronte
3009 1647 3024 1674 ,
3059 1607 3195 1662 bona
3224 1610 3544 1664 conscientia
3574 1612 3796 1680 interpel-

2249 1695 2417 1751 lemus
2436 1697 2714 1752 Dominum
2747 1707 3008 1764 nostrum,
3034 1707 3088 1753 et
3113 1698 3256 1753 dicat
3282 1698 3331 1754 ei
3354 1701 3701 1771 unusquisque
3720 1718 3800 1755 no-

2248 1798 2456 1845 strum:
2492 1789 2740 1860 Domine,
2767 1789 2853 1846 dic
2881 1790 3028 1845 fratri
3072 1807 3213 1859 meo,
3253 1808 3357 1848 non
3405 1803 3462 1847 ut
3489 1793 3692 1857 dividat,
3719 1796 3796 1851 sed

2250 1891 2304 1937 ut
2335 1891 2510 1939 teneat
2528 1882 3135 1940 mecumhmreditatem.
3169 1883 3306 1952 Quid
3347 1885 3492 1940 enim
3525 1885 3598 1939 vis
3624 1886 3799 1942 divide-

2250 1989 2330 2039 re,
2359 1973 2569 2030 frater?
2596 1973 2750 2042 Quod
2806 1974 2948 2029 enim
2978 1973 3181 2028 dimisit
3221 1975 3374 2029 nobis
3421 1974 3659 2030 Dominus
3709 1993 3800 2034 non

2248 2072 2423 2132 potest
2441 2063 2630 2119 dividi.
2663 2067 2865 2118 Aurum
2892 2074 2976 2120 est
3001 2065 3167 2132 enim,
3196 2074 3253 2120 ut
3280 2074 3532 2121 stateram
3557 2067 3800 2123 divisionis

2250 2156 2516 2225 proferat?
2534 2159 2944 2228 Argentumest,
2972 2159 3194 2228 pecunia
3223 2168 3303 2214 est
3323 2200 3339 2226 ,
3367 2160 3619 2231 mancipia
3663 2171 3800 2227 sunt,

2250 2264 2440 2319 pecora
2468 2259 2608 2314 sunt,
2641 2251 2860 2306 arbores
2881 2259 3025 2318 sunt,
3047 2252 3159 2322 agri
3181 2253 3330 2307 sunt?
3349 2252 3538 2308 Omnia
3565 2254 3692 2308 enim
3719 2255 3801 2309 ista

2249 2338 2410 2394 dividi
2433 2349 2675 2410 possunt,
2695 2340 2810 2396 Non
2829 2349 3001 2412 potest
3016 2341 3199 2409 dividi,
3220 2340 3412 2398 Pacem
3425 2361 3578 2397 meam
3595 2344 3654 2398 do
3668 2345 3800 2410 vobis,

2251 2448 2423 2502 pacem
2452 2448 2612 2486 meam
2643 2433 2840 2486 dimitto
2877 2433 3014 2487 vobis
3045 2431 3227 2504 (Icari.
3271 2449 3387 2501 xw,
3412 2435 3528 2508 27).
3556 2435 3803 2491 Postremo

2251 2520 2304 2574 in
2328 2521 2457 2590 ipsis
2487 2521 2645 2576 etiam
2671 2522 2900 2576 terrenis
2923 2522 3328 2578 hacreditatibus
3357 2524 3546 2581 divisio
3570 2526 3801 2580 minorem

2252 2609 2374 2664 facit
2405 2626 2419 2663 :
2452 2614 2722 2667 constitue
2743 2612 2877 2668 duos
2919 2613 3115 2669 fratres
3157 2614 3257 2669 sub
3306 2631 3416 2670 uno
3457 2627 3625 2686 patre;
3669 2617 3802 2687 quid-

2250 2703 2375 2773 quid
2403 2704 2636 2772 possidet
2665 2715 2834 2775 pater,
2861 2707 3142 2761 amborum
3180 2717 3294 2774 est,
3328 2717 3498 2762 totum
3553 2708 3708 2774 illius,
3739 2717 3806 2762 to-

2252 2801 2362 2847 tum
2387 2803 2440 2849 et
2462 2794 2622 2850 illius.
2650 2795 2884 2852 Proinde
2909 2798 2954 2851 si
2984 2797 3049 2852 de
3075 2798 3234 2853 rebus
3279 2799 3396 2854 suis
3449 2800 3802 2870 interrogetur.

2251 2883 2329 2938 sic
2347 2883 2672 2953 respondet:
2707 2885 2868 2956 Cujus
2900 2895 3003 2954 est,
3021 2887 3169 2942 verbi
3198 2890 3391 2958 gratia,
3423 2904 3589 2959 equus
3621 2887 3732 2944 ille?
3751 2887 3807 2943 Et

2251 2973 2296 3029 si
2312 2974 2403 3029 uni
2420 2989 2605 3030 eorum
2634 2975 2834 3032 dixeris
2865 2977 3102 3034 :Noster
3129 2989 3230 3034 est.
3261 2979 3429 3050 Cujus
3480 2981 3568 3037 ille
3606 2980 3802 3045 fundus,

2251 3067 2340 3123 ille
2359 3069 2578 3122 servus?
2608 3067 2662 3122 In
2685 3070 2933 3124 omnibus
2962 3073 3250 3141 respondet
3274 3088 3288 3124 :
3319 3072 3514 3128 Noster
3539 3080 3636 3128 est.
3663 3071 3806 3127 Siau-

2253 3167 2358 3212 tem
2387 3158 2648 3226 dividant,
2686 3160 2796 3229 jam
2844 3161 2986 3215 aliud
3021 3162 3399 3232 respondetur.
3459 3163 3616 3235 Cujus
3668 3175 3810 3233 equus

2252 3249 2378 3305 ille?
2399 3250 2564 3306 Meus.
2583 3251 2744 3321 Cujus
2773 3252 2906 3306 iste?
2932 3252 3133 3307 Fratris
3161 3254 3286 3308 mei.
3309 3255 3453 3310 Ecce
3483 3254 3606 3326 quid
3628 3255 3708 3309 tibi
3742 3254 3808 3307 fe-

2251 3342 2552 3399 citdivisio.
2579 3343 2694 3398 Non
2727 3359 2890 3398 unum
2939 3345 3209 3415 acquisisti
3239 3387 3253 3411 ,
3285 3347 3382 3401 sed
3416 3363 3574 3401 unum
3604 3344 3812 3417 perdidi-

2253 3434 2339 3487 sti.
2369 3434 2424 3489 Si
2447 3449 2576 3504 ergo
2615 3443 2670 3488 et
2699 3435 2858 3489 talem
2913 3435 3280 3491 hereditatem
3329 3437 3643 3494 haberemus
3665 3478 3680 3504 ,
3713 3450 3812 3505 qure

2253 3523 2414 3580 dividi
2442 3534 2640 3596 posset;
2659 3526 2895 3582 dividere
2928 3537 3102 3582 tamen
3133 3544 3239 3582 non
3271 3528 3590 3585 deberemus
3610 3570 3624 3595 ,
3655 3543 3715 3581 ne
3733 3541 3813 3580 no-

2253 3624 2393 3670 stras
2419 3616 2632 3671 divitias
2653 3617 3032 3672 ininueremus.
3066 3619 3296 3673 Etcerte
3337 3620 3470 3674 nihil
3503 3629 3604 3674 tam
3645 3619 3816 3686 impor-

2256 3718 2441 3763 tunum
2471 3709 2594 3764 ﬁliis
2619 3725 2777 3780 quam
2802 3713 2922 3765 vivo
2955 3720 3107 3780 patre
3149 3711 3289 3767 velle
3312 3712 3574 3768 dividere.
3609 3709 3815 3777 Denique

2255 3799 2299 3853 si
2327 3800 2428 3855 hoc
2445 3799 2622 3855 facere
2651 3800 2960 3866 moliantur,
2990 3802 3034 3855 si
3077 3801 3262 3857 litibus
3310 3812 3367 3858 et
3415 3789 3848 3858 contentionibus

2254 3889 2502 3944 studeant
2551 3891 2617 3944 ad
2665 3891 3010 3947 vindicandas
3058 3893 3156 3946 sibi
3204 3894 3434 3964 quisque
3462 3903 3634 3964 partes
3673 3903 3813 3953 suas,

2254 3981 2514 4034 exclamat
2540 3996 2702 4035 senex
2733 3999 2746 4034 :
2780 3981 2917 4049 Quid
2950 3982 3151 4038 facitis?
3203 3983 3398 4039 Adhuc
3448 3987 3586 4040 vivo.
3636 3983 3817 4050 Exspe-

2255 4081 2397 4128 ctate
2418 4073 2692 4143 paululum
2724 4084 2950 4129 mortem
2997 4091 3170 4130 meam
3192 4117 3208 4142 ,
3239 4086 3368 4130 tunc
3403 4084 3580 4132 seeate
3628 4073 3817 4128 domum

2255 4177 2451 4217 meam.
2500 4163 2607 4217 Nos
2655 4172 2832 4218 autem
2896 4165 3062 4220 Deum
3117 4177 3320 4235 patrem
3369 4167 3673 4222 habemus:
3712 4157 3819 4230 quid

2256 4255 2394 4308 imus
2420 4254 2471 4311 in
2494 4255 2850 4309 divisionem?
2895 4255 3022 4324 quid
3075 4257 3214 4311 imus
3258 4259 3312 4311 in
3366 4257 3532 4313 lites?
3573 4257 3718 4311 Certe
3740 4267 3818 4307 ex-

2258 4353 2557 4414 spectemus
2586 4361 2601 4398 :
2633 4345 2679 4399 si
2710 4346 2845 4401 mori
2869 4347 3120 4416 potuerit,
3148 4347 3478 4402 dividamus.

3675 4521 3818 4535 ..ί-Εὲ

592 4531 3716 4538 ᾐῂῄ--ῄ-τ

1166 4637 1314 4756 Su
1373 4641 2145 4754 AUBELII
2220 4638 3228 4753 AUGUSTINI

1751 4806 2265 4871 HIPPONENSIS
2305 4805 2656 4869 EPISCOPI

1236 4925 1506 5066 DE
1598 4923 2194 5068 URBIS
2291 4919 3147 5070 EXCIDIO

1939 5114 2338 5200 SERMO
2371 5102 2477 5190 (α).

2013 5253 2431 5297 -ο-ι-Βοῦεε-μ-

634 5349 860 5407 CAPUT
889 5346 1170 5403 PRIMUM.
1195 5374 1268 5387 —
1295 5345 1343 5400 1.
1365 5343 1594 5399 Danielis
1612 5345 1841 5415 exemplo
1867 5343 2150 5413 conﬁtentis

567 5448 772 5512 peccata
801 5454 921 5501 sua,
951 5435 1207 5507 redarguit
1234 5451 1319 5490 eos
1352 5435 1437 5504 qui
1461 5434 1523 5488 de
1547 5433 1696 5489 Urbis
1718 5434 1912 5488 excidio
1933 5449 2166 5487 murum-

2258 5351 2373 5396 rant
2415 5351 2590 5396 contra
2629 5340 2814 5396 Deum.
2861 5340 2976 5395 Noe
2995 5383 3010 5406 ,
3049 5341 3236 5397 Daniel
3267 5351 3312 5398 et
3340 5341 3444 5397 Job
3468 5385 3483 5411 ,
3511 5360 3633 5414 quos
3656 5337 3832 5410 signiﬁ-

2273 5442 2402 5486 cent.
2467 5432 2770 5487 lutueamur
2820 5432 3042 5502 primam
3094 5433 3372 5489 lectionem
3415 5435 3583 5488 sancti
3627 5429 3836 5488 Daniclis

1737 5560 2022 5600 ΔῘᾺΙΟΝΙΤΙΟ
2059 5561 2141 5598 PP.
2182 5561 2655 5600 BENEDICTINORUM.

629 5629 794 5671 Sermo
817 5614 880 5666 de
903 5613 1136 5680 utilitate
1157 5614 1328 5680 Jejunii
1365 5627 1469 5680 non
1513 5622 1743 5680 repertus
1782 5623 1856 5680 est
1874 5617 1964 5680 nisi
1987 5617 2035 5664 in
2062 5615 2222 5664 editis.
2248 5623 2413 5665 Sermo
2443 5617 2507 5666 de
2525 5617 2664 5665 Urbis
2693 5615 2886 5666 excidio
2907 5617 3190 5680 recognitus
3205 5624 3284 5668 est
3303 5617 3365 5667 ad
3391 5625 3618 5668 veteram
3636 5613 3835 5666 codicem

570 5681 772 5733 abhatia:
792 5685 838 5727 s.
865 5676 1104 5726 Michaelis
1124 5677 1175 5726 in
1193 5675 1409 5726 Pericqu
1429 5675 1593 5736 maris;
1620 5685 1671 5726 et
1688 5678 1747 5726 ad
1768 5678 2024 5727 editiones.
2052 5684 2124 5724 Er.
2152 5684 2203 5726 et
2221 5684 2330 5726 Inv.

648 5766 1487 5847 Comparavt'rnuspra’terea
1513 5785 1610 5827 eas
1644 5786 1847 5828 omnes
1893 5765 2188 5828 editiones
2215 5764 2397 5828 initio
2435 5766 2601 5827 Iletr.
2627 5773 2680 5827 et
2703 5763 3018 5844 Confess.,
3043 5772 3088 5827 t.
3125 5765 3597 5843 1,memoratas.
3683 5760 3762 5821 Μ.

632 5850 704 5912 (a)
725 5845 900 5898 Citatur
916 5862 943 5897 a
961 5845 1085 5896 Beda
1105 5846 1154 5897 in
1173 5845 1314 5895 fCor.
1339 5857 1388 5894 χ.
