4018 6504
258 474 358 529 7η

254 583 567 655 ιιιοριιθιω,
613 579 705 637 ubi
747 593 870 634 eum
913 575 1210 632 audivimus
1254 582 1529 640 orantem,
1574 583 1627 628 et
1666 574 1843 629 mirati

253 687 468 742 sumus,
521 687 630 728 non
678 670 849 728 solum
891 679 1107 741 peccata
1151 666 1326 736 populi
1366 667 1477 731 sui,
1522 665 1617 722 sed
1655 674 1710 722 et
1750 682 1843 721 sua

254 764 465 835 propria
496 764 865 819 conﬁtentem.
899 761 1027 814 Nam
1056 766 1173 828 post
1199 758 1365 828 ipsam
1393 758 1685 814 orationem
1704 799 1721 825 ,
1746 773 1843 813 cu-

250 856 334 926 jus
375 854 600 927 quidem
643 854 807 910 verba
837 851 1140 908 indicabant
1167 866 1288 906 eum
1317 865 1424 905 non
1449 850 1623 905 solum
1648 850 1844 920 depre-

254 956 526 1015 catorem,
578 948 673 1003 sed
713 947 871 1002 etiam
918 942 1315 1008 confessorem;
1359 949 1479 1013 post
1516 942 1685 1013 ipsam
1720 958 1846 1013 ergo

252 1038 552 1093 orationem
580 1079 596 1104 ,
634 1039 759 1092 Cum
787 1052 981 1091 orarem
1001 1077 1016 1102 ,
1048 1035 1251 1105 inquit,
1283 1044 1331 1089 et
1354 1033 1621 1103 conﬁterer
1646 1044 1847 1104 peccata

254 1144 360 1181 mea
384 1137 432 1182 et
463 1137 672 1198 peccata
703 1128 877 1198 populi
907 1128 1005 1181 mei
1029 1126 1248 1181 Domino
1276 1124 1386 1180 Deo
1413 1141 1523 1179 meo
1557 1122 1715 1197 (Dan.
1746 1138 1801 1177 ιι
1825 1163 1843 1188 ,

251 1218 367 1288 20).
406 1219 540 1286 Quis
578 1234 706 1290 ergo
742 1228 824 1273 est
858 1218 946 1289 qui
986 1232 1045 1273 se
1072 1218 1187 1290 sine
1214 1224 1428 1286 peccato
1451 1230 1571 1271 esse
1600 1213 1846 1284 proﬁtea-

254 1317 375 1374 tur,
425 1323 549 1362 cum
602 1308 781 1363 Daniel
829 1316 1045 1378 peccata
1093 1307 1304 1377 propria
1349 1306 1671 1362 conﬁtetur?
1712 1304 1845 1360 Nam

252 1400 488 1470 superbo
531 1401 744 1455 cuidam
785 1401 984 1456 dictum
1027 1407 1109 1455 est
1136 1414 1231 1469 per
1256 1397 1586 1453 Ezechielem
1614 1396 1845 1466 prophe-

255 1504 360 1547 tam
417 1511 431 1547 :
488 1493 754 1564 Numquid
800 1503 853 1547 tu
904 1493 1177 1564 sapientior
1224 1507 1377 1561 quam
1422 1490 1605 1544 Daniel
1634 1489 1842 1561 (Ezeclt.

254 1599 465 1651 xxvm,
520 1583 622 1656 '5)?
666 1583 723 1638 In
767 1584 935 1639 tribus
976 1584 1099 1637 item
1127 1581 1439 1653 quihusdam
1464 1579 1661 1636 sanctis
1683 1580 1842 1645 viris,

254 1689 349 1743 per
377 1690 517 1745 quos
547 1675 645 1729 tria
673 1690 868 1746 genera
897 1674 1169 1729 hominum
1192 1671 1451 1742 signiﬁcat
1476 1672 1613 1727 Deus
1637 1686 1753 1740 quae
1778 1670 1847 1725 li-

256 1765 540 1821 beraturus
567 1774 684 1832 est,
713 1764 925 1835 quando
949 1778 1137 1833 magna
1168 1761 1439 1817 tribulatio
1464 1771 1847 1831 superventura

256 1865 333 1910 est
366 1856 555 1925 generi
590 1854 854 1919 humano,
881 1854 1041 1909 etiam
1069 1852 1211 1907 hunc
1242 1851 1513 1907 Danielem
1547 1851 1763 1920 posuit:
1792 1860 1847 1905 et

256 1946 387 2001 dixit
410 1946 556 2017 quod
589 1961 748 2001 nemo
778 1946 898 2001 inde
920 1944 1230 2000 liberabitur
1249 1985 1265 2010 ,
1292 1943 1393 1999 nisi
1416 1942 1527 1999 Noe
1546 1985 1561 2008 ,
1590 1943 1774 1998 Daniel
1794 1951 1850 1998 et

260 2037 354 2094 lob
376 2037 494 2109 (Id.
530 2054 625 2092 xiv
645 2079 661 2105 ,
692 2037 801 2109 Η).
831 2038 898 2092 Ει
918 2037 1130 2108 quidem
1159 2037 1497 2091 manifestum
1515 2044 1598 2091 est
1624 2034 1763 2106 quod
1793 2036 1847 2091 in

259 2130 337 2183 his
374 2129 550 2184 tribus
593 2129 898 2183 nominibus
943 2129 1040 2182 tria
1078 2126 1317 2197 quaedam
1342 2168 1356 2191 ,
1399 2132 1457 2181 ut
1482 2126 1624 2191 dixi,
1651 2141 1847 2196 genera

256 2219 536 2273 hominum
564 2218 827 2289 signiﬁcat
854 2219 1014 2275 Deus.
1035 2217 1149 2272 Jam
1180 2217 1321 2272 enim
1354 2224 1461 2272 tres
1490 2216 1567 2270 illi
1596 2215 1692 2271 viri
1719 2216 1847 2271 dor-

254 2308 489 2363 miernnt
508 2350 522 2373 ,
561 2318 615 2364 et
649 2308 790 2378 apud
818 2308 981 2362 Deum
1008 2316 1131 2362 sunt
1156 2306 1369 2377 spiritus
1395 2320 1578 2361 eorum
1597 2346 1614 2374 ,
1644 2314 1699 2362 et
1724 2321 1845 2362 eor-

252 2414 380 2468 pora
435 2414 627 2453 eorum
669 2400 723 2453 in
764 2408 902 2453 terra
931 2397 1197 2452 ﬂuxerunt
1226 2415 1238 2451 :
1268 2404 1581 2465 exspectant
1604 2412 1847 2451 resurre-

252 2490 490 2544 ctioncm
528 2498 584 2545 et
610 2489 675 2544 ad
708 2490 984 2544 dexteram
1015 2488 1421 2544 collocationem
1447 2527 1463 2548 ,
1495 2500 1593 2541 nec
1616 2486 1846 2556 aliquam

252 2583 302 2637 in
338 2584 449 2639 hoc
488 2583 690 2637 mundo
718 2582 1110 2638 tribulationem
1141 2581 1358 2644 timent,
1388 2578 1527 2634 unde
1551 2594 1610 2633 se
1634 2578 1850 2648 cupiant

252 2674 497 2730 liberari.
528 2674 811 2741 Quomodo
831 2688 958 2743 ergo
978 2672 1044 2727 de
1075 2673 1159 2727 illa
1194 2671 1528 2726 tribulatione
1549 2670 1847 2725 liberabun-

252 2774 337 2821 tur
363 2765 509 2832 Noe,
539 2766 719 2820 Daniel
748 2774 798 2819 et
820 2763 953 2819 Job?
972 2762 1194 2831 Quando
1215 2761 1423 2817 dicebat
1446 2762 1543 2815 ista
1571 2760 1845 2825 Ezechiel,

248 2856 397 2911 solus
441 2855 669 2910 forsitan
700 2854 884 2909 Daniel
911 2854 962 2908 in
988 2868 1211 2923 corpore
1238 2852 1353 2907 fuit.
1380 2851 1511 2906 Nam
1538 2851 1649 2907 Noe
1672 2861 1725 2908 et
1748 2851 1849 2907 Job

245 2949 352 3020 jam
394 2949 535 3004 olim
580 2949 908 3004 dormierant
927 2988 941 3012 ,
987 2954 1042 3002 et
1065 2961 1253 3001 somno
1284 2945 1469 2999 mortis
1495 2945 1729 3015 patribus
1756 2960 1849 3014 ap-

250 3042 411 3112 positi
450 3042 681 3095 fuerant.
714 3038 992 3107 Quomodo
1020 3053 1147 3109 ergo
1177 3044 1421 3107 poterant
1449 3036 1514 3091 de
1540 3035 1848 3091 imminente

247 3132 603 3187 tribulatione
631 3130 879 3197 liberari,
904 3129 1010 3198 jam
1039 3129 1163 3182 olim
1195 3127 1262 3183 de
1288 3142 1448 3182 carne
1475 3126 1720 3181 liberati?
1743 3126 1847 3182 Sed

243 3225 297 3279 in
324 3224 453 3280 Noe
479 3223 850 3293 signiﬁcantur
874 3222 998 3277 boni
1023 3220 1287 3291 pra~positi
1308 3262 1323 3286 ,
1351 3219 1440 3289 qui
1472 3228 1657 3291 regunt
1682 3227 1735 3275 et
1753 3235 1853 3291 gu-

241 3318 484 3374 bernant
514 3316 811 3371 Ecclesiam
833 3358 847 3381 ,
871 3313 1137 3385 quomodo
1158 3313 1269 3368 Noe
1290 3313 1341 3368 in
1368 3313 1563 3368 diluvio
1583 3312 1848 3383 guberna-

239 3410 313 3464 vit
338 3424 562 3464 arcam.
596 3407 652 3461 In
679 3406 897 3461 Daniele
925 3405 1286 3475 signiﬁcantur
1309 3418 1495 3459 omnes
1523 3404 1693 3459 sancti
1717 3418 1846 3458 con-

236 3499 485 3556 tinentes
518 3517 534 3554 :
568 3499 622 3553 in
649 3497 751 3553 Job
777 3511 965 3552 omnes
985 3495 1248 3567 conjugati
1266 3495 1409 3566 juste
1432 3505 1487 3550 et
1512 3496 1648 3550 bene
1669 3496 1851 3550 viven-

239 3603 341 3648 tes.
387 3592 531 3647 Hmc
569 3592 711 3645 enim
757 3590 857 3644 tria
892 3603 1087 3659 genera
1116 3586 1391 3643 hominum
1417 3587 1485 3643 de
1512 3587 1599 3642 illa
1629 3586 1849 3641 tribula-

236 3686 387 3741 tione
426 3685 635 3740 liberat
662 3684 827 3738 Deus.
855 3682 1053 3737 Tamen
1081 3688 1333 3752 quantum
1360 3680 1429 3734 sit
1453 3678 1851 3734 commendatus

238 3776 428 3832 Daniel
452 3819 471 3843 ,
500 3791 575 3830 cx
602 3774 706 3829 hoc
728 3783 946 3843 apparet
970 3815 985 3837 ,
1007 3772 1147 3843 quod
1171 3786 1307 3826 unus
1332 3787 1396 3826 ex
1418 3772 1519 3826 illis
1546 3771 1712 3825 tribus
1740 3786 1851 3826 me-

232 3870 342 3923 ruit
384 3866 671 3922 nominari
713 3882 726 3917 :
766 3874 820 3920 et
849 3856 1022 3919 tamen
1051 3864 1333 3919 conﬁtetur
1359 3870 1572 3931 peccata
1599 3876 1715 3916 sua.
1752 3861 1850 3915 Da—

234 3960 379 4015 nicle
420 3973 572 4029 ergo
597 3957 886 4011 conﬁtente
912 3964 1123 4025 peccata
1147 3969 1240 4010 sua
1260 3994 1276 4019 ,
1305 3954 1456 4022 cujus
1478 3953 1721 4023 superbia
1746 3968 1849 4006 non

230 4051 645 4106 contremiscat
665 4090 679 4113 ,
703 4047 853 4117 cujus
878 4046 1079 4102 inﬂatio
1101 4062 1205 4100 non
1233 4045 1469 4112 residat,
1494 4044 1647 4115 cujus
1676 4053 1853 4099 tumor

230 4155 284 4197 et
304 4142 485 4198 elatio
518 4155 630 4194 non
652 4138 1001 4194 cohibeatur?
1031 4138 1159 4205 Quis
1183 4136 1439 4208 glorietur
1458 4144 1660 4191 castum
1683 4150 1740 4190 se
1760 4134 1854 4189 ha—

228 4237 363 4293 bere
408 4251 522 4291 cor
550 4276 567 4298 ,
605 4242 699 4288 aut
736 4233 852 4302 quis
881 4231 1135 4302 glorietur
1162 4228 1418 4284 mundum
1445 4242 1504 4283 se
1528 4242 1648 4283 esse
1670 4241 1701 4281 a
1726 4242 1851 4296 pec-

108 4333 125 4353 '
226 4338 352 4383 cato
387 4326 597 4398 (Prov.
626 4339 695 4377 xx
716 4365 730 4388 ,
761 4321 860 4393 9)?

297 4415 567 4475 CAPUT
607 4414 671 4467 ll.
712 4444 785 4454 —
822 4410 924 4468 Cur
973 4411 1110 4466 Deus
1154 4427 1253 4464 non
1309 4409 1526 4480 pepercit
1577 4407 1700 4463 Urbi
1738 4424 1855 4477 pro-

226 4520 340 4580 pter
358 4511 584 4579 justas.
615 4503 651 4558 J
657 4506 753 4557 usti
781 4503 972 4557 duobus
997 4503 1176 4557 modis.
1206 4501 1270 4555 Et
1298 4501 1554 4553 mirantur
1580 4497 1852 4565 homines,

222 4612 279 4656 et
321 4601 559 4655 utinam
591 4604 795 4648 tantum
824 4594 1144 4648 mirarentur
1166 4631 1181 4657 ,
1209 4597 1264 4646 et
1294 4606 1396 4644 non
1422 4589 1581 4644 etiam
1608 4587 1856 4658 blasphe-

224 4700 451 4746 marent
476 4733 495 4756 ,
556 4686 774 4755 quando
819 4682 1039 4753 corripit
1078 4683 1215 4737 Deus
1255 4696 1421 4750 genus
1446 4679 1733 4734 humanum
1758 4719 1773 4743 ,
1802 4686 1857 4733 et

223 4784 473 4857 ﬂagellis
507 4782 619 4852 pice
649 4776 1010 4848 castigationis
1028 4774 1279 4845 exagitat,
1304 4788 1559 4829 exercens
1580 4770 1856 4841 antejudi-

219 4880 371 4933 cinm
398 4872 805 4943 disciplinam,
850 4876 904 4923 et
951 4869 1262 4938 plerumque
1306 4879 1409 4919 non
1457 4865 1658 4936 eligens
1699 4878 1856 4935 quem

220 4969 480 5040 ﬂagellet
502 5008 519 5030 ,
550 4964 748 5019 nolens
766 4958 1001 5015 invenire
1017 4974 1172 5028 quem
1190 4957 1420 5011 damnet.
1439 4954 1695 5025 Flagellat
1716 4956 1856 5009 enim

218 5062 387 5115 simul
412 5060 620 5130 justos
639 5064 692 5109 et
713 5053 937 5123 injustos
968 5070 980 5105 :
1011 5066 1311 5122 quanquam
1330 5048 1448 5120 quis
1469 5049 1663 5118 justus,
1693 5049 1736 5104 si
1757 5048 1859 5103 Da-

220 5150 333 5206 niel
366 5155 624 5219 peccata
656 5142 868 5213 propria
899 5140 1218 5195 conlitetur?

292 5243 354 5297 2.
415 5242 613 5296 Lecta
658 5246 740 5291 est
772 5247 895 5291 ante
923 5234 1036 5289 dies
1065 5234 1223 5288 lectio
1250 5232 1370 5287 libri
1403 5232 1670 5287 Gcneseos
1694 5272 1710 5299 ,
1740 5246 1861 5301 quae

220 5350 326 5392 nos
346 5378 361 5395 .
400 5332 522 5388 nisi
562 5329 731 5383 fallor
753 5368 769 5394 ,
798 5327 1019 5381 multum
1049 5325 1170 5379 fecit
1192 5325 1419 5378 intentos
1438 5366 1453 5391 ,
1481 5323 1568 5378 ubi
1596 5324 1858 5379 Abraham

220 5427 357 5481 dicit
400 5422 669 5479 Domino
689 5461 703 5483 ,
751 5428 922 5473 utrum
958 5418 999 5471 si
1032 5416 1261 5471 inveniat
1288 5414 1340 5468 in
1364 5415 1573 5468 civitate
1600 5413 1862 5483 quinqua-

220 5521 371 5591 ginta
398 5518 613 5589 justos
637 5551 652 5576 ,
678 5520 858 5581 parcat
883 5508 1078 5565 civitati
1109 5515 1324 5577 propter
1344 5520 1437 5560 eos
1455 5547 1469 5571 ,
1492 5520 1558 5559 an
1584 5520 1703 5559 cum
1736 5504 1866 5574 ipsis

222 5611 433 5681 perdat
481 5605 801 5662 civitatem.
848 5602 911 5655 Et
944 5598 1217 5669 reSpondit
1252 5599 1301 5652 ei
1334 5597 1620 5661 Dominus,
1648 5595 1787 5667 quod
1819 5594 1865 5651 si

224 5699 485 5755 inveniat
534 5695 599 5748 in
651 5690 863 5745 civitate
888 5688 1263 5760 quinquaginta
1289 5686 1463 5755 justos
1484 5725 1499 5748 ,
1529 5694 1711 5756 parcat
1733 5684 1866 5740 civi—

226 5793 347 5847 tati.
389 5784 633 5845 Deinde
671 5781 933 5837 Abraham
964 5781 1157 5851 adjecit
1182 5778 1249 5833 ad
1280 5779 1746 5850 interrogationem
1773 5820 1787 5843 ,
1814 5784 1870 5832 et

223 5882 496 5954 quac-ivit
550 5884 748 5933 utrum
793 5873 837 5929 si
889 5874 1065 5928 minus
1102 5869 1297 5927 fuerint
1327 5870 1591 5942 quinque,
1621 5878 1871 5926 etrema-

1434 460 1660 517 SERMO
1698 461 1785 516 DE
1825 460 2025 518 URBIS
2065 461 2355 520 EXCIDIO.

3430 471 3532 531 ’ῖιὸ

1956 584 2117 629 neant
2141 576 2484 647 quadraginta
2512 579 2743 651 quinque
2767 625 2782 649 ,
2807 580 3047 638 similiter
3068 594 3267 655 parcat.
3292 583 3521 656 Respon-

1952 663 2032 718 dit
2061 664 2200 719 Deus
2216 707 2229 731 ,
2261 681 2477 736 parcere
2500 683 2561 723 se
2585 679 2639 725 et
2663 681 2881 742 propter
2906 672 3247 744 quadraginta
3273 676 3527 746 quinque.

1952 752 2089 822 Quid
2114 756 2274 810 multa
2294 759 2318 809 ?
2338 757 2591 812 Paulatim
2614 760 2985 833 interrogando
3003 804 3021 831 ,
3041 772 3096 819 et
3114 779 3178 819 ex
3202 765 3293 819 illo
3308 781 3533 822 numero

1954 844 2283 901 detrahendo
2305 849 2543 917 pervenit
2566 850 2631 904 ad
2657 830 2840 907 decem
2860 895 2875 919 ,
2898 862 2951 907 et
2969 830 3209 924 quaesivit
3229 871 3260 910 a
3284 856 3529 922 Domino,
3546 830 3584 906 τε

1955 945 2131 991 utrum
2172 938 2217 993 si
2256 938 2438 994 decem
2461 940 2631 1011 justas
2656 944 2707 1001 in
2733 945 2945 1000 civitate
2969 949 3314 1017 compererit,
3346 950 3533 1019 perdat

1952 1041 2048 1083 eos
2089 1041 2210 1083 cum
2249 1030 2467 1101 reliquis
2510 1033 2979 1090 innumerabilibus
3008 1037 3192 1101 malis,
3224 1053 3289 1091 an
3316 1050 3533 1110 propter

1951 1116 2139 1173 decem
2172 1117 2345 1189 justos
2383 1129 2563 1189 parcat
2590 1124 2763 1192 potius
2788 1124 3003 1179 civitati.
3030 1125 3323 1197 Respondit
3352 1130 3488 1183 Deus
3511 1168 3529 1197 ,

1952 1206 2111 1261 etiam
2138 1215 2359 1279 propter
2384 1210 2570 1267 decem
2599 1212 2771 1281 justos
2800 1228 2906 1268 non
2932 1228 2993 1269 se
3018 1215 3241 1284 perdere
3262 1217 3530 1274 civitatem

1953 1294 2106 1369 (Cen.
2134 1315 2264 1356 xvm
2290 1340 2307 1367 ,
2337 1301 2548 1371 25-52).
2574 1301 2709 1371 Quid
2737 1319 2864 1374 ergo
2892 1304 3146 1371 dicimus,
3172 1305 3359 1362 fratres
3377 1308 3402 1362 ?
3423 1307 3531 1364 Oc-

1951 1389 2116 1445 currit
2140 1391 2282 1446 enim
2311 1392 2466 1447 nobis
2506 1394 2731 1463 quaestio
2759 1394 2931 1450 valida
2965 1405 3018 1451 et
3043 1396 3327 1452 vehemens
3349 1437 3364 1463 ,
3397 1414 3534 1468 prae-

1951 1480 2135 1534 sertim
2175 1481 2245 1536 ab
2286 1482 2586 1539 hominibus
2614 1485 2703 1555 qui
2729 1483 3017 1555 Scripturis
3042 1488 3237 1542 nostris
3260 1487 3533 1557 impietate

1952 1569 2296 1637 insidiantur,
2343 1587 2451 1626 non
2493 1574 2581 1644 qui
2621 1589 2712 1630 eas
2755 1575 2949 1646 pietate
2987 1578 3336 1647 perquirunt;
3372 1589 3423 1634 et
3453 1580 3533 1634 di-

1951 1672 2109 1729 cunt,
2154 1665 2384 1721 maxime
2422 1665 2492 1722 de
2535 1669 2736 1723 recenti
2777 1669 2984 1724 excidio
3014 1678 3172 1725 tantae
3200 1671 3345 1727 urbis
3376 1672 3531 1728 :Non

1952 1767 2104 1812 erant
2125 1758 2310 1814 Roma:
2334 1759 2710 1831 quinquaginta
2727 1761 2898 1831 justi?
2920 1763 2974 1817 In
2998 1771 3143 1818 tanto
3164 1779 3385 1819 numero
3406 1764 3534 1820 ﬁde-

1952 1850 2080 1905 lium
2106 1893 2122 1919 ,
2157 1860 2304 1907 tanto
2334 1868 2557 1908 numero
2583 1854 3063 1910 sanctimonialium
3082 1895 3098 1921 ,
3123 1856 3530 1923 continentium,

1954 1950 2100 1995 tanto
2126 1958 2352 1998 numero
2372 1958 2649 1998 servorum
2677 1955 2730 2000 et
2755 1945 3067 2000 ancillarum
3096 1946 3188 2000 Dei
3214 1987 3229 2013 ,
3254 1961 3355 2002 nec
3377 1947 3532 2017 quin-

1952 2034 2199 2105 quaginta
2233 2035 2364 2105 justi
2406 2037 2631 2091 inveniri
2676 2045 2997 2106 potuerunt,
3030 2051 3128 2092 nec
3152 2037 3528 2108 quadraginta,

1952 2141 2051 2182 nec
2089 2128 2299 2198 triginta
2325 2168 2340 2194 ,
2380 2143 2479 2184 nec
2518 2128 2735 2198 viginti,
2778 2144 2877 2185 nec
2918 2128 3138 2184 decem?
3166 2128 3224 2184 Si
3249 2137 3425 2183 autem
3453 2129 3534 2184 in-

1950 2217 2205 2272 credibile
2240 2227 2323 2273 est
2342 2260 2356 2284 ,
2386 2234 2550 2288 quare
2578 2235 2683 2273 non
2715 2220 2854 2275 Deus
2880 2227 3093 2289 propter
3115 2219 3493 2289 quinquaginta
3514 2261 3529 2279 .

1950 2310 2037 2366 vel
2072 2312 2231 2365 etiam
2271 2320 2487 2381 propter
2526 2311 2711 2366 decem
2741 2310 2914 2381 justos
2941 2312 3176 2380 pepercit
3200 2310 3271 2365 illi
3294 2312 3534 2366 civitati?

1951 2401 2223 2471 Scriptura
2268 2417 2374 2456 non
2418 2401 2577 2469 fallit,
2619 2402 2663 2455 si
2707 2417 2765 2457 se
2795 2400 2955 2455 homo
2983 2415 3087 2454 non
3118 2399 3279 2454 fallat.
3306 2400 3436 2456 Cum
3463 2400 3528 2455 de

1948 2491 2148 2562 justitia
2191 2493 2444 2563 quaeritur
2466 2532 2481 2556 ,
2524 2499 2579 2546 et
2614 2491 2754 2546 Deus
2782 2490 2851 2546 de
2868 2490 3070 2561 justitia
3099 2490 3384 2560 respondet
3405 2506 3421 2557 ;
3442 2490 3530 2560 ju-

1952 2593 2065 2640 stos
2084 2586 2276 2655 qua-rit
2294 2584 2359 2638 ad
2382 2584 2617 2654 regulam
2638 2583 2873 2638 divinam
2899 2624 2916 2650 ,
2940 2598 3045 2636 non
3071 2581 3136 2636 ad
3168 2582 3404 2651 regulam
3436 2582 3536 2636 hu-

1954 2666 2184 2730 manam.
2211 2674 2331 2730 Cito
2357 2689 2485 2744 ergo
2513 2673 2814 2744 respondeo
2846 2692 2861 2728 :
2890 2674 2998 2728 Aut
3023 2674 3227 2728 invenit
3252 2673 3321 2728 ibi
3344 2681 3423 2728 tot
3441 2674 3529 2744 ju-

1952 2776 2063 2822 stos
2088 2808 2103 2831 ,
2136 2775 2190 2821 et
2209 2765 2446 2836 pepercit
2468 2764 2705 2831 civitati;
2737 2773 2828 2818 aut
2850 2764 2894 2818 si
2917 2779 3021 2818 non
3044 2764 3279 2834 pepercit
3301 2764 3531 2832 civitati,

1954 2872 2053 2912 nec
2069 2856 2242 2926 jnstos
2272 2856 2491 2910 invenit.
2513 2853 2618 2911 Sed
2643 2852 2999 2925 respondetur
3022 2853 3168 2918 mihi,
3196 2852 3533 2933 manifestum

1954 2962 2073 3003 esse
2096 2946 2237 3018 quod
2265 2947 2402 3001 Deus
2428 2960 2534 3001 non
2557 2944 2790 3016 pepercit
2814 2944 3032 2999 civitati.
3059 2944 3377 3014 Respondeo
3397 2960 3530 3013 ego:

1953 3038 2066 3093 lmo
2104 3039 2236 3093 mihi
2263 3055 2367 3093 non
2396 3045 2477 3094 est
2499 3036 2857 3093 manifestum.
2889 3037 3120 3092 Perditio
3142 3039 3283 3093 enim
3308 3038 3535 3094 civitatis

1954 3131 2025 3186 ibi
2067 3129 2208 3185 facta
2238 3146 2344 3186 non
2370 3140 2483 3195 cst,
2515 3130 2654 3186 sicut
2682 3130 2733 3184 in
2761 3128 3007 3185 Sodomis
3035 3128 3168 3185 facta
3196 3140 3299 3186 est.
3330 3131 3402 3186 De
3429 3131 3535 3187 So-

1954 3222 2128 3277 domis
2150 3222 2291 3277 enim
2313 3221 2536 3292 quaestio
2561 3229 2675 3276 erat
2696 3261 2710 3287 ,
2736 3220 2946 3291 quando
2970 3221 3135 3275 Deum
3168 3222 3430 3276 Abraham
3453 3222 3536 3277 in-

1954 3315 2259 3385 terrogavit.
2303 3314 2443 3369 Deus
2471 3322 2647 3368 autem
2673 3313 2836 3379 dixit,
2873 3313 2990 3367 Non
3018 3314 3224 3385 perdam
3247 3315 3491 3369 civitatem
3514 3328 3535 3369 :

1956 3423 2059 3463 non
2104 3408 2268 3475 dixit,
2309 3406 2422 3461 Non
2467 3405 2677 3477 ﬂagello
2718 3405 3005 3460 civitatem.
3031 3404 3276 3460 Sodomis
3302 3420 3407 3459 non
3437 3420 3535 3476 pe-

1956 3498 2161 3567 percit,
2208 3496 2494 3553 Sodomam
2541 3494 2771 3567 perdidit
2816 3513 2828 3548 :
2869 3494 3153 3550 Sodomam
3183 3496 3393 3564 penitus
3415 3495 3536 3565 igne

1956 3588 2319 3659 consumpsit,
2362 3602 2520 3658 quam
2557 3586 2625 3641 ad
2668 3585 2928 3656 judicium
2964 3600 3067 3639 non
3093 3584 3329 3653 distulit,
3356 3586 3449 3641 sed
3479 3586 3545 3640 in.

1956 3697 2071 3736 eam
2098 3681 2334 3736 exercuit
2362 3679 2507 3752 quod
2527 3678 2645 3734 aliis
2674 3679 2828 3734 malis
2854 3678 2920 3733 ad
2946 3677 3201 3749 judicium
3221 3680 3532 3735 reservavit.

1956 3773 2181 3829 Prorsus
2205 3772 2379 3827 nullus
2404 3771 2473 3827 de
2498 3770 2745 3827 Sodomis
2774 3771 2978 3836 evasit;
3003 3771 3133 3825 nihil
3154 3770 3386 3828 hominis
3410 3773 3538 3828 reli-

1956 3871 2097 3916 ctum
2140 3871 2259 3926 est,
2310 3862 2441 3916 nihil
2488 3861 2735 3931 pecoris,
2786 3860 2917 3916 nihil
2961 3861 3239 3916 domorum
3286 3880 3299 3915 :
3342 3872 3534 3919 cuncta

1956 3952 2173 4007 omnino
2202 3953 2336 4023 ignis
2358 3952 2651 4007 absorbuit.
2682 3952 2820 4008 Ecce
2846 3953 3113 4023 quomodo
3136 3953 3278 4008 Deus
3306 3954 3536 4024 perdidit

1956 4045 2241 4100 civitatem.
2267 4044 2349 4100 Ab
2370 4044 2499 4100 urbe
2519 4053 2694 4099 autem
2726 4044 2895 4099 Roma
2924 4060 3081 4115 quam
3113 4046 3261 4100 multi
3290 4047 3536 4102 exierunt

1955 4146 2011 4191 et
2031 4135 2244 4191 redituri
2268 4143 2418 4198 sunt,
2450 4150 2608 4205 quam
2636 4135 2786 4190 multi
2809 4143 3120 4190 manserunt
3138 4143 3192 4190 et
3214 4148 3495 4191 evaserunt
3515 4180 3531 4204 ,

1955 4244 2111 4298 quam
2141 4227 2289 4283 multi
2320 4228 2371 4281 in
2399 4227 2530 4282 locis
2565 4227 2763 4281 sanctis
2789 4242 2887 4283 nec
2908 4227 3047 4296 tangi
3077 4229 3400 4297 potuerunt!
3429 4228 3535 4284 Sed

1956 4318 2184 4388 captivi,
2226 4318 2506 4388 inquiunt,
2544 4317 2696 4371 multi
2736 4316 2877 4371 ducti
2920 4324 3062 4370 sunt.
3103 4317 3213 4372 Hoc
3240 4326 3292 4371 et
3319 4318 3534 4383 Daniel,

1959 4427 2063 4466 non
2098 4409 2163 4465 ad
2182 4410 2497 4479 supplicium
2520 4424 2703 4475 suum,
2733 4407 2829 4465 sed
2853 4407 2916 4461 ad
2931 4408 3177 4463 solatium
3198 4417 3534 4464 ca-terorum.

1958 4500 2063 4559 Sed
2105 4500 2301 4569 multi,
2348 4499 2627 4570 inquiunt,
2675 4498 2835 4555 occisi
2872 4508 3018 4553 sunt.
3061 4497 3172 4553 lloe
3210 4507 3265 4555 et
3303 4508 3381 4555 tot
3407 4500 3538 4569 justi

1961 4591 2242 4663 Prophetae
2275 4606 2306 4646 a
2348 4590 2604 4660 sanguine
2646 4589 2777 4644 Abel
2816 4604 2984 4660 usque
3008 4589 3073 4643 ad
3106 4591 3414 4660 sanguinem
3440 4592 3542 4647 Ζέμ

1962 4683 2159 4739 charia:
2194 4682 2408 4757 (Matth.
2454 4698 2612 4748 χχιιι,
2659 4682 2753 4753 55)
2787 4700 2799 4736 :
2832 4681 2935 4738 hoc
2960 4684 3119 4738 etiam
3152 4693 3226 4737 tot
3256 4685 3494 4754 Apostoli
3521 4726 3538 4751 ,

1968 4772 2067 4829 hoc
2088 4773 2202 4843 ipse
2228 4771 2484 4827 Dominus
2513 4771 2898 4841 Prophetarum
2929 4780 2984 4827 et
3012 4772 3406 4841 Apostolorum.
3430 4773 3538 4830 Sed

1965 4865 2163 4932 multi,
2210 4864 2497 4934 inquiunt,
2545 4864 2822 4918 tormentis
2864 4863 3024 4917 variis
3066 4865 3351 4919 excruciati
3395 4875 3540 4921 sunt.

1966 4957 2289 5012 Putamusne
2312 4955 2587 5026 quisquam
2613 4961 2813 5007 tantum
2834 4963 3087 5024 quantum
3107 4953 3244 5007 Job?

2039 5048 2093 5103 '5.
2118 5045 2390 5101 llorrenda
2418 5044 2571 5099 nobis
2595 5044 2828 5098 nuntiata
2851 5054 3006 5107 sunt;
3030 5052 3235 5113 strages
3265 5044 3397 5100 facta
3419 5085 3435 5109 ,
3459 5048 3545 5102 in-

1967 5137 2191 5205 cendia,
2238 5136 2467 5206 rapinae,
2520 5134 2951 5199 interfectiones,
2995 5137 3415 5192 excruciationes
3449 5138 3545 5194 bo-

1969 5231 2191 5286 minum.
2215 5226 2411 5283 Verum
2436 5236 2515 5282 est
2538 5268 2553 5295 ,
2584 5227 2745 5282 multa
2775 5226 3073 5281 audivimus
3096 5268 3111 5293 ,
3138 5230 3313 5284 omnia
3343 5234 3545 5303 gemui.

1970 5336 2090 5376 mus
2126 5361 2143 5385 ,
2191 5334 2333 5389 saepe
2378 5318 2618 5373 ﬂevimus
2646 5344 2667 5385 λ,
2716 5318 2805 5373 vix
2853 5318 3113 5375 consolati
3157 5335 3390 5389 sumus;
3439 5341 3546 5381 non

1970 5412 2146 5467 abnuo
2173 5453 2188 5475 ,
2237 5424 2342 5465 non
2385 5424 2521 5478 nego
2563 5408 2728 5462 multa
2769 5422 2868 5462 nos
2906 5408 3152 5477 audisse,
3190 5411 3356 5470 multa
3384 5414 3438 5469 in
3461 5415 3548 5473 illa

1972 5503 2103 5558 urbe
2126 5516 2245 5557 esse
2269 5500 2573 5555 commissa.

2045 5590 2271 5648 CAPUT
2300 5590 2386 5645 Ill.
2413 5619 2483 5630 —
2507 5588 2572 5643 In
2599 5591 2873 5645 vastatione
2903 5588 3055 5645 Urbis
3083 5591 3216 5647 nihil
3234 5594 3436 5666 gravius
3462 5610 3554 5651 ac-

1974 5687 2094 5741 cidit
2121 5685 2405 5740 calamitate
2426 5682 2545 5737 Job.
2573 5682 2947 5739 Verumtamen
2968 5723 2984 5749 ,
3012 5684 3203 5741 fratres
3226 5687 3326 5741 mei
3350 5688 3552 5755 (inten-

1975 5776 2068 5832 dat
2104 5774 2350 5831 Charitas
2395 5782 2569 5829 vestra
2614 5773 2752 5845 quod
2797 5774 2975 5845 dico),
3016 5776 3313 5831 audivimus
3356 5776 3554 5831 librum

1977 5868 2141 5925 sancti
2185 5867 2318 5938 Job,
2360 5866 2498 5939 quod
2539 5867 2758 5937 perditis
2795 5866 2989 5935 rebus,
3022 5867 3239 5939 perditis
3264 5866 3419 5937 ﬁliis,
3455 5880 3553 5924 nec
