4106 6518
514 464 621 520 Ἰῒθ

512 579 679 645 ipsam
716 588 934 630 carnem
976 585 1095 640 quae
1134 569 1209 625 illi
1238 567 1350 623 sola
1390 573 1748 629 remanserat,
1776 562 1976 616 salvam
2004 572 2101 629 po-

515 670 613 724 tuit
651 667 926 729 obtinere;
969 663 1063 719 sed
1104 673 1390 733 percussus
1426 657 1569 729 gravi
1617 655 1833 710 vulnere
1870 668 1901 705 a
1929 651 2102 719 capite

512 774 683 830 usque
728 757 796 812 ad
847 756 1050 826 pedes,
1099 752 1323 808 sedebat
1368 750 1424 804 in
1463 756 1703 804 stercore
1728 786 1742 809 ,
1792 752 2105 815 putrescens

512 854 726 915 ulcere,
774 849 922 904 sanie
966 846 1172 911 ﬂuens,
1218 844 1491 900 vermibus
1536 848 1783 901 scatens,
1825 832 2108 890 tormentis

510 940 874 999 acerbissimis
910 939 1159 997 dolorum
1197 936 1481 991 cruciatus.
1522 931 1579 988 Si
1610 930 1762 985 nobis
1788 929 1865 982 sic
1891 925 2104 979 nuntia-

512 1044 662 1088 retur
700 1032 952 1086 universa
976 1030 1163 1084 civitas
1193 1026 1380 1081 sedere
1400 1066 1414 1089 ,
1445 1022 1665 1087 sedere,
1694 1021 1908 1091 inquam
1928 1058 1944 1085 ,
1971 1015 2103 1071 civi-

515 1133 598 1178 tas
635 1123 881 1177 universa
904 1162 919 1183 ,
951 1118 1099 1172 nullo
1127 1116 1195 1171 ibi
1231 1130 1363 1169 sano
1384 1155 1400 1181 ,
1432 1114 1485 1167 in
1511 1110 1829 1182 gravissimo
1850 1106 2069 1162 vulnere
2089 1145 2104 1170 ,

515 1223 571 1270 et
612 1213 691 1269 sic
731 1222 1040 1282 putrescere
1081 1207 1351 1263 vermibus
1394 1206 1579 1271 vivos,
1618 1200 1886 1273 quomodo
1912 1196 2108 1254 mortui

516 1311 837 1376 putruerunt
866 1319 879 1354 :
910 1299 1050 1369 quod
1091 1309 1206 1353 erat
1229 1295 1485 1367 gravius?
1517 1295 1717 1358 hocne,
1744 1308 1814 1346 an
1842 1288 1970 1345 illud
1998 1287 2112 1342 bel-

517 1395 671 1451 lum?
705 1393 842 1450 Puto
878 1389 1021 1461 quod
1060 1389 1239 1442 mitius
1268 1389 1318 1440 in
1348 1401 1563 1441 carnem
1594 1385 1878 1438 humanam
1910 1381 2111 1436 ferrum

520 1484 765 1547 saviret,
818 1496 978 1552 quam
1024 1494 1271 1544 vermes;
1320 1475 1648 1532 tolerabilius
1690 1474 1759 1529 de
1808 1471 2114 1526 vulneribus

522 1574 738 1645 sanguis
774 1578 1110 1640 erumperet,
1151 1584 1307 1639 quam
1338 1567 1404 1621 de
1437 1565 1713 1635 putredine
1740 1563 1916 1619 sanies
1940 1561 2112 1616 distil-

522 1668 677 1723 laret.
726 1664 967 1720 Cadaver
1007 1660 1278 1731 corrumpi
1308 1660 1528 1729 respicis
1551 1700 1567 1725 ,
1598 1666 1654 1712 et
1680 1654 1944 1711 horrescis
1975 1670 1990 1708 :
2020 1651 2116 1707 sed

523 1758 644 1815 ideo
670 1757 844 1811 minor
869 1769 1024 1825 pmna
1049 1796 1064 1820 ,
1092 1751 1232 1823 quod
1261 1751 1456 1805 absens
1485 1749 1682 1803 anima.
1707 1750 1774 1800 At
1794 1760 1921 1800 vero
1941 1744 1993 1799 in
2015 1741 2119 1798 Job

523 1862 764 1918 praesens
789 1846 963 1900 anima
984 1859 1105 1915 qua:
1129 1842 1380 1905 sentiret,
1412 1840 1571 1910 ligata
1592 1855 1660 1895 ne
1681 1840 1915 1909 fugeret,
1939 1835 2118 1904 subje-

523 1952 610 1997 cta
645 1950 704 1995 ut
737 1939 969 2002 doleret,
1012 1946 1330 2006 compuncta
1370 1944 1427 1987 ut
1466 1928 1920 2001 blasphemaret‘.
1947 1926 2120 1983 Susti-

526 2035 644 2087 nuit
666 2041 844 2085 autem
873 2031 894 2061 ¹
928 2028 1324 2083 tribulationem
1353 2024 1483 2090 Job,
1512 2032 1567 2078 et
1594 2023 1906 2090 deputatum
1934 2027 2016 2074 est
2045 2015 2121 2071 illi

527 2124 595 2180 ad
640 2138 883 2193 magnam
918 2121 1200 2192 justitiam.
1238 2120 1355 2173 Non
1398 2132 1527 2185 ergo
1568 2118 1846 2186 quisquam
1886 2110 2125 2168 attendat

528 2217 653 2288 quid
687 2216 916 2286 patiatur
935 2256 949 2279 ,
980 2212 1073 2267 sed
1100 2212 1224 2281 quid
1257 2212 1430 2265 faciat.
1464 2209 1666 2272 Homo,
1695 2209 1745 2261 in
1769 2224 1833 2261 eo
1858 2205 1997 2277 quod
2027 2219 2121 2273 pa-

530 2309 659 2363 teris
680 2349 694 2373 ,
730 2314 966 2377 potestas
994 2313 1080 2359 tua
1108 2319 1213 2357 non
1248 2310 1331 2357 est
1357 2318 1371 2355 :
1403 2301 1455 2355 in
1485 2314 1553 2355 eo
1580 2299 1721 2370 quod
1748 2299 1900 2361 facis,
1931 2296 2125 2350 volun-

532 2412 613 2457 tas
654 2410 740 2454 tua
771 2398 855 2453 vel
892 2411 1093 2451 nocens
1123 2396 1206 2450 vel
1237 2395 1493 2451 innocens
1519 2402 1622 2447 est.
1652 2390 1957 2445 Patiehatur
1980 2386 2081 2443 Job
2105 2425 2122 2451 ,

535 2493 712 2549 stabat
752 2492 945 2547 mulier
983 2490 1170 2543 relicta
1208 2488 1319 2541 sola
1343 2526 1360 2553 ,
1408 2500 1514 2539 non
1554 2483 1621 2538 ad
1663 2481 2080 2537 consolationem
2106 2515 2123 2542 ,

530 2586 627 2642 sed
675 2585 741 2639 ad
787 2584 1177 2643 tentationem;
1226 2593 1331 2633 non
1378 2594 1497 2647 qua:
1527 2576 1741 2630 alierret
1769 2573 2123 2636 medicinam,

533 2678 628 2734 sed
656 2692 775 2747 quae
804 2683 1049 2731 moneret
1078 2670 1464 2740 blasphemiam
1498 2686 1511 2722 :
1544 2666 1643 2721 Dic
1666 2664 1860 2735 aliquid
1876 2705 1890 2725 ,
1922 2664 2125 2732 inquit,

533 2770 589 2823 in
625 2768 791 2823 Deum
812 2807 825 2828 ,
857 2776 903 2819 et
930 2778 1142 2818 morere.
1176 2761 1364 2816 Videte
1391 2756 1839 2829 quemadmodum
1879 2753 1958 2809 illi
1993 2752 2129 2807 mori

536 2860 853 2916 beneﬁcium
900 2856 1030 2921 fuit,
1063 2862 1119 2909 et
1150 2854 1253 2908 tale
1284 2851 1597 2908 beneficium
1628 2863 1786 2904 nemo
1812 2847 1992 2903 dabat.
2023 2844 2131 2900 Sed

540 2954 592 3006 in
615 2950 698 3005 his
724 2948 975 3003 omnibus
999 2962 1120 3017 qua:
1150 2955 1331 2999 sancta
1360 2944 1536 2998 anima
1558 2941 1892 3004 sustinebat,
1921 2938 2128 3008 patien-

539 3045 610 3097 tia
627 3040 995 3103 exercebatur,
1016 3037 1149 3091 ﬁdes
1171 3034 1510 3105 probabatur,
1526 3033 1716 3087 mulier
1734 3029 2129 3095 confutabatur,

541 3131 789 3186 diabolus
816 3128 1141 3181 vincebatur.
1169 3124 1541 3193 Spectaculum
1572 3136 1820 3192 magnum
1844 3160 1859 3186 ,
1886 3129 1941 3175 et
1970 3121 2022 3173 in
2047 3120 2132 3173 illa

543 3222 784 3279 foeditate
838 3218 1133 3289 putredinis
1186 3214 1439 3285 prmclara
1488 3212 1826 3284 pulchritudo
1876 3210 2130 3265 virtutisl

546 3314 728 3369 Vastat
763 3312 991 3366 latenter
1030 3307 1276 3361 inimicus
1321 3322 1334 3357 :
1379 3314 1565 3374 aperte
1594 3304 1792 3358 malum
1820 3302 2009 3357 suadet
2036 3302 2134 3355 ini-

542 3406 718 3469 mica;
763 3401 1081 3472 adjutorium
1126 3398 1361 3462 diaboli,
1403 3413 1511 3451 non
1561 3396 1780 3461 mariti;
1821 3395 1930 3449 Eva
1959 3409 2132 3460 nova,

541 3496 637 3552 sed
657 3495 747 3551 ille
773 3509 879 3548 non
904 3500 1057 3546 vetus
1084 3490 1251 3544 Adam
1284 3506 1297 3541 :
1328 3489 1419 3542 Dic
1444 3488 1637 3559 aliquid
1664 3487 1716 3541 in
1741 3485 1937 3552 Deum,
1962 3493 2008 3540 et
2028 3502 2137 3539 mo-

542 3602 672 3641 rere.
718 3581 1147 3654 Blasphemando
1192 3590 1489 3650 extorque,
1536 3578 1678 3649 quod
1724 3577 1991 3648 precando
2030 3591 2135 3632 non

543 3686 699 3752 potes
737 3676 1044 3746 impetrare.
1084 3672 1277 3728 Locuta
1312 3689 1363 3726 es
1385 3714 1399 3738 ,
1455 3673 1655 3742 inquit,
1686 3683 1925 3742 tanquam
1950 3688 2051 3725 una
2077 3688 2139 3726 ea:

545 3769 894 3840 insipientibus
923 3766 1235 3821 mulieribus.
1264 3765 1538 3820 Attendite
1566 3766 1727 3819 verba
1757 3764 1907 3819 fortis
1932 3764 2135 3829 ﬁdelis;

541 3861 802 3916 attendite
830 3859 989 3914 verba
1021 3857 1150 3911 foris
1180 3858 1557 3927 putrescentis,
1592 3857 1733 3910 intus
1764 3856 1953 3925 integri
1986 3873 2001 3909 :
2032 3854 2137 3908 Lo—

544 3964 661 4007 cuta
699 3970 750 4007 es
770 3994 785 4018 ,
824 3952 1024 4021 inquit,
1058 3960 1296 4021 tanquam
1332 3967 1433 4003 una
1460 3967 1521 4003 ea:
1543 3948 1894 4019 insipientibus
1918 3948 2142 4003 mulieri-

546 4046 656 4099 bus.
704 4044 765 4099 Si
804 4044 933 4098 bona
977 4043 1288 4112 percepimus
1322 4043 1385 4095 de
1411 4059 1563 4096 manu
1589 4040 1835 4107 Domini,
1876 4041 2011 4094 mala
2039 4057 2141 4093 non

544 4134 899 4191 sustinebimus
922 4133 1042 4206 (Job
1068 4149 1106 4199 ι,
1136 4143 1182 4185 et
1210 4135 1267 4202 ιι)
1289 4133 1311 4186 ?
1335 4133 1492 4187 Pater
1533 4142 1615 4187 est
1637 4150 1653 4195 ;
1679 4134 1931 4203 numquid
1954 4148 2140 4187 aman-

548 4224 650 4279 dus
680 4223 958 4278 blandiens
978 4262 992 4285 ,
1019 4230 1073 4275 et
1103 4223 1439 4291 respuendus
1465 4225 1799 4294 corripiens?
1828 4224 2014 4279 Nonne
2045 4241 2140 4295 pa-

551 4326 634 4369 ter
672 4322 754 4367 est
777 4354 793 4380 ,
834 4322 887 4367 et
933 4314 1251 4381 promittens
1286 4314 1481 4377 vitam,
1515 4325 1567 4368 et
1594 4316 1874 4383 imponens
1903 4316 2141 4385 discipli-

552 4407 718 4461 nam?
762 4406 1047 4460 Exciditne
1093 4406 1184 4459 tibi
1234 4422 1248 4458 :
1297 4405 1437 4473 Fili,
1483 4408 1723 4461 accedens
1763 4409 1831 4461 ad
1862 4412 2143 4464 servitutem

553 4500 650 4555 Dei
671 4538 688 4565 ,
717 4509 794 4552 sta
818 4498 869 4551 in
888 4497 1091 4569 justitia
1119 4507 1164 4550 et
1198 4498 1403 4564 timore,
1426 4508 1471 4550 et
1498 4514 1731 4567 praepara
1756 4501 1978 4553 animam
2006 4512 2144 4555 tuam

552 4592 623 4646 ad
679 4590 1046 4645 tentationem?
1084 4589 1248 4643 Omne
1302 4590 1436 4659 quod
1483 4590 1572 4643 tibi
1618 4592 1912 4661 applicitum
1956 4596 2137 4663 fuerit,

552 4684 767 4754 accipe;
789 4692 837 4737 et
875 4681 929 4735 in
955 4679 1131 4735 dolore
1152 4682 1359 4744 sustine,
1375 4692 1420 4734 et
1450 4683 1501 4735 in
1530 4683 1810 4737 humilitate
1836 4693 1921 4737 tua
1946 4687 2145 4754 patien-

554 4777 677 4830 tiam
715 4774 842 4829 Itabe
876 4791 896 4829 .'
932 4773 1172 4843 quoniam
1197 4774 1248 4827 in
1276 4777 1390 4843 igne
1419 4776 1660 4843 probatur
1686 4793 1867 4829 aurum
1894 4788 1939 4831 et
1965 4796 2148 4849 argen-

554 4881 663 4922 tum
687 4908 702 4931 ,
739 4867 966 4921 homines
1005 4880 1117 4919 vero
1154 4864 1484 4933 acceptabiles
1519 4866 1572 4919 in
1610 4867 1808 4923 camino
1839 4869 2147 4924 humiliatio-

552 4961 632 5013 nis
670 4957 857 5029 (Eccli.
905 4972 971 5021 tt,
1014 4956 1128 5027 1-5)
1150 4955 1174 5010 ‘t
1197 4956 1479 5012 Exciditne
1509 4958 1601 5013 tibi
1632 4977 1644 5012 :
1678 4960 1839 5027 Quem
1865 4962 1995 5015 enim
2022 4962 2146 5016 dili-

553 5054 627 5123 git
664 5050 914 5105 Dominus
934 5091 950 5117 ,
991 5050 1237 5120 corripit;
1280 5051 1508 5121 ﬂagellat
1537 5063 1701 5106 autem
1729 5071 1927 5108 omnem
1953 5053 2145 5110 Filium

552 5159 699 5213 quem
724 5142 899 5211 recipit
932 5140 1113 5212 (Prov.
1144 5157 1197 5194 ιιι
1219 5182 1233 5204 ,
1266 5142 1363 5207 12,
1390 5152 1436 5196 et
1461 5142 1619 5197 Hebr.
1647 5161 1749 5212 xu,
1783 5145 1883 5217 6)?

624 5232 847 5286 CAPUT
879 5232 968 5286 iV.
990 5234 1131 5287 -4.
1160 5232 1427 5288 Cruciatus
1461 5238 1759 5305 temporales
1782 5254 1897 5293 cum
1919 5240 2146 5309 gehenna

558 5323 835 5391 comparati
882 5338 1036 5393 quam
1085 5324 1235 5377 leves.
1295 5323 1478 5393 Cogita
1527 5328 1793 5396 quoslibet
1851 5331 2143 5399 cruciatus,

559 5409 789 5466 extende
814 5412 1049 5465 animum
1082 5412 1134 5466 in
1163 5414 1429 5483 quaslibet
1475 5415 1528 5470 in
1558 5415 1661 5472 hac
1695 5420 1799 5473 vita
1830 5434 2015 5490 poenas
2043 5422 2145 5475 hu-

559 5514 782 5565 manas;
814 5515 1063 5570 compara
1112 5503 1177 5557 ad
1223 5505 1560 5575 gehennam,
1611 5519 1665 5563 et
1713 5510 1830 5566 leve
1858 5524 1939 5566 est
1985 5529 2145 5569 omne

565 5592 706 5665 quod
732 5593 955 5661 cogitas.
990 5593 1087 5648 llic
1117 5599 1443 5665 temporalis,
1471 5600 1542 5653 ibi
1582 5614 1813 5657 aateruus
1842 5614 1942 5672 est,
1973 5615 2029 5662 et
2056 5609 2144 5677 qui

628 5812 644 5841 ¹
681 5804 911 5871 Nonnulla
944 5807 1021 5859 hic
1044 5811 1361 5861 restituuntur
1387 5827 1448 5862 ex
1473 5816 1746 5869 Michaelino
1768 5828 1847 5871 Ms.

627 5874 646 5902 ι
682 5877 753 5918 tr.
780 5869 927 5930 tugd.
956 5878 1070 5920 \cu.
1096 5878 1224 5933 tov.,
1247 5874 1466 5926 sustinuit
1485 5883 1659 5927 tamen.
1726 5890 1780 5930 tt.

1720 451 1778 503 S.
1824 440 2186 502 AUUUSTINI
2234 439 2535 497 EPISCOPI

3685 442 3786 496 τεο

2209 568 2419 629 torquet
2446 568 2499 613 et
2523 558 2610 629 qui
2643 566 2937 629 torquetur.
2970 555 3233 628 Numquid
3279 557 3457 613 adhuc
3499 557 3791 628 patiuntur,

2208 649 2297 719 qui
2329 648 2420 702 illo
2447 657 2687 718 tempore
2730 649 2871 718 passi
2900 658 3055 715 sunt,
3096 663 3200 719 quo
3223 648 3392 703 Roma
3435 657 3648 703 vastata
3679 650 3794 703 est?

2209 740 2367 794 Dives
2392 747 2571 793 autem
2594 739 2683 794 ille
2706 739 2879 794 adhuc
2900 740 3038 810 apud
3059 739 3257 793 inferos
3284 740 3481 808 patitur
3503 739 3655 811 (Luc.
3680 756 3791 807 xvi,
3846 792 3853 795 .

2210 831 2424 906 19-26).
2452 833 2630 899 Arsit,
2660 832 2845 898 ardet,
2877 833 3116 898 ardebit;
3150 835 3289 887 viset
3334 848 3503 903 usque
3542 833 3610 887 ad
3658 833 3797 901 judi-

2208 924 2349 979 cium
2380 941 2394 977 :
2425 925 2647 995 recipiet
2672 940 2910 990 carnem,
2956 941 3060 979 non
3102 924 3169 980 ad
3214 925 3565 989 beneﬁcium,
3598 925 3693 980 sed
3734 924 3797 979 ad

2210 1017 2547 1085 supplicium.
2574 1017 2695 1071 lllas
2719 1031 2904 1086 ptenas
2931 1017 3233 1082 timeamus,
3263 1018 3305 1072 si
3330 1017 3497 1072 Deum
3527 1018 3795 1071 timemus.

2212 1108 2475 1178 Quidquid
2500 1108 2584 1163 hic
2612 1122 2799 1178 passus
2820 1107 2979 1163 fuerit
3001 1110 3180 1173 homo,
3201 1110 3243 1163 si
3272 1111 3589 1179 corrigatur,
3616 1124 3799 1163 emen-

2212 1202 2357 1256 datio
2383 1210 2467 1257 est
2495 1220 2510 1258 :
2537 1202 2580 1257 si
2607 1216 2706 1257 nec
2733 1202 2811 1256 sic
2834 1202 3153 1272 corrigatur,
3177 1201 3373 1271 duplex
3398 1201 3673 1256 damnatio
3699 1210 3797 1255 est.

2214 1292 2284 1348 Et
2317 1292 2403 1347 hic
2432 1294 2574 1349 enim
2606 1294 2701 1349 luit
2731 1308 2917 1363 poenas
2946 1294 3288 1364 temporales,
3314 1303 3367 1349 et
3398 1294 3468 1349 ibi
3499 1294 3804 1363 erperietnr

2216 1396 2461 1440 arternas.
2500 1387 2627 1441 Dico
2676 1386 2932 1441 Charitati
2974 1395 3196 1451 vestrm,
3242 1385 3433 1441 fratres
3480 1403 3494 1439 :
3542 1394 3803 1456 martyres

2217 1486 2364 1531 certe
2423 1487 2635 1533 sanctos
2686 1478 2979 1539 laudamus.
3010 1478 3371 1548 gloriﬁcamus
3391 1521 3406 1544 ,
3436 1477 3800 1542 admiramur;

2218 1569 2333 1624 dies
2354 1585 2539 1625 eorum
2561 1572 2647 1639 pia
2670 1570 3009 1624 solemnitate
3029 1571 3382 1635 celebramus,
3410 1570 3596 1624 merita
3621 1586 3804 1624 eorum

2220 1674 2555 1726 veneramur,
2584 1667 2659 1727 et,
2688 1660 2732 1715 si
2763 1675 3067 1730 possumus,
3095 1662 3384 1715 imitamur.
3414 1663 3508 1715 Est
3549 1660 3805 1729 profecto,

2221 1762 2304 1807 est
2336 1768 2520 1823 magna
2548 1762 2839 1823 martyrum
2870 1753 3073 1823 gloria;
3106 1754 3197 1807 sed
3225 1755 3405 1808 nescio
3426 1764 3604 1807 utrum
3639 1754 3813 1806 minor

2221 1846 2387 1916 gloria
2434 1845 2531 1899 fuit
2569 1845 2737 1900 sancti
2763 1844 2864 1900 Job
2892 1862 2904 1899 :
2936 1860 3035 1899 nec
3066 1854 3241 1899 tamen
3267 1846 3314 1900 ei
3342 1844 3640 1909 dicebatur,
3664 1843 3811 1897 Thus

2223 1952 2364 2007 pone
2402 1936 2595 2003 idolis,
2639 1936 2877 1991 sacriﬁca
2922 1936 3023 1990 diis
3052 1937 3241 1991 alienis
3266 1979 3279 2001 ,
3328 1951 3459 2004 nega
3499 1935 3807 1999 Christum;

2224 2029 2502 2086 dicebatur
2530 2040 2704 2084 tamen
2730 2070 2745 2094 ,
2790 2028 3103 2098 Blasphema
3135 2030 3324 2083 Deum.
3361 2028 3471 2083 Nec
3514 2028 3809 2092 dicebatur,

2225 2132 2283 2178 ut
2322 2122 2723 2191 intelligeretur,
2753 2120 2810 2176 Si
2848 2120 3298 2189 blasphemaveris
3320 2162 3333 2184 ,
3380 2119 3608 2190 putredo
3642 2118 3814 2173 omnis

2226 2216 2539 2271 abscessura
2582 2214 2883 2285 sanitasque
2907 2214 3141 2268 reditura
3180 2223 3263 2269 est
3294 2232 3306 2267 :
3336 2214 3452 2279 sed,
3483 2213 3538 2267 Si
3566 2213 3814 2282 blasphe-

2230 2308 2481 2372 maveris,
2530 2306 2739 2361 dicebat
2783 2306 2959 2373 inepta
2991 2313 3045 2359 et
3074 2306 3269 2359 insulsa
3302 2305 3512 2369 mulier,
3545 2304 3811 2369 morieris,

2230 2408 2283 2452 et
2312 2397 2590 2452 moriendo
2630 2397 2915 2451 tormentis
2960 2396 3191 2451 carebis.
3222 2396 3384 2464 Quasi
3413 2413 3539 2450 vero
3570 2395 3815 2449 morienti

2231 2490 2545 2559 blasphemo
2573 2506 2676 2543 non
2705 2498 2937 2543 :eteruus
2979 2488 3133 2543 dolor
3171 2490 3496 2543 succederet.
3529 2489 3721 2543 Mulier
3747 2488 3818 2540 fa-

2233 2592 2320 2637 tua
2353 2582 2631 2651 praesentis
2661 2581 2955 2649 putredinis
3022 2580 3271 2634 horrebat
3304 2581 3627 2643 molestiam,
3666 2570 3829 2633 aster-7

2232 2689 2353 2727 nam
2387 2672 2652 2725 flammam
2693 2670 2911 2725 minime
2940 2672 3221 2745 cogitabat.
3261 2671 3490 2725 Ferebat
3543 2670 3631 2725 ille
3684 2687 3819 2739 prte-

2233 2780 2357 2821 sens
2387 2766 2605 2830 malum,
2640 2780 2705 2819 ne
2737 2764 2995 2820 incideret
3036 2766 3086 2818 in
3122 2764 3375 2819 fututum.
3404 2764 3646 2819 Tenebat
3673 2779 3767 2817 cor
3792 2778 3821 2817 a

2233 2860 2372 2913 mala
2404 2858 2741 2928 cogitatione,
2773 2856 3005 2927 linguam
3036 2874 3064 2910 a
3088 2857 3401 2920 maledicto;
3439 2856 3692 2910 servabat
3713 2855 3824 2908 ani-

2235 2968 2337 3007 mre
2367 2952 2721 3022 integritatem
2751 2950 2800 3003 in
2836 2948 3111 3018 putredine
3148 2948 3413 3017 corporis.
3447 2947 3674 3001 Videbat
3703 2944 3823 3014 quid

2236 3045 2288 3099 in
2319 3044 2553 3099 futurum
2590 3042 2883 3107 evadebat;
2914 3042 3035 3097 ideo
3064 3040 3204 3112 quod
3245 3040 3563 3109 patiebatur,
3601 3038 3824 3095 ferebat.

2236 3142 2345 3204 Sic.
2372 3142 2448 3196 sic
2469 3140 2833 3211 unusquisque
2866 3138 3190 3193 christiantts
3232 3134 3447 3206 quando
3483 3135 3719 3205 aliquam
3750 3136 3824 3187 at.

2238 3232 2524 3287 flictionem
2572 3231 2815 3300 corporis
2855 3230 3075 3299 patitur,
3106 3230 3377 3298 gebcnnas
3416 3228 3635 3298 cogitet,
3670 3234 3724 3279 et
3754 3225 3829 3279 vi-

2240 3323 2367 3378 deat
2414 3338 2572 3393 quam
2607 3322 2723 3376 leve
2766 3329 2846 3375 est
2874 3321 2891 3352 ί
2934 3318 3076 3390 quod
3122 3320 3337 3388 patitur.
3387 3317 3499 3371 Non
3534 3325 3828 3371 murmuret

2239 3413 2522 3467 adversum
2572 3413 2759 3476 Dento,
2808 3428 2914 3465 non
2960 3411 3140 3466 dicat:
3172 3411 3331 3475 Deus,
3384 3410 3510 3479 quid
3562 3410 3653 3462 tibi
3702 3408 3821 3472 feci,

2241 3519 2406 3573 quare
2456 3504 2554 3556 ista
2601 3502 2815 3571 patior?
2864 3501 2974 3556 lmo
3025 3502 3169 3557 dicat
3223 3502 3365 3572 quod
3412 3502 3548 3555 dixit
3592 3502 3707 3570 ipse
3735 3500 3831 3555 Job

2241 3595 2483 3665 quamvis
2512 3602 2726 3647 sanctus
2760 3611 2773 3646 :
2805 3592 3085 3665 Exquisiin
3106 3594 3275 3647 omnia
3303 3604 3507 3663 peccata
3538 3610 3650 3646 mea
3705 3602 3750 3644 et
3776 3609 3829 3646 ea

2243 3698 2482 3758 tanquam
2506 3687 2560 3739 in
2586 3686 2788 3740 sacculo
2817 3687 3028 3756 signasti
3058 3684 3175 3756 (Job
3202 3702 3310 3751 xw,
3359 3686 3445 3751 l6,
3481 3686 3598 3758 "’).
3628 3695 3747 3739 mon
3775 3705 3829 3739 se

2242 3795 2402 3834 ausus
2431 3788 2513 3834 est
2534 3778 2713 3833 dicere
2737 3779 2850 3831 sine
2876 3785 3115 3847 peceato,
3163 3779 3251 3847 qui
3280 3778 3599 3848 patiebatur,
3640 3793 3750 3831 non
3781 3784 3832 3829 ut

2246 3875 2540 3943 puniretur,
2576 3871 2669 3926 sed
2698 3880 2753 3925 ut
2781 3872 3113 3940 probaretur.
3153 3870 3265 3925 lloc
3289 3871 3431 3924 dicat
3463 3868 3833 3939 unusquisque

2244 3979 2364 4020 Cum
2391 3965 2604 4033 patitur.

2316 4058 2541 4112 CAPUT
2574 4056 2635 4111 Υ.
2663 4088 2730 4097 ——
2769 4057 2821 4110 5.
2861 4056 2999 4110 Jasti
3022 4057 3199 4111 Roma}
3223 4073 3288 4108 an
3320 4072 3418 4109 non
3444 4055 3749 4118 exstiterint,
3785 4062 3835 4105 ut

2246 4150 2607 4225 prapteripsos
2655 4148 2779 4205 Urbi
2801 4161 3109 4220 parceretur.
3157 4148 3377 4202 Peccata
3428 4163 3541 4217 qua:
3581 4164 3684 4199 non
3728 4147 3837 4215 ﬁcte

2246 4248 2581 4316 conﬁteantur
2608 4261 2778 4298 omnes
2818 4244 3020 4298 habent.
3059 4244 3294 4298 Fuerunt
3335 4243 3523 4297 Boium.
3571 4243 3834 4311 quinqua-

2244 4338 2555 4409 gintajusti,
2584 4338 2687 4390 imo
2701 4338 2745 4389 si
2774 4336 2989 4389 modum
3016 4336 3306 4389 humanum
3325 4333 3655 4397 consideres,
3678 4332 3836 4385 millia

2241 4432 2505 4501 justorum
2540 4449 2552 4484 :
2584 4431 2627 4484 si
2681 4432 2914 4501 regulam
2964 4429 3326 4499 perfectionis,
3379 4445 3535 4483 nemo
3569 4428 3836 4497 jnstorum

2246 4526 2445 4580 existit.
2474 4524 2805 4594 Quicumque
2833 4524 3019 4578 Romae
3046 4525 3136 4594 qui
3165 4539 3222 4577 se
3250 4523 3445 4577 audeat
3470 4522 3677 4591 justum
3701 4522 3840 4577 dice-

2248 4632 2327 4682 re,
2360 4631 2391 4670 a
2440 4631 2525 4669 me
2570 4630 2675 4669 non
2719 4614 2911 4669 audit’
2948 4632 2961 4667 :
2998 4614 3263 4685 Numquid
3300 4628 3353 4667 tu
3381 4615 3664 4683 sapientior
3690 4631 3837 4684 quam

2249 4707 2435 4762 Daniel
2456 4706 2667 4777 (Ezech.
2700 4722 2889 4772 xxvm,
2924 4705 3021 4778 5)?
3054 4708 3188 4760 Audi
3217 4722 3344 4776 ergo
3373 4706 3520 4759 illum
3568 4708 3835 4761 confiten-

2250 4812 2356 4859 tem
2386 4810 2600 4873 peccata
2634 4816 2727 4857 sua
2757 4799 2919 4870 (Dan.
2950 4817 3028 4866 ιχ,
3058 4800 3179 4870 20).
3207 4802 3286 4853 An
3315 4798 3447 4854 forte
3468 4816 3589 4855 cum
3619 4803 3840 4855 confite-

2253 4894 2427 4958 batur,
2476 4891 2870 4947 mentiebatur?
2917 4893 3050 4946 Ilinc
3089 4907 3217 4961 ergo
3264 4890 3499 4946 habebat
3537 4903 3840 4961 peccatum,

2250 4984 2373 5057 quia
2399 4985 2465 5040 de
2491 4985 2601 5039 Suis
2630 4985 2861 5054 peccatis
2880 4985 2990 5039 Deo
3010 4984 3385 5040 mentiebatur.
3420 4984 3526 5038 Sed
3555 4985 3844 5055 aliquando

2250 5084 2689 5147 argumentantur
2729 5075 2989 5139 homines,
3044 5085 3097 5130 et
3141 5075 3345 5140 dicunt,
3390 5075 3563 5130 Debet
3604 5084 3656 5131 et
3687 5076 3845 5130 homo

2246 5166 2421 5238 justus
2470 5166 2581 5220 Deo
2632 5166 2809 5221 dicere
2837 5166 2957 5236 quia
3006 5175 3252 5235 peccator
3288 5176 3371 5221 est
3401 5184 3414 5219 :
3439 5166 3687 5236 quamvis
3716 5166 3845 5220 sciat

2251 5259 2452 5314 nullum
2477 5274 2535 5314 se
2567 5258 2765 5314 habere
2794 5269 3093 5328 peccatum,
3127 5268 3301 5313 tamen
3329 5258 3470 5313 dicat
3497 5260 3626 5324 Deo,
3662 5258 3846 5314 Habeo

2254 5362 2550 5422 peceatum.
2573 5351 2732 5405 Miror
2748 5352 2789 5405 si
2819 5350 2913 5404 ista
2944 5350 3148 5405 consilii
3167 5351 3365 5404 sanitas
3394 5349 3711 5419 appellanda
3741 5359 3843 5405 est.

2249 5442 2380 5512 Quis
2407 5452 2458 5498 te
2484 5442 2608 5498 facit
2649 5458 2754 5497 non
2785 5441 2983 5497 habere
3014 5441 3328 5513 peccaturo?
3364 5457 3542 5496 nonne
3587 5441 3733 5496 Deus
3758 5438 3845 5511 qui

2317 5644 2333 5675 ι
2368 5637 2674 5692 Michaelinus
2710 5640 2886 5701 codex,
2911 5647 2957 5693 et
2997 5638 3204 5692 lucidius
3248 5636 3515 5705 pertidebit
3558 5650 3708 5701 quam
3748 5638 3848 5689 lere

2250 5712 2337 5799 es",
2367 5714 2429 5816 ἓξ(
2444 5741 2615 5817 eodem
2641 5774 2742 5825 δίδη
2760 5777 2899 5816 nemo
2910 5764 3169 5827 justorum.
3186 5766 3371 5816 Επὶδιαι
3388 5762 3677 5827 quicumque
3695 5769 3851 5812 Romo:

2252 5826 2335 5942 qui
2378 5842 2428 5939 fe
2473 5829 2647 5879 audeat
2691 5824 2879 5891 justum
2910 5824 3104 5879 dicere.
3155 5842 3188 5878 Α
3235 5840 3311 5879 me
3353 5824 3555 5887 audiet,
3606 5835 3636 5874 Α
3648 5828 3845 5889 umqum

2277 5905 2325 5942 ιι.
2348 5906 2375 5938 e
2399 5904 2440 5939 c.

2277 5905 2325 5953 ιι,
2348 5904 2440 5939 etc.
