4106 6516
289 428 374 485 73‘
1435 409 1663 467 SERMO
1704 410 1791 468 DE
1830 410 2033 468 URBIS
2072 412 2372 469 EXClDlO.

278 541 417 594 sanat
438 529 667 585 animam
699 524 885 581 tuam?
910 523 967 580 Si
1002 530 1180 579 tamen
1210 538 1317 578 non
1346 520 1512 577 habes
1552 530 1847 591 peccatum.

278 626 394 682 Nam
415 619 725 685 considera;
755 625 809 671 et
844 614 1102 677 invenies.
1138 629 1241 668 non
1276 621 1573 682 peccatum,
1602 610 1696 667 sed
1726 626 1849 680 pec-

277 727 399 775 cata.
426 714 620 769 Tamen
667 711 711 766 si
752 723 970 781 prorsus
999 723 1104 761 non
1151 705 1315 759 habes
1345 716 1639 774 peccaturo,
1673 719 1850 761 nonne

276 812 403 865 illius
430 804 745 861 beneﬁcium
775 809 877 868 est,
920 800 1005 854 cui
1034 797 1211 853 dixisti
1246 815 1259 851 :
1291 794 1402 868 Ego
1432 797 1567 864 dixi,
1594 794 1846 861 Domine,

276 904 491 957 miserere
526 897 664 963 mei;
705 911 833 950 sana
874 892 1102 946 animam
1148 906 1343 955 meam,
1384 889 1621 961 quoniam
1650 888 1852 961 peccavi

282 994 360 1049 tibi
399 990 568 1060 (Psal.
610 1005 699 1053 xu,
738 986 830 1058 5)?
869 984 924 1040 Si
951 999 1079 1052 ergo
1105 982 1220 1037 sine
1271 991 1489 1052 peccato
1540 989 1625 1037 est
1671 980 1848 1034 anima

277 1100 373 1152 tua,
408 1059 605 1139 sauaia
653 1089 737 1136 est
784 1078 933 1133 omni
982 1076 1143 1131 modo
1186 1074 1360 1128 anima
1414 1082 1501 1127 tua
1538 1072 1623 1127 :si
1662 1081 1847 1126 sanata

271 1190 345 1231 est
387 1175 527 1227 omni
578 1171 737 1226 modo
766 1168 940 1223 anima
998 1178 1109 1231 tua,
1147 1181 1312 1237 quare
1349 1167 1585 1237 ingratus
1634 1179 1693 1219 es
1732 1178 1845 1218 me-

272 1270 377 1326 dico
404 1277 511 1331 tuo,
555 1275 612 1318 ut
664 1264 810 1318 dicas
863 1261 1055 1315 vulnus
1089 1274 1208 1314 esse
1254 1258 1458 1325 adhuc,
1508 1258 1599 1313 ubi
1629 1271 1843 1312 omnem

270 1362 533 1417 sanitatem
574 1356 663 1411 ille
697 1356 807 1425 jam
851 1352 1011 1408 fecit?
1048 1352 1101 1407 Si
1130 1365 1324 1421 corpus
1352 1358 1499 1403 tuum
1538 1347 1846 1419 languidum

270 1461 351 1507 aut
374 1451 701 1505 vulneratum
731 1446 937 1501 medico
962 1442 1291 1505 ostenderes,
1333 1450 1385 1496 et
1415 1455 1632 1512 rogares
1671 1451 1724 1493 ut
1751 1438 1845 1492 tibi

269 1542 533 1598 adhiberet
556 1536 775 1594 curandi
806 1535 1133 1607 diligentiam
1156 1575 1169 1597 ,
1198 1543 1357 1602 atque
1382 1531 1469 1585 ille
1505 1529 1725 1595 faceret,
1763 1544 1848 1583 sa-

269 1646 485 1703 numque
514 1640 569 1685 et
593 1628 912 1685 incolumem
954 1626 1222 1689 redderet,
1256 1633 1309 1678 et
1337 1634 1389 1678 tu
1418 1622 1591 1677 adhuc
1616 1622 1844 1685 diceres,

266 1724 368 1781 Non
389 1738 503 1777 sum
544 1734 742 1782 sanus;
776 1734 952 1774 nonne
977 1732 1123 1772 esses
1152 1714 1358 1770 medico
1379 1713 1649 1785 ingratus?
1670 1728 1848 1769 nonne

267 1832 399 1873 esses
425 1816 474 1870 in
514 1814 778 1869 medicum
819 1808 1277 1866 contumeliosus?
1302 1806 1357 1862 Si
1384 1816 1437 1863 et
1478 1808 1616 1861 Deus
1642 1805 1849 1862 sanavit

268 1917 332 1972 te,
357 1905 520 1960 audes
545 1903 757 1969 dicere,
787 1902 974 1957 Adhuc
1002 1900 1191 1954 vulnus
1220 1898 1426 1954 habeo?
1457 1914 1554 1953 nec
1594 1899 1749 1952 times
1782 1913 1848 1953 ne

270 1998 351 2052 tibi
375 1997 711 2065 respondeat,
748 1995 886 2063 Ergo
915 2009 1014 2063 ego
1046 1991 1175 2047 nihil
1220 1991 1324 2061 egi,
1369 2000 1460 2045 aut
1510 1999 1676 2044 totum
1704 1988 1847 2059 quod

266 2087 339 2158 egi
368 2085 559 2150 effudi;
604 2100 713 2139 non
757 2083 960 2159 accipio
993 2080 1293 2137 mercedem
1316 2122 1330 2146 ,
1385 2096 1490 2136 non
1520 2094 1733 2135 mereor
1761 2079 1846 2134 vel

268 2178 493 2235 laudem?
520 2181 753 2232 Avertat
779 2177 917 2231 Deus
944 2174 1083 2230 hanc
1109 2175 1418 2240 amentiam,
1450 2182 1502 2229 et
1529 2172 1670 2230 hanc
1693 2188 1850 2244 argu-

267 2270 636 2326 mentationem
660 2283 870 2321 vanam.
898 2266 1044 2321 Dicat
1066 2265 1249 2331 homo,
1280 2264 1539 2320 Peccator
1563 2279 1700 2331 sum,
1723 2264 1845 2334 quia

270 2371 500 2432 peccator
528 2369 617 2416 est
644 2377 658 2414 :
681 2359 844 2427 dicat,
878 2357 1159 2413 Peccatum
1193 2355 1388 2422 habeo,
1417 2354 1540 2425 quia
1570 2365 1846 2425 peccatum

267 2454 431 2509 habet.
472 2453 596 2509 Non
626 2452 768 2507 enim
816 2451 860 2505 si
890 2465 995 2504 non
1022 2449 1216 2513 habet,
1243 2447 1536 2518 sapientior
1563 2454 1647 2502 est
1683 2460 1843 2516 quam

269 2544 455 2599 Daniel.
482 2543 651 2614 Ergo,
672 2541 861 2596 fratres
880 2540 1007 2605 mei,
1032 2540 1172 2594 illam
1191 2539 1541 2609 quaestionem
1564 2535 1847 2607 aliquando

267 2636 634 2691 determinem.
667 2633 723 2688 Si
745 2633 875 2702 justi
902 2633 979 2687 sic
1006 2630 1308 2702 appellandi
1335 2638 1487 2696 sunt,
1521 2629 1658 2684 sicut
1686 2626 1847 2683 modo

267 2726 477 2796 quodam
517 2726 760 2780 humano
796 2723 924 2793 justi
951 2722 1306 2793 appellantur,
1337 2720 1630 2777 secundum
1656 2734 1846 2791 quam-

266 2817 372 2872 dam
398 2817 866 2873 conversationem
905 2830 1007 2884 qua
1054 2815 1195 2869 inter
1224 2813 1471 2869 homines
1516 2811 1701 2866 vivunt
1730 2811 1846 2866 sine

267 2911 462 2981 querela
496 2928 509 2965 :
544 2909 704 2964 multi
736 2909 866 2964 tales
896 2907 1079 2961 Romae
1104 2924 1118 2972 ;
1146 2915 1203 2963 et
1240 2915 1458 2976 propter
1479 2904 1578 2959 hos
1609 2903 1848 2974 pepercit

267 2999 419 3064 Deus,
449 3000 606 3055 multi
640 3008 927 3054 evaserunt
960 3017 970 3051 :
998 2998 1093 3053 sed
1121 3007 1176 3052 et
1216 2997 1294 3053 eis
1338 2997 1425 3067 qui
1455 2997 1650 3052 mortui
1680 3004 1844 3063 sunt,

268 3092 487 3161 pepercit
517 3092 686 3145 Deus.
718 3088 912 3144 Mortui
933 3089 1074 3143 enim
1099 3088 1151 3142 in
1171 3088 1310 3143 bona
1333 3088 1439 3141 vita
1457 3094 1512 3142 et
1543 3102 1669 3142 vera
1690 3086 1849 3156 justi-

267 3185 347 3249 tia,
373 3185 425 3240 in
450 3184 596 3239 bona
628 3182 763 3248 fide,
794 3196 972 3236 nonne
1002 3179 1259 3235 mrumnis
1286 3193 1465 3233 rerum
1494 3180 1847 3231 humanarum

265 3283 559 3340 caruerunt,
603 3280 660 3330 et
687 3272 754 3328 ad
800 3273 1038 3326 divinum
1081 3270 1414 3341 refrigerium
1447 3267 1848 3338 pervenerunt?

264 3364 440 3421 Mortui
466 3373 603 3421 sunt
631 3372 752 3434 post
782 3362 1155 3419 tribulationes
1176 3403 1191 3429 ,
1229 3360 1498 3432 quomodo
1523 3375 1724 3432 pauper
1757 3360 1849 3417 ille

261 3467 373 3512 ante
412 3459 641 3527 januam
672 3456 872 3512 divitis.
919 3455 1025 3512 Sed
1064 3455 1207 3525 passi
1245 3466 1369 3511 sunt
1400 3454 1630 3509 famem?
1660 3469 1849 3525 passus

262 3558 333 3604 est
359 3561 404 3605 et
432 3546 540 3606 ille.
566 3550 729 3607 Passi
760 3557 886 3604 sunt
906 3550 1121 3604 vulnera
1142 3548 1167 3602 Υ
1190 3563 1378 3619 passus
1395 3557 1477 3603 est
1493 3556 1548 3603 et
1561 3548 1650 3603 ille
1671 3566 1684 3602 :
1714 3547 1849 3606 forte

261 3640 423 3695 minus
451 3657 546 3698 eos
575 3656 748 3696 canes
773 3641 1065 3695 linxerunt.
1086 3639 1273 3694 Μοτιυὶ
1303 3639 1471 3694 sunt?
1497 3648 1739 3693 mortuus
1766 3649 1848 3694 est

266 3741 312 3784 et
353 3732 436 3786 ille
489 3751 502 3788 :
550 3732 651 3787 sed
685 3746 791 3802 quo
838 3730 943 3785 fine
971 3729 1135 3784 audi:
1183 3727 1436 3800 Contigit,
1471 3728 1682 3799 inquit,
1720 3730 1850 3784 mori

264 3822 448 3892 inopem
467 3824 640 3887 iitum,
667 3830 715 3875 et
759 3822 951 3894 auferri
987 3820 1049 3875 ab
1085 3820 1289 3892 Angelis
1325 3820 1379 3874 in
1410 3819 1579 3875 sinum
1608 3819 1846 3876 Abralue.

266 3910 403 3979 (Luc.
434 3930 550 3980 XVI,
571 3914 649 3969 20
659 3910 800 3984 32).

323 4002 545 4060 CAPUT
580 4002 800 4057 Vl.——6.
824 4000 1088 4068 Quomodo
1103 3998 1229 4055 Urbi
1247 3999 1385 4055 Deus
1402 3999 1619 4071 pepercit
1647 4008 1849 4071 propter

260 4095 432 4162 justas.
466 4093 937 4164 Constantinopolis
962 4100 1151 4146 terrore
1171 4092 1480 4145 imminentis
1507 4090 1602 4144 sibi
1628 4092 1850 4146 incendii

261 4189 513 4243 emendata
531 4190 777 4244 diuinitus
802 4198 848 4241 et
874 4198 1091 4241 servata.
1124 4186 1334 4242 Utinam
1361 4185 1547 4242 videre
1569 4201 1848 4257 possemus

262 4277 421 4333 oculis
446 4280 662 4335 animas
683 4288 989 4333 sanctorum
1014 4277 1104 4347 qui
1123 4277 1175 4334 in
1199 4276 1291 4332 illo
1313 4277 1454 4333 bello
1480 4278 1674 4333 mortui
1700 4286 1846 4343 sunt;

260 4376 377 4424 tunc
403 4370 668 4425 videretis
693 4368 962 4440 quomodo
994 4369 1134 4423 Deus
1164 4369 1463 4438 pepercerit
1488 4368 1710 4423 civitati.
1734 4368 1848 4423 Mil-

260 4457 323 4511 lia
351 4460 491 4515 enim
522 4469 835 4516 sanctorum
867 4460 921 4513 in
965 4458 1248 4529 refrigerio
1291 4467 1437 4523 sunt,
1470 4459 1762 4513 ltetantium
1796 4468 1850 4513 ct

257 4548 540 4606 dicentium
575 4553 694 4606 Deo
727 4569 739 4605 :
769 4550 979 4606 Gratias
1020 4550 1134 4616 tibi,
1183 4550 1305 4620 quia
1347 4544 1445 4605 nos
1473 4566 1502 4606 a
1531 4551 1708 4605 carnis
1736 4566 1849 4605 mo-

260 4638 416 4698 lestiis
441 4650 501 4698 et
538 4642 828 4698 tormentis
852 4640 1061 4697 eruisti.
1089 4640 1299 4697 Gratias
1328 4641 1440 4707 tibi,
1468 4641 1591 4712 quia
1611 4641 1723 4712 jam
1752 4658 1850 4696 nec

257 4732 525 4804 barbaros,
555 4751 661 4792 nec
681 4735 950 4790 diabolum
976 4732 1358 4799 formidamus;
1392 4748 1499 4787 non
1524 4734 1773 4788 timemus
1796 4734 1847 4789 in

260 4834 391 4880 terra
418 4829 640 4893 famem,
683 4843 789 4882 non
812 4827 1063 4883 timemus
1079 4825 1393 4896 grandinem
1416 4866 1430 4890 ,
1461 4841 1569 4881 non
1598 4826 1849 4881 timemus

258 4916 483 4987 hostem,
509 4937 625 4977 non
653 4921 903 4977 timemus
931 4920 1195 4987 lictorem,
1226 4934 1331 4974 non
1361 4920 1609 4974 timemus
1629 4934 1851 4988 oppres-

252 5024 425 5067 sorem
454 5031 470 5066 :
501 5013 603 5069 sed
644 5028 831 5068 sumus
857 5013 909 5067 in
939 5020 1079 5067 terra
1127 5012 1355 5074 mortui,
1396 5010 1537 5081 apud
1582 5019 1655 5076 te,
1688 5011 1847 5075 Deus,

255 5118 355 5159 non
380 5105 660 5172 morituri,
691 5105 743 5159 in
774 5118 940 5175 regno
966 5112 1059 5159 tuo
1092 5102 1246 5172 salvi,
1279 5101 1422 5157 dono
1448 5111 1560 5169 tuo,
1604 5117 1710 5155 non
1737 5116 1851 5156 me-

255 5194 352 5247 rito
377 5204 588 5251 nostro.
614 5195 803 5263 Qualis
828 5195 1014 5250 civitas
1042 5202 1125 5249 est
1149 5192 1431 5248 humilium
1460 5193 1477 5225 ¹
1506 5208 1623 5263 qua:
1650 5193 1748 5248 ista
1769 5192 1853 5247 di-

254 5286 359 5342 cit?
377 5288 461 5343 An
485 5287 696 5359 putatis
722 5288 989 5342 civitatem
1022 5287 1073 5341 in
1118 5286 1410 5358 parietibus
1453 5284 1851 5356 deputandam?

256 5378 447 5434 Civitas
477 5381 533 5435 in
563 5380 778 5436 civibus
805 5390 912 5446 est,
946 5394 1050 5433 non
1098 5379 1152 5433 in
1192 5378 1508 5448 parietibus.
1542 5377 1778 5446 Denique
1804 5376 1851 5432 si

257 5470 451 5527 diceret
477 5474 623 5528 Deus
652 5470 965 5534 Sodomitis,
1000 5470 1210 5542 Fugite,
1241 5470 1363 5541 quia
1397 5470 1712 5524 incensurus
1732 5482 1850 5522 sum

258 5559 426 5616 locum
460 5565 628 5617 istum
654 5588 668 5617 .
700 5578 879 5617 nonne
918 5577 1169 5632 magnum
1216 5563 1463 5616 meritum
1518 5575 1612 5615 eos
1653 5559 1851 5614 habere

259 5651 576 5719 diceremus,
630 5653 678 5707 si
720 5653 986 5725 fugerent,
1012 5661 1067 5708 et
1106 5652 1317 5707 flamma
1364 5650 1431 5705 de
1458 5650 1597 5705 coelo
1624 5648 1849 5704 descen-

261 5744 385 5801 dens
430 5750 635 5803 inmitia
672 5748 1009 5817 parietesque
1045 5747 1324 5802 vastaret?
1364 5745 1551 5801 Nonne
1582 5744 1721 5799 Deus
1757 5757 1847 5813 pe-

322 5886 338 5913 ¹
369 5889 440 5932 Er.
469 5893 520 5934 et
548 5892 630 5933 \ts.
657 5883 811 5941 Ἆιί‹,·Ιι.,
840 5879 1059 5933 miUimn.

3420 434 3423 437 ‘
3446 420 3551 477 722

1959 532 2200 593 percerat
2219 525 2437 593 civitati,
2460 529 2578 597 quia
2596 528 2778 585 civitas
2799 530 3137 604 migraverat,
3172 538 3226 590 et
3250 533 3541 605 perniciem

1956 613 2098 669 illius
2120 616 2257 686 ignis
2283 633 2523 673 evaserat
2553 620 2571 672 ἓ

2026 708 2081 764 7.
2106 707 2296 765 Nonne
2338 718 2460 765 ante
2499 726 2695 780 paucos
2723 727 2923 781 annos,
2955 714 3183 771 Arcadio
3212 715 3538 785 imperatore

1954 797 2414 871 Constantinopoli
2465 801 2628 872 (quod
2665 803 2808 872 dico,
2836 806 3056 860 audiunt
3101 808 3341 861 nonnulli
3384 807 3543 861 forsi-

1954 899 2043 946 tan
2072 893 2158 962 qui
2186 902 2465 959 novcrunt,
2511 904 2564 949 et
2594 905 2717 951 sunt
2765 899 2816 951 in
2852 897 2953 952 hoc
2989 900 3184 969 populo
3226 901 3316 970 qui
3346 909 3400 955 et
3427 899 3538 955 illic

1953 993 2250 1051 praesentes
2283 982 2546 1055 fuerunt),
2577 987 2761 1041 volens
2787 987 2929 1042 Deus
2949 999 3149 1044 terrere
3168 990 3460 1058 civitatem,
3484 1000 3541 1046 et

1954 1075 2205 1130 terrendo
2234 1076 2521 1132 emendare
2540 1119 2554 1143 ,
2607 1079 2856 1134 terrendo
2885 1090 3196 1141 convertere
3216 1124 3231 1149 ,
3285 1083 3540 1138 terrendo

1952 1167 2236 1232 mundare,
2268 1170 2519 1225 terrendo
2554 1180 2780 1237 mutare,
2811 1189 2969 1228 servo
2995 1174 3203 1228 cuidam
3232 1190 3330 1230 suo
3357 1175 3539 1241 fideli,

1954 1259 2093 1321 viro.
2127 1268 2184 1313 ut
2203 1260 2417 1325 dicitur,
2450 1262 2688 1328 militari,
2718 1264 2862 1318 venit
2888 1264 2939 1318 in
2964 1264 3307 1331 revelatione,
3331 1274 3384 1319 et
3404 1265 3542 1321 dixit

1953 1350 2002 1405 ei
2020 1350 2289 1407 civitatem
2313 1362 2538 1408 venturo
2553 1352 2621 1408 de
2647 1354 2786 1409 etelo
2815 1355 2932 1425 igne
2954 1355 3280 1424 perituram;
3310 1370 3541 1425 eumque

1953 1442 2229 1498 admonuit
2254 1453 2313 1499 ut
2342 1444 2593 1515 episcopo
2618 1445 2837 1500 diceret.
2870 1446 3076 1501 Dictum
3113 1455 3230 1513 est;
3274 1462 3381 1503 non
3412 1462 3544 1502 con-

1955 1534 2172 1604 tempsit
2224 1537 2539 1606 episcopus,
2585 1545 2639 1592 et
2666 1537 2928 1592 allocutus
2953 1547 3036 1592 est
3071 1538 3366 1609 p0pulum;
3404 1553 3543 1593 con-

1952 1641 2111 1682 versa
2139 1637 2223 1683 est
2256 1628 2443 1683 civitas
2470 1629 2521 1683 in
2570 1628 2771 1684 luctum
2807 1630 3156 1698 ptruitentiae,
3188 1632 3541 1703 quemadmo-

1951 1718 2077 1774 dum
2103 1720 2369 1791 quondam
2399 1721 2485 1775 illa
2523 1723 2738 1792 antiqua
2768 1722 2957 1778 Ninive
2983 1722 3159 1793 (Jama
3202 1740 3288 1789 Ill,
3322 1722 3401 1795 5).
3431 1723 3540 1778 Ta-

1953 1826 2075 1867 men
2104 1828 2173 1868 ne
2200 1822 2448 1883 putarent
2475 1813 2719 1870 homines
2749 1815 2895 1870 illum
2923 1814 3014 1885 qui
3053 1816 3261 1870 dixerat
3291 1816 3373 1873 vel
3396 1815 3541 1870 falsi-

1954 1910 2062 1957 tate
2089 1903 2370 1974 deceptum
2395 1906 2477 1959 vel
2507 1903 2711 1961 fallacia
2734 1905 3035 1978 decepisse,
3062 1907 3207 1962 venit
3232 1906 3347 1962 dies
3376 1921 3536 1976 quem

1952 1994 2092 2048 Deus
2114 1994 2284 2048 fuerat
2309 1996 2662 2050 comminatus
2688 2015 2700 2048 :
2725 1998 2944 2052 intentis
2983 1999 3233 2053 omnibus
3257 2007 3313 2052 et
3337 1999 3539 2052 exitum

1950 2100 2070 2140 cum
2095 2086 2284 2142 timore
2307 2103 2500 2157 magno
2528 2092 2987 2159 exspectantibus,
3012 2092 3182 2145 noctis
3208 2090 3360 2145 initio
3391 2100 3539 2146 tene-

1951 2177 2138 2234 ltrante
2158 2180 2269 2248 jam
2306 2179 2525 2245 mundo,
2551 2181 2663 2236 visa
2699 2191 2781 2237 est
2810 2184 2963 2254 ignea
2993 2183 3163 2237 nubes
3200 2183 3266 2237 ab
3295 2183 3535 2247 oriente,

1951 2270 2125 2339 primo
2155 2286 2329 2339 parva,
2361 2270 2555 2326 deinde
2586 2272 2837 2341 paulatim
2866 2282 2921 2327 ut
2951 2272 3241 2328 accedebat
3271 2287 3432 2342 super
3460 2272 3540 2326 ci-

1950 2362 2167 2415 vitatem
2200 2360 2272 2415 ita
2302 2361 2598 2424 crescebat.
2627 2362 2799 2419 donec
2827 2364 2920 2418 toti
2954 2364 3067 2419 urbi
3111 2364 3246 2433 ignis
3276 2364 3291 2394 ¹
3319 2362 3539 2418 terribi-

1950 2452 2072 2507 liter
2100 2452 2421 2508 immineret.
2439 2452 2733 2507 Videbatur
2754 2454 3018 2509 horrenda
3044 2454 3256 2508 flamma
3282 2452 3537 2523 pendere,

1951 2558 2052 2597 nec
2081 2542 2215 2597 odor
2244 2542 2517 2612 sulphuris
2536 2542 2739 2598 deerat.
2774 2542 2973 2599 Omnes
3001 2543 3066 2597 ad
3095 2543 3377 2598 ecclesiam
3403 2556 3536 2596 cou—

1950 2634 2262 2706 fugiebant,
2297 2650 2401 2690 non
2430 2635 2673 2706 capiebat
2710 2634 3102 2690 multitudinem
3151 2634 3322 2698 locus,
3355 2632 3539 2703 Bapti-

1951 2741 2127 2781 smum
2155 2725 2505 2796 extorquebat
2535 2726 2803 2796 quisquea
2826 2741 2932 2797 quo
2961 2733 3189 2797 poterat.
3216 2724 3331 2779 Non
3361 2723 3535 2777 solum

1950 2818 2003 2871 in
2024 2816 2271 2881 ecclesia,
2299 2815 2390 2871 sed
2412 2815 2571 2870 etiam
2601 2831 2695 2887 per
2722 2817 2932 2881 domos,
2961 2832 3059 2886 per
3082 2816 3230 2870 vicos
3246 2831 3308 2871 ac
3338 2815 3537 2884 plateas

1951 2908 2097 2962 salus
2144 2905 2474 2962 Sacramenti
2521 2906 2866 2977 exigebatur;
2896 2916 2954 2961 ut
2992 2905 3266 2976 fugeretur
3296 2906 3394 2972 ira,
3426 2920 3539 2960 non

1950 3012 2188 3070 prmsens
2214 2997 2415 3069 utique,
2446 2997 2541 3052 sed
2568 2996 2781 3065 futura._
2805 2996 3006 3053 Tamen
3038 3007 3159 3068 post
3193 3011 3439 3068 magnam
3467 2995 3536 3050 il-

1951 3093 2055 3146 lam
2110 3091 2530 3157 tribulationem,
2581 3090 2672 3145 tibi
2721 3091 2960 3146 exhibuit
3001 3091 3141 3145 Deus
3174 3089 3332 3144 fidem
3360 3088 3540 3143 verbis

1950 3183 2083 3248 suis,
2112 3193 2167 3237 et
2191 3182 2505 3237 revelationi
2544 3180 2683 3236 servi
2708 3182 2809 3242 sui.
2842 3180 3026 3251 coepit,
3061 3190 3117 3234 ut
3143 3188 3405 3247 creverat,
3434 3178 3537 3233 mi-

1952 3274 2044 3328 nui
2074 3274 2264 3337 nubes,
2308 3272 2669 3343 paulatimque
2701 3282 3017 3343 consumpta
3058 3279 3160 3327 est.
3189 3271 3421 3341 Populus
3448 3284 3538 3325 se-

1950 3380 2113 3422 curus
2158 3365 2430 3435 paululum
2459 3364 2658 3432 factus,
2699 3365 2892 3419 iterum
2924 3364 3129 3419 audivit
3157 3365 3378 3419 omnino
3417 3378 3540 3418 esse

1951 3457 2307 3530 migrandum,
2336 3455 2478 3527 quod
2504 3456 2690 3513 civitas
2712 3466 2857 3512 esset
2893 3457 3139 3527 proximo
3166 3457 3387 3511 sabbato
3423 3470 3544 3525 per-

1952 3550 2115 3605 itura.
2145 3548 2391 3619 Migravit
2417 3563 2537 3604 cum
2566 3547 2892 3619 lmperatore
2923 3557 3029 3602 tota
3049 3547 3273 3614 civitas;
3305 3562 3463 3601 nemo
3484 3546 3539 3601 in

1951 3639 2114 3695 domo
2143 3638 2419 3705 remansit,
2468 3654 2627 3694 nemo
2668 3638 2887 3693 domum
2914 3639 3148 3694 clausit:
3181 3638 3339 3708 longe
3381 3653 3539 3692 recc-

1951 3732 2087 3787 dens
2110 3746 2141 3786 a
2172 3730 2457 3793 moenibus,
2496 3738 2549 3784 et
2592 3728 2765 3783 dulcia
2801 3736 2934 3784 tecta
2976 3728 3289 3799 respiciens,
3335 3727 3537 3783 relictis

1952 3822 2285 3878 charissimis
2314 3822 2530 3877 sedibus
2558 3836 2691 3875 voce
2720 3822 3008 3876 miserabili
3040 3821 3300 3875 valefccit.
3330 3820 3400 3874 Et
3442 3820 3542 3873 ali-

1952 3923 2082 3985 quot
2110 3914 2343 3970 millibus
2365 3922 2508 3968 tanta
2538 3913 2627 3968 illa
2658 3913 2941 3969 multitudo
2974 3928 3275 3983 progressa,
3318 3928 3427 3968 uno
3455 3920 3538 3967 ta-

1954 4022 2074 4062 tuen
2102 4005 2219 4061 loco
2247 4003 2533 4059 fundendis
2561 4003 2627 4059 ad
2650 4004 2815 4059 Deum
2838 4005 3165 4060 orationibus
3189 4013 3531 4075 congregata,

1955 4114 2206 4170 magnum
2231 4096 2434 4151 fumum
2463 4095 2641 4151 subito
2666 4094 2817 4161 vidit,
2850 4106 2903 4151 et
2930 4111 3114 4151 vocem
3142 4110 3387 4166 magnam
3412 4099 3540 4151 emi-

1952 4194 2023 4247 sit
2054 4192 2121 4246 ad
2150 4192 2313 4246 Deum
2347 4206 2361 4243 :
2408 4188 2728 4260 tandemque
2780 4187 3159 4258 tranquillitate
3207 4196 3496 4257 conspecta
3523 4229 3539 4254 ,

1955 4283 2131 4339 missis
2155 4282 2246 4354 qui
2272 4281 2662 4346 renuntiarent,
2695 4280 2919 4336 sollicita
2946 4295 3065 4350 qua:
3085 4278 3336 4350 prtedicta
3368 4278 3544 4336 fuerat

1954 4377 2085 4432 hora
2114 4384 2401 4442 transacta,
2427 4384 2479 4430 et
2500 4374 2928 4429 renuntiantibus
2947 4372 3088 4443 quod
3114 4372 3260 4427 salva
3291 4373 3540 4428 universa

1954 4470 2150 4525 muenia
2174 4477 2228 4524 et
2253 4477 2390 4523 tecta
2411 4467 2791 4532 consisterent,
2822 4480 3012 4521 omnes
3040 4479 3162 4520 cum
3194 4464 3392 4536 ingenti
3416 4480 3541 4535 gra-

1954 4562 2212 4616 tulatione
2261 4560 2556 4616 redierunt.
2589 4558 2758 4614 Nemo
2797 4557 2865 4614 de
2913 4557 3074 4614 domo
3117 4572 3212 4613 sua
3251 4558 3540 4629 quidquam

1954 4652 2216 4723 perdidit,
2251 4659 2521 4721 patentem
2563 4650 2739 4707 omnis
2770 4649 2931 4705 homo
2972 4648 3111 4704 sicut
3152 4648 3357 4703 dimisit
3385 4649 3534 4701 inve-

1954 4746 2031 4800 nit
2052 4742 2153 4815 (a).

2023 4835 2248 4893 CAPUT
2280 4835 2388 4891 VII.
2419 4865 2489 4876 —
2514 4834 2568 4890 8.
2597 4833 2663 4889 Ut
2694 4830 3159 4898 ConstaittinOpolt's
3201 4831 3271 4885 ita
3293 4840 3340 4884 ct
3377 4829 3544 4883 Roma

1953 4945 1984 4982 a
2013 4926 2118 4981 Deo
2155 4934 2384 4995 correpta
2434 4924 2600 4993 potius
2642 4940 2794 4996 quam
2828 4922 3043 4993 perdita.
3073 4921 3210 4989 Quid
3263 4921 3544 4975 dicemus?

1954 5017 2144 5074 Utrum
2176 5018 2275 5071 ista
2301 5016 2378 5071 ira
2410 5015 2608 5078 Dei,an
2642 5015 2813 5084 potius
2851 5012 3211 5067 misericordia
3264 5011 3545 5078 fnit?Quis

1953 5110 2158 5167 dubitet
2184 5107 2738 5163 misericordissimum
2768 5112 2969 5175 patrem
2991 5104 3259 5176 corrigere
3288 5104 3546 5173 voluisse,

1954 5213 2007 5257 et
2035 5198 2303 5264 terrendo,
2336 5213 2442 5253 non
2490 5196 2763 5267 perdendo
2796 5195 3002 5266 punire,
3030 5194 3245 5265 quando
3281 5194 3410 5251 nihil
3444 5197 3544 5250 ho-

1957 5291 2180 5355 minum,
2213 5289 2344 5343 nihil
2372 5287 2672 5351 domorum,
2709 5285 2840 5340 nihil
2872 5286 3126 5340 mtenium
3169 5296 3311 5341 tanta
3342 5288 3544 5357 impen-

1955 5382 2089 5437 dens
2131 5394 2368 5452 prtesens
2404 5378 2681 5433 calamitas
2709 5378 2729 5408 ¹
2759 5375 2931 5431 laesit?
2957 5377 3181 5431 Prorsus
3208 5379 3346 5434 sicut
3370 5381 3550 5434 solent

1956 5488 2146 5527 manus
2174 5470 2305 5541 erigi
2334 5469 2400 5523 ad
2422 5467 3167 5531 feriendum,etconstrrnalo
3212 5470 3301 5526 illo
3338 5471 3425 5541 qui
3474 5472 3551 5527 fe-

2025 5694 2038 5757 }
2080 5690 2216 5757 aditi,
2242 5687 2420 5751 ingens.
2450 5687 2617 5757 Melius
2649 5697 2731 5757 ius.
2756 5689 3082 5757 Micb.,_ignis_.

2022 5754 2042 5820 ξ
2076 5754 2148 5820 sic
2171 5752 2298 5820 idem
2334 5758 2415 5799 Ms.
2451 5760 2504 5801 At
2544 5752 3290 5820 editi,prwsentiu'catnmitutis.

2023 5815 2095 5878 (ᾳ)
2145 5815 2464 5878 λιμςξιιιίιιθιηιιμιιἶ
2510 5815 2809 5878 Marcellinus
2854 5824 2904 5865 et
2950 5824 3151 5878 Prosper
3198 5818 3246 5864 in
3288 5817 3458 5863 tzltton.
3503 5823 3555 5865 et

1962 5876 2131 5926 Paulus
2156 5875 2400 5935 diaconus,
2422 5875 2501 5924 lib.
2534 5877 2604 5925 15.
2636 5878 2795 5929 ltuit-rt
2825 5875 3130 5927 tiartntius'ad
3153 5889 3332 5928 annum
3349 5878 3462 5925 δυο).
