4018 6490
497 413 605 466 7°25

496 548 712 606 riendus
738 554 872 611 erat,
904 544 1245 602 miseratione
1268 541 1533 609 revocari,
1562 541 1633 596 ita
1663 541 1857 595 factum
1901 546 1983 593 est
2009 536 2083 591 illi

486 640 722 699 civitati.
757 638 1132 693 Verumtamen
1168 635 1213 690 si
1243 649 1309 691 eo
1351 642 1610 703 tempore,
1643 645 1748 701 quo
1792 630 1883 684 illa
1923 628 2083 684 derc-

496 732 619 788 licta
666 730 892 802 populus
930 729 1207 785 universus
1254 725 1540 790 abscessit,
1582 725 1809 779 irrueret
1866 721 2085 777 vastitas

494 824 633 889 loco,
663 833 933 894 totamque
970 822 1157 877 urbem
1184 821 1321 877 sicut
1367 818 1675 884 Sodomam,
1704 814 1867 870 nullis
1893 813 2081 868 saltem

495 916 665 971 ruinis
693 915 1112 982 remanentibus,
1147 914 1492 983 perdidisset;
1521 912 1639 982 quis
1684 910 1843 965 etiam
1883 908 1960 962 sic
1988 906 2087 962 du-

495 1011 693 1066 bitaret
731 1006 873 1077 quod
904 1006 1047 1061 Deus
1091 1005 1415 1076 pepercisset
1454 1004 1531 1058 illi
1573 1002 1791 1067 Civitati,
1815 1014 1917 1070 qua
1947 1012 2085 1068 pra:-

488 1097 701 1152 monita
732 1106 786 1153 et
811 1096 1017 1163 territa,
1039 1105 1092 1152 et
1116 1095 1423 1152 discedente
1446 1104 1605 1165 atque
1632 1093 1908 1163 migrante,
1936 1089 2083 1144 loeus

497 1189 588 1244 ille
615 1189 1052 1245 consumeretur?
1073 1188 1162 1245 Sic
1182 1188 1401 1243 minime
1427 1185 1775 1242 dubitandum
1792 1194 1873 1240 est
1894 1198 2085 1253 peper-

495 1281 633 1337 cisse
663 1281 828 1336 Deum
859 1280 1113 1336 Romanm
1138 1280 1298 1335 etiam
1339 1278 1564 1343 civitati,
1596 1292 1715 1347 qua:
1739 1283 1863 1331 ante
1889 1274 2084 1330 hostile

498 1370 803 1426 incendium
858 1369 914 1425 in
964 1371 1144 1425 multis
1191 1386 1259 1425 ex
1307 1369 1473 1423 multa
1535 1376 1685 1438 parte
1741 1367 2079 1438 migraverat.

497 1457 791 1532 Migrarunt
831 1462 921 1533 qui
972 1463 1238 1533 fugerunt,
1266 1462 1562 1532 migrarunt
1599 1460 1690 1531 qui
1737 1459 1805 1516 de
1856 1474 2084 1529 corpore

497 1553 738 1610 exierunt
766 1571 780 1609 :
809 1555 960 1610 multi
1006 1563 1293 1626 praesentes
1319 1564 1605 1624 utcumque
1626 1553 1913 1621 latuerunt,
1933 1550 2084 1606 multi

501 1648 560 1702 in
602 1646 736 1704 locis
786 1636 985 1703 sanctis
1032 1647 1137 1702 vivi
1190 1648 1432 1717 salvique
1480 1646 1676 1702 servati
1726 1654 1870 1701 sunt.
1928 1644 2083 1702 Manu

486 1752 619 1806 ergo
648 1738 981 1794 emendantis
1008 1738 1103 1795 Dei
1140 1747 1383 1809 correpta
1437 1748 1519 1794 est
1548 1740 1723 1808 potius
1747 1737 1937 1793 civitas
1971 1737 2080 1803 illa,

490 1841 651 1896 quam
700 1828 904 1897 perdita
952 1847 966 1884 :
1012 1836 1258 1900 tanquam
1301 1844 1489 1886 servus
1538 1829 1715 1884 sciens
1755 1829 2083 1884 voluntatem

491 1915 693 1973 domini
722 1919 825 1985 sui,
871 1928 925 1975 et
952 1920 1149 1976 faciens
1187 1922 1344 1993 digna
1392 1919 1580 1992 plagis,
1596 1920 1863 1991 vapulabit
1906 1921 2084 1977 multis

492 2005 645 2076 (Luc.
670 2025 763 2075 xu,
795 2011 906 2081 47).

566 2095 793 2157 CAPUT
813 2102 1102 2159 Vlll.—9.
1145 2102 1501 2159 Tributationis
1539 2104 1827 2177 temporalis
1867 2104 2079 2159 utilitas.

494 2190 668 2260 Atque
681 2191 882 2247 utinam
900 2194 1071 2249 valent
1084 2192 1151 2249 ad
1172 2195 1479 2265 exemplum
1498 2194 1719 2263 timoris,
1734 2205 1788 2251 et
1804 2196 1939 2251 mala
1964 2210 2084 2251 con-

496 2280 823 2350 cupiscentia
851 2283 1038 2339 sitiens
1060 2285 1335 2350 mundum,
1352 2294 1405 2340 et
1420 2295 1674 2356 appetens
1693 2286 1890 2356 perfrui
1906 2286 2083 2357 perni-

491 2371 806 2428 ciosissimis
839 2375 1214 2445 voluptatibus,
1235 2376 1633 2434 demonstrante
1664 2378 1886 2433 Domino
1924 2394 2082 2449 quam

490 2462 600 2516 sint
634 2464 909 2520 instablles
951 2476 1005 2521 et
1050 2467 1263 2523 caducae
1295 2483 1481 2523 omnes
1523 2470 1703 2525 saeculi
1741 2471 1999 2526 vanitates
2029 2481 2084 2527 et

492 2553 713 2609 insania:
754 2557 1060 2626 mendaces,
1086 2560 1262 2629 potius
1305 2558 1623 2629 refrenetur,
1655 2577 1813 2633 quam
1850 2562 1949 2617 sub
1990 2562 2083 2617 ila-

490 2644 645 2714 gellis
686 2646 1012 2719 dignissimis
1066 2649 1321 2705 adversus
1358 2651 1638 2707 Dominum
1699 2660 2079 2707 murmuretur.

492 2735 597 2790 Sed
620 2752 777 2792 unam
806 2739 1051 2794 tribulam
1076 2741 1238 2796 sentit
1263 2756 1410 2809 area,
1437 2749 1497 2796 ut
1524 2741 1715 2812 stipula
1749 2741 2079 2811 concidatur,

490 2842 713 2897 granum
758 2833 1260 2898 mundetur;unum
1290 2834 1464 2904 ignem
1494 2835 1689 2905 patitur
1716 2834 1901 2892 fornax
1941 2836 2085 2892 auri-

498 2922 631 2983 ilcis,
660 2931 717 2978 ut
742 2924 895 2994 palea
920 2925 973 2981 in
1012 2926 1247 2981 cinerem
1290 2935 1495 2997 pergat,
1514 2942 1699 2982 aurum
1724 2928 1971 2984 sordibus
1995 2945 2085 2985 ca-

489 3023 607 3070 reat
637 3032 651 3068 :
679 3016 756 3071 sic
796 3026 850 3072 et
888 3032 1045 3073 unam
1088 3018 1479 3075 tribulationem
1523 3021 1688 3076 Roma
1737 3024 1974 3092 pertulit,
2024 3025 2077 3080 in

496 3123 600 3177 qua
622 3107 705 3163 vel
726 3109 1039 3166 emendatus
1070 3111 1155 3166 vel
1186 3111 1441 3167 liberatus
1457 3122 1538 3168 est
1576 3114 1729 3184 pius;
1757 3115 1949 3184 impius
1986 3131 2081 3172 au-

495 3207 609 3254 tem
631 3197 913 3257 damnatus
929 3210 1031 3271 est,
1048 3202 1160 3258 sive
1176 3202 1244 3259 ab
1268 3203 1369 3260 hac
1385 3205 1489 3260 vita
1511 3214 1694 3276 raptus
1716 3208 1783 3261 sit
1809 3208 1896 3264 ubi
1916 3210 2083 3281 magis

499 3326 1438 3387 Ε

2016 400 2381 463 APPENDIX.

1438 3380 3227 3625 EFENDE—

2666 353 2695 365 ..ν

3673 414 3775 471 721

2192 553 2375 608 poenas
2391 538 2713 611 justissimas
2734 542 2921 609 lueret,
2956 543 3070 601 sive
3095 543 3181 601 hic
3200 543 3521 604 remanserit
3555 548 3643 605 ubi
3690 549 3784 606 da-

2191 630 2478 688 mnabilius
2488 632 2998 704 blasphemaret,aut
3009 645 3153 691 certe
3166 652 3259 707 pro
3273 638 3524 695 ineffabili
3539 640 3781 697 clemen-

2192 724 2261 780 tia
2289 740 2383 781 sua
2416 726 2575 795 Deus,
2595 743 2729 799 quos
2750 729 2897 784 novit
2915 730 3217 800 salvandos,
3238 734 3568 802 pmnitentiae
3598 751 3780 790 reser-

2188 820 2388 876 varet‘.
2406 819 2527 876 Non
2549 836 2675 893 ergo
2692 837 2791 878 nos
2814 832 3022 878 moveat
3038 824 3190 879 labor
3211 825 3442 895 piorum;
3466 827 3781 883 exercitatio

2188 919 2413 977 est,non
2442 912 2733 968 damnatio.
2765 913 2876 969 Nisi
2911 914 3044 969 forte
3080 916 3361 972 horremus
3382 931 3505 973 cum
3538 918 3782 974 videmus

2187 1001 2402 1072 indigna
2424 1012 2477 1059 et
2492 1007 2667 1075 gravia
2692 1005 2745 1059 in
2788 1005 2887 1060 hac
2910 1014 3048 1060 terra
3071 1008 3275 1078 perpeti
3294 1009 3526 1081 aliquem
3547 1011 3776 1081 justum,

2187 1100 2242 1149 et
2256 1094 2620 1151 obliviscimur
2644 1111 2761 1165 quae
2779 1097 3056 1166 pertulerit
3066 1098 3240 1167 justus
3263 1101 3525 1170 justorum
3545 1113 3775 1159 sanctus

2187 1200 2291 1254 que
2323 1187 2818 1255 sanctorum.Quod
2857 1205 3009 1259 passa
3041 1201 3124 1245 est
3156 1193 3405 1248 universa
3444 1194 3531 1248 illa
3567 1196 3776 1263 civitas,

2190 1289 2376 1344 passus
2407 1286 2491 1333 est
2524 1294 2678 1333 unus.
2698 1278 2803 1334 Sed
2831 1279 3004 1336 videte
3032 1282 3152 1351 quis
3194 1299 3330 1337 unus
3355 1302 3366 1337 :
3393 1284 3505 1338 Rex
3534 1302 3711 1355 regum
3735 1297 3778 1340 ct

2186 1362 2435 1421 Dominus
2448 1369 2814 1424 dominantium
2846 1368 3026 1442 (Apoc.
3048 1388 3158 1440 xxx,
3186 1373 3298 1444 i6),
3330 1376 3776 1445 comprehensus,

2189 1456 2420 1525 vinctus,
2434 1456 2750 1528 ﬂagellatus,
2764 1462 3102 1517 contumeliis
3119 1463 3364 1519 omnibus
3377 1466 3778 1537 agitatus,ligno

2187 1561 2479 1618 suspensus
2518 1559 2571 1605 et
2612 1549 2768 1619 fixus,
2817 1552 3056 1608 occisus.
3089 1554 3347 1624 Appende
3392 1570 3514 1610 cum
3560 1556 3778 1613 Christo

2186 1637 2431 1706 Romam,
2450 1641 2692 1711 appende
2718 1656 2839 1696 cum
2864 1643 3075 1698 Christo
3103 1652 3266 1699 totam
3287 1654 3506 1711 terram,
3528 1647 3775 1717 appendc

2186 1744 2306 1784 cum
2352 1729 2563 1787 Christo
2602 1734 2795 1788 ctelum
2821 1742 2877 1789 et
2916 1742 3110 1790 terram
3142 1754 3156 1791 :
3190 1736 3323 1791 nihil
3367 1749 3606 1795 creatum
3654 1754 3776 1794 cum

2186 1819 2437 1877 Creatore
2486 1831 2759 1893 pensatur,
2783 1825 2983 1880 nullum
3027 1841 3160 1897 opus
3193 1827 3383 1882 artiﬁci
3411 1841 3773 1900 comparatur.

2190 1912 2373 1968 Omnia
2415 1932 2504 1986 per
2542 1918 2710 1988 ipsum
2750 1920 2884 1988 facta
2908 1927 3045 1987 sunt,
3068 1928 3116 1974 et
3163 1920 3272 1974 sine
3316 1921 3428 1992 ipso
3470 1926 3663 1991 factum
3705 1931 3777 1978 est

2186 2006 2314 2060 nihil
2341 2004 2513 2079 (Joan.
2547 2008 2699 2079 1,5);
2734 2017 2789 2065 et
2836 2016 3015 2066 tamen
3048 2024 3078 2065 a
3117 2012 3562 2082 persequentibus
3600 2012 3773 2083 depu-

2185 2103 2325 2150 tatus
2368 2097 2625 2153 estnihil.
2654 2098 2910 2154 Feramus
2940 2115 3068 2171 ergo
3111 2100 3253 2171 quod
3299 2115 3400 2157 nos
3449 2102 3592 2157 Deus
3632 2101 3777 2158 ferre

2184 2185 2439 2251 voluerit;
2493 2188 2582 2256 qui
2626 2188 2780 2243 nobis
2817 2190 3070 2245 curandis
3109 2199 3268 2261 atque
3336 2191 3609 2260 sanandis,
3652 2194 3775 2263 quis

2185 2275 2346 2331 etiam
2372 2276 2527 2332 dolor
2550 2278 2619 2333 sit
2648 2279 2814 2347 utilis,
2842 2280 2979 2336 sicut
3002 2281 3240 2337 medicus
3266 2282 3433 2337 novit.
3454 2282 3615 2339 Certe
3650 2285 3777 2340 scri-

2184 2377 2330 2437 ptum
2350 2378 2451 2436 est,
2474 2368 2728 2425 Patientia
2753 2388 2881 2444 opus
2905 2374 3181 2445 perfectum
3212 2372 3358 2428 habet
3397 2371 3599 2445 (Jacobi
3626 2391 3676 2442 ι,
3696 2375 3773 2446 4);

2184 2462 2325 2532 quod
2354 2470 2533 2517 autem
2559 2464 2662 2518 erit
2701 2478 2835 2534 Opus
2877 2465 3167 2535 patientia},
3196 2466 3243 2521 si
3269 2466 3401 2520 nihil
3429 2466 3643 2521 adversi
3680 2482 3775 2536 pa-

2186 2554 2421 2609 tiamur?
2445 2553 2555 2609 Cur
2567 2571 2692 2626 ergo
2714 2556 2848 2611 mala
2872 2556 3178 2627 temporalia
3204 2558 3406 2628 perpeti
3431 2559 3776 2614 recusamus?

2184 2645 2269 2699 An
2306 2643 2444 2701 forte
2484 2645 2664 2715 perfici
2714 2647 3099 2703 formidamus?
3123 2647 3231 2703 Sed
3280 2648 3439 2718 plane
3481 2663 3701 2704 oremus
3724 2658 3777 2705 et

2185 2735 2596 2807 ingemiscamus
2627 2746 2680 2792 et
2712 2738 2980 2808 ploremus
3008 2738 3076 2794 ad
3112 2740 3413 2806 Dominum,
3443 2748 3506 2795 ut
3537 2750 3779 2795 servetur

2184 2842 2310 2898 erga
2340 2843 2436 2883 nos
2466 2828 2608 2899 quod
2634 2831 2921 2899 Apostolus
2947 2829 3077 2885 dicit
3109 2848 3122 2884 :
3153 2828 3349 2885 Fidelis
3375 2831 3532 2897 Deus,
3565 2832 3653 2899 qui
3676 2848 3777 2886 non

2184 2932 2270 2971 vos
2293 2917 2419 2971 sinet
2445 2919 2627 2972 tentari
2648 2936 2803 2990 supra
2844 2919 2900 2973 id
2923 2920 3058 2989 quod
3095 2922 3332 2989 potestis;
3355 2920 3444 2974 sed
3483 2920 3637 2990 faciet
3666 2938 3779 2975 cum

2186 3012 2454 3066 tentatione
2508 3013 2659 3066 etiam
2697 3013 2904 3080 exitum,
2945 3022 2997 3068 ut
3033 3015 3277 3070 sustinere
3332 3015 3535 3085 possitis
3570 3014 3630 3088 (Ι
3656 3013 3775 3071 Cor.

2186 3101 2392 3171 x,15).

2252 3235 2269 3267 ι
2307 3234 2389 3284 Hic
2404 3234 2635 3285 nonnulla
2654 3237 2705 3286 in
2731 3237 2875 3288 editis
2905 3238 3081 3289 omissa
3104 3239 3430 3291 restituuntur
3449 3250 3516 3289 ex
3540 3246 3624 3289 Ms.
3643 3239 3779 3300 Mich,

2518 3346 3772 3398 1*

1781 3718 2083 3803 TOMI

2188 3722 2485 3805 »ΕΧΤΙ
3612 3744 3617 3747 ’

495 3883 1464 4035 OPERUM
1582 3887 2407 4037 SANCTI
2531 3892 2651 4036 A
2700 3895 3681 4046 UGUSTIN

1961 4127 2183 4174 CONTIN
2192 4131 2270 4173 EN
2276 4131 2305 4174 S

1327 4250 1872 4315 SUBDITITIA
1927 4251 2344 4325 QUEDAM
2400 4254 2886 4320 OPUSCULA
2918 4304 2933 4331 ,

1964 4388 2244 4435 SCILICET
2264 4396 2278 4435 2

493 4491 738 4536 LIBRUM
779 4489 893 4533 XXI
938 4488 1450 4533 SENTENTIARUM.

490 4568 820 4615 DIALOGUM
864 4570 985 4613 ιιν
1029 4567 1451 4622 QUESTIONUM
1461 4594 1475 4609 .

488 4650 734 4695 LIBRUM
776 4650 860 4693 DE
904 4649 1056 4692 FIDE
1099 4649 1185 4690 AD
1227 4647 1512 4691 PETRUM.

491 4733 572 4774 DE
616 4729 865 4775 SPIBITU
908 4729 990 4771 ET
1032 4728 1257 4771 ANIMA.

491 4813 574 4854 DE
616 4809 933 4855 AMICITIA.

488 4892 573 4934 DE
615 4888 998 4935 SUBSTANTIA
1039 4883 1455 4931 DILECTIONIS.

487 4971 572 5013 DE
615 4968 962 5016 DILIGENDO
1006 4965 1153 5010 DEO.

487 5050 881 5103 SOLILOQUIA.

488 5126 961 5173 MEDITATIONES
972 5152 986 5167 .

487 5210 569 5251 DE
613 5204 1041 5251 CONTRITIONE
1084 5202 1341 5248 CORDIS.

488 5287 810 5331 MANUALE.

861 5441 1056 5485 ALIUD
1098 5441 1269 5494 QUOD
1312 5438 1575 5483 DICITUR
1618 5436 2029 5481 PECCATORIS.

486 5524 572 5566 DE
614 5522 889 5565 TRIPLICI
933 5519 1249 5563 EABITACU
1259 5519 1356 5563 ιο.

486 5602 572 5645 DE
616 5600 805 5643 SCALA
850 5596 1165 5641 PARADISI.

488 5681 574 5723 DE
617 5675 1000 5722 COGNITIONE
1047 5675 1224 5721 VERE
1271 5675 1458 5721 VITE.

488 5759 572 5803 DE
617 5757 759 5802 VITA
802 5751 1201 5801 CIIRISTIANA.

2182 4494 2266 4536 DE
2308 4493 2735 4541 SALUTARIBUS
2778 4497 2899 4541 DOC
2909 4498 3205 4545 UMENTIS.

2182 4574 2265 4615 DE
2310 4574 2639 4617 DUODECIM
2681 4577 3049 4621 ABUSIONUM
3092 4580 3431 4626 GBADIBUS.

2182 4653 2265 4695 DE
2307 4653 2551 4699 SEPTEM
2595 4655 2810 4713 VITIIS,
2858 4658 2939 4700 ET
2976 4657 3218 4702 SEPTEM
3262 4662 3447 4705 DONIS
3490 4664 3781 4711 SPIIIITUS

2261 4731 2507 4775 SANCTI.

2183 4812 2264 4853 DE
2307 4812 2657 4857 CONFLICTU
2699 4814 3011 4861 VITIORUM
3056 4818 3137 4859 ET
3180 4820 3541 4865 VIRTUTUM.

2180 4891 2265 4932 DE
2307 4891 2698 4936 SOBRIETATE
2740 4895 2822 4936 ET
2864 4894 3236 4940 CASTITATE.

2180 4970 2264 5011 DE
2309 4972 2476 5015 VERA
2520 4973 2601 5014 ET
2642 4974 2835 5016 FALSA
2880 4974 3319 5021 POENITENTIA-

2179 5049 2263 5091 ms
2307 5051 2751 5109 ANTICHRISTO.

2179 5126 2575 5173 PSALTERIUM
2655 5131 2825 5183 QUOD
2890 5133 3281 5180 AUGUSTINUS
3344 5138 3547 5182 MATRI
3647 5141 3783 5183 SUB

2257 5207 2674 5252 COMPOSUISSE
2718 5212 2996 5254 FEETUR.

2179 5286 2646 5333 EXPOSITIONEM
2690 5290 2940 5334 CANTICI
2984 5293 3402 5337 MAGNIFICAT.

2178 5366 2563 5411 TRACTATUM
2606 5369 2689 5412 DE
2734 5370 3164 5415 ASSUMPTIONE
3209 5375 3268 5416 Β.
3315 5375 3560 5421 ΜΔΙΠΕ.

2178 5446 2261 5488 DE
2304 5447 2703 5492 VISITATIONE
2747 5450 3104 5493 INFIRMORU
3114 5453 3159 5495 Μ
3170 5480 3182 5493 .

2178 5525 2505 5569 SERMONES
2547 5530 2629 5570 DE
2671 5528 3143 5573 CONSOLATIONE
3187 5532 3616 5578 Μοιιτυοιιυκ.

2178 5604 2508 5649 SERMONES
2548 5608 2724 5651 ALIOS
2771 5608 3075 5660 QUOSDAM
3120 5613 3205 5653 AD
3250 5612 3572 5657 POPULUM.

2178 5684 2503 5730 SERMONES
2552 5688 2779 5733 DEMUM
2810 5690 2890 5732 AD
2936 5690 3217 5736 FRATRES
3264 5692 3326 5735 IN
3373 5692 3608 5738 EREMO.

1889 5830 2385 5911 -εεδπδθᾶων
