4106 6532
508 400 614 457 597

512 511 662 585 ιηεηί
710 517 829 585 sunt
852 511 1010 585 enim
1051 509 1140 582 qui
1171 507 1259 585 tali
1285 505 1624 585 e_x_auditio_ne
1648 504 2000 585 decipiantur,
2029 516 2088 585 ut

509 576 668 653 plina
698 583 803 637 illis
841 583 931 637 ﬁat
956 576 1234 653 hoc_'quod
1278 577 1867 653 videnturimpetrare
1891 576 2095 632 beneﬁ-

509 647 672 718 cium,
701 669 821 708 cum
864 653 944 708 eis
983 647 1239 707 exhibent
1281 650 1431 720 quasi
1473 649 1716 720 privatim
1760 647 1917 720 aeria:
1947 657 2098 717 pote-

509 717 675 779 states
700 724 943 792 quaedam
987 723 1260 782 miracula.
1301 717 1371 792 'ut,
1389 717 1488 792 eos
1510 717 1739 792 habeant
1763 717 2093 792 subjugatos,

510 789 770 873 permissu
802 802 977 848 tamen
1005 792 1203 873 divina:
1229 789 1574 873 providentia:
1597 789 1638 856 ί,
1668 798 1724 842 ιιι
1760 803 1856 857 pro
1891 789 2096 843 meritis

508 865 805 917 animarum
835 878 927 917 sua
955 864 1147 932 cuique
1175 862 1494 918 tribuantur.

577 934 738 989 Sam.
791 933 850 986 V.
880 962 952 974 ——
985 929 1077 986 De
1098 933 1315 1002 piscibus
1359 939 1558 1002 centum
1593 929 1957 1002 quinquaginta
2002 929 2096 983 tri-

504 1002 614 1057 bus.
651 1005 831 1058 Potest
869 1005 1028 1058 etiam
1070 1000 1115 1057 si
1152 1017 1404 1056 numerus
1438 1000 1535 1053 iste
1565 1000 1953 1065 consideretur,
1996 1015 2092 1055 oe-

494 1089 726 1135 a'urrere
754 1075 818 1128 ad
857 1074 1128 1151 Ecclesiae
1158 1073 1513 1151 sanctitatem,
1552 1079 1653 1151 etc.
1682 1108 1696 1123 .
1725 1110 1734 1118 .
1765 1109 1778 1122 .
1802 1108 1824 1151 ..
1850 1070 1935 1124 ubi
1964 1085 2093 1151 pec—

505 1153 738 1215 catores,
783 1143 872 1215 qui
920 1143 988 1198 ad
1029 1144 1298 1198 sinistram
1332 1141 1616 1212 pertinent,
1664 1154 1770 1194 non
1810 1139 2094 1196 inveniun-

506 1223 594 1269 ldl’
616 1223 711 1270 ta).

773 1283 860 1338 Vl.
902 1313 974 1356 έ-
1003 1283 1066 1338 In
1102 1299 1201 1356 quo
1253 1281 1432 1336 melior
1473 1282 1540 1337 sit
1565 1281 1714 1334 homo
1754 1279 1958 1356 aelluis.
1981 1281 2092 1356 llo-

508 1354 704 1409 minem
736 1369 801 1408 ex
846 1355 1021 1408 anima
1051 1350 1370 1422 et'corpore
1413 1363 1660 1408 constare
1701 1350 1830 1404 nulli
1870 1351 2090 1407 dubium

503 1433 608 1490 est,
637 1425 708 1479 ita
737 1433 793 1478 ut
817 1425 991 1478 anima
1019 1425 1087 1480 sit
1116 1425 1196 1478 vis
1222 1423 1462 1493 quaedam
1495 1437 1597 1490 qua
1627 1435 1822 1489 corpus
1852 1422 2088 1476 viviﬁca-

505 1505 624 1559 tur;
657 1505 712 1550 et
751 1494 859 1548 sint
897 1494 1024 1561 duo,
1068 1495 1137 1549 ita
1169 1503 1224 1548 ut
1252 1509 1414 1548 unum
1441 1494 1608 1547 altero
1634 1493 1702 1545 sit
1730 1493 2085 1560 priestantius,

504 1564 631 1619 illud
653 1565 974 1629 dominetur,
1003 1567 1105 1620 hoc
1129 1565 1344 1620 serviat.
1368 1563 1473 1619 Sed
1498 1577 1682 1618 rursus
1699 1564 1750 1616 in
1771 1561 1954 1615 eadem
1977 1563 2092 1616 ani-

504 1650 590 1690 ma
619 1636 727 1690 duo
754 1636 992 1704 quzedam
1021 1635 1268 1691 videntur
1291 1653 1302 1686 :
1330 1651 1492 1689 unum
1521 1633 1659 1703 quod
1683 1647 1869 1686 amans
1889 1633 2087 1698 divina,

502 1706 750 1775 intelligit
776 1714 831 1761 et
873 1707 1148 1775 participat
1186 1705 1398 1768 rationi,
1449 1719 1513 1758 ac
1546 1704 1752 1775 dicatur
1800 1704 2086 1769 rationale;

500 1773 728 1831 alterum
767 1773 907 1846 quod
949 1773 1295 1846 sensiibilibus,
1333 1775 1534 1838 fruens,
1570 1773 1758 1846 belluis
1785 1775 2087 1846 communi-

501 1856 610 1911 cat,
630 1861 692 1900 ac
717 1843 1128 1900 sit'irrationale.
1149 1845 1302 1913 Quod
1321 1860 1506 1900 rursus
1536 1846 1587 1898 in
1609 1843 1815 1897 duobus
1840 1843 2087 1898 animad-

500 1917 813 1970 vertendum
842 1925 943 1978 est,
977 1932 1203 1986 quorum
1237 1932 1396 1970 unum
1427 1925 1512 1969 est
1557 1929 1678 1986 quo,
1701 1913 1952 1968 resistere
1994 1929 2089 1984 ap-

503 1987 634 2053 petit
660 1984 1108 2050 ohsistentibus';
1137 1988 1387 2053 alterum,
1410 2001 1516 2055 quo
1543 1984 1760 2053 adipisci
1790 1998 2088 2105 congruen-

503 2057 594 2105 tia-
627 2057 767 2105 aliud
812 2066 866 2105 et
903 2058 1106 2105 belluas
1155 2058 1328 2105 facere
1367 2056 1702 2105 manifestum
1752 2063 1852 2105 est.
1886 2060 1908 2105 ί
1936 2056 2086 2105 utbus

501 2057 594 2120 tia,
627 2057 768 2126 quod
812 2066 866 2112 et
903 2058 1106 2112 belluas
1155 2058 1328 2111 facere
1367 2056 1702 2110 manifestum
1752 2063 1852 2108 est.
1886 2055 2086 2122 Quibus

499 2127 755 2189 collectis,
791 2130 1066 2195 apparebit
1098 2129 1363 2181 hominem
1390 2136 1642 2180 constare
1668 2140 1731 2178 ex
1761 2126 1936 2195 anima
1967 2127 2087 2194 qui-

499 2197 620 2267 dem
647 2206 700 2251 et
725 2194 972 2266 carpere,
1019 2198 1114 2253 sed
1156 2199 1346 2251 olﬁeiis
1383 2196 1483 2250 hac
1519 2196 1801 2267 partitione
1837 2194 2081 2267 diversis.

501 2266 594 2319 llis
618 2276 796 2322 autem
825 2265 1078 2322 omnibus
1109 2268 1354 2337 praasidet
1397 2268 1482 2320 illa
1521 2265 1689 2334 prima
1718 2275 1772 2319 et
1797 2265 1988 2337 rationi
2009 2266 2086 2319 vi-

497 2338 615 2390 cina
647 2353 788 2408 pars,
819 2354 938 2407 qua:
957 2355 1078 2393 eum
1108 2334 1227 2393 sese
1255 2353 1474 2408 suaque,
1499 2338 1548 2390 vi
1576 2352 1640 2390 ac
1669 2336 1898 2408 potentia
1926 2334 2088 2408 fabri-

497 2405 714 2479 i-atoris,
747 2405 851 2462 non
880 2426 973 2477 per
998 2424 1076 2473 se,
1109 2411 1226 2479 quia
1251 2405 1454 2475 ipsa'ex
1484 2424 1542 2462 se
1570 2407 1700 2460 nihil
1725 2416 1825 2479 est,
1854 2405 1958 2479 sed
1986 2421 2083 2474 per

501 2475 890 2547 benignitatem
909 2479 999 2534 Dei
1041 2475 1139 2548 per
1176 2495 1332 2549 quam
1377 2479 1550 2532 anima
1601 2486 1701 2539 est,
1751 2475 2083 2549 fueritdele-

495 2557 656 2609 ctata.
685 2559 886 2604 naturm
914 2547 1218 2605 inferiorem
1242 2551 1292 2603 in
1315 2565 1373 2603 se
1394 2560 1596 2618 partetn
1625 2547 1899 2618 l'renando,
1924 2558 2084 2616 atque

495 2634 526 2672 a
556 2620 714 2674 rebus
769 2621 1147 2686 temporalibus
1190 2617 1536 2682 abducendo,
1595 2619 1787 2673 liberat
1837 2617 2080 2672 dolorum

495 2699 752 2756 egestate.
784 2691 1088 2759 indigenum
1113 2690 1444 2752 diflicultate,
1469 2690 1776 2742 morborum
1801 2688 2075 2750 molestiis,

494 2769 653 2830 atque
681 2761 734 2815 in
774 2776 867 2815 sua
898 2758 1033 2816 bona
1074 2762 1310 2817 beuclica
1354 2761 1632 2830 largitione
1662 2758 1886 2830 reducit,
1921 2768 1976 2811 ut
1997 2759 2084 2824 jn-

494 2829 654 2884 stitite
672 2832 721 2884 in
748 2846 812 2887 ea
840 2831 1064 2886 firn'iitas
1082 2842 1310 2895 maneat,
1332 2829 1603 2895 regnando
1624 2829 1912 2882 secundum
1931 2844 2080 2882 suam

497 2911 737 2956 naturam
765 2912 818 2956 et
857 2903 1107 2957 servienti
1153 2899 1453 2970 praestando
1499 2919 1511 2954 :
1540 2900 1692 2968 cujus
1727 2899 2008 2952 servientis
2037 2901 2081 2953 si

495 2970 604 3025 \ita
636 2973 792 3026 fuerit
815 2972 1096 3035 delectata,
1129 2969 1182 3025 et
1202 2973 1318 3027 hmc
1343 2971 1650 3040 temporalia
1667 2969 1943 3040 dilexerit,
1974 2985 2078 3022 nou

495 3041 796 3106 dominans,
842 3043 936 3096 sed
978 3044 1238 3106 serviens,
1281 3053 1335 3096 et
1378 3039 1484 3096 non
1515 3049 1774 3110 praestans
1824 3039 2078 3103 inferiori,

496 3111 589 3165 sed
611 3113 658 3166 ei
680 3114 1000 3183 obsequens,
1024 3113 1366 3182 judicabitur,
1396 3112 1460 3164 ad
1491 3121 1785 3183 extremum
1813 3111 2083 3183 graviores

500 3196 684 3244 pcenas
720 3179 1040 3251 expertum;
1055 3185 1265 3239 deserta
1298 3183 1360 3236 iis
1390 3181 1634 3234 omnibus
1657 3179 2080 3251 quzeadversum

497 3252 591 3306 Dei
631 3250 889 3320 pnecepta
917 3254 1129 3311 dilexit:
1176 3252 1502 3308 recurrendo
1531 3261 1704 3304 autem
1735 3250 1800 3302 ad
1827 3265 2077 3318 superna,

497 3337 561 3374 ac
587 3337 645 3376 se
671 3333 832 3376 totam
857 3325 946 3378 Dei
977 3325 1247 3378 beneﬁciis
1280 3321 1624 3385 resumendo,
1647 3322 1746 3374 erit
1773 3322 1959 3372 similis
1987 3322 2032 3373 ei
2051 3338 2080 3374 a

497 3405 606 3460 quo
629 3393 766 3448 facta
793 3403 893 3456 est,
925 3403 976 3448 et
997 3396 1097 3449 erit
1125 3395 1296 3459 beata,
1321 3392 1522 3448 habens
1545 3392 1660 3459 ejus
1682 3391 2079 3444 sitnilitmlinem

498 3462 564 3532 ad
615 3477 775 3532 quam
821 3464 953 3519 facta
999 3474 1098 3518 est.
1140 3466 1227 3520 Sic
1255 3463 1396 3519 enim
1439 3463 1693 3532 scriptum
1722 3471 1801 3532 est
1828 3480 1848 3532 :_
1873 3460 1936 3513 Et
1966 3461 2080 3528 fecit

499 3529 649 3604 Deus
669 3534 919 3588 hominem
963 3536 1030 3588 ad
1071 3536 1341 3604 imaginem
1374 3533 1469 3586 Dei
1509 3529 1737 3604 (Gripi,
1767 3529 1880 3600 9.7).
1911 3531 2078 3604 Quam

499 3617 598 3656 nos
620 3603 736 3674 ipso
765 3607 953 3660 intuitu
992 3601 1300 3674 recepturos
1327 3620 1446 3659 esse
1483 3605 1558 3674 sic
1583 3602 1773 3656 dicitur
1803 3618 1895 3671 per
1919 3601 2083 3655 Joan-

498 3689 622 3744 nem
644 3673 949 3744 apostolum
983 3695 994 3728 :
1038 3673 1350 3732 C/tarissimi.
1387 3675 1483 3742 ﬁlii
1511 3673 1605 3726 Dei
1630 3690 1825 3738 sumus,
1873 3683 1917 3725 et
1957 3689 2082 3724 non-

498 3743 878 3816 dumapparuit
901 3747 1022 3816 quid
1041 3749 1258 3812 erimus;
1279 3747 1464 3799 scimus
1484 3746 1600 3814 quia
1627 3759 1741 3795 cum
1762 3744 2078 3816 apparuerit,

497 3813 688 3888 similes
717 3813 762 3868 ei
779 3813 983 3888 erimus,
1015 3818 1251 3888 quoniam
1285 3813 1559 3869 videbimus
1602 3831 1715 3868 eum
1734 3814 2008 3888 _sicuti__est
2039 3813 2080 3881 (ι

495 3882 764 3960 Januarii,
799 3885 899 3960 2)._
921 3887 997 3942 De
1026 3882 1398 3960 distributione
1439 3894 1617 3940 autem
1661 3885 1851 3960 anima;
1880 3883 2079 3937 dictum

500 3963 614 4008 est:
645 3953 847 4027 Diliges
865 3957 1139 4012 Dominum
1171 3957 1331 4012 Deum
1356 3967 1494 4010 tuum
1511 3972 1575 4009 ea:
1598 3964 1701 4027 tota
1725 3953 1876 4006 corde
1903 3964 2010 4027 tuo,
2035 3963 2084 4007 et

499 4041 564 4096 ea;
590 4035 695 4080 tota
717 4023 888 4081 animo
911 4037 1017 4093 tua,
1048 4039 1096 4083 et
1115 4045 1179 4082 ea:
1203 4038 1306 4081 tota
1336 4038 1498 4081 mente
1523 4035 1610 4079 tua
1639 4023 1814 4096 (Deut.
1842 4040 1915 4096 vt,
1949 4023 2002 4088 5,
2035 4033 2082 4077 et

500 4095 689 4169 Matth.
709 4113 842 4169 inn,
865 4097 975 4169 57).
1011 4100 1072 4153 Ει
1096 4099 1372 4168 apostolus
1412 4094 1714 4169 Paulus_$ic
1737 4096 1847 4148 ait:
1872 4094 2082 4148 Salvum

502 4167 656 4237 faciat
693 4166 944 4222 Dominus
982 4166 1215 4237 spiritum
1263 4177 1498 4228 vestrum,
1539 4166 1768 4237 animum
1805 4175 1851 4216 et
1901 4180 2082 4234 corpus

501 4235 544 4302 (Ι
574 4235 752 4310 Thess.
785 4255 836 4299 ν,
861 4237 955 4310 23)
1005 4235 1340 4308 Quapropter
1378 4238 1506 4310 nihil
1540 4235 1742 4310 bclluis
1761 4235 1919 4310 homo
1945 4251 2081 4300 pra:-

501 4315 628 4378 stat,
653 4308 753 4378 nisi
791 4305 944 4378 quod
966 4305 1334 4364 intellectualis
1363 4309 1538 4360 anima
1566 4315 1710 4378 est:_
1735 4305 1862 4378 ipsis
1903 4317 2082 4358 autem

500 4374 1038 4432 ltominibus'czeteris
1066 4388 1298 4448 prastat,
1341 4393 1463 4432 cum
1494 4374 1738 4444 intelligit
1768 4376 2078 4448 Deum,__ne—

501 4462 606 4515 que
625 4449 931 4518 temporalia
962 4445 1096 4502 bona
1119 4464 1398 4518 pervorsus
1422 4448 1654 4518 vanitate
1673 4453 1924 4518 sectatur.
1949 4445 2080 4498 Nam

501 4525 558 4572 et
581 4517 705 4572 illud
737 4515 1022 4573 verissime
1050 4515 1250 4573 dictum
1279 4529 1382 4583 est,
1434 4517 1604 4571 Nolite
1627 4531 1733 4570 esse
1774 4515 1900 4568 sicut
1929 4531 2084 4580 equus

501 4599 550 4642 et
580 4588 768 4660 mulus,
799 4605 901 4642 non
937 4590 1170 4643 [tabentes
1201 4590 1515 4660 intellectum
1535 4585 1882 4660 (Psal._x_tttt|,
1910 4586 1993 4660 9)ὲ

501 4659 784 4740 il_lud,_Qu_i
810 4660 1076 4740 gloriatur,
1102 4661 1155 4712 in
1188 4659 1406 4740 Domigo
1425 4655 1868 4740 glorietur‘jlutior;
1899 4672 1942 4740 ιι
1949 4657 2080 4740 r512:

500 4731 580 4786 sic
607 4725 870 4800 intelligit,
899 4730 1032 4796 Quia
1063 4745 1161 4800 ego
1190 4746 1306 4784 sum
1340 4725 1619 4800 Dominus._
1643 4725 1708 4780 Et.
1730 4726 1884 4800 illud,
1906 4725 2082 4800 ’γρηὶ-τ

501 4811 578 4854 tas
602 4796 896 4865 vanitalunt,
927 4811 975 4855 et
1003 4796 1170 4854 omnia
1186 4803 1397 4854 vanitas.
1423 4799 1550 4864 Quae
1569 4796 1879 4851 abundantia
1896 4797 2084 4850 Itomiui

499 4873 552 4994 ἕρ
582 4873 720 4994 omni
745 4871 916 4926 labore
933 4889 1045 4938 suo,
1076 4887 1219 4942 quem
1239 4873 1346 4941 ipse
1371 4871 1564 4924 laborat
1584 4869 1673 4923 sub
1701 4868 1806 4922 sole
1827 4866 2020 4940 (Eecle.
2045 4883 2082 4932 ι,

540 4986 554 4994 .
587 4961 620 4994 α’)
653 4981 665 4994 .

540 4986 554 5009 9
587 4961 665 5009 0)-

587 4961 620 4996 ο
653 4981 665 4996 .

571 4944 732 5069 Stier.
777 5012 885 5068 νη.
915 5044 989 5055 -
1019 5011 1098 5066 De
1147 5012 1373 5083 corporis
1412 5009 1788 5083 resurrectione.
1844 5006 2084 5074 Excepto

499 5100 565 5138 eo
585 5085 725 5155 quod
755 5086 900 5139 omni
930 5084 1034 5139 ﬁde
1059 5081 1275 5155 dignum
1300 5093 1412 5144 est,
1431 5081 1578 5155 nihil
1629 5081 1793 5134 Deum
1820 5093 1924 5131 non
1958 5093 2084 5145 pos-

499 5151 706 5219 scftali
731 5155 890 5210 etiam
933 5151 1337 5210 ratiocinatione
1363 5151 1538 5221 colligi
1572 5158 1743 5219 potest
1763 5190 1806 5221 ,__
1828 5163 1932 5221 non
1965 5162 2086 5201 che

500 5217 684 5280 contra
729 5236 971 5298 naturam
1004 5236 1076 5298 fut
1121 5231 1366 5298 resurgat
1391 5217 2082 5298 hoeicorpus‘aDniversum

501 5311 726 5363 corpus,
754 5295 897 5365 quod
944 5297 1103 5349 etiam
1135 5288 1304 5361 hujus
1333 5292 1548 5365 mundi”
1568 5288 1836 5365 sensibilis
1862 5288 1982 5365 ereti
2033 5297 2087 5340 et

503 5356 661 5418 terrae
692 5356 908 5419 nomine
945 5356 1307 5435 signiﬁcatur,
1343 5371 1442 5435 est
1483 5361 1662 5430 aliquo
1693 5359 1872 5413 modo.
1915 5356 2087 5412 Omne

502 5442 680 5504 autem
709 5435 852 5504 quod
889 5444 973 5489 est
999 5433 1187 5504 aliquo
1236 5433 1393 5486 modo
1413 5473 1428 5497 ,
1457 5447 1629 5500 neque
1658 5440 1833 5504 tamen
1877 5443 2086 5482 summo

507 5503 669 5558 modo
689 5545 704 5570 ,
728 5500 869 5571 'ejns
897 5500 1112 5572 speciei
1141 5504 1542 5573 participatione
1572 5511 1652 5555 est
1673 5542 1688 5566 ,
1726 5500 1779 5554 in
1801 5507 2085 5569 quantum-

500 5587 732 5642 cumque
755 5581 994 5642 est,qua:
1024 5572 1234 5626 summo
1259 5572 1418 5626 modo
1449 5582 1830 5642 est;qua,cum
1856 5579 2084 5642 tenetur,

505 5637 782 5700 ordinatas
820 5637 1061 5712 quasque
1100 5643 1545 5696 commutationes
1587 5637 1702 5711 'pati
1749 5649 1935 5711 potest.
1971 5637 2086 5694 Non

568 5759 586 5790 ι
620 5764 722 5816 ιιι,
745 5753 942 5817 divino;
963 5755 1138 5817 onussa
1163 5766 1299 5815 voce,
1323 5749 1656 5817 proridwtiar.

565 5821 588 5850 ⁸
620 5815 726 5867 ιονζ
736 5853 750 5875 .
774 5815 1138 5871 subsistentibus.

565 5883 638 5942 (α)
664 5873 924 5942 Είᾳυεεθι.
949 5881 1027 5939 57,
1055 5880 1182 5926 inter
1205 5882 1379 5935 (tuast.
1405 5873 1483 5922 83.

1965 387 2336 445 APPENDIX.

3692 391 3791 450 ἠδ

2207 517 2385 594 autem
2414 521 2534 564 esse
2569 509 3160 594 omniuo‘corpusunpn
3206 519 3406 594 potest.
3433 511 3660 594 Sinennn
3684 525 3789 566 om.

2203 582 2328 652 nino
2353 593 2550 652 corpus
2571 594 2681 652 non
2711 581 2837 646 erit,
2864 589 2955 635 aut
2986 581 3116 635 nihil
3143 581 3278 649 erit,
3323 590 3416 637 aut
3444 581 3646 652 aliquid
3677 598 3787 636 me-

2204 649 2348 704 lius:
2378 650 2472 704 sed
2513 649 2645 704 nihil
2693 665 2812 706 esse
2867 666 2972 704 non
3024 652 3250 717 sinitur,
3282 649 3565 707 obtinente
3609 655 3786 721 specie

2201 735 2322 790 qum
2360 732 2781 793 semperqmanet
2821 729 2876 776 et
2918 736 3044 776 vere
3073 737 3386 793 summeque
3429 733 3548 779 est:
3595 723 3783 778 melius

2201 801 2377 846 autem
2403 790 2600 860 aliquid
2647 805 2766 846 esse
2798 807 2955 858 quam
2983 807 3178 860 corpus
3205 790 3311 846 non
3342 803 3545 861 potest;
3582 795 3702 861 quia
3733 803 3784 849 et

2200 861 2442 929 corporis
2484 861 2712 915 universi
2753 871 2929 916 certus
2958 871 3038 916 est
3080 862 3301 929 modus,
3348 871 3404 917 et
3447 879 3632 919 eorum
3660 880 3778 929 quae

2200 925 2512 999 incorporea
2538 931 2672 985 facta
2704 939 2860 996 sunt,
2895 948 3148 987 numerus
3173 925 3353 1003 augeri
3403 950 3508 987 non
3543 925 3778 1003 indiget;

2199 1011 2254 1054 et
2292 1016 2399 1055 non
2424 1012 2507 1055 est
2534 1003 2922 1073 opusaliquam
2955 1018 3145 1058 novant
3175 1015 3415 1058 naturam
3448 1004 3562 1058 ﬁeri
3585 1045 3598 1062 ,
3627 1007 3778 1073 quasi

2199 1081 2290 1125 aut
2321 1087 2424 1125 non
2452 1073 2627 1126 omnia
2661 1071 2796 1127 facta
2850 1072 3082 1136 fuerint,
3114 1081 3207 1128 aut
3249 1075 3301 1128 iu
3348 1075 3521 1129 locum
3555 1071 3778 1142 alicujus

2199 1156 2316 1213 quae
2356 1143 2570 1210 perierit
2597 1143 2698 1196 alia
2753 1142 3115 1197 substituenda
3148 1145 3243 1208 sit;
3291 1159 3410 1198 cum
3457 1154 3509 1199 et
3545 1146 3777 1213 perfecte

2199 1212 2332 1284 facta
2364 1214 2469 1266 sint
2505 1214 2682 1267 omnia
2703 1256 2716 1278 ,
2758 1223 2812 1267 et
2835 1229 2894 1267 ea
2923 1215 3286 1284 gubernentur
3311 1212 3644 1282 providentia
3687 1229 3774 1269 se-

2196 1283 2427 1336 Cundum
2449 1285 2680 1352 speciem
2698 1298 2911 1351 semper
2932 1283 3266 1351 manentem,
3292 1294 3350 1338 ut
3379 1285 3640 1338 ordinata)
3668 1302 3774 1339 tuu-

2199 1353 2470 1426 tabilitati,
2519 1363 2572 1406 et
2604 1369 2696 1420 per
2726 1355 2826 1408 hoc
2853 1355 2920 1426 in;
2948 1357 3203 1426 mutantis
3239 1354 3523 1426 quamdam
3566 1370 3777 1410 manen-

2195 1421 2322 1476 tiam
2348 1423 2503 1478 cedat
2547 1433 2732 1478 natura
2763 1423 3029 1478 sensibilis
3049 1466 3063 1488 ,
3093 1421 3346 1494 atque'ita
3378 1430 3427 1478 in
3460 1440 3555 1479 suo
3577 1441 3772 1494 genere

2196 1501 2465 1556 teneatur,
2496 1495 2814 1564 modumque
2844 1496 3117 1564 proprium
3142 1497 3423 1550 custodiat.
3468 1497 3546 1551 Ex
3579 1511 3686 1564 quo
3719 1499 3776 1552 tit

2195 1573 2252 1616 ut
2279 1580 2473 1633 corpus
2501 1579 2660 1618 omne
2685 1567 2842 1619 aliter
2865 1575 3022 1634 atque
3053 1567 3207 1620 aliter
3236 1569 3306 1620 sit
3325 1609 3340 1630 ,
3370 1581 3566 1635 corpus
3595 1577 3768 1622 tamen

2193 1648 2312 1688 esse
2344 1651 2446 1689 non
2472 1635 2676 1689 desinat
2703 1651 2716 1687 :
2743 1637 2812 1689 ita
2835 1637 3094 1690 universae
3120 1645 3320 1689 natura:
3342 1637 3484 1689 salva
3513 1644 3637 1690 sunt
3666 1654 3771 1690 om-

2194 1705 2278 1757 nia
2300 1747 2315 1770 ,
2347 1722 2464 1778 qu:e
2490 1706 2956 1778 sensibus__nostris
2981 1706 3259 1760 discedunt
3283 1716 3337 1760 et
3365 1707 3585 1778 interire
3627 1709 3763 1774 peni-

2193 1782 2276 1828 tus
2304 1775 2692 1830 existimantur.
2718 1775 2870 1831 Unde
2908 1791 3012 1829 non
3042 1778 3232 1830 mirum
3266 1787 3348 1831 est
3375 1777 3418 1830 si
3451 1777 3552 1830 hoc
3575 1791 3770 1846 corpus

2191 1846 2406 1901 modum
2439 1849 2597 1900 istum
2627 1862 2814 1908 suum,
2844 1862 2950 1915 quo
2981 1863 3119 1900 nunc
3144 1856 3226 1900 est
3246 1888 3260 1910 ,
3294 1849 3346 1900 in
3371 1855 3629 1916 quantum
3655 1858 3763 1915 est,

2191 1917 2440 1985 recipiat,
2470 1927 2560 1972 aut
2588 1918 2861 1971 meliorem
2889 1917 3117 1987 aliquem
3146 1921 3438 1987 sortiatur;
3463 1933 3584 1970 cum
3615 1919 3660 1972 is
3681 1921 3765 1987 qui

2189 1997 2407 2041 vocatur
2453 1987 2694 2041 interitus
2715 2028 2728 2051 ,
2756 1985 3010 2043 discessio
3056 1985 3110 2041 in
3140 1989 3272 2042 alios
3319 1985 3506 2042 modos
3533 1988 3632 2055 sit,
3662 1985 3768 2044 non

2190 2059 2408 2112 omnino
2436 2061 2746 2128 peremptio.

2258 2126 2446 2182 SENT.'
2469 2129 2599 2181 Vlll.
2624 2158 2698 2167 —
2730 2128 2802 2180 De
2835 2128 2950 2196 ﬁde,
2993 2146 3083 2198 spe
3111 2137 3156 2181 et
3174 2128 3438 2181 charitate.
3471 2126 3630 2181 Fides
3653 2129 3766 2184 sine

2189 2211 2284 2266 Spe
2310 2209 2363 2252 et
2387 2199 2644 2254 charitate
2666 2207 2768 2263 est,
2792 2199 2834 2252 si
2866 2199 3044 2252 dicas:
3069 2199 3242 2252 Credo
3267 2213 3388 2251 vera
3412 2213 3530 2252 esse
3555 2199 3621 2251 ad
3649 2215 3768 2268 qua:

2189 2283 2275 2338 me
2307 2284 2498 2334 vocas;
2528 2269 2622 2324 sed
2651 2284 2748 2338 ego
2777 2284 2840 2323 ea
2869 2284 3060 2337 capere
3102 2284 3205 2322 non
3235 2283 3470 2337 possum,
3505 2284 3602 2322 nec
3631 2271 3767 2323 volo.

2189 2337 2345 2392 Fides
2386 2341 2500 2394 sine
2552 2355 2647 2409 spe
2687 2337 2806 2393 eum
2853 2339 3110 2392 charitate
3139 2349 3238 2400 est,
3285 2338 3330 2391 si
3373 2339 3560 2391 dicas:
3594 2339 3767 2392 Credo

2187 2425 2312 2463 vera
2344 2425 2463 2464 esse
2489 2409 2555 2463 ad
2583 2425 2699 2532 (Fit!)
2728 2425 2813 2464 me
2839 2424 3020 2472 vocas,
3046 2417 3100 2462 et
3124 2409 3244 2461 volo
3271 2424 3330 2461 ea
3359 2410 3644 2478 consequi;
3675 2411 3766 2463 sed

2189 2494 2292 2532 non
2325 2496 2560 2532 nussum.
2637 2480 2747 2532 tdes
2773 2495 2893 2532 cum
2936 2495 3030 2532 sne
3060 2480 3174 2532 sine
3199 2479 3457 2532 charitate
3481 2489 3584 2532 est.
3615 2481 3658 2532 si
3687 2480 3766 2532 di-

2189 2494 2292 2532 non
2325 2496 2560 2550 possum.
2593 2479 2747 2533 Fides
2773 2495 2893 2533 cum
2936 2495 3030 2547 spe
3060 2480 3174 2532 sine
3199 2479 3457 2532 charitate
3481 2489 3584 2543 est,
3615 2481 3658 2532 si
3687 2480 3769 2533 di-

2188 2565 2278 2604 cas
2305 2549 2514 2603 {Credo
2540 2565 2662 2603 vera
2689 2565 2808 2605 esse
2833 2550 2896 2602 ad
2921 2567 3037 2617 qua:
3069 2566 3153 2603 me
3176 2564 3354 2613 vocas,
3382 2559 3434 2602 et
3459 2564 3522 2602 ea
3551 2565 3766 2617 possum

2188 2621 2397 2688 assequi
2429 2626 2470 2674 si
2503 2621 2692 2685 velim;
2733 2620 2824 2674 sed
2855 2621 2998 2674 nolo.
3031 2620 3274 2673 Charitas
3317 2619 3431 2672 sine
3458 2634 3555 2686 spe
3583 2629 3638 2673 et
3668 2621 3768 2675 ﬁde

2187 2697 2287 2746 est.
2318 2693 2358 2743 si
2391 2693 2510 2760 quis
2541 2691 2702 2754 dicat,
2728 2690 3072 2744 vehementer
3099 2705 3157 2743 se
3197 2690 3334 2743 velle
3360 2690 3474 2743 sine
3501 2689 3769 2760 illecebris

2187 2759 2426 2828 corporis
2469 2762 2550 2815 sui
2593 2761 2770 2815 vivere
2815 2761 2866 2814 in
2903 2771 3195 2822 mternum;
3227 2760 3320 2813 sed
3349 2774 3524 2828 neque
3549 2759 3769 2815 credere

2187 2847 2306 2884 esse
2331 2833 2490 2884 vitam
2521 2842 2795 2897 teternam,
2821 2846 2936 2890 nec.
2957 2833 3000 2884 si
3025 2832 3110 2894 sit,
3137 2846 3252 2884 eam
3276 2845 3334 2884 se
3360 2844 3515 2898 posse
3536 2830 3765 2899 assequi.

2186 2902 2318 2953 Cum
2361 2902 2464 2955 ﬁde
2493 2901 2610 2955 sine
2657 2916 2751 2970 spe
2789 2900 3022 2954 charitas
3060 2910 3162 2965 est,
3208 2900 3250 2954 si
3283 2910 3336 2954 et
3373 2899 3683 2970 desiderare
3709 2916 3768 2955 se

2187 2973 2346 3024 vitam
2389 2969 2752 3036 :eternam,’ct
2797 2973 3017 3026 credere
3059 2986 3178 3024 esse
3205 2971 3324 3040 quis
3361 2970 3538 3034 dicat;
3573 2969 3669 3024 sed
3708 2987 3765 3024 se

2189 3058 2344 3108 posse
2371 3044 2581 3112 assequi
2613 3051 2788 3111 neget.
2821 3042 2954 3111 Spes
2994 3051 3171 3094 autem
3213 3043 3330 3112 sine
3368 3040 3472 3093 ﬁde
3499 3042 3768 3108 quomodo

2187 3127 2305 3165 esse
2337 3111 2520 3180 possit,
2553 3128 2657 3166 non
2689 3114 2918 3166 invenio.
2952 3112 3117 3166 Nemo
3147 3111 3288 3165 enim
3320 3121 3498 3178 sperat
3523 3125 3582 3163 se
3610 3126 3765 3178 posse

2185 3183 2395 3252 assequi
2427 3183 2565 3252 quod
2610 3198 2729 3238 esse
2770 3200 2873 3236 non
2921 3183 3108 3236 credit.
3153 3181 3373 3252 Oportet
3415 3196 3543 3250 ergo
3591 3182 3766 3234 inesse

2185 3250 2364 3306 animo
2393 3250 2568 3307 omnia
2601 3254 2718 3316 tria,
2753 3254 2929 3315 ﬁdem,
2959 3268 3107 3320 spem
3136 3264 3187 3304 et
3219 3250 3569 3313 charitatem;
3621 3263 3674 3305 ut
3710 3263 3767 3306 et

2186 3326 2368 3376 credat
2406 3339 2527 3378 vera
2558 3340 2676 3377 esse
2703 3323 2767 3376 ad
2801 3340 2918 3391 qua!
2959 3333 3194 3389 vocatur,
3229 3330 3282 3376 et
3313 3331 3490 3390 speret
3520 3337 3578 3376 se
3611 3338 3766 3391 posse

2187 3395 2415 3461 assequi,
2447 3405 2498 3446 et
2528 3395 2744 3446 omnino
2775 3409 2835 3446 ea
2864 3394 3068 3461 diligat.

2255 3466 2414 3517 Stzs'r.
2459 3463 2548 3517 IX.
2593 3493 2666 3504 --
2706 3465 2853 3530 Quod
2882 3463 3200 3532 philosophia
3243 3463 3295 3515 in
3342 3471 3440 3514 tres
3486 3472 3655 3531 partes
3683 3464 3766 3514 di-

2188 3535 2390 3586 viditur.
2426 3535 2764 3603 Philosophia
2806 3539 2996 3588 intres
3047 3533 3548 3605 parteshdividitm;
3591 3549 3767 3605 umra-

2187 3605 2312 3668 lcm,
2356 3602 2674 3669 naturalem,
2715 3602 3289 3657 rationalemfMuralis
3319 3605 3369 3656 in
3409 3602 3562 3663 duas,
3595 3604 3767 3656 scicn-

2188 3675 2312 3726 tiaut
2341 3687 2392 3728 et
2417 3676 2946 3728 administrationem.
2976 3675 3205 3729 Scientia
3237 3673 3286 3726 in
3317 3674 3468 3735 duas,
3504 3673 3762 3726 hortatio-

2187 3761 2307 3798 nem
2336 3755 2388 3799 ct
2417 3747 2780 3800 tractationem
2819 3745 3076 3798 bonorum
3121 3753 3175 3798 et
3213 3744 3494 3796 malorum.
3530 3743 3765 3797 Admini-

2185 3817 2373 3869 stratio
2416 3817 2466 3868 iu
2510 3815 2670 3880 duas,
2712 3814 2943 3868 cilicium
2989 3824 3043 3869 et
3083 3815 3241 3867 linem
3287 3831 3299 3866 :
3347 3815 3580 3866 ofﬁcium
3627 3814 3761 3882 quod

2188 3885 2362 3940 fateore
2391 3886 2668 3950 debemus,
2697 3885 2853 3939 ﬁnem
2882 3885 2947 3938 ad
2969 3885 3108 3954 quod
3137 3883 3413 3938 referimus
3443 3885 3619 3954 omnia
3649 3899 3764 3953 qua

2187 3966 2330 4010 recte
2363 3957 2632 4015 faciamus.
2659 3957 2829 4025 ipsum
2866 3953 3042 4008 autem
3083 3956 3147 4009 ad
3177 3955 3303 4008 nihil
3333 3954 3472 4006 aliud
3514 3953 3761 4008 refertur.

2187 4027 2452 4081 Naturalis
2481 4026 2816 4081 distribuitur
2840 4026 2889 4079 in
2922 4026 3055 4079 duas
3081 4037 3276 4095 partes,
3305 4039 3563 4095 corporea
3594 4033 3648 4078 et
3687 4026 3766 4077 in-

2187 4113 2463 4165 corporea.
2491 4100 2877 4167 Corporeorum
2907 4094 3097 4150 divisio
3137 4096 3368 4165 quinque
3413 4094 3760 4167 partitaest:

2189 4167 2240 4220 in
2263 4164 2498 4232 causam,
2530 4164 2648 4238 quae
2674 4166 2870 4236 aliquid
2909 4167 3062 4229 facit;
3097 4164 3394 4230 materiam,
3428 4164 3568 4218 unde
3610 4165 3762 4238 facit;

2189 4249 2413 4302 motum,
2463 4235 2565 4304 per
2598 4238 2736 4303 qttod
2766 4235 2941 4300 facit;
2983 4238 3366 4296 causatioueu'i,
3394 4252 3560 4303 quare
3606 4235 3761 4299 facit;

2190 4309 2456 4371 cll‘ectnm,
2477 4309 2616 4378 quod
2639 4308 2779 4361 facit.
2802 4308 3236 4376 lncorporeorum
3256 4306 3636 4378 quadripartita
3654 4316 3762 4359 est:

2190 4380 2242 4434 in
2274 4376 2673 4441 locum;'locus
2699 4380 2840 4432 enim
2883 4393 2986 4430 non
3031 4385 3115 4432 est
3155 4392 3368 4446 corpus,
3401 4376 3495 4430 scd
3540 4378 3765 4443 spatium

2189 4450 2329 4518 quod
2357 4451 2628 4503 obtinctur
2652 4465 2679 4500 a
2706 4463 2928 4518 corpore
2957 4465 2971 4500 :
3005 4448 3058 4500 iu
3097 4458 3305 4516 tempus
3330 4465 3344 4500 :
3377 4448 3426 4499 in
3457 4448 3767 4500 extremita-

2192 4529 2302 4585 tes;
2330 4520 2694 4575 extremitates
2719 4521 2862 4573 enim
2893 4533 3176 4585 corporum
3218 4535 3322 4571 non
3363 4526 3485 4570 sunt
3521 4532 3764 4585 corpora,

2189 4591 2313 4660 quia
2353 4606 2457 4644 non
2503 4590 2699 4644 habent
2737 4590 3144 4643 crassitudinem
3176 4607 3188 4641 :
3222 4589 3274 4641 in
3317 4587 3767 4660 dicibilia;idtci-

2190 4659 2312 4716 bilia
2365 4662 2508 4716 enim
2560 4675 2679 4730 qua:
2731 4659 3060 4730 concipimus
3107 4660 3390 4730 animout
3433 4659 3768 4730 enuntiemus

2192 4733 2389 4794 verbis,
2422 4747 2526 4785 non
2559 4729 2680 4784 sunt
2704 4744 2948 4798 corpora.
2973 4729 3114 4783 Sane
3143 4740 3268 4783 tunc
3305 4729 3556 4782 dicuntur
3583 4729 3769 4781 dicibi-

2192 4803 2282 4867 lia,
2313 4803 2356 4857 si
2394 4818 2459 4856 ex
2504 4801 2663 4855 rebus
2688 4801 2864 4854 verbis
2890 4801 3068 4853 animo
3099 4799 3353 4870 impressa
3401 4808 3544 4853 sunt.
3594 4801 3772 4852 Itatio—

2192 4874 2326 4927 nalis
2346 4872 2681 4926 distribuitur
2707 4872 2758 4924 in
2789 4880 2895 4924 tres
2919 4882 3094 4939 partes
3119 4888 3130 4922 :
3160 4871 3518 4938 dirigentium,
3546 4885 3666 4938 qnze
3690 4878 3769 4922 est

2194 4945 2245 4996 in
2283 4942 2619 5012 perceptione
2663 4956 2935 5005 sensuum,
2963 4941 3061 5012 vel
3089 4956 3208 4994 esse
3251 4941 3469 5012 dicitur;
3513 4941 3769 4993 delinien-

2194 5010 2342 5078 tiam,
2371 5010 2473 5082 qua
2502 5012 2787 5065 deﬁninms
2814 5011 3066 5080 quidquid
3097 5012 3200 5071 sit;
3247 5010 3597 5064 dilferentiam
3629 5053 3642 5076 ,
3672 5025 3772 5080 qua

2193 5085 2574 5139 ratiocinamur
2598 5092 3074 5151 argtnncnttnuque
3095 5082 3484 5136 concludimus.

2267 5156 2428 5209 SENT.
2472 5152 2536 5206 Χ.
2577 5183 2651 5192 -
2688 5151 2753 5204 lu
2797 5169 2895 5221 quo
2960 5164 3095 5205 stam
3152 5162 3258 5205 erat
3303 5153 3468 5204 Adam
3505 5162 3773 5220 antequam

2197 5236 2439 5295 peccaret.
2470 5226 2765 5295 Antequam
2798 5233 3076 5295 peccasset
3118 5224 3318 5295 Adagn,
3339 5225 3515 5274 anima
3547 5233 3665 5274 erat
3694 5235 3776 5295 ra-

2197 5292 2428 5360 tionalis,
2459 5293 2691 5364 perfecta
2719 5303 2771 5346 et
2797 5294 2946 5346 beata
2971 5311 2983 5347 :
3011 5309 3205 5361 corpus
3236 5292 3460 5356 habens,
3491 5307 3597 5346 non
3624 5292 3777 5360 quale

2197 5383 2335 5421 nunc
2374 5368 2629 5418 habemus
2666 5364 2848 5432 l'ragle
2877 5378 3035 5432 atque
3067 5364 3310 5428 mortale,
3343 5364 3433 5416 sed
3465 5364 3619 5432 quale
3647 5378 3776 5414 con-

2196 5439 2417 5504 grnebat
2443 5437 2528 5489 tali
2560 5435 2771 5496 animae,
2801 5449 2918 5501 qnzc
2947 5435 3178 5487 nondum
3222 5434 3272 5486 iu
3313 5450 3372 5486 se
3401 5435 3489 5486 Dei
3529 5433 3776 5486 similitu-

2197 5509 2373 5561 dinem
2399 5522 2554 5576 prava
2585 5506 3224 5576 voluntatecorruperat;
3257 5506 3412 5570 quale
3441 5519 3538 5556 nos
3567 5517 3778 5576 quoque

2201 5587 2319 5648 post
2373 5573 2832 5648 resurrectionem
2872 5575 3132 5648 habituri_
3157 5588 3373 5648 smnus,
3424 5590 3545 5628 cum
3595 5573 3779 5648 eadem

2199 5643 2374 5700 anima
2407 5647 2648 5700 eamdem
2679 5645 3077 5698 similitudinem
3111 5645 3202 5698 Dei
3236 5643 3467 5714 perlecta
3500 5645 3783 5697 sanctitate

2202 5720 2516 5788 perceperit.
2539 5720 2728 5788 Postea
2750 5731 3051 5784 veroquam
3078 5717 3335 5788 peccavit,
3357 5718 3490 5769 facta
3509 5726 3591 5768 est
3610 5715 3782 5788 anima

2202 5785 2472 5843 rationalis
2496 5786 2781 5853 cupiditate
2809 5785 3086 5856 corrupta,
3103 5802 3294 5856 corpus
3325 5786 3527 5841 habens
3557 5786 3712 5856 quale
3732 5785 3782 5836 in

2208 5859 2356 5914 nobis
2382 5875 2518 5911 nunc
2547 5858 2833 5912 cernimus.
