4106 6500
560 407 654 460 ’151

560 535 791 589 uanique
822 531 1071 572 numerus
1105 515 1183 589 de
1213 520 1568 589 mensura,_et
1595 510 1716 589 inde
1753 509 1866 589 ipse
1895 508 2048 589 ordo.
2067 523 2153 562 se-

561 579 759 659 quitu'r.
802 593 843 642 Α
877 589 1111 657 pondere
1135 585 1332 641 dicitur
1372 585 1586 659 penitet.
1614 581 1692 634 Ad
1723 581 1966 659 ordinem
1999 579 2147 659 nisus

563 649 812 730 pertinet.
841 649 985 715 Ordo
1011 660 1154 714 enim
1203 649 1386 726 potest
1405 655 1584 730 etia_m_
1606 662 1659 706 et
1697 649 1902 720 pondus
1945 650 2150 730 accipi;

565 719 770 800 pondus
809 740 1032 784 conatus
1071 719 1408 800 esse'potest
1452 723 1517 778 ad
1570 719 1768 800 locum,
1803 727 2023 800 conatus
2069 719 2154 800 vel

562 790 739 856 conati
773 801 840 856 ad
868 801 1042 856 locum
1083 790 1350 866 appetitus
1391 795 1624 849 occurrit
1654 791 1910 866 :pondus
1941 804 2067 866 ergo
2088 790 2154 844 ad

563 872 806 926 ordinem
859 861 1568 941 pertinetfLucern__istam
1623 863 1780 941 solis”
1803 861 2153 941 substantiam

565 958 704 1005 esse,
735 957 840 996 non
861 932 1202 1012 'qualitatem,
1230 936 1572 1012 manifestum
1605 947 1707 988 est.
1743 933 1980 1012 Qualitas
2010 932 2152 1012 enim

565 1014 618 1082 in
635 1001 860 1082 corpore
875 1001 1174 1068 consistens
1191 1001 1292 1073 est,
1309 1017 1362 1082 et
1383 1007 1468 1061 ubi
1487 1014 1568 1060 est
1583 1019 1797 1082 corpus,
1815 1001 2151 1082 ibiqualitas.

563 1073 772 1152 Corpus
794 1083 923 1138 solis
953 1084 1007 1136 in
1035 1083 1195 1146 caalo,
1219 1080 1444 1152 qualitas
1473 1093 1600 1146 ergo
1624 1073 1986 1152 ibunQnalitas
2011 1073 2154 1126 enim

566 1164 626 1208 ut
665 1142 851 1224 figura,
885 1163 942 1208 ut
967 1154 1134 1224 color,
1168 1142 1473 1224 ut'duritia,
1505 1142 1872 1224 ut__mollities.
1921 1142 2158 1224 buxan-

568 1235 675 1279 tcm
700 1213 806 1278 ista
838 1213 1007 1294 usque
1046 1213 1131 1277 ad
1157 1232 1327 1294 terras
1366 1213 1707 1294 distenditur,
1736 1223 1788 1294 et
1817 1213 2154 1294 maiiifestum

607 1296 690 1348 uia
705 1311 900 1364 corpus
916 1284 935 1349 Ξ
950 1295 1147 1349 deloco
1170 1293 1342 1346 locum
1359 1290 1499 1345 enim
1515 1289 1578 1364 in
1594 1286 1799 1364 transit.
1823 1285 1887 1364 Et
1908 1284 2006 1337 ista
2032 1293 2157 1338 sunt

607 1312 690 1348 Illa
705 1312 930 1364 corpus:
950 1312 1017 1349 ae
1031 1312 1147 1347 IOCO
1171 1312 1342 1346 IOCUIII
1359 1312 1499 1345 ellllll
1525 1312 1578 1342 lu
1594 1312 1799 1341 ll'illlbll.
1823 1312 1887 1337 ut.
1908 1312 2006 1337 tam
2032 1312 2157 1338 aut".

567 1312 678 1420 iiuo
705 1366 928 1428 infinita,
961 1365 1051 1419 lux
1082 1364 1210 1417 solis
1232 1371 1280 1416 et
1311 1371 1470 1415 terra.
1505 1358 1742 1427 Qualitas
1771 1356 1911 1428 enim
1941 1370 2060 1408 cum
2091 1369 2157 1428 eo

569 1445 836 1500 movetur,
869 1426 1023 1505 cujus
1051 1443 1134 1489 est
1158 1433 1403 1506 qualitas.
1434 1426 1746 1506 LuCisergo
1777 1426 1906 1506 solis
1936 1434 1990 1480 et
2018 1426 2157 1506 acris

570 1497 868 1561 substantia
900 1497 1117 1561 naturas
1139 1497 1261 1558 suas
1293 1503 1567 1561 habentes,
1594 1501 1820 1552 invicem
1845 1497 1961 1551 sine
1981 1497 2155 1564 aliqua

570 1577 834 1646 angustia,
866 1577 948 1630 vel
983 1578 1100 1631 sine
1140 1574 1453 1646 expulsione
1497 1571 1714 1624 alterius
1762 1577 2058 1631 manentes,
2086 1568 2157 1620 ita

571 1644 671 1702 sibi
701 1649 1131 1712 commiscentur,
1158 1644 1340 1698 utnua
1361 1644 1580 1696 alteram
1605 1656 1708 1694 non
1733 1647 1933 1692 mutet:
1962 1647 2014 1692 et
2040 1652 2159 1712 cor-

570 1733 701 1786 pora
731 1726 873 1772 sunt.
917 1709 1283 1771 Refers’nnne
1307 1715 1371 1768 ad
1393 1715 1713 1786 incorporea
1745 1724 1944 1786 cozeva,
1969 1717 2026 1761 ut
2069 1709 2156 1761 lux

571 1781 627 1842 et
652 1789 818 1857 ignis:
843 1789 1087 1857 :equalia,
1109 1797 1162 1840 ut
1192 1787 1352 1839 homo
1373 1784 1439 1837 de
1468 1783 1712 1857 homine:
1739 1781 1925 1833 melius
1951 1794 2156 1844 coreva,

572 1853 732 1926 quain
769 1875 871 1913 non
910 1853 1085 1912 cornva
1111 1875 1124 1921 ;
1172 1857 1362 1910 melius
1391 1853 1631 1922 aequalia,
1665 1867 1822 1922 quain
1849 1867 1952 1903 non
1979 1865 2157 1918 mqua-

573 1929 663 1983 lia.
698 1929 750 1982 In
796 1929 884 1983 illa
913 1946 1040 1999 ergo
1080 1927 1374 1982 divinitatis
1416 1934 1602 1999 natura
1637 1930 1988 1999 ct_co;eva_et
2015 1936 2157 1999 (“Oili-

612 2000 772 2053 ualia.
807 1991 1000 2053 Tecum
1025 1999 1327 2067 principium
1355 2013 1406 2048 in
1433 1996 1514 2048 die
1540 1993 1883 2067 virtutistme,
1914 1993 1964 2044 in
1992 1991 2161 2067 splen-

612 2015 772 2053 llalta.
807 2015 833 2052 ’1
853 2017 995 2053 ecum
1025 2015 1327 2067 prtltctptum
1355 2015 1406 2048 tn
1433 2015 1514 2048 ate
1540 2015 1735 2047 virum;
1763 2015 1883 2056 iure,
1914 2015 1964 2044 ιη
1992 2015 2161 2059 spieu-

572 2015 780 2124 ὕοι-ὤας
815 2081 1142 2134 sanctorum;
1184 2085 1250 2121 ea:
1288 2077 1426 2121 utero
1461 2075 1578 2118 ante
1619 2063 1898 2134 luciferum
1928 2062 2076 2134 genui
2116 2071 2162 2114 te

573 2138 748 2207 (Psal.
780 2157 886 2203 cur,
911 2142 986 2210 5).
1028 2131 1304 2195 Summum
1325 2138 1544 2210 Διιοιιιιιιι
1577 2151 1680 2210 non
1712 2141 1793 2187 est
1822 2131 2160 2210 infecundum

572 2202 628 2265 et
650 2213 852 2265 sterile.
885 2202 1039 2278 Quod
1083 2221 1262 2264 autem
1307 2207 1374 2262 de
1420 2207 1511 2260 illo
1539 2206 1776 2278 genitum
1821 2213 1923 2278 est,
1955 2202 2161 2278 inquale

573 2281 649 2334 illi
676 2290 777 2344 est,
818 2283 868 2336 in
895 2274 1012 2336 'hoc
1041 2281 1290 2342 maxime,
1319 2288 1375 2333 ut
1406 2274 1568 2331 unum
1613 2277 1679 2329 de
1723 2289 1828 2327 uno
1871 2275 1955 2326 sit.
1993 2274 2162 2326 Etcst

573 2343 815 2406 summus
854 2352 1045 2406 modus
1069 2352 1136 2406 de
1165 2349 1507 2418 generatione
1536 2363 1720 2418 unum,
1749 2345 1884 2418 unde
1907 2343 2164 2418 unigeni-

573 2431 685 2475 tum
716 2431 772 2495 ut
793 2423 957 2495 magis
981 2414 1308 2495 approbetur
1335 2419 1558 2495 :eqnale.
1591 2415 1953 2495 Modus,fi_nis
1987 2414 2165 2495 cujus-

573 2509 677 2558 que
703 2494 798 2546 rei.
824 2485 927 2548 scd
965 2485 1030 2547 ne
1055 2485 1306 2561 cuiquam
1332 2485 1588 2549 videatur,
1620 2489 1740 2556 quia
1771 2493 1825 2539 et
1859 2485 2024 2538 Filius
2063 2485 2162 2561 de_-_

573 2555 689 2633 buit
730 2580 1020 2633 generare;
1069 2564 1114 2617 si
1159 2555 1227 2615 ita
1271 2570 1433 2621 esset,
1469 2555 1649 2633 nullus
1687 2567 1830 2633 esset
1871 2555 2162 2624 generandi

574 2627 1071 2688 finis.'Modi_-raliiiii
1097 2644 1271 2686 autem
1302 2630 1651 2685 immiidcrato
1680 2627 1869 2680 melius
1891 2636 1972 2680 est
1997 2644 2008 2678 :
2043 2642 2166 2693 pro-

577 2714 694 2772 pter
719 2706 1074 2774 inqualitatem
1120 2705 1285 2772 magis
1330 2703 1450 2756 linis
1491 2710 1574 2774 est
1615 2698 1938 2752 moderatus.
1988 2696 2162 2752 Unum

575 2775 683 2828 duo
715 2772 914 2831 infinita
960 2792 1078 2830 esse
1115 2783 1357 2844 possunt,
1389 2782 1450 2844 et
1490 2772 1603 2826 hac
1631 2785 1878 2837 corpora,
1913 2778 1968 2821 ιιι
1993 2783 2086 2822 aer
2111 2777 2165 2821 ct

576 2844 690 2908 Ῑυιν
723 2863 841 2919 (μετῇ
880 2863 976 2919 per
1000 2843 1156 2919 locos
1195 2843 1587 2919 distenduntur,
1633 2849 1687 2894 et
1737 2856 1838 2892 non
1890 2854 1950 2893 se
1995 2854 2162 2919 angu-

576 2912 754 2970 stant.
773 2917 827 2971 Si
878 2912 949 2972 ita
989 2932 1115 2986 ergo
1147 2917 1196 2968 in
1224 2912 1844 2986 corporalibus,‘quanto
1892 2912 2163 2986 magisuin

576 2987 982 3053 spiritualihns?
1029 2981 1083 3039 In
1125 2981 1352 3038 Domino
1383 2984 1511 3036 nihil
1555 2981 1713 3034 debet
1743 2996 1860 3033 esse
1889 2981 2161 3053 mutabile.

577 3049 658 3127 Si
684 3073 747 3110 ex
796 3068 1035 3127 tempore
1065 3059 1080 3088 ί
1103 3056 1314 3127 genuit,
1358 3053 1624 3127 mutabilis
1669 3060 1752 3127 est
1784 3067 1796 3102 :
1836 3051 2082 3127 qualitas"
2109 3049 2162 3102 in

579 3126 873 3182 substantia
900 3119 981 3182 est
1004 3119 1260 3180 mutabili.
1290 3125 1342 3177 In
1370 3123 1634 3192 Sapientia
1665 3122 1966 3192 Salomonis
1991 3137 2004 3173 :
2041 3119 2164 3172 Om-

580 3198 662 3250 nia
688 3199 937 3267 sapientia
961 3215 991 3251 α
1019 3197 1237 3251 Domino
1263 3195 1366 3248 Deo
1393 3191 1486 3267 est,
1511 3203 1554 3246 ct
1577 3209 1689 3267 cum
1701 3191 1805 3267 illo
1823 3191 1919 3258 fuit
1945 3208 2160 3267 semper,

579 3276 627 3324 et
649 3278 720 3321 est
749 3260 866 3322 ante
892 3285 1052 3322 rerum
1081 3267 1266 3337 (Eccli.
1291 3282 1328 3330 I,
1356 3268 1427 3336 1).
1461 3264 1667 3337 ltemin
1697 3262 1984 3337 Salomone
2009 3280 2021 3314 :
2055 3260 2164 3337 Ya-

581 3354 676 3407 por
708 3348 779 3391 est
823 3341 955 3392 enim
981 3332 1176 3392 virtutis
1201 3337 1312 3402 Dei,
1345 3332 1642 3407 etimnnutio
1671 3332 1902 3407 qutrdgm
1927 3334 2162 3407 onmipo-

580 3401 728 3461 tentis
754 3409 849 3462 Dei
872 3411 1067 3464 sincera
1095 3407 1248 3479 (Sup.
1282 3401 1371 3470 vn,
1388 3404 1730 3479 725).»ltcrunt
1757 3420 1770 3457 :
1793 3401 1944 3479 fons
1963 3405 2164 3472 sapien-

581 3479 666 3531 tia:
694 3481 895 3533 verbum
925 3479 1019 3532 Dei
1047 3473 1335 3532 in'eascetsis
1377 3473 1560 3545 (Ec'cli.
1592 3491 1628 3535 ι,
1658 3476 1738 3546 5).
1792 3473 1948 3546 Ratio
1980 3489 2164 3546 procc-

582 3549 736 3616 dens,
758 3561 902 3605 recte
927 3552 1120 3605 dicitur
1145 3551 1384 3602 verbum.
1410 3547 1520 3600 Vox
1547 3545 1745 3616 aliquid
1768 3555 1870 3608 est,
1890 3545 2162 3616 silentium

584 3620 715 3674 nihil
743 3631 843 3675 est.
875 3621 1044 3676 Unum
1077 3621 1122 3673 si
1153 3621 1321 3673 solum
1352 3627 1526 3681 esset,
1576 3619 1626 3670 in
1671 3631 1728 3670 se
1777 3624 1945 3679 esset,
1980 3615 2164 3669 sterile

583 3699 724 3746 esset
764 3703 816 3746 ct
862 3692 988 3746 nihil
1044 3699 1321 3760 priestaret
1362 3708 1376 3744 :
1423 3688 1516 3741 sed
1559 3689 1680 3758 quia
1727 3687 2008 3760 benignum
2057 3695 2160 3747 est,

584 3762 880 3830 procedens
903 3763 968 3817 ad
997 3758 1194 3831 aliquid
1218 3761 1535 3822 faciendum,
1573 3760 1830 3831 processit
1856 3758 1905 3810 in
1938 3759 2162 3810 alterum

582 3829 661 3886 Se.
694 3833 808 3901 Ipsa
842 3843 921 3887 est
946 3829 1218 3903 generatio
1244 3831 1418 3895 Uuici,
1450 3832 1570 3903 quia
1597 3830 1684 3903 qui
1717 3829 1838 3881 facit
1864 3838 1965 3903 est,
1993 3837 2044 3882 et
2071 3843 2165 3896 per

582 3900 738 3971 quem
770 3905 891 3960 facit
919 3900 1020 3970 est,
1052 3913 1106 3958 ct
1139 3903 1427 3956 effecerunt
1454 3902 1579 3954 duo.
1625 3900 1795 3954 Unum
1828 3900 1969 3971 enim
2014 3908 2164 3971 ante—

582 3969 723 4028 cedit
747 3976 886 4029 duo:
918 3985 971 4030 et
1007 3969 1100 4028 his
1130 3973 1336 4028 duolms
1384 3982 1464 4026 est
1512 3971 1704 4037 aliquis
1745 3969 1896 4030 ordo,
1930 3978 1982 4021 et
2033 3970 2165 4022 fiunt

583 4045 706 4110 tria,
733 4063 850 4115 qua}
878 4046 1112 4100 Trinitas
1141 4045 1352 4098 dicitur.
1381 4043 1556 4115 gurdo
1583 4042 1774 4115 dicitur
1809 4041 2044 4094 omnium
2076 4055 2163 4115 re-

582 4131 724 4182 rum,
752 4111 840 4186 qui
870 4117 1125 4184 accipitur
1166 4115 1340 4168 Pater.
1381 4112 1556 4186 cardo
1584 4113 1722 4186 enim
1754 4111 2166 4186 qi_i_a_nqi_|atn__sit

582 4179 896 4252 immobilis,
921 4179 1096 4240 tamen
1131 4195 1331 4238 motum
1362 4185 1448 4252 qui
1483 4192 1565 4237 cst
1605 4182 1716 4250 ipse
1743 4179 1925 4252 Filius
1951 4179 2161 4233 intelle-

583 4263 721 4320 ctus,
755 4251 890 4311 unus
923 4272 1042 4312 esse
1078 4256 1287 4313 dicitur.
1320 4251 1478 4323 quem
1511 4267 1696 4305 oinucs
1724 4251 1866 4319 digni
1898 4252 2162 4314 fruuntur,

585 4325 680 4379 sed
713 4341 816 4380 non
843 4344 1031 4381 omnes
1053 4327 1247 4379 uniter.
1278 4324 1409 4378 Nam
1442 4324 1601 4376 homo
1629 4333 1907 4390 susceptus
1928 4338 1956 4374 a
1989 4323 2163 4374 divina

585 4397 876 4464 Sapientia,
902 4407 1099 4459 quatth
1129 4396 1307 4449 divine
1329 4407 1608 4463 susceptus
1635 4402 1736 4458 est,
1763 4401 1910 4445 tanto
1933 4392 2164 4446 divinius

586 4467 854 4536 intelligit.
898 4467 1030 4522 Nam
1061 4482 1361 4536 quanquam
1411 4481 1570 4536 unum
1617 4465 1685 4518 sit
1727 4480 1941 4536 corpus,
1989 4472 2163 4536 tamen

585 4553 692 4591 non
714 4534 953 4592 eamdem
987 4534 1379 4592 babentomnia
1412 4535 1644 4589 membra
1674 4534 1971 4587 sanitatem.
1997 4535 2166 4586 Aliter

587 4609 782 4662 dicitur
810 4610 1008 4664 sanitas
1035 4609 1198 4673 oculi,
1223 4608 1378 4661 aliter
1411 4605 1618 4674 Capitis,
1651 4607 1804 4658 aliter
1833 4605 2010 4657 ca-teri
2041 4619 2162 4656 cor-

585 4679 749 4748 poris.
788 4680 958 4734 llomo
980 4680 1122 4734 enim
1151 4695 1180 4732 a
1214 4688 1430 4747 peccato
1459 4677 1688 4748 evadens
1711 4686 1934 4748 conatur
1969 4675 2164 4748 intelli—

582 4745 742 4819 gere;
778 4751 866 4804 ille
888 4761 1064 4805 autem
1093 4745 1371 4818 susceptus
1397 4749 1464 4801 ab
1484 4747 1671 4801 eodem
1707 4747 1996 4799 intellectu.
2022 4745 2166 4819 Nun-

585 4816 741 4890 quam
769 4831 947 4876 autem
977 4823 1080 4876 erit
1119 4816 1307 4874 manus
1352 4835 1463 4887 pes,
1491 4828 1581 4890 aut
1621 4833 1713 4886 pes
1740 4819 1956 4870 oculus:
2006 4816 2168 4890 sic_et

584 4886 746 4964 homo
785 4891 1054 4964 nunquam
1090 4892 1191 4964 erit
1217 4886 1360 4964 quod
1386 4890 1471 4964 ille
1495 4889 1886 4964 qui_su_sccptus
1911 4895 1992 4939 est
2016 4902 2043 4938 a
2069 4886 2166 4964 Sa:

587 4963 781 5034 pientia
815 4957 928 5017 Dei:
969 4964 1109 5018 Deus
1143 4957 1337 5016 dicitur
1378 4961 1555 5034 finitus
1591 4958 1886 5034 forinsecus
1909 4973 2073 5034 usque
2098 4957 2165 5010 ad

583 5029 837 5100 animam,
869 5035 1188 5089 intrinsecus
1227 5046 1395 5102 usque
1417 5031 1481 5084 ad
1513 5045 1572 5083 se
1603 5046 1614 5080 :
1644 5029 1994 5102 omniaenim
2024 5029 2075 5081 in
2109 5043 2166 5081 se

583 5098 841 5158 continet.
887 5107 1076 5160 Anima
1099 5113 1273 5159 autem
1304 5098 1449 5155 finita
1480 5109 1562 5154 est
1589 5114 1755 5168 usque
1781 5098 1844 5152 ad
1873 5112 2084 5166 corpus,
2115 5107 2167 5152 et

583 5190 753 5241 usque
774 5175 840 5228 ad
871 5176 1056 5230 Deum.
1080 5175 1285 5243 Corpus
1306 5173 1464 5226 etiam
1499 5170 1626 5243 foris
1664 5171 1867 5223 tinitmn
1895 5180 2168 5243 estusque

582 5245 650 5297 ad
670 5239 826 5308 nihil,
859 5239 1395 5300 intrinsecus—autem
1431 5241 1698 5296 infinitum
1728 5249 1810 5296 est
1837 5258 1849 5293 :
1881 5239 2168 5294 dividendo

584 5314 726 5368 enim
758 5331 1027 5381 nunquam
1057 5316 1254 5369 finitur.

658 5384 825 5438 Sam.
864 5385 1006 5440 XIX.
1037 5416 1110 5426 —-
1146 5385 1226 5439 De
1271 5383 1417 5438 ideis.
1457 5382 1642 5438 Omnis
1686 5381 1940 5435 transitus
1959 5381 2025 5436 de
2051 5381 2169 5435 loco

587 5453 640 5506 in
675 5456 859 5524 locum
901 5471 992 5522 per
1017 5457 1212 5510 lineam
1245 5456 1337 5519 fit;
1364 5455 1613 5524 quoniam
1643 5468 1801 5506 omne
1833 5453 2001 5524 latum
2030 5453 2166 5524 linea

587 5522 689 5576 sibi
716 5525 1074 5592 coniungitur,
1099 5534 1153 5578 et
1181 5541 1340 5579 omne
1370 5522 1565 5593 corpus
1591 5525 1726 5577 linea
1757 5523 1857 5576 sibi
1887 5523 2168 5592 conjungi-

589 5601 694 5654 tur,
723 5607 843 5662 qua:
869 5593 1004 5663 linea
1050 5595 1230 5663 utique
1257 5610 1454 5663 corpus
1500 5609 1602 5646 non
1635 5604 1752 5647 est:
1787 5595 1854 5647 ita
1900 5604 1952 5647 et
1997 5595 2170 5647 omnis

591 5663 848 5733 transitus
867 5662 932 5733 in
963 5662 1161 5728 anima,
1196 5665 1246 5718 id
1285 5662 1386 5728 est,
1413 5665 1635 5718 mutatio
1681 5665 1760 5717 vel
1804 5663 2033 5728 achCtio,
2067 5680 2170 5733 qua

590 5731 751 5784 modo
777 5730 954 5795 stulta,
991 5734 1147 5787 modo
1191 5736 1423 5804 sapiens,
1470 5749 1562 5802 per
1605 5735 1858 5804 quasdam
1889 5730 2172 5804 utique—li-

658 5865 670 5894 ε
698 5862 816 5911 editi
840 5859 938 5914 alii.
964 5877 1025 5914 ινα·
1046 5872 1194 5917 vorte.

2021 391 2386 448 APPENDIX.

3742 394 3842 452 ΤΒ

2265 523 2414 585 neas,
2445 508 2496 585 id
2531 517 2638 585 est,
2662 511 3036 585 per-quosdam
3079 513 3332 567 transitus
3362 512 3565 568 medios
3611 513 3688 581 fit,
3718 532 3839 585 quo-

2265 579 2567 652 modoiipsa
2609 579 2676 634 de
2716 582 2882 635 nihilo
2909 582 3040 639 facta
3072 593 3171 637 est.
3201 585 3369 638 Ilomo
3396 585 3440 638 si
3469 601 3653 639 verum
3676 579 3838 652 sciat,

2264 665 2398 724 pene
2424 651 2562 724 Deus
2587 660 2667 704 est
2695 669 2706 704 :
2740 653 2878 724 Deus
2906 656 2950 708 si
2983 671 3163 708 verum
3195 656 3383 722 nescit,
3415 671 3520 710 non
3565 671 3720 724 pene,
3753 651 3838 712 sed

2264 721 2400 775 bene
2431 721 2564 796 lapis
2611 729 2712 796 est.
2747 723 2894 796 Mens
2936 735 3112 778 autem
3162 721 3389 779 hominis
3436 721 3596 796 quam
3648 729 3840 796 optimo

2265 800 2411 864 motu
2442 791 2564 845 ferri
2591 792 2768 846 debet.
2800 794 2917 862 Quo
2947 796 3104 864 igitur
3146 798 3367 850 circuitu
3417 791 3701 851 niovenda—
3723 801 3840 853 est?

2264 860 2359 937 Est
2382 860 3036 937 autemoptimnsunentis
3065 867 3320 922 circuitus
3338 867 3616 922 rationalis
3643 869 3836 937 cogita-

2261 934 2356 1012 tio,
2384 949 2503 1002 qua:
2525 933 2590 985 ab
2611 949 2675 987 eo
2696 934 2836 1003 quod
2859 938 3117 1012 quaeritur
3148 938 3408 1012 profecta,
3435 953 3531 1012 per
3556 933 3844 1012 succeden-

2264 1008 2393 1055 tium
2422 1016 2854 1071 argumentorum
2885 1008 3142 1062 circulum
3173 1010 3369 1062 Certior
3397 1010 3535 1062 redit
3566 1010 3618 1062 in
3647 1010 3836 1064 locum.

2263 1071 2493 1147 Ideoque
2521 1075 2680 1147 etiam
2718 1077 3090 1133 similitudines
3121 1080 3410 1134 intellectui
3453 1079 3664 1134 idonete
3706 1090 3832 1147 Sunt,

2262 1143 2402 1217 quod
2429 1159 2520 1212 per
2543 1145 2715 1217 ipsum
2741 1157 2939 1201 motum
2963 1165 3120 1217 quem
3150 1158 3333 1203 natura
3355 1150 3648 1210 desiderat.
3668 1143 3838 1204 animo

2262 1213 2632 1289 exhibeantur.
2663 1216 2792 1289 Nam
2816 1221 2964 1288 quasi
2984 1213 3250 1274 auferunt
3277 1222 3484 1274 animos
3510 1221 3578 1274 ab
3603 1235 3672 1274 eo
3709 1221 3839 1289 quod

2261 1285 2454 1354 agitur,
2477 1294 2535 1361 et
2573 1287 2662 1361 illo
2691 1285 2883 1361 iterum
2932 1289 3218 1345 referunt:
3266 1290 3359 1345 sed
3408 1291 3549 1361 quod
3599 1285 3836 1358 efferunt,

2262 1364 2448 1430 contra
2489 1357 2750 1430 pigritiem
2795 1359 2884 1425 fit;
2914 1361 3056 1430 quod
3090 1361 3343 1424 referunt.
3372 1357 3556 1416 contra
3586 1377 3836 1417 errorem.

2265 1425 2419 1506 Ibide
2463 1428 2660 1506 placuit
2685 1430 2844 1483 etiam
2876 1425 3063 1506 priscis
3093 1432 3420 1501 sapientibus
3458 1433 3718 1506 quasdam
3763 1450 3842 1488 res

2265 1497 2581 1568 imaginibus
2620 1501 2828 1568 signare
2872 1497 3194 1566 fabularum,
3226 1513 3282 1556 ιιι
3320 1517 3439 1556 cum
3467 1497 3533 1556 ad
3567 1518 3660 1556 eas
3687 1504 3842 1558 fertur

2265 1567 2514 1643 intentio,
2536 1567 2864 1643 referturque
2889 1573 2955 1643 ad
2983 1573 3030 1626 id
3055 1575 3192 1641 quod
3226 1573 3551 1643 significant,
3578 1586 3725 1627 motu
3752 1589 3840 1629 suo

2264 1639 2604 1712 [nensgetiain
2653 1639 2790 1694 cum
2819 1642 2969 1709 ludit,
3000 1639 3314 1697 exerceatur
3358 1643 3409 1697 in
3461 1644 3836 1712 disimtatione.

2265 1707 2670 1781 Prievidendum
2699 1727 2764 1765 ne
2789 1715 2906 1781 quis
2948 1707 3254 1768 mentiatur.
3286 1714 3471 1768 Omnis
3500 1707 3680 1767 anima
3723 1715 3842 1769 affe-

2264 1780 2437 1832 ctilms
2461 1789 2694 1835 mutatur
2719 1801 2732 1837 :
2765 1780 2886 1836 nam
2911 1785 3036 1837 etin
3066 1784 3256 1839 officiis
3282 1786 3552 1839 mutabilis
3577 1794 3681 1838 est.
3710 1786 3841 1841 Deus

2264 1859 2345 1925 est
2372 1852 2688 1925 enimsOIuS
2729 1855 3092 1920 immutabilis,
3127 1867 3180 1909 et
3211 1855 3433 1924 Angeli:
3469 1870 3600 1923 ergo
3640 1871 3842 1925 semper

2266 1922 2623 1976 immutabiles
2653 1933 2797 1990 sunt,
2826 1939 2946 1978 cum
2973 1925 3145 1978 officia
3183 1922 3513 1994 impendunt.
3537 1922 3840 1982 ’Vermis'de

2267 2000 2436 2046 morte
2489 2003 2661 2059 natus,
2695 2005 2747 2065 et
2779 2007 3002 2050 mortem
3051 2011 3374 2050 consumens
3403 2014 3416 2049 :
3449 1996 3515 2051 de
3568 1998 3839 2065 putredine

2266 2071 2461 2125 natus,
2518 2064 2852 2131 putredinem
2920 2077 3261 2120 eonsninens.
3317 2066 3506 2122 Omnia
3571 2064 3839 2121 mutabilia

2265 2133 2426 2187 etiam
2479 2141 2674 2203 puncto
2719 2137 2974 2204 temporis
3022 2147 3310 2200 mutantur,
3346 2146 3398 2191 et
3441 2139 3676 2191 maxime
3725 2154 3841 2192 cor-

2265 2218 2395 2272 pora
2439 2220 2557 2273 qua:
2595 2206 2806 2274 penitus
2836 2222 2938 2260 non
2968 2218 3204 2271 manent,
3228 2209 3322 2262 sed
3350 2208 3596 2262 :etatibus
3627 2208 3740 2262 sine
3766 2211 3841 2262 in-

2269 2275 2606 2330 termisslone
2653 2288 2954 2332 moventur.
2987 2279 3116 2332 Nam
3161 2279 3334 2333 omnis
3380 2294 3464 2333 res
3509 2287 3697 2333 :etates
3725 2293 3842 2333 suas

2269 2344 2448 2419 habet,
2472 2354 2527 2400 ut
2552 2345 2616 2400 ad
2646 2347 2860 2402 brevem
2889 2356 3098 2402 artatem
3131 2359 3260 2404 anas
3294 2349 3468 2403 omnis
3502 2349 3677 2418 major
3701 2350 3843 2419 quasi

2267 2417 2537 2471 aeternitas
2586 2419 2657 2471 sit
2705 2435 2718 2470 :
2777 2434 2896 2473 cum
2947 2421 3105 2473 etiam
3151 2420 3327 2474 adhuc
3364 2417 3606 2474 viventes
3650 2417 3844 2474 mortes

2268 2487 2522 2554 quasdam
2564 2488 2831 2555 patiantur
2859 2490 3089 2558 ipsarum
3142 2499 3379 2555 mtatum,
3406 2498 3460 2544 et
3490 2490 3676 2543 ultima
3707 2506 3843 2544 mors

2269 2557 2438 2624 major
2463 2558 2691 2625 quodam
2717 2557 2889 2630 modo
2907 2576 3050 2614 mors
3078 2562 3165 2622 sit,
3192 2573 3246 2614 ut
3277 2562 3389 2630 ipsa
3419 2570 3696 2616 crementa
3721 2571 3844 2614 aeta-

2271 2637 2378 2680 tum
2410 2637 2606 2682 mortes
2655 2628 2942 2697 patiantur.
2976 2631 3040 2684 Et
3070 2641 3275 2684 montes
3299 2628 3418 2686 cum
3464 2639 3647 2692 ruunt,
3677 2640 3730 2686 et
3767 2632 3842 2685 in-

2268 2699 2398 2771 Sulae
2426 2715 2544 2771 cum
2577 2710 2737 2753 ruunt
2765 2709 2819 2754 et
2849 2712 3160 2764 nascuntur,
3191 2703 3339 2771 quasi
3389 2711 3590 2756 mortes
3636 2702 3767 2756 fiunt
3793 2703 3842 2757 in

2269 2769 2633 2855 universitate,
2669 2779 2728 2824 ut
2771 2772 2950 2855 ultima
3000 2789 3146 2854 mors
3185 2769 3251 2826 sit
3281 2773 3440 2828 etiam
3484 2771 3688 2826 mundo
3733 2788 3845 2855 qua:

2267 2840 2460 2893 dicitur
2483 2841 2848 2908 conflagratio.
2866 2842 2997 2896 Nam
3023 2847 3118 2896 tria
3145 2854 3299 2896 sunt:
3326 2859 3486 2897 unum
3515 2858 3731 2912 semper
3751 2840 3846 2897 im-

2269 2911 2542 2982 mutabile,
2573 2921 2628 2964 nt
2660 2913 2828 2975 Deus;
2862 2929 3075 2982 semper
3101 2915 3373 2980 mutabile,
3405 2923 3460 2968 ut
3483 2928 3712 2982 corpus;
3741 2930 3846 2969 me-

2268 2981 2410 3034 dium
2429 2983 2716 3050 quoddam,
2736 2991 2789 3036 ut
2811 2981 3007 3046 anima,
3024 2995 3080 3038 ut
3101 2985 3370 3039 mutabilis
3393 2999 3512 3039 esse
3537 2981 3725 3052 possit,
3741 3000 3846 3053 pos-

2267 3053 2332 3105 sit
2349 3062 2396 3104 ct
2418 3053 2778 3124 immutabilis.
2794 3054 2895 3112 Sed
2919 3065 3033 3123 post
3048 3057 3517 3112 commutationem
3533 3070 3730 3124 corpus
3746 3069 3845 3110 non

2267 3133 2520 3176 mutatur.
2549 3125 2620 3177 Ea
2647 3123 2859 3177 demum
2883 3141 3007 3179 vera
3038 3136 3092 3179 et
3117 3127 3322 3180 sincera
3356 3125 3574 3179 libertas
3608 3123 3714 3189 est,
3749 3142 3846 3195 qua

2269 3195 2322 3246 fit
2354 3204 2409 3246 ut
2437 3195 2754 3263 ubicumque
2779 3196 2873 3259 sis,
2897 3196 3030 3250 bene
3052 3198 3115 3250 sit
3148 3197 3262 3250 tibi.
3289 3196 3428 3249 Deus
3451 3204 3630 3249 autem
3658 3206 3741 3251 est
3767 3211 3850 3250 so-

2268 3263 2368 3329 lus,
2387 3280 2644 3334 nusquam
2667 3266 2858 3319 absens
2880 3267 2946 3320 ab
2963 3268 3039 3320 eis
3057 3267 3246 3334 quibus
3275 3268 3420 3320 solus
3442 3268 3456 3297 ¹
3481 3269 3729 3333 voluptas
3751 3277 3846 3321 cst.

2269 3335 2426 3389 I’ater
2467 3345 2644 3389 autem
2691 3335 2994 3391 IlliSl'I'lCOl‘S
3033 3339 3274 3391 mortalia
3303 3337 3406 3391 illis
3453 3338 3665 3391 vincula
3697 3338 3850 3392 facie-

2268 3404 2357 3458 bat
2393 3406 2490 3468 (a).
2528 3407 2823 3459 Descensus
2849 3409 3042 3461 anima:
3086 3409 3203 3461 talis
3241 3416 3351 3470 est,
3388 3416 3445 3461 ut
3473 3423 3594 3461 cum
3628 3417 3777 3477 putat
3795 3424 3851 3463 se

2266 3477 2462 3544 aliquid
2491 3485 2742 3544 appetere
2767 3479 2907 3546 quod
2936 3479 3032 3533 sibi
3072 3480 3257 3547 prosit,
3285 3479 3349 3532 ad
3373 3478 3474 3532 alia
3499 3479 3624 3532 huic
3656 3480 3731 3534 rei
3763 3494 3849 3533 ne-

2267 3549 2497 3600 cessaria
2532 3549 2772 3618 trahatur
2803 3567 2815 3601 :
2843 3563 2904 3601 ac
2952 3550 2994 3602 si
3032 3550 3081 3603 id
3127 3549 3268 3618 quod
3298 3549 3509 3602 volebat
3533 3550 3554 3580 ¹
3578 3550 3632 3602 in
3678 3550 3851 3604 multis

2268 3617 2590 3684 implicetur,
2621 3627 2675 3672 et
2698 3617 2859 3683 dicat,
2891 3620 3126 3673 Pneveni
3149 3617 3344 3673 nolens
3366 3619 3506 3688 quod
3538 3620 3782 3675 volebam
3804 3619 3847 3683 ³;

2267 3689 2403 3742 redit
2430 3699 2604 3742 autem
2630 3705 2724 3760 per
2750 3691 2974 3760 gratiam
3009 3691 3124 3745 Dei.
3153 3691 3276 3744 Tria
3301 3698 3426 3745 sunt
3461 3705 3662 3760 genera
3687 3692 3852 3745 virtu-

2268 3769 2378 3813 tum
2414 3777 2428 3814 :
2460 3760 2643 3828 prima:
2667 3759 2851 3813 civiles
2881 3761 3237 3828 politicorum,
3265 3771 3370 3815 etc.

2340 3829 2500 3884 SENT.
2547 3830 2662 3883 XX.
2702 3859 2773 3870 —-
2828 3830 2905 3883 De
2947 3832 3100 3885 malo.
3144 3831 3338 3885 Notitia
3383 3831 3526 3886 enim
3559 3831 3854 3886 evidentior

2268 3901 2429 3966 boni,
2459 3901 2582 3954 mali
2624 3909 2707 3955 est
2743 3903 3165 3969 experimentum
3209 3903 3272 3955 iis
3295 3903 3488 3971 quibus
3519 3903 3758 3971 potentia
3786 3902 3854 3955 iu-

2268 3972 2432 4026 trrior
2457 3981 2559 4033 est,
2589 3980 2644 4025 ut
2674 3986 2765 4040 per
2793 3973 3125 4040 disciplinam
3153 3973 3348 4026 malum
3372 3984 3495 4028 ante
3519 3974 3857 4042 experimen-

2270 4052 2381 4096 tum
2409 4043 2596 4095 sciant.
2632 4042 2744 4096 Non
2776 4053 2954 4097 essent
2995 4044 3129 4098 bona
3156 4043 3327 4098 dulcia
3348 4087 3360 4106 ,
3396 4045 3440 4099 si
3471 4059 3574 4098 non
3609 4054 3853 4111 pateren-

2270 4122 2355 4184 tur
2397 4112 2642 4166 adversa.
2675 4111 2802 4184 Item
2855 4113 3051 4167 bonum
3105 4114 3245 4184 quod
3297 4115 3634 4168 observando
3684 4115 3854 4168 minus

2269 4183 2546 4247 diligebat,
2602 4183 2875 4238 ardentius
2926 4185 3090 4251 diligit
3128 4183 3532 4253 comparando.
3582 4184 3702 4238 Non
3757 4185 3856 4238 erit

2268 4269 2512 4322 magnus,
2542 4269 2789 4323 magnum
2824 4265 3012 4324 putans
3035 4257 3077 4309 si
3106 4256 3302 4309 cadunt
3334 4256 3495 4324 ligna,
3523 4256 3730 4324 lapides
3754 4297 3769 4320 ,
3804 4265 3855 4308 et

2269 4326 2569 4378 moriuntur
2599 4327 2868 4379 mortales.
2900 4325 3089 4380 Utrum
3115 4327 3405 4379 secundum
3432 4334 3666 4394 tempus,
3691 4343 3758 4378 an
3783 4341 3860 4379 se-

2268 4395 2500 4450 cundum
2541 4396 2908 4450 excellentiam
2949 4397 3086 4451 Deus
3126 4407 3248 4450 ante
3275 4407 3538 4463 tempora.
3565 4395 3683 4450 Non
3711 4397 3853 4449 enim

2269 4465 2561 4520 Secundum
2611 4477 2820 4534 tempus
2891 4477 3013 4521 ante
3070 4478 3354 4536 tempora:
3389 4468 3623 4536 alioquin
3675 4468 3858 4534 incipit

2271 4548 2510 4604 tempore
2556 4538 2857 4605 praecedere
2907 4546 3180 4606 tempora,
3211 4547 3262 4590 et
3305 4553 3410 4592 non
3456 4538 3567 4608 jam
3602 4538 3857 4607 praecedit

2271 4619 2512 4675 tempora
2542 4609 2906 4678 quiitempore
2935 4609 3019 4661 illa
3052 4609 3320 4677 prarcedit.

2338 4678 2498 4732 Sesr.
2543 4677 2682 4731 XXI.
2721 4677 2794 4718 -ὲ
2830 4679 2908 4733 De
2937 4680 3088 4733 libero
3127 4680 3355 4732 arbitrio.
3385 4678 3494 4734 Nos
3532 4688 3714 4734 autem
3750 4679 3859 4733 Deo

2264 4750 2483 4820 jubeutc
2511 4765 2570 4803 ea
2595 4765 2711 4818 quae
2741 4751 2982 4804 volumus
3009 4751 3216 4819 agimus
3235 4791 3248 4814 ,
3278 4751 3532 4818 quoniam
3571 4767 3692 4818 qua:
3737 4766 3859 4819 pos-

2269 4819 2454 4876 Sunius
2481 4821 2724 4873 volumus
2745 4863 2758 4886 ,
2788 4821 2926 4875 bona
2953 4821 3230 4875 duntaxat.
3265 4819 3398 4874 Nam
3440 4821 3577 4874 mala
3618 4822 3671 4874 in
3714 4830 3864 4888 pote-

2269 4900 2408 4946 state
2438 4899 2564 4944 sunt
2609 4907 2725 4960 qua:
2773 4892 2821 4944 in
2846 4893 3116 4945 voluntate
3138 4906 3257 4946 esse
3295 4907 3398 4944 non
3441 4891 3665 4945 debent.
3699 4893 3862 4958 quue

2269 4971 2350 5016 est
2395 4972 2450 5016 et
2479 4961 2765 5030 plurimum
2789 4970 2842 5016 et
2869 4963 3038 5015 solum
3074 4964 3124 5016 in
3172 4963 3340 5016 libero
3370 4962 3628 5024 arbitrio,
3664 4963 3865 5030 plenis-

2270 5034 2404 5086 sime
2434 5032 2568 5086 velle
2597 5047 2756 5087 omne
2791 5033 2930 5102 quod
2965 5042 3107 5088 recte
3136 5047 3292 5101 agere
3315 5033 3493 5102 possis
3518 5031 3539 5062 ⁸
3569 5051 3580 5087 :
3628 5034 3673 5086 si
3717 5034 3863 5102 quod

2273 5113 2417 5157 recte
2445 5103 2523 5155 vis
2549 5119 2708 5171 agere
2739 5119 2842 5157 non
2873 5114 3045 5173 potes,
3077 5103 3157 5156 fac
3179 5103 3313 5158 velis
3352 5118 3514 5172 agere
3540 5103 3685 5172 quod
3713 5113 3864 5159 recte

2272 5184 2442 5244 potes.
2488 5173 2823 5228 Manifestum
2869 5185 2950 5228 est
2979 5176 3029 5228 in
3057 5174 3311 5242 Spiritum
3344 5174 3600 5228 Sanctum
3647 5190 3870 5242 peccan-

2273 5257 2399 5308 tem,
2431 5245 2636 5298 veniam
2666 5244 2864 5300 habere
2891 5261 2992 5299 non
3018 5262 3193 5314 posse;
3226 5261 3344 5298 nam
3379 5244 3696 5298 vindicatur.
3727 5244 3866 5299 Cum

2271 5317 2412 5369 enim
2455 5315 2725 5382 affligitur,
2759 5316 2810 5368 in
2845 5318 2954 5385 ipsa
2987 5316 3296 5384 prenitentia
3339 5317 3489 5383 pnuit
3537 5315 3735 5369 factum
3766 5358 3780 5378 ,
3817 5325 3871 5369 et

2273 5386 2429 5440 solvit
2456 5387 2759 5440 vindictam.
2794 5386 2906 5440 Non
2952 5402 3080 5458 ergo
3108 5386 3390 5440 dimittitur
3414 5428 3427 5450 ,
3461 5387 3584 5456 quia
3628 5388 3870 5456 punitur.

2340 5561 2354 5590 ¹
2382 5565 2508 5618 l.ov.,
2535 5559 2653 5608 sola.

2339 5623 2359 5652 '
2386 5628 2486 5680 31s.,
2511 5634 2568 5669 ac
2585 5619 2626 5671 si
2649 5619 2700 5669 id
2725 5633 2818 5680 quo
2840 5621 3036 5671 volebat.

2343 5683 2362 5714 ³
2385 5692 2484 5741 \ls.,
2510 5697 2600 5743 quo
2623 5681 2853 5732 nolebam.

2343 5746 2362 5774 ⁵
2389 5752 2434 5791 ιιι
2458 5753 2537 5813 Ms.
2559 5759 2619 5794 au
2659 5746 2928 5806 marginem
2950 5745 3155 5804 additur,
3182 5749 3225 5792 et
3249 5743 3371 5794 mhi!
3415 5745 3539 5795 nolle
3563 5748 3687 5808 quod
3715 5746 3871 5796 vitam

2280 5819 2372 5854 "07!
2397 5820 2543 5854 "US$15

2344 5821 2358 5852 γ
2458 5824 2501 5853 Si.
2537 5823 2543 5830 .

2313 5821 2610 5930 oéziliti'iziimi
2634 5870 2830 5930 dictum,
2858 5882 2919 5918 cx
2939 5868 3020 5919 lib.
3047 5870 3078 5918 9
3099 5868 3161 5918 de
3184 5868 3316 5918 civit.
3345 5868 3449 5931 Dei,
3474 5881 3577 5933 Cap.
3609 5869 3680 5921 10.
