4106 6512
272 413 3570 480 Ε

1317 539 1320 542 ”
1392 534 1639 665 AD
1664 531 2418 666 ΜΟΝΙΤΙΟ

1241 725 1333 786 IN
1387 720 2140 798 SUBSEQUENTEM
2199 722 2583 785 LIBRUM.

1710 861 2117 902 πσππτπδδ

263 1004 268 1008 ’
331 1007 525 1064 Exstat
545 1006 646 1062 iste
665 1003 802 1062 liber
823 1003 875 1059 in
902 1000 1277 1058 vetustissimis
1298 1001 1690 1072 exemplaribus
1720 1002 1821 1057 sub
1853 1000 2007 1056 titulo
2037 998 2209 1054 Orosii
2241 999 2605 1068 percontantis
2631 1008 2685 1053 et
2713 999 2992 1070 Augustini
3035 997 3430 1068 respondentis.
3462 995 3567 1051 Ve-

262 1111 594 1167 rumtamen,
618 1107 679 1155 ut
712 1097 1036 1170 praefationis
1068 1103 1124 1151 et
1159 1094 1634 1166 interrogationum
1660 1095 1813 1151 stilus
1837 1094 2063 1150 dissidet
2088 1093 2155 1147 ab
2180 1091 2438 1147 Orosiana
2466 1091 2678 1162 phrasi;
2711 1091 2784 1144 ita
2825 1091 3062 1160 reliquus
3090 1105 3268 1145 sermo
3297 1105 3402 1145 non
3439 1104 3571 1143 con-

263 1191 410 1247 venit
430 1191 750 1261 Augustino,
780 1187 883 1242 nisi
903 1201 1026 1242 cum
1056 1185 1219 1256 ipsius
1250 1185 1408 1242 verba
1436 1186 1747 1240 recitantur.
1773 1185 2058 1256 Congesta:
2089 1183 2194 1238 huc
2223 1194 2347 1239 sunt
2374 1183 2701 1253 quaestiones
2730 1198 2796 1237 ex
2826 1183 2986 1237 variis
3014 1182 3168 1237 locis.
3207 1182 3337 1236 Nam
3364 1180 3574 1236 duode-

265 1286 370 1338 cim
404 1283 612 1352 priores
633 1288 758 1335 sunt
783 1279 836 1334 in
862 1278 1119 1348 opusculo
1146 1277 1214 1334 de
1240 1276 1498 1332 Trinitate
1524 1285 1578 1332 et
1599 1279 1798 1332 unitate
1826 1277 1941 1342 Dei,
1972 1276 2113 1347 quod
2135 1278 2273 1331 inter
2298 1275 2599 1330 subdititios
2617 1275 2784 1329 libros
2813 1275 2940 1329 tomi
2957 1275 2990 1330 8
3015 1274 3315 1330 exhibetur.
3348 1274 3478 1327 Alize
3505 1289 3572 1328 ex

261 1371 722 1442 subsequentibus
749 1369 929 1440 plures
954 1369 1224 1439 pertinent
1261 1367 1328 1422 ad
1357 1365 1780 1423 Commentarios
1812 1368 1865 1423 in
1909 1367 2182 1435 Genesim,
2231 1367 2480 1422 Eucherii
2516 1367 2729 1421 nomine
2759 1368 3021 1436 vulgatos.
3055 1365 3172 1420 Non
3203 1381 3386 1435 pauca:
3411 1365 3574 1419 etiam

259 1477 329 1520 ex
363 1462 644 1533 Augustini
670 1460 822 1516 libris
869 1459 936 1515 de
960 1458 1154 1515 Genesi
1182 1458 1249 1513 ad
1279 1458 1532 1513 Litteram
1558 1457 1826 1529 decerptae
1852 1467 1996 1512 sunt.
2036 1459 2114 1512 Ad
2147 1466 2465 1525 extremum,
2499 1457 2740 1527 dialogus
2786 1457 3051 1511 clauditur
3089 1457 3351 1512 sententia
3391 1451 3576 1526 Augu-

262 1555 398 1610 stini
428 1555 576 1609 citati
608 1553 661 1608 in
683 1551 798 1607 haec
829 1551 986 1607 verba
1013 1569 1026 1604 ε
1061 1549 1202 1604 Nam
1225 1550 1288 1604 de
1318 1566 1375 1604 eo
1400 1551 1486 1622 qui
1512 1566 1725 1622 prwesse
1765 1551 1989 1622 festinat,
2019 1550 2224 1620 quidam
2255 1549 2470 1604 Patrum
2506 1551 2761 1621 eleganter
2786 1551 3032 1621 expressit
3071 1551 3262 1612 dicens,
3316 1548 3460 1604 Sciat
3508 1565 3562 1601 se

265 1663 371 1701 non
401 1661 510 1700 esse
533 1645 847 1716 episcopum,
876 1644 963 1712 qui
981 1658 1194 1713 praeesse
1219 1642 1376 1713 cupit,
1407 1659 1508 1696 non
1532 1642 1790 1714 prodesse.
1815 1641 1990 1697 Locus
2018 1651 2102 1697 est
2132 1642 2249 1696 libri
2276 1642 2342 1698 i9
2370 1643 2435 1698 de
2460 1642 2688 1697 Civitate
2716 1642 2832 1708 Dei,
2871 1658 2989 1712 cap.
3035 1644 3099 1698 19
3133 1662 3146 1696 :
3181 1641 3444 1713 lntelligat
3473 1656 3575 1694 non

262 1756 320 1794 se
351 1755 458 1793 esse
485 1738 800 1809 episcopum,
841 1736 927 1806 qui
960 1750 1173 1804 praeesse
1201 1734 1450 1799 dilexerit,
1485 1751 1586 1788 non
1615 1734 1870 1805 prodesse.
1916 1734 2061 1803 Opus
2091 1735 2500 1805 rccoguovimus
2543 1735 2611 1790 ad
2639 1735 3022 1792 Corbeiensem
3051 1736 3291 1795 codicem
3323 1745 3446 1789 ante
3474 1749 3576 1788 an-

267 1844 373 1885 nos
403 1829 514 1884 iere
538 1828 873 1898 octingentos
893 1827 1176 1896 scriptum,
1206 1825 1271 1879 ad
1298 1821 1750 1880 Vindocinensem
1779 1835 1832 1880 et
1853 1825 2223 1880 Michaelinum
2247 1842 2417 1881 annos
2450 1827 2706 1882 habentes
2732 1827 2799 1882 ad
2839 1827 3014 1882 minus
3036 1836 3339 1891 sexcentos,
3371 1826 3435 1881 ad
3465 1826 3575 1880 Ro-

266 1937 460 1979 manos
480 1921 821 1978 bibliotheca:
847 1921 1115 1976 Vaticana;
1141 1927 1400 1990 quatuor;
1425 1928 1479 1974 et
1505 1917 1574 1973 ad
1601 1918 1862 1973 editiones
1889 1919 2236 1988 antiquiores.
2265 1918 2320 1973 In
2353 1917 2665 1974 Corbeiensi
2695 1929 2747 1974 et
2773 1920 3090 1975 Michaelino
3121 1928 3448 1991 prwnotatur
3477 1921 3579 1984 sic,

272 2015 599 2083 Quastiones
627 2014 797 2070 Orosii
826 2023 870 2070 et
897 2013 1247 2084 responsiones
1271 2012 1434 2066 sancti
1458 2011 1728 2082 Augustini
1747 2011 2000 2082 episcOpi;
2033 2011 2084 2065 in
2116 2027 2221 2065 uno
2247 2027 2277 2066 e
2304 2011 2581 2080 Romanis,
2613 2011 2762 2066 Liber
2789 2011 3121 2084 Dialogorum
3149 2014 3278 2067 beati
3309 2012 3581 2084 Augustini

265 2109 518 2180 episcOpi,
551 2114 874 2180 percontante
895 2105 1077 2160 Oresio
1104 2103 1428 2177 presbytero;
1451 2118 1550 2158 nec
1577 2103 1747 2157 multo
1770 2103 1926 2159 aliter
1950 2103 2068 2158 aliis
2102 2103 2154 2158 in
2185 2103 2336 2160 libris
2363 2105 2686 2162 inscribitur.

259 2229 560 2242 P—

1492 2225 1954 2239 ——-—.-————-——_

259 2235 811 2242 ν-ᾑήψ

1489 2271 1568 2284 ..ι-ε

604 2357 1507 2477 υιιιοαπε
1579 2357 1893 2508 qua

1999 2357 2798 2474 STIONUM
2853 2363 3246 2474 LXV

1734 2573 1848 2618 SUB
1889 2573 2122 2618 τιτι]ιο
2203 2619 2205 2621 ,

268 2713 681 2801 OROSII
769 2708 1661 2798 PERCONTANTIS
1718 2708 1868 2790 ET
1933 2707 2587 2794 AUGUSTINI
2661 2712 3577 2800 RESPONDENTIS.

1469 2898 1472 2900 -
1746 2862 2115 2920 -οθεεωϐδὲο-

348 3013 502 3068 Licet
545 3011 700 3066 multi
743 3017 798 3066 et
841 3005 1201 3079 probatissimi
1245 3003 1346 3059 viri
1395 3002 1607 3079 diyerso
1654 3001 1870 3079 quidem

268 3085 438 3149 stilo,
488 3081 586 3137 sed
631 3095 737 3135 non
781 3072 992 3149 dii/ersa
1019 3076 1125 3132 ﬁde
1167 3072 1578 3149 innumerabilia
1615 3073 1872 3142 opuscula

269 3143 581 3215 ediderint,
613 3153 686 3225 ita
712 3159 771 3205 ut
809 3148 1024 3204 difﬁcile
1051 3149 1122 3202 sit
1147 3144 1538 3225 eoru_m'ornnia
1567 3143 1740 3225 legere
1764 3159 1778 3208 ;
1812 3158 1873 3225 ea

270 3235 460 3280 tamen
506 3238 626 3293 quae
671 3222 949 3294 leguntur,
998 3225 1216 3294 prepter
1242 3215 1434 3294 eloquii
1463 3222 1800 3294 venustatem
1823 3221 1880 3294 c_t

270 3283 627 3349 difﬁcillimas
651 3283 1416 3362 quaestionumperplexitates
1439 3325 1454 3348 ,
1489 3283 1706 3338 minime
1727 3283 1881 3362 intel-

274 3367 540 3434 liguntur.
571 3355 778 3417 Revera
806 3361 946 3434 enim
967 3400 982 3426 ,
1006 3355 1422 3434 dumeoguntur
1450 3362 1668 3422 propter
1695 3355 1876 3407 altitu-

271 3426 464 3491 dinem
487 3434 776 3502 Scripturae
801 3430 996 3502 divina:
1020 3427 1283 3483 occultam
1307 3426 1736 3502 via_m_carpere_,_
1759 3439 1880 3492 par-

272 3507 432 3560 vitati
489 3494 688 3558 nostra:
731 3501 1129 3562 ambiguitatem
1179 3512 1282 3550 non
1328 3495 1601 3548 minimam
1641 3494 1878 3562 relique-

276 3584 432 3631 runt.
475 3574 612 3630 Sunt
640 3574 799 3628 etiam
850 3564 1008 3640 plane
1047 3565 1516 3640 spirituales_viri_,_
1562 3564 1652 3633 qui
1695 3578 1881 3640 eofum

1985 3005 2161 3060 monia
2189 3020 2294 3060 non
2322 3007 2618 3061 attendant.
2647 3006 2752 3078 Ipsi
2779 3022 3010 3078 namque
3035 3018 3448 3063 asseruntunam
3467 3013 3479 3040 '
3501 3027 3581 3062 os-

1984 3091 2043 3150 se
2081 3091 2364 3144 personam
2394 3119 2423 3150 ,Α
2453 3078 2504 3131 id
2549 3088 2663 3150 est,
2723 3080 2896 3147 ipsum
2943 3081 3042 3134 sibi
3087 3080 3279 3134 Filium
3327 3097 3447 3135 esse
3485 3083 3578 3150 qui

1985 3147 2142 3201 Pater
2171 3157 2281 3210 est,
2329 3158 2382 3202 et
2413 3148 2583 3216 ipsum
2613 3149 2868 3217 Spiritum
2906 3158 3169 3204 sanctum.
3197 3151 3299 3205 Sed
3349 3167 3444 3205 nos
3471 3147 3579 3205 cie-

1985 3217 2197 3289 citatem
2233 3218 2468 3286 ipsorum
2497 3219 2860 3289 relinquentes
2881 3262 2894 3282 ,
2943 3230 3050 3276 tres
3083 3235 3338 3288 personas
3381 3237 3581 3276 secun-

1986 3287 2111 3342 dum
2149 3287 2458 3360 Scripturas
2488 3287 2700 3344 sanctas
2737 3287 3124 3360 intelligau'ius;
3176 3291 3226 3345 id
3270 3301 3386 3355 est,
3419 3293 3582 3347 alium

1987 3372 2108 3432 esse
2147 3359 2358 3432 Patrem
2380 3363 2480 3432 qui,
2496 3360 2710 3432 genuit,
2740 3361 2899 3414 alium
2920 3359 3124 3415 Filium
3151 3363 3239 3431 qui
3263 3363 3472 3432 genitus
3500 3372 3584 3416 est

1988 3443 2018 3480 a
2052 3429 2248 3503 Patre,
2269 3429 2431 3482 alium
2459 3431 2712 3499 Spiritum
2728 3439 3000 3503 _sanctum
3051 3450 3064 3503 ς
3112 3429 3216 3485 non
3249 3429 3388 3485 aliud
3411 3474 3424 3496 ,
3456 3433 3580 3503 quia

1990 3499 2284 3573 substantia
2325 3515 2488 3554 unum
2539 3509 2679 3573 sunt.
2727 3500 2991 3573 Personas
3035 3502 3443 3573 distinguimus,
3473 3499 3579 3557 non

1989 3570 2241 3641 deitatem
2271 3585 2598 3639 separamus.
2637 3570 2800 3641 Igitur
2828 3571 2992 3626 Filius
3041 3573 3130 3626 Dei
3161 3570 3348 3627 natura
3370 3583 3451 3628 est
3493 3574 3583 3626 Fi-

277 3654 650 3716 nssequuntur
670 3634 964 3716 eloquium,
988 3648 1042 3694 et
1067 3634 1350 3716 penetrant
1373 3634 1722 3716 intellectum.
1751 3634 1886 3716 Quo-

276 3733 408 3771 rum
431 3705 538 3771 nos
568 3715 697 3770 dum
722 3705 1168 3782 concupiscentiis
1192 3705 1580 3784 satisfacimus,
1612 3705 1886 3784 praeclara:

279 3802 476 3844 eorum
505 3786 742 3840 scientia:
767 3797 874 3837 non
899 3774 1187 3851 'azquamnr
1205 3818 1220 3844 ,
1250 3786 1307 3830 ut
1335 3791 1428 3831 eas
1451 3775 1589 3828 sicut
1612 3775 1684 3828 illi
1729 3774 1887 3851 intel-_

279 3859 458 3928 ligere
484 3857 777 3928 valeamus.
809 3844 1144 3928 Quapropter
1173 3855 1436 3928 quaesnte
1464 3853 1526 3928 ut
1553 3844 1889 3928 percontanti

281 3914 428 3984 ηἰἶίιί
472 3914 1067 3995 νθεροηόθειεξθιὶιιιξε
1091 3914 1470 3975 obscuritatem
1504 3914 1702 3970 faciunt
1723 3957 1738 3982 ,
1770 3915 1888 3969 elu-

283 3998 478 4054 cidare
503 3997 758 4066 digneris.

363 4055 618 4136 Quazs'rio
643 4081 823 4120 PRIMA.
853 4063 908 4136 in
961 4060 1350 4136 primisquzero
1375 4072 1404 4110 a
1429 4065 1481 4111 te
1500 4098 1516 4122 ,
1543 4063 1719 4136 utrum
1751 4055 1890 4110 Deus

285 4127 532 4193 Trinitas
558 4137 661 4203 sit;
707 4143 763 4191 et
803 4127 996 4205 quibus
1044 4127 1361 4186 testimoniis
1390 4127 1689 4198 approbes,
1735 4139 1892 4181 nosse

287 4209 566 4264 desidero.

369 4278 536 4333 Resp.
564 4274 890 4344 Principium
914 4269 1500 4344 Geneseos_evidenter
1527 4265 1776 4322 ostendit.
1806 4267 1896 4320 Ait

291 4350 447 4406 enim
503 4363 516 4400 :
557 4346 641 4418 iln
691 4339 956 4418 principio
998 4343 1116 4418 fecit
1368 4339 1547 4418 cretum
1588 4346 1638 4418 et
1684 4347 1890 4418 terram.

301 4407 703 4492 ngemwalium'
726 4407 1052 4492 principium
1099 4411 1518 4492 intelligendum
1553 4407 1892 4492 putabimus,

301 4430 481 4487 Quem
523 4430 686 4472 altum
726 4430 1052 4540 'prtnmplutn
1099 4430 1500 4492 Intelligenuum
1553 4430 1892 4488 pututmttus,

290 4491 403 4546 nisi
457 4486 687 4542 Filium?
749 4500 845 4555 pse
897 4483 1150 4555 enim__de
1174 4495 1259 4555 _se_
1286 4495 1401 4555 Ipso
1449 4477 1896 4555 interrogantilms

293 4559 504 4616 Judteis
515 4559 634 4628 quis
649 4549 812 4622 esset,
827 4552 1105 4628 respondit
1127 4569 1140 4605 :
1167 4549 1506 4628 Principium,
1519 4549 1646 4628 quia.
1657 4557 1701 4628 et
1720 4549 1899 4628 loquor

294 4632 441 4686 vobis
471 4618 810 4700 (Romam,
853 4618 970 4695 25).
997 4624 1160 4700 _Ergo
1214 4618 1531 4690 prinCipium
1573 4618 1756 4700 gilius.
1799 4619 1900 4671 Per

298 4688 498 4757 Filium
566 4697 691 4752 fecit
731 4688 874 4752 Deus
911 4688 1119 4749 caelunf
1155 4688 1442 4747 et‘terrain
1499 4707 1513 4743 :
1578 4688 1762 4742 Omnia
1811 4704 1900 4756 per

295 4774 475 4840 ipsum
503 4773 639 4839 facta
679 4775 828 4830 sunt,
864 4765 1004 4821 sicut
1043 4762 1371 4840 euangelista
1398 4759 1648 4840 gnarures
1678 4767 1896 4840 narrat,

297 4828 349 4897 et
377 4828 634 4910 sine'ipso
657 4828 858 4910 factum
901 4845 973 4889 est
993 4835 1129 4910 nihil
1151 4828 1334 4910 ⁸(Ἱᾴ.)
1355 4871 1369 4894 ,
1398 4833 1475 4901 ὅ).
1499 4830 1715 4910 fro-eui
1741 4828 1901 4910 dubio

300 4915 359 4968 in
384 4913 482 4967 Dei
524 4899 743 4964 nomine
769 4907 926 4962 Pater
945 4946 960 4971 ,
992 4905 1046 4959 in
1089 4899 1350 4974 principii,
1370 4899 1585 4974 nomine
1609 4899 1778 4974 Filius
1799 4899 1898 4974 Δἰη-

301 4980 628 5053 telligend‘us
666 4986 767 5053 est.
801 4969 1046 5032 Profecto
1083 4969 1206 5030 cum
1239 4969 1502 5053 dixisset,
1532 4969 1611 5053 In.
1646 4969 1898 5053 principio

306 5039 590 5126 feqitheus
613 5049 795 5126 caelum
833 5055 881 5102 et
911 5056 1132 5109 terram;
1172 5043 1486 5126 subsecutus
1528 5039 1801 5126 aii-jungit,
1834 5039 1902 5120 Et

305 5110 523 5194 'spiritus
549 5120 640 5194 Dei
674 5117 925 5194 ferebatur
953 5133 1104 5188 super
1131 5131 1297 5194 aquas
1323 5113 1474 5194 (Gen.
1495 5114 1650 5194 hat,
1670 5111 1734 5194 .2)
1767 5129 1779 5164 :
1811 5110 1898 5180 qui

304 5181 472 5250 tertia
499 5199 578 5247 est
623 5181 685 5245 iu'
713 5189 976 5244 Trinitate
1003 5181 1248 5256 persona.
1280 5185 1440 5256 igitur
1465 5183 1510 5237 si
1537 5181 1768 5256 Trinitas
1794 5197 1901 5256 non

303 5272 493 5327 esset,
543 5275 810 5330 nunquam
843 5251 1100 5330 Dominus
1130 5251 1322 5330 noster,
1355 5253 1511 5309 Jesus
1550 5251 1790 5306 Christus
1816 5251 1902 5330 di-

305 5321 779 5400 ceret-discipulis
808 5329 918 5400 spis
938 5369 953 5394 ,
1004 5327 1083 5400 Ite
1107 5369 1123 5400 ,ν
1158 5326 1406 5400 bnptizate
1429 5332 1827 5400 _o‘n_t_nes‘gentes
1851 5321 1904 5374 in

305 5404 520 5460 nomine
552 5392 724 5456 Patris
743 5410 789 5454 et
812 5392 1002 5452 Filii—et
1030 5392 1254 5467 Spiritus
1278 5394 1438 5467 sancti
1465 5392 1683 5467 (Matth.
1709 5407 1896 5454 xxvtu,

310 5476 410 5544 19)
444 5491 460 5527 :
495 5488 596 5528 nec
641 5471 906 5544 baptizata
947 5462 1169 5544 Domino
1215 5462 1536 5544 i_t_1__.|ordane
1585 5462 1901 5544 auJoanne.,

308 5533 418 5600 vei
442 5545 513 5599 de
559 5533 926 5597 cmlo'diceret
946 5580 959 5602 ,
993 5539 1090 5592 Hic
1115 5547 1188 5592 est
1216 5537 1381 5590 Filius
1417 5551 1556 5587 meus
1575 5533 1786 5587 dilectus
1806 5574 1820 5597 ,
1851 5533 1904 5586 in

350 5633 414 5670 uo
441 5613 566 5668 mihi
590 5613 712 5666 bene
734 5611 1028 5683 complacui
1049 5626 1067 5661 :
1096 5624 1195 5663 nec
1223 5607 1451 5677 Spiritus
1475 5613 1690 5659 sanctus
1722 5604 1771 5656 in
1803 5618 1905 5683 ὀο-

337 5686 516 5740 uml'xe
558 5683 741 5753 specie
780 5680 1123 5753 descendisse
1165 5695 1323 5753 super
1347 5693 1505 5753 eum,
1551 5684 1605 5728 ct
1647 5680 1906 5753 mansisse

317 5744 723 5826 diceretur-(Id.
754 5769 841 5826 ut,
877 5753 972 5818 i7,
1006 5752 1118 5826 461.
1166 5744 1326 5826 Miror
1347 5747 1617 5826 infelicem
1649 5744 1907 5826 Sabellia-

321 5842 446 5882 nam
475 5815 757 5890 haeresim,
801 5815 902 5878 hoc
925 5815 1004 5877 eSt
1030 5863 1044 5887 ,
1076 5815 1586 5895 Patripassianorum
1609 5857 1622 5879 ,
1655 5815 1797 5885 quod
1828 5816 1906 5895 sic

327 5897 456 5955 ccci
480 5902 608 5954 sunt
638 5902 814 5952 mente
834 5936 850 5963 ,
881 5902 936 5949 ut
963 5903 1066 5947 tam
1092 5893 1342 5962 praeclara
1365 5932 1378 5958 ,
1410 5901 1514 5944 tam
1545 5897 1728 5960 aperta
1759 5893 1905 5942 testi-

1991 3639 2126 3702 lius,
2172 3655 2278 3712 non
2326 3641 2632 3709 adoptione.
2668 3639 2779 3696 'Sic
2826 3643 2966 3696 enim
3011 3644 3264 3712 scriptum
3322 3653 3400 3697 est
3443 3661 3456 3696 :
3503 3643 3586 3697 Ea:

1992 3719 2132 3783 utero
2154 3752 2168 3776 ,
2200 3710 2369 3783 inquit
2389 3752 2403 3775 ,
2436 3721 2553 3783 ante
2577 3713 2842 3783 luciferum
2871 3715 3020 3782 genui
3056 3724 3103 3766 te
3121 3710 3147 3781 ’(
3158 3712 3301 3766 Psal.
3333 3729 3420 3767 Ctx
3447 3756 3460 3778 ,
3499 3715 3580 3783 '5).

1993 3779 2108 3833 Non
2152 3781 2293 3848 quod
2337 3781 2474 3835 Deus
2502 3782 2658 3835 Pater
2679 3779 2896 3836 uterum
2940 3779 3296 3837 habeat'sicut
3339 3799 3469 3844 nos,
3495 3779 3588 3838 aut

1993 3864 2284 3918 corporeus
2329 3865 2450 3906 csse
2481 3852 2778 3907 credendus
2805 3853 2906 3916 sit;
2953 3854 3046 3906 sed
3075 3868 3170 3921 per
3195 3862 3403 3906 uterum
3451 3855 3584 3907 sub-

1997 3921 2244 3974 stantiam
2288 3921 2508 3991 intelligi
2562 3923 2758 3987 volnit,
2813 3924 2880 3976 de
2927 3938 3031 3991 qua
3087 3933 3242 3976 natus
3284 3933 3367 3978 est
3398 3923 3585 3977 Filius.

1995 3990 2149 4056 Quod
2193 4001 2275 4044 est
2322 3990 2507 4054 Pater,
2543 3991 2646 4048 hoc
2670 3993 2852 4061 genuit
2887 4011 2900 4046 :
2934 3990 3077 4047 Deus
3121 3993 3285 4048 Deum
3308 4035 3322 4053 ,
3373 3993 3463 4047 lux
3496 3994 3583 4046 lu-

1996 4075 2136 4116 cem.
2171 4061 2364 4131 lgitur,
2407 4063 2545 4116 sicut
2575 4063 2734 4117 homo
2783 4065 3088 4129 hominem,
3130 4072 3184 4118 et
3226 4064 3373 4117 canis
3397 4079 3586 4118 canem

1997 4132 2161 4200 gignit
2214 4149 2226 4184 :
2283 4147 2551 4203 nunquam
2603 4144 2779 4187 autem
2836 4135 3008 4187 visum
3065 4144 3150 4188 est
3195 4143 3252 4187 ut
3300 4134 3462 4188 homo
3491 4151 3587 4202 ge-

1998 4203 2176 4274 nuerit
2223 4217 2432 4274 canent.
2489 4205 2566 4258 Ac
2611 4220 2704 4272 per
2755 4204 2856 4258 hoc
2907 4220 3011 4258 non
3059 4205 3127 4260 de
3170 4205 3373 4271 nihilo,
3419 4220 3590 4274 neque

1999 4273 2066 4327 de
2091 4273 2264 4341 aliqua
2292 4273 2392 4325 alia
2411 4274 2726 4335 substantia,
2759 4275 2852 4328 sed
2882 4274 2948 4328 de
2965 4290 3023 4330 se
3049 4276 3163 4344 ipso
3182 4275 3371 4330 Filium
3386 4273 3586 4342 genuit.

2071 4344 2288 4415 Qua-251'.
2321 4343 2384 4398 Ii.
2418 4344 2496 4399 De
2523 4360 2865 4414 personarum
2894 4343 3265 4410 distinctione,
3299 4346 3379 4399 vel
3407 4347 3472 4399 de
3501 4363 3595 4415 ge-

2001 4413 2096 4468 niti
2147 4414 2266 4468 Filii
2316 4413 2542 4483 pcrsona
2590 4416 2917 4470 satisfactum
2968 4419 3096 4471 mihi
3141 4431 3262 4471 esse
3304 4413 3586 4472 arbitror:

2002 4499 2355 4567 nuncqucerp
2381 4485 2507 4567 quid
2534 4487 2724 4541 credas
2748 4487 2815 4567 d_e
2845 4486 3044 4557 Spiritu
3074 4496 3294 4553 sancto;
3331 4497 3506 4542 utrum
3537 4497 3593 4542 et

2003 4558 2118 4624 ipse
2145 4558 2415 4626 ingenitus
2445 4558 2546 4619 sit,
2576 4573 2642 4611 an
2673 4558 2904 4626 genitus.

2076 4627 2237 4700 lisse.
2269 4625 2522 4700 Spiritum
2552 4625 2795 4700 sanctum
2842 4643 3016 4700 neque
3054 4629 3344 4700 ingenitum
3368 4669 3382 4693 ,
3417 4642 3590 4700 neque

2004 4698 2240 4766 genitum
2274 4697 2403 4751 tides
2433 4708 2580 4751 certa
2605 4699 2858 4753 declarat.
2882 4697 3014 4766 Quia
3059 4702 3101 4754 si
3120 4697 3423 4754 dixerimus
3449 4698 3595 4763 inge-

2005 4768 2212 4831 nitum.
2253 4766 2388 4821 duos
2413 4778 2592 4836 patres
2631 4769 2901 4824 affirmare
2941 4771 3240 4826 videbimur
3271 4784 3285 4820 :
3319 4769 3362 4820 si
3410 4776 3590 4820 autem

2005 4839 2279 4907 genitum,
2322 4846 2447 4892 tunc
2493 4838 2629 4893 duos
2660 4841 2795 4894 lilios
2834 4840 3054 4894 credere
3097 4839 3452 4908 culpabimur.
3485 4837 3592 4891 Sed

2006 4908 2149 4978 quod
2175 4919 2316 4980 certa
2352 4908 2484 4963 tides
2529 4918 2706 4972 tenet,
2735 4926 2834 4965 nec
2873 4910 3138 4980 ingenitus
3166 4918 3246 4963 est
3266 4949 3280 4973 ,
3311 4922 3410 4980 nec
3443 4908 3593 4975 geni—

2007 4977 2127 5042 tus;
2160 4977 2253 5032 sed
2280 4980 2347 5033 ab
2374 4988 2602 5049 utroque
2643 4977 2974 5049 procedens,
3003 4980 3055 5034 id
3083 4989 3162 5033 est
3181 5021 3194 5043 ,
3229 4988 3282 5033 et
3307 4993 3335 5030 a
3359 4978 3514 5031 Patre
3543 4987 3597 5030 et

2007 5065 2036 5103 a
2061 5049 2215 5104 Filio.
2250 5051 2313 5103 Et
2340 5061 2397 5103 ut
2441 5050 2555 5104 haec
2581 5051 2897 5105 testimoniis
2932 5050 3252 5120 approbem,
3285 5049 3455 5117 ipsum
3489 5049 3594 5120 Do:

2009 5121 2210 5174 minum
2237 5130 2477 5174 nostrum
2507 5120 2687 5174 Jesum
2710 5118 2982 5175 Christum
3004 5118 3294 5186 discipulos
3317 5133 3444 5172 suos
3469 5118 3592 5172 audi

2007 5191 2288 5246 docentem
2330 5188 2500 5244 :Cum
2557 5200 2724 5244 autem
2765 5192 2983 5255 venerit,
3030 5190 3236 5259 inquit,
3302 5188 3594 5242 Paracletus

2007 5277 2155 5332 quem
2185 5275 2274 5328 ego
2303 5261 2500 5332 mittam
2534 5262 2670 5314 vobis
2699 5278 2730 5312 a
2761 5261 2914 5313 Patre
2935 5303 2948 5325 ,
2994 5260 3244 5332 Spiritum
3273 5261 3494 5332 veritatis
3513 5263 3602 5329 qui

2009 5349 2040 5384 a
2072 5331 2229 5384 Patre
2269 5331 2525 5399 procedit,
2574 5332 2660 5385 ille
2705 5332 3043 5384 testimonium
3093 5331 3364 5400 perhibebit
3416 5331 3478 5383 de
3524 5345 3603 5384 me

2012 5402 2189 5472 (Joan.
2220 5417 2288 5455 xv
2309 5443 2322 5467 ,
2351 5400 2464 5472 26).
2493 5402 2558 5455 Ει
2587 5418 2795 5456 rursum
2826 5403 2940 5471 ipse
2965 5404 3220 5457 Dominus
3243 5411 3424 5456 noster
3444 5401 3603 5456 Jesus

2009 5473 2287 5538 Christus,
2325 5481 2446 5541 post
2473 5473 2920 5526 resurrectionem
2964 5489 3149 5536 suam,
3190 5484 3246 5526 ut
3293 5473 3606 5527 estenderet

2012 5560 2040 5596 a
2083 5559 2140 5597 se
2183 5543 2472 5609 procedere
2514 5543 2768 5612 Spiritum
2801 5554 3040 5598 sanetum
3075 5545 3212 5599 sicut
3241 5561 3268 5598 τι
3298 5545 3483 5606 Patre,
3525 5543 3604 5596 iu-

2011 5614 2230 5686 sulilans
2258 5614 2308 5666 in
2341 5615 2628 5686 discipulus
2652 5618 2902 5686 suusait,
2936 5616 3159 5684 Accipite
3189 5615 3440 5686 Spiritum
3478 5630 3602 5686 san-

2012 5695 2115 5739 tunt
2140 5683 2249 5755 (1(1.
2284 5701 2352 5738 xx
2375 5727 2387 5745 ,
2415 5683 2509 5750 9.2)
2540 5701 2556 5756 ς
2587 5686 2743 5746 item,
2778 5684 2887 5756 Ego
2931 5682 3124 5740 mittunt
3165 5682 3466 5756 promissam:
3500 5682 3605 5756 Ρα-

2012 5758 2102 5810 tris
2143 5753 2236 5809 inci
2275 5757 2326 5809 in
2369 5771 2454 5809 vos
2498 5755 2645 5829 (Luc.
2681 5753 2840 5823 xxtv,
2867 5758 2980 5828 49).
3031 5753 3178 5814 Unus
3207 5773 3333 5827 ergo
3375 5753 3606 5824 Spiritus

2077 5891 2220 5942 tuss.
2244 5889 2341 5942 duo
2367 5890 2588 5955 Vaticani,
2617 5902 2761 5942 unam
2784 5895 2987 5942 tantum.
