4018 6500
542 394 649 449 735

544 517 627 561 est
657 505 827 561 Patris
868 513 922 562 et
968 503 1123 569 Filii,
1162 516 1299 557 unus
1344 500 1620 555 amborum
1664 497 1913 569 Spiritus.
1958 497 2125 569 igitur

544 576 687 646 quod
717 577 889 631 Patris
928 576 1006 646 sit
1026 568 1287 644 Spiritus,
1334 573 1447 646 ipse
1492 570 1747 646 Dominus
1788 578 1842 623 et
1880 568 2124 646 Salvator

546 638 728 700 noster
769 645 1043 714 discipulis
1068 638 1176 700 suis
1205 645 1277 714 ait
1322 638 1498 696 {Non
1522 641 1653 714 enim
1674 655 1771 714 eos
1801 639 1916 714 estis
1936 638 2021 714 qui
2051 640 2129 691 to-

583 715 755 786 uimini
777 758 791 781 ,
821 710 918 770 sed
936 715 1159 786 Spiritus
1197 712 1368 767 Patris
1383 712 1571 786 uestri,
1599 712 1684 780 qui
1712 710 1935 786 [equitat
1956 710 2008 786 in
2034 724 2124 786 ito-

547 733 755 839 zutmmt
777 758 791 781 ,
821 733 909 770 sea
936 733 1159 786 opimus
1197 733 1368 767 ratrts
1395 733 1571 774 vesu‘t,
1599 733 1684 780 qui
1714 733 1934 775 tuquuur
1956 733 2008 761 ιιι
2034 733 2124 762 vu-

581 788 622 839 is
666 785 875 856 (Matth.
907 802 939 840 χ
962 828 975 849 ,
1006 785 1124 854 20).
1157 786 1220 837 Et
1260 782 1399 856 quod
1445 782 1583 836 idem
1610 788 1669 856 _e_t
1712 778 1833 856 Filii
1863 780 1932 832 sit
1957 778 2129 856 Spiri-

549 850 682 917 tus,'
708 857 901 911 Paulus
947 850 1220 924 apostolus
1257 850 1406 924 testis
1444 862 1570 924 est:
1601 851 1660 905 Si
1687 851 1796 919 quis
1819 860 2013 924 autch
2042 850 2126 903 in-

547 927 681 994 quit,
704 926 951 1049 Spiritum
972 919 1155 980 Christi
1177 942 1275 978 non
1307 922 1469 988 habet,
1492 923 1572 975 hic
1598 938 1698 975 non
1717 929 1788 975 est
1808 922 1917 989 ejus
1948 919 2122 991 (Rom.

550 1010 679 1049 vni.
773 1036 783 1049 .

550 1010 679 1061 vui,
706 1010 783 1061 υ).

868 1065 950 1119 lll.
978 1067 1052 1121 De
1078 1065 1299 1132 singulis
1328 1066 1593 1134 personis,
1615 1059 1758 1130 quod
1779 1059 2002 1134 alius_sit
2027 1059 2128 1134 Pa:

552 1129 668 1200 ter,
710 1139 843 1191 alius
888 1137 1077 1201 Filius,
1123 1129 1257 1191 alius
1297 1129 1524 1203 S'piritus
1563 1129 1811 1194 sanctus;
1859 1131 1940 1203 vel
1982 1129 2127 1200 quod

550 1206 718 1261 Filius
743 1209 811 1262 sit
838 1207 1072 1273 genitus,
1105 1218 1159 1261 et
1184 1200 1412 1273 Spiritus
1441 1211 1656 1257 sanctus
1684 1200 2009 1270 procedens,
2042 1214 2129 1254 se-

549 1277 779 1330 cundum
808 1276 1109 1347 Scripturas
1137 1288 1345 1330 sanctas
1390 1274 1769 1347 advertimus;
1812 1286 1960 1347 nunc
2000 1284 2126 1325 vero

550 1347 682 1402 illud
710 1349 846 1401 scire
868 1342 1045 1417 cupio,
1075 1349 1117 1401 si
1147 1348 1285 1401 Deus
1309 1347 1378 1400 sit
1406 1345 1570 1399 Filius
1599 1354 1688 1417 aut
1733 1342 1964 1417 Spiritus
2002 1356 2127 1395 san-

550 1428 690 1483 ctus,
720 1419 803 1471 vel
834 1412 1008 1473 utrum
1032 1435 1135 1473 una
1163 1420 1232 1472 sit
1260 1417 1552 1471 substantia
1574 1414 1656 1467 vel
1682 1412 1934 1476 essentia,
1966 1427 2124 1482 quam

552 1488 722 1543 Grzeci
753 1494 975 1556 ὁμευσίαν
1004 1498 1217 1543 vocant.

623 1552 786 1613 Resp;
830 1560 1035 1614 lntento
1065 1560 1243 1613 animo
1287 1557 1508 1611 adverte
1552 1573 1564 1609 :
1598 1569 1716 1624 qum
1742 1562 1792 1607 te
1820 1562 2032 1624 movent
2059 1552 2123 1624 li:

549 1628 761 1683 bentius
789 1630 1182 1685 demonstrabo.
1211 1630 1403 1683 Beatus
1434 1622 1627 1680 Paulus
1652 1623 1926 1692 apostolus
1944 1664 1956 1685 ,
1981 1622 2122 1690 quod

549 1700 719 1753 Filius
744 1700 809 1753 sit
840 1701 1006 1767 Deus,
1052 1700 1115 1753 ad
1160 1700 1425 1753 Romanos
1452 1695 1794 1767 scribenside
1833 1693 2079 1748 lsraclitis
2107 1711 2121 1747 :

554 1767 779 1840 Quorum
802 1781 967 1839 patres
1058 1772 1257 1840 inquit,
1288 1785 1349 1823 ea:
1372 1768 1547 1840 quibus
1578 1776 1646 1840 est
1677 1764 2123 1840 Christus__secun-

548 1834 671 1892 dum
694 1834 922 1921 carnem,
966 1834 1338 1921 quines'tﬁsuper
1382 1838 1549 1919 omnia
1590 1836 1726 1921 Deus
1763 1834 2045 1921 benedictus
2071 1834 2123 1887 in

550 1910 738 1963 secula
768 1910 879 1977 (Id.
930 1927 1012 1975 ix,
1046 1912 1119 1976 5).
1159 1911 1223 1963 Et
1251 1905 1439 1963 iterum
1484 1908 1535 1961 in
1590 1905 1882 1977 Evangelio
1926 1918 2121 1977 secun-

548 1979 673 2033 dum
720 1974 976 2036 Joannem
1003 1974 1033 2034 γε
1081 1974 1149 2035 Ut
1183 1989 1514 2049 cognoscant,
1550 1975 1719 2049 inquit
1738 2016 1756 2049 ,ᾗ
1784 1986 1832 2028 te
1858 1974 2021 2049 solum
2042 1990 2123 2028 ve-

548 2066 663 2102 rum
695 2049 889 2114 Deum,
937 2062 982 2105 et
1022 2068 1167 2120 quem
1211 2043 1388 2101 misisti
1432 2043 1892 2120 lesum’Chrislum
1941 2043 2119 2115 (Joan.

547 2134 653 2174 xvn
676 2163 688 2183 ,
722 2121 799 2188 3).
835 2122 975 2175 Ordo
1014 2117 1094 2175 est
1123 2121 1404 2175 verborum
1445 2134 1457 2168 :
1503 2117 1571 2173 Ut
1599 2124 2036 2188 coguoscant_te,
2067 2124 2123 2169 ct

546 2204 703 2257 quem
738 2185 923 2245 misisti
972 2192 1152 2247 Jesum
1184 2192 1452 2245 Christum
1484 2189 1656 2243 solum
1704 2201 1887 2257 verum
1926 2185 2115 2257 Deum.

546 2256 611 2331 Et
645 2278 827 2315 rursus
855 2264 954 2316 alia
992 2264 1263 2331 Seriptura
1307 2261 1469 2313 dicit:
1505 2258 1571 2331 Ui
1598 2259 1753 2311 simus
1790 2256 1855 2331 in_
1871 2272 1982 2308 vero
2012 2256 2120 2325 ejus

546 2329 686 2383 Filio
713 2332 834 2385 Jesu
866 2332 1063 2387 Christo
1087 2327 1125 2395 ;’
1143 2334 1248 2396 ipse
1274 2342 1343 2384 est
1368 2347 1511 2383 verus
1539 2328 1673 2382 Deus
1717 2336 1764 2380 et
1808 2327 1907 2379 vita
1930 2337 2120 2380 retenta

547 2399 587 2467 (Ι
616 2400 773 2454 Joan.
802 2419 831 2453 ν
857 2445 870 2465 ,
900 2404 1015 2469 20).
1050 2404 1115 2457 Et
1142 2414 1198 2457 ut
1242 2402 1595 2470 a-qualitatem
1636 2413 1784 2451 suam
1832 2397 2079 2470 ostendat
2100 2436 2115 2461 ,

544 2472 618 2523 ait
662 2472 770 2537 ipse
799 2466 1051 2528 Dominus
1100 2490 1112 2525 :
1155 2475 1261 2542 ligo
1291 2466 1337 2525 et
1378 2471 1532 2523 Pater
1558 2485 1714 2523 unum
1737 2483 1909 2521 sumus
1934 2466 2114 2542 (Joan.

544 2556 607 2612 Χ,
634 2543 743 2612 50).
777 2543 946 2597 Unum
974 2552 1131 2609 sunt,
1162 2538 1365 2597 scilicet
1397 2550 1613 2612 natura,
1647 2555 1750 2612 non
1781 2552 2026 2612 persona.
2052 2538 2121 2591 Et

543 2606 733 2665 iterum
769 2630 781 2665 :
818 2606 1129 2681 Propterea,
1181 2616 1379 2681 inquit,
1408 2609 1697 2681 quaerebant
1720 2606 1891 2681 Judaei
1937 2606 2116 2681 Iesum

544 2631 733 2665 iterum
769 2631 781 2665 :
818 2631 1095 2681 rr0pterea
1116 2656 1129 2676 ,
1181 2631 1253 2667 ιη(
1277 2631 1379 2679 ιιιι,
1408 2631 1691 2677 qtttBt'eaam
1720 2631 1890 2661 Juuws
1937 2631 2116 2661 lusum

542 2682 821 2755 inter/icere
843 2726 856 2746 ,
888 2687 1005 2755 quia
1056 2702 1154 2738 non
1184 2631 1345 2737 soilunt
1380 2682 1595 2755 solvebat
1622 2678 1915 2755 sabbatum,
1956 2678 2053 2755 sed
2073 2686 2119 2731 et

544 2750 748 2805 Patrem
777 2748 923 2807 suum
952 2756 1147 2809 dicebat
1194 2754 1382 2818 Deunt,
1426 2751 1669 2819 a'qualem
1694 2766 1746 2802 se
1775 2748 1964 2816 faciens
2012 2749 2118 2802 Deo

543 2822 653 2893 (Id.
690 2839 741 2887 v,
770 2826 874 2893 18).
911 2826 976 2879 Et
1003 2842 1212 2879 rursum
1245 2826 1429 2879 beatus
1453 2821 1722 2891 apostolus
1750 2819 1943 2893 Paulus
1974 2835 1987 2870 :
2021 2820 2119 2885 Qui

543 2890 656 2946 cum
682 2895 731 2947 in
764 2890 929 2965 [arma
978 2897 1072 2949 Dei
1104 2905 1258 2957 esst-t,
1308 2912 1409 2947 non
1451 2890 1696 2965 rapinant
1725 2890 1995 2965 arbitratus
2045 2898 2117 2943 est

541 2980 648 3016 esse
671 2982 722 3016 se
746 2960 988 3034 (aqualem
1018 2967 1120 3019 Deo
1156 2965 1411 3036 (Philipp.
1444 2979 1478 3016 ll
1502 2960 1521 3027 ,ί
1550 2960 1627 3031 6).
1654 2960 1766 3013 Non
1795 2960 1935 3013 enim
1969 2968 2120 3026 pote-

540 3044 623 3086 rat
655 3050 771 3088 eSse
800 3039 1013 3103 rapina,
1058 3037 1147 3090 ubi
1177 3037 1394 3103 :rqualis
1432 3041 1548 3086 erat
1594 3041 1813 3103 natura;
1865 3045 1982 3103 qua}
2011 3045 2116 3103 non

544 3113 662 3157 erat
692 3100 938 3173 usurpata
963 3149 977 3171 ,
1001 3100 1113 3160 sed
1145 3100 1283 3159 nata.
1337 3104 1449 3158 Non
1480 3104 1691 3169 rapuit,
1722 3101 1841 3169 quia
1889 3100 2069 3153 habuit
2098 3116 2113 3154 :

542 3184 596 3226 et
626 3177 785 3228 multa
816 3177 1213 3230 innumerabilia
1236 3218 1250 3242 ,
1278 3191 1397 3243 qum
1426 3174 1487 3225 ad
1517 3180 1840 3243 momentum
1882 3184 1985 3243 non
2030 3186 2119 3224 oc-

541 3256 782 3298 currunt.
814 3246 1066 3314 Spiritum
1109 3241 1243 3300 vero
1269 3241 1506 3299 sanctum
1534 3258 1716 3297 verum
1764 3241 1925 3314 Deum
1953 3241 2118 3314 Actus

541 3312 917 3386 Apostolorum
964 3318 1296 3386 apertissime
1340 3316 1562 3369 edocent
1619 3331 1631 3365 :
1680 3312 1904 3386 Anania,
1951 3312 2119 3386 inquit

545 3385 732 3438 Petrus
752 3428 765 3447 ,
798 3404 887 3439 cur
915 3382 1119 3439 tentavit
1161 3398 1364 3442 satanas
1391 3402 1475 3438 cor
1514 3394 1655 3437 tuum
1698 3382 1895 3435 mentiri
1927 3392 1972 3435 te
1995 3382 2118 3451 Spi-

543 3456 662 3507 ritui
689 3459 895 3510 sancto?
916 3468 969 3511 et
990 3458 1122 3512 infra
1148 3499 1161 3517 ,
1197 3458 1315 3510 Non
1342 3474 1394 3510 es
1425 3454 1705 3508 hominibus
1732 3453 1995 3515 mentitus,
2031 3453 2118 3506 sed

547 3525 650 3578 lteo
683 3526 813 3599 (Aet.
842 3543 903 3593 v,
934 3529 967 3583 5
987 3570 999 3589 ,
1028 3526 1105 3599 4).
1140 3530 1203 3582 Et
1242 3529 1291 3581 in
1327 3526 1612 3593 Evangelio
1641 3524 1931 3599 secundum
1958 3523 2117 3599 Joan-

542 3611 665 3668 nem
691 3593 711 3650 ἐ
747 3596 1013 3663 Dominus,
1050 3593 1243 3668 inquit,
1276 3598 1497 3666 Spiritus
1536 3606 1607 3649 est
1634 3593 1809 3666 (Joan.
1866 3609 1915 3668 εγ
1938 3636 1951 3656 .
1999 3594 2113 3668 215i-

542 3664 737 3736 Paulus
762 3670 1032 3736 apostoius
1097 3663 1161 3723 ad
1190 3663 1495 3723 Corinthios
1539 3663 1775 3719 scribens
1809 3682 1820 3716 :
1858 3663 2075 3717 Nescitis
2098 3707 2113 3732 ,

542 3735 742 3809 inquit,
772 3735 890 3808 quia
930 3757 1140 3809 corpora
1168 3750 1328 3793 vestra
1354 3736 1595 3807 templum
1623 3746 1695 3809 est
1742 3736 1963 3804 Spiritus
1993 3752 2116 3809 san-

541 3808 606 3859 cti
626 3849 639 3870 ,
674 3810 759 3876 qui
784 3806 847 3863 Vin
890 3806 1026 3863 vobis
1049 3821 1152 3878 est,
1181 3827 1322 3878 queat
1353 3806 1539 3861 habetis
1577 3825 1607 3859 a
1639 3806 1741 3859 Deo
1762 3847 1775 3872 ,
1806 3815 1850 3878 et
1877 3823 1975 3878 non
2002 3807 2117 3860 estis

541 3880 729 3931 vestri?
756 3879 927 3948 Empti
955 3882 1089 3935 enim
1126 3876 1241 3935 estis
1286 3883 1445 3949 pretio
1490 3894 1671 3949 magno
1717 3892 1735 3930 :
1768 3876 2117 3949 gloriﬁcatect

580 3959 739 4003 ortate
772 3946 929 4003 Deum
969 3953 1019 4005 in
1069 3946 1294 4019 corpore
1318 3960 1477 4003 vestro
1526 3946 1707 4019 (IVCoi'.
1733 3962 1821 4019 vi,
1855 3947 1919 3999 l9
1941 3987 1955 4009 ,
1998 3946 2113 4016 920).

566 4020 698 4073 ‘ater
718 4062 732 4084 ,
762 4022 972 4090 inquam
993 4064 1007 4087 ,
1045 4016 1217 4086 Deus,
1251 4022 1415 4075 Filius
1448 4022 1614 4082 Deus,
1652 4016 1881 4090 Spiritus
1903 4026 2116 4090 sanctus

542 4088 714 4152 Deus;
744 4087 846 4144 non
878 4101 983 4147 tres
1004 4092 1109 4153 dii,
1144 4094 1235 4147 sed
1264 4107 1397 4145 unus
1427 4092 1565 4143 Deus
1594 4098 1693 4141 est.
1728 4087 1857 4141 Nam
1886 4088 1928 4141 si
1963 4088 2118 4142 Pater

543 4161 731 4229 major,
766 4162 927 4217 Filius
954 4165 1126 4216 minor
1145 4205 1158 4223 ,
1194 4165 1420 4231 Spiritus
1450 4168 1662 4214 Sanctus
1690 4160 1804 4228 plus
1829 4173 1984 4224 quam
2013 4158 2115 4231 mi—

543 4246 674 4294 nor,
707 4233 846 4298 quod
892 4232 1136 4286 Ιιιιιύιίεει
1193 4229 1422 4300 pravitas
1464 4231 1687 4292 asserit,
1732 4231 1837 4296 jam
1866 4243 1971 4300 non
2015 4229 2117 4300 erit

544 4316 678 4373 unus
707 4302 846 4373 Deus
866 4344 881 4367 ,
914 4304 1004 4356 sed
1035 4312 1143 4358 tres
1172 4298 1242 4355 dii
1266 4321 1279 4367 ;
1306 4301 1445 4373 quod
1482 4300 1628 4373 nefas
1667 4308 1750 4373 est
1776 4298 2017 4373 credere.
2053 4299 2117 4373 Et

543 4371 695 4442 valde
728 4372 993 4442 redarguit
1018 4374 1135 4427 illos
1164 4367 1434 4442 Scriptura
1465 4371 1638 4425 divina
1673 4388 1685 4425 :
1718 4369 1889 4442 Audi,
1918 4367 2112 4436 Israel,

544 4440 713 4510 inquit
732 4482 745 4500 ,
774 4438 1020 4497 Dominus
1047 4443 1184 4497 Deus
1213 4438 1356 4509 tuus,
1395 4442 1530 4495 Deus
1556 4458 1684 4495 unus
1709 4448 1783 4495 est
1826 4438 2002 4507 (Deut.
2026 4456 2077 4493 vr
2097 4479 2112 4504 ,

544 4512 619 4580 4).
652 4514 726 4565 Ac
754 4528 846 4581 per
878 4514 976 4568 hoc
997 4516 1132 4568 sicut
1163 4531 1265 4568 non
1295 4514 1516 4568 dicimus
1546 4521 1654 4566 tres
1680 4510 1809 4565 deos
1828 4551 1841 4574 ,
1870 4524 1967 4564 uec
2007 4519 2115 4564 tres

543 4584 830 4647 essentias;
880 4584 949 4637 ita
978 4601 1076 4639 nec
1103 4594 1209 4639 trcs
1246 4584 1565 4652 sapientias,
1596 4598 1693 4636 nec
1728 4590 1837 4634 tres
1875 4581 2111 4650 spiritus.

542 4652 672 4707 Nam
701 4655 1005 4722 interrogati
1032 4655 1097 4709 de
1119 4656 1339 4725 singulis
1369 4654 1642 4725 personis,
1674 4652 1717 4706 si
1747 4652 1901 4725 Pater
1930 4652 1999 4703 sit
2024 4666 2112 4705 sa-

542 4725 737 4794 pientia
781 4725 861 4778 vel
889 4726 1115 4790 Spiritus
1140 4721 1386 4790 sanctnsi
1411 4723 1823 4792 respondemus,
1849 4721 2005 4776 Pater
2030 4736 2086 4774 sa

542 4793 736 4864 pientia
756 4837 771 4859 ,
814 4804 869 4850 et
898 4796 1062 4851 Filius
1102 4798 1358 4866 sapientia
1379 4838 1395 4863 ,
1433 4804 1484 4849 et
1514 4793 1743 4864 Spiritus
1771 4802 1987 4866 sanctus
2026 4806 2114 4866 sa:

541 4861 736 4935 pientia
771 4884 783 4919 :
815 4881 918 4920 non
970 4877 1076 4923 tres
1104 4861 1416 4937 sapientiai,
1448 4861 1681 4937 nec—tres
1721 4863 1939 4930 spiritus
1962 4902 1977 4925 ,
2020 4861 2114 4937 scd

542 4933 642 4992 una
671 4938 926 5007 sapientia
957 4947 1039 4993 est
1067 4946 1121 4993 et
1146 4933 1280 4992 unus
1309 4938 1562 5006 spiritus;
1593 4936 1834 5007 sicutuest
1863 4948 1962 4986 una
1989 4933 2116 5007 sub-_

539 5002 764 5072 stantia,
794 5018 884 5063 aut
912 5024 1012 5062 una
1040 5011 1271 5063 essentia
1302 5026 1314 5066 :
1343 5002 1465 5077 quia
1494 5006 1595 5060 hoc
1620 5014 1702 5059 est
1726 5003 1803 5057 illi
1828 5018 1947 5058 esse
1974 5002 2115 5074 quod

538 5081 831 5150 sapientem
856 5095 975 5150 csse
1003 5081 1080 5134 vel
1112 5081 1351 5148 spiritum
1379 5092 1517 5132 esse.

611 5143 831 5219 Qumsr.
858 5148 947 5204 IV.
976 5151 1041 5204 Et
1084 5143 1408 5218 si'aequales
1454 5156 1576 5201 sunt
1622 5144 1782 5219 Pater
1810 5153 1865 5198 et
1908 5143 2111 5219 Fiiius,

538 5213 805 5291 quomodo
835 5220 1142 5291 ipseAFiIius
1167 5213 1293 5274 dicit
1312 5261 1325 5280 .
1360 5219 1515 5271 Pater
1541 5217 1703 5285 major
1736 5231 1815 5291 me
1839 5223 1907 5268 est
1934 5213 2111 5291 (Joan.

540 5285 632 5346 itv
650 5334 663 5353 ,
690 5292 812 5358 28);
836 5285 888 5345 et
908 5332 921 5351 ,
948 5289 1066 5344 Non
1098 5292 1207 5345 veni
1235 5292 1539 5344 voluntatem
1582 5302 1745 5358 meam
1783 5285 1982 5358 facere,
2028 5285 2116 5338 sed

540 5354 847 5415 voluntatem
875 5363 982 5432 ejus
1014 5362 1099 5431 qui
1141 5378 1220 5414 me
1248 5362 1377 5413 misit
1405 5359 1515 5432 (Ι
1543 5373 1627 5432 vi,
1656 5356 1788 5432 58)_:_
1806 5366 1892 5432 et,
1925 5354 2078 5407 Pater
2096 5397 2112 5420 ,

539 5434 583 5487 si
610 5433 719 5498 ﬁeri
764 5424 922 5500 potest
946 5473 959 5494 ,
995 5424 1213 5484 transeat
1242 5449 1272 5483 a
1294 5448 1371 5483 me
1413 5424 1547 5483 calix
1587 5430 1679 5480 iste
1708 5424 1921 5500 (Matth.
1952 5441 2070 5500 xsvt
2097 5466 2113 5489 ,

541 5502 661 5569 59);
703 5498 789 5564 et,
826 5502 945 5555 Mea
987 5504 1213 5554 doctrina
1258 5519 1354 5554 non
1381 5509 1450 5554 est
1476 5515 1618 5565 mea,
1649 5498 1736 5551 sed
1765 5498 1874 5566 ejus
1914 5498 1999 5567 qui
2041 5512 2118 5549 me

541 5574 674 5627 misit
701 5572 877 5643 (Joan.
908 5587 1008 5636 \‘ll,
1042 5571 1164 5641 16)?

613 5635 771 5698 Resp.
806 5642 906 5695 Ista
933 5635 1115 5694 omnia
1140 5653 1191 5695 et
1224 5641 1321 5693 alia
1346 5656 1463 5709 quze
1493 5654 1521 5691 a
1551 5648 1601 5694 te
1640 5653 1744 5691 non
1784 5645 1909 5709 sunt
1936 5635 2073 5709 dicta
2098 5677 2115 5698 ,

540 5714 835 5771 secundum
900 5712 1121 5764 formam
1167 5707 1375 5770 servi,‘
1406 5726 1561 5779 quam
1597 5708 1921 5779 assumpsit,
1972 5707 2118 5779 dicta

543 5796 683 5839 sunt.
718 5786 1020 5855 Ιςίῑιιιίίξιιιῃ
1055 5782 1255 5849 primus
1294 5778 1452 5833 homo
1476 5778 1718 5833 conditus
1737 5786 1875 5831 esset
1905 5793 1939 5855 a_
1967 5778 2113 5855 Deo,

540 5868 593 5912 et
622 5848 789 5913 libere
818 5852 1038 5907 arbitrio
1060 5848 1375 5906 muneratus
1396 5890 1409 5915 ,
1452 5858 1875 5917 prtrceptumque
1897 5849 1942 5903 ei
1974 5848 2114 5919 posi-

1992 384 2352 440 APPENDIX.

3718 389 3823 447 7&6

2241 508 2351 551 tum
2372 504 2541 561 esset;
2586 496 2629 551 si
2658 496 2977 575 custpdisset
3001 498 3016 529 ¹
3045 501 3238 575 φιλεᾼεὶ
3281 502 3781 575 Deusprmeeperat
3806 548 3822 571 ,

2238 576 2409 622 morte
2440 582 2542 621 non
2581 568 2855 636 corporis,
2899 584 3070 635 neque
3097 572 3289 625 anima:
3332 568 3670 628 muliaretui.
3718 568 3821 632 Sed

2236 638 2327 692 ille
2354 637 2662 713 i_nol_)ediens
2692 637 2940 713 mandato
2972 639 3098 705 Dei,
3124 648 3296 713 atque
3322 642 3495 698 elatus
3525 645 3777 713 superbia
3805 690 3819 711 ,

2235 709 2467 782 suasioni
2498 709 2760 782 serpentis
2785 708 3074 782 obedien‘si.
3124 708 3221 764 Dei
3269 724 3533 782 pratccpla
3574 708 3822 770 contem;

2236 780 2357 847 psit.
2409 779 2476 833 Et
2520 779 2633 833 h:cc
2654 794 2818 851 causa
2863 780 3064 851 exstitit
3100 789 3157 851 ut
3206 784 3392 836 mortis
3413 779 3709 851 periculum
3740 788 3821 839 in-

2235 858 2505 913 curreret,
2537 859 2590 903 et
2618 849 2685 903 ab
2714 849 2805 902 illo
2833 864 2938 902 uno
2968 849 3181 903 homine
3202 853 3377 906 omnis
3404 849 3637 908 humana
3672 868 3823 909 natu-

2234 936 2290 973 ra
2316 920 2499 973 vitiosa
2540 929 2696 988 atque
2739 930 2957 988 peccato
2981 921 3207 975 obnoxia
3256 925 3497 979 mortalis
3542 926 3817 981 existeret.

2234 990 2520 1063 Apostolus
2550 990 2771 1063 Paulus,
2822 990 2921 1063 Per
2949 1006 3105 1043 unum
3148 992 3432 1056 hominem,
3464 996 3670 1063 inquit,
3702 1013 3817 1063 pec-

2233 1072 2401 1114 catum
2423 1061 2628 1114 intravit
2669 1061 2723 1113 in
2763 1061 3006 1114 mundum
3027 1102 3041 1123 ,
3095 1072 3141 1115 et
3166 1079 3253 1129 per
3289 1061 3548 1129 peccatum
3573 1061 3713 1118 mors
3736 1107 3749 1127 ,
3776 1077 3820 1120 et

2233 1131 2305 1184 ita
2330 1132 2383 1184 in
2426 1148 2595 1185 omnes
2634 1131 2865 1205 homines
2894 1147 3028 1185 mors
3055 1134 3372 1205 pertransiit,
3421 1137 3471 1188 in
3515 1152 3618 1205 quo
3648 1153 3819 1190 omnes

2233 1210 2575 1271 peccaverunt.
2622 1200 2752 1264 Quia
2779 1202 2903 1254 sicut
2933 1219 3021 1271 per
3042 1200 3193 1255 unum
3231 1204 3481 1259 hominem
3521 1200 3698 1259 omnes
3729 1207 3821 1259 ho-

2232 1273 2391 1324 mines
2433 1272 2484 1344 in
2525 1272 3021 1344 condemnationem;
3059 1274 3128 1325 ita
3164 1282 3210 1326 et
3248 1291 3339 1343 per
3365 1277 3514 1331 unius
3570 1277 3817 1344 iustitiam

2231 1358 2416 1415 omnes
2445 1342 2668 1415 homines
2708 1342 2780 1415 ἱη⁸
2795 1343 3212 1415 justi/icationem
3250 1342 3366 1399 uiue
3408 1342 3584 1415 (Rom.
3618 1364 3684 1411 v,
3720 1347 3813 1413 i2,

2234 1412 2347 1481 18).
2379 1413 2444 1466 Et
2475 1414 2662 1466 iterum
2691 1430 2702 1463 :
2739 1410 2947 1465 Primus
2975 1416 3122 1466 homo
3159 1416 3223 1468 de
3247 1425 3379 1469 terra
3401 1410 3423 1481 ,⁷
3451 1410 3679 1471 terrenus
3703 1434 3722 1480 ;
3747 1410 3818 1473 se;

2231 1483 2425 1557 candus
2454 1484 2600 1557 homo
2632 1483 2693 1536 de
2716 1482 2839 1557 caelo
2863 1525 2876 1547 ,
2910 1484 3122 1557 ccclesiis
3144 1485 3195 1557 (Ι
3224 1485 3339 1557 Cor.
3373 1502 3444 1540 xv
3466 1529 3480 1552 ,
3512 1485 3624 1557 47).
3676 1487 3774 1543 Hic
3793 1529 3813 1556 ,

2231 1553 2474 1625 inquam,
2516 1553 2675 1625 homo
2719 1554 2953 1607 emlcslis
2982 1564 3083 1607 est.
3130 1554 3411 1610 leestcm
3446 1553 3623 1625 itaque.
3649 1553 3811 1623 dico,

2229 1624 2349 1690 quia
2379 1640 2482 1677 non
2523 1640 2588 1677 ex
2631 1624 2863 1678 humano
2898 1634 3186 1693 conceptus
3225 1636 3304 1679 est
3335 1624 3574 1693 semine,
3625 1629 3720 1683 sed
3749 1629 3816 1685 de

2230 1694 2390 1767 Maria
2426 1696 2639 1767 virgine
2678 1711 2773 1767 pro
2821 1704 3001 1767 nos_tra
3040 1697 3209 1750 salute
3247 1708 3552 1767 assumptus
3598 1714 3629 1751 a
3681 1699 3816 1755 Filio

2229 1764 2353 1835 Dei,
2393 1764 2533 1820 sicut
2553 1766 2872 1835 evangelista
2909 1765 3143 1820 Joannes
3178 1775 3399 1821 testatur
3426 1764 3446 1820 ε’
3473 1769 3538 1820 Et
3561 1768 3772 1823 verbum
3795 1812 3812 1835 ,

2230 1834 2427 1909 inqui_t_,
2459 1853 2575 1909 caro
2598 1834 2880 1909 fact’umest
2902 1877 2915 1899 ,
2948 1846 2993 1889 et
3020 1836 3259 1890 habitarit
3288 1838 3340 1909 in
3378 1839 3521 1893 nobis
3548 1837 3729 1908 (Joan.
3760 1834 3812 1909 l,

2229 1906 2342 1973 14).
2372 1906 2603 1961 Verbum
2636 1921 2760 1961 caro
2784 1907 2978 1960 factum
3010 1916 3091 1961 est
3112 1949 3125 1970 ,
3156 1923 3261 1961 non
3291 1907 3343 1961 in
3371 1906 3589 1962 carnem
3631 1906 3812 1963 muta;

2226 1984 2374 2042 tum;
2401 1986 2586 2031 utnon
2630 1977 2908 2032 desisteret
2932 1991 3053 2032 esse
3098 1977 3240 2044 quod
3269 1988 3416 2042 erat,
3448 1979 3542 2033 sed
3584 1980 3817 2047 eruperit

2226 2062 2346 2101 esse
2373 2047 2511 2116 quod
2540 2062 2643 2101 non
2676 2057 2808 2102 erat.
2840 2049 3143 2117 Assumpsit
3166 2048 3306 2102 enim
3335 2064 3548 2104 carnem
3571 2092 3585 2112 ,
3621 2068 3727 2103 non
3756 2067 3814 2106 se

2225 2118 2487 2189 convertit
2528 2118 2586 2189 in
2635 2133 2868 2172 carnem.
2919 2118 3144 2189 carnem
3188 2119 3340 2172 istam
3369 2136 3395 2171 a
3440 2130 3588 2189 parte
3644 2131 3813 2175 totum

2226 2188 2495 2243 hominem
2522 2188 2893 2256 intelligimus,
2933 2188 2984 2243 id
3010 2198 3092 2243 est
3118 2204 3334 2243 carnem
3362 2199 3416 2243 et
3453 2192 3689 2245 animam
3725 2208 3817 2245 ra-

2225 2258 2512 2330 tionalem.
2550 2260 2616 2313 Et
2661 2261 2796 2313 sicut
2824 2260 3030 2330 primus
3061 2261 3221 2314 homo
3258 2270 3310 2314 et
3337 2276 3498 2315 carne
3541 2270 3596 2315 et
3634 2262 3815 2316 anima

2224 2339 2463 2399 mortuus
2493 2329 2681 2395 fuemt,
2702 2330 2771 2383 ita
2793 2329 2950 2384 etiam
2977 2333 3212 2399 oportuit
3254 2337 3313 2383 ut
3338 2347 3432 2398 per
3460 2332 3815 2386 mediatorem

2226 2398 2319 2453 Dei
2360 2410 2413 2454 et
2458 2400 2726 2454 hominum
2759 2398 3029 2454 hominem
3067 2401 3248 2455 Jesum
3276 2401 3543 2455 Christum
3570 2413 3626 2456 et
3650 2418 3814 2457 carne

2223 2479 2275 2522 et
2297 2472 2472 2524 anima
2502 2471 2873 2524 viviﬁcaretur.
2914 2472 3086 2539 Ergo,
3132 2481 3188 2524 ut
3216 2486 3373 2538 supra
3400 2472 3635 2525 diximus
3659 2512 3673 2533 ,
3729 2488 3815 2527 se-

2222 2541 2450 2595 cundum
2477 2541 2734 2611 assumpti
2756 2540 2984 2596 hominis
3010 2541 3235 2596 formam
3261 2541 3459 2596 dictum
3506 2551 3591 2597 est
3610 2584 3625 2607 ,
3658 2542 3816 2596 Pater

2221 2615 2385 2673 maior
2404 2628 2480 2665 me
2501 2621 2590 2665 est.

2292 2683 2510 2748 Quassr.
2531 2681 2594 2735 V.
2608 2680 2775 2735 Video
2795 2690 2865 2749 te,
2881 2680 3006 2737 dum
3024 2681 3089 2738 de
3103 2697 3209 2736 uno
3224 2682 3359 2736 Filio
3378 2682 3468 2736 Dei
3488 2683 3809 2750 inquireres,

2222 2751 2357 2805 duos
2385 2752 2721 2808 introducere
2744 2753 2995 2818 voluisse,
3026 2763 3081 2807 ut
3106 2752 3254 2808 dicas
3280 2752 3475 2807 Filiqu
3508 2752 3627 2820 Dei,
3663 2762 3718 2809 et
3748 2754 3811 2807 ti-

2222 2822 2349 2877 lium
2383 2823 2630 2876 hominis.

2295 2894 2455 2947 Rsse.
2498 2893 2611 2947 Non
2662 2902 2789 2947 sunt
2828 2891 2936 2947 duo
2963 2893 3072 2957 ﬁlii,
3116 2893 3209 2947 sed
3250 2909 3404 2946 unus.
3431 2891 3563 2961 Quia
3595 2893 3690 2949 ille
3717 2894 3807 2963 qui

2221 2974 2336 3018 erat
2355 2965 2446 3019 Dei
2474 2963 2660 3029 Filius,
2684 2968 2847 3017 tactus
2868 2975 2951 3017 est
2971 2964 3107 3019 ﬁlius
3134 2964 3365 3018 hominis
3392 2964 3444 3017 in
3467 2966 3671 3017 unitate
3692 2980 3812 3033 per-

2223 3050 2386 3088 sona).
2420 3036 2550 3101 Quia
2595 3036 2731 3088 sicut
2772 3035 2944 3088 anima
2982 3045 3035 3089 et
3076 3050 3202 3088 caro
3242 3049 3380 3088 unus
3407 3044 3490 3088 est
3519 3034 3707 3097 homo,
3740 3036 3809 3088 ita

2226 3105 2455 3159 Verbum
2481 3115 2534 3160 et
2559 3104 2719 3159 homo
2746 3119 2882 3159 unus
2907 3114 2989 3159 est
3020 3104 3283 3159 Christus.
3318 3105 3455 3157 Duas
3481 3104 3812 3159 substantias

2221 3176 2509 3244 accipimus
2549 3177 2600 3229 iu
2650 3192 2755 3230 uno
2798 3175 2934 3229 Filio
2982 3175 3094 3237 Dei,
3126 3190 3286 3229 unam
3314 3174 3549 3237 deitatis,
3581 3176 3810 3229 alteram

2224 3246 2583 3309 humanitatis,
2615 3262 2719 3299 non
2757 3246 2890 3300 duas
2920 3261 3194 3314 personas.
3227 3246 3406 3313 Igitur,
3439 3246 3482 3297 si
3511 3244 3813 3301 dixerimus

2221 3318 2353 3371 duas
2378 3332 2496 3371 esse
2523 3331 2799 3384 personas,
2833 3316 3231 3371 introducemus
3256 3316 3391 3369 duos
3417 3316 3584 3373 lilios;
3620 3326 3677 3370 et
3698 3316 3809 3383 jam

2222 3402 2327 3441 non
2357 3388 2456 3441 erit
2478 3388 2730 3452 Trinitas,
2762 3387 2853 3441 sed
2881 3388 3230 3455 quateruitas.
3261 3385 3506 3441 Proiecto
3537 3387 3684 3441 enim
3715 3401 3812 3454 per

2222 3458 2274 3512 id
2300 3458 2439 3526 quod
2470 3459 2607 3512 Deus
2638 3466 2736 3520 est,
2770 3458 2989 3525 aequalis
3016 3471 3230 3523 semper
3258 3457 3420 3521 Patri,
3453 3456 3653 3526 ubique
3675 3472 3813 3525 prte-

2222 3543 2345 3582 sens
2374 3537 2474 3590 est,
2504 3539 2556 3583 et
2579 3530 2629 3582 in
2661 3528 2796 3581 coelo
2825 3536 2984 3589 totus,
3027 3538 3081 3582 et
3108 3528 3161 3581 in
3191 3536 3330 3582 terra
3372 3535 3536 3592 totus,
3578 3536 3631 3581 et
3666 3527 3811 3581 nullo

2220 3608 2502 3654 contentus
2533 3598 2668 3652 loco.
2701 3599 2801 3652 Per
2829 3597 2881 3651 id
2904 3596 3045 3667 quod
3066 3600 3244 3659 homo,
3263 3608 3314 3651 et
3342 3613 3553 3665 passus,
3583 3607 3639 3652 et
3660 3612 3810 3651 mor-

2222 3678 2360 3730 tntis,
2394 3680 2446 3723 et
2489 3669 2799 3733 resurrexit,
2832 3677 2886 3721 et
2926 3668 3166 3723 ascendit
3200 3669 3249 3721 in
3290 3670 3509 3729 caelum,
3550 3669 3811 3736 sedetque

2220 3740 2286 3792 ad
2317 3740 2586 3793 dexteram
2618 3739 2823 3793 Patris:
2848 3747 2903 3792 et
2934 3739 3013 3793 sic
3036 3740 3211 3793 veniet
3240 3739 3306 3792 ad
3344 3740 3693 3807 iudicandum
3727 3739 3809 3791 vi-

2220 3826 2317 3864 vos
2343 3819 2397 3865 et
2425 3822 2680 3875 mortuos,
2711 3808 3155 3878 quemadmodum
3187 3809 3331 3865 visus
3368 3820 3451 3863 est
3489 3810 3566 3863 ire
3602 3810 3655 3862 in
3692 3824 3807 3863 coe-

2222 3881 2350 3942 lum,
2394 3881 2445 3934 in
2493 3880 2678 3934 eadem
2711 3879 2878 3933 forma
2922 3880 3097 3933 carnis
3142 3888 3301 3948 atque
3344 3880 3674 3941 substantia;
3720 3878 3807 3933 cui

2220 3951 2458 4020 profecto
2479 3950 2925 4004 immortalitatem
2952 3948 3130 4020 dedit,
3156 3960 3398 4003 naturam
3429 3966 3532 4002 non
3561 3949 3807 4020 abstulit.

2292 4021 2504 4087 Quesr.
2548 4020 2632 4074 Vl.
2676 4021 2731 4075 Si
2760 4036 2861 4073 una
2888 4019 3181 4073 substantia
3220 4030 3301 4073 est
3324 4020 3495 4074 Patris
3522 4030 3577 4073 et
3602 4019 3723 4073 Filii
3754 4030 3809 4073 et

2221 4090 2449 4161 Spiritus
2474 4092 2664 4157 sancti,
2697 4088 2962 4161 quomodo
3002 4090 3167 4145 Filius
3191 4090 3307 4144 sine
3338 4090 3495 4145 Patre
3520 4101 3575 4145 el
3600 4089 3807 4160 Spiritu

2221 4160 2404 4216 sancto
2430 4162 2661 4228 suscepit
2684 4160 2937 4215 carnem?

2292 4233 2452 4286 Resp.
2494 4232 2673 4299 Neque
2702 4246 2924 4300 persona
2954 4231 3142 4291 Patris,
3172 4246 3343 4299 neque
3359 4229 3590 4298 Spiritus
3609 4231 3804 4295 sancti,

2219 4304 2313 4357 sed
2340 4304 2452 4356 sola
2484 4302 2599 4356 Filii
2642 4316 2865 4371 persona
2886 4302 3119 4370 suscepit
3139 4316 3374 4355 carnem.
3400 4302 3465 4353 Et
3495 4310 3553 4353 ut
3592 4302 3697 4355 hoc
3723 4303 3807 4355 in-

2220 4375 2443 4443 telligas,
2462 4372 2942 4443 comparationibus
2960 4381 3096 4443 utar,
3113 4381 3170 4425 ut
3196 4387 3261 4425 ex
3274 4380 3517 4425 creatura
3538 4372 3807 4443 intelligas

2218 4442 2548 4498 Creatorem.
2592 4442 2750 4498 Certe
2794 4442 2847 4496 in
2893 4442 3067 4495 anima
3097 4451 3179 4496 est
3209 4442 3365 4505 ratio,
3407 4450 3461 4496 et
3490 4456 3612 4495 cum
3640 4458 3807 4496 unum

2219 4515 2345 4577 sint,
2369 4514 2511 4568 aliud
2534 4514 2709 4567 anima
2735 4514 2861 4582 agit,
2884 4512 3027 4565 aliud
3055 4513 3207 4563 ratio.
3240 4512 3427 4565 Anima
3453 4512 3707 4574 vivimus,
3726 4529 3811 4566 ra-

2220 4585 2363 4639 tione
2385 4585 2641 4654 sapimus.
2686 4583 2761 4637 lta
2805 4584 2960 4637 Pater
2985 4592 3039 4637 et
3062 4582 3238 4654 Filius
3252 4591 3306 4654 et
3330 4582 3560 4650 Spiritus
3588 4595 3810 4637 sanctus

2218 4670 2338 4709 cum
2369 4652 2476 4708 sint
2504 4670 2606 4709 una
2645 4654 2938 4707 substantia
2960 4655 3002 4717 ',
3044 4662 3150 4706 tota
3199 4652 3432 4706 Trinitas
3471 4662 3695 4720 operata
3726 4662 3812 4707 est

2220 4725 2510 4789 hominem,
2541 4740 2698 4794 quem
2729 4739 2833 4779 non
2864 4733 2972 4777 tota
2994 4722 3224 4777 Trinitas
3246 4722 3675 4791 assumpsit,sed
3697 4724 3810 4778 sola

2219 4796 2339 4851 Filii
2365 4809 2613 4865 persona.

2288 4861 2504 4933 Quiesr.
2548 4865 2657 4920 νη.
2696 4864 2980 4919 Voluptate
2996 4862 3177 4934 genuit
3196 4862 3354 4918 Pater
3374 4861 3592 4928 Filium,
3624 4876 3697 4918 an
3723 4878 3813 4920 ne-

2217 4937 2497 4992 cessitate?
2920 4948 2929 4969 ‘

2291 5008 2451 5062 lisse.
2492 5005 2601 5061 Nec
2628 5006 2915 5068 voluntate,
2948 5019 3046 5060 nec
3078 5004 3429 5059 necessitate:
3457 5005 3584 5072 quia
3615 5018 3815 5060 neces-

2219 5079 2349 5133 sitas
2376 5079 2425 5131 iu
2459 5078 2567 5131 Deo
2607 5092 2713 5130 non
2741 5086 2823 5130 est
2849 5095 2860 5129 :
2892 5076 3081 5145 praeire
3104 5084 3282 5129 autem
3310 5076 3556 5129 voluntas
3587 5077 3819 5142 Sapien-

2222 5151 2347 5202 tiam
2379 5163 2482 5201 non
2508 5156 2698 5215 potest,
2726 5146 2868 5215 quod
2899 5154 2983 5200 est
3021 5145 3224 5199 Filius:
3254 5145 3412 5213 igitur
3440 5146 3589 5214 prius
3610 5155 3696 5199 est
3716 5160 3815 5215 ra-

2222 5214 2546 5273 tionabiliter
2587 5214 2797 5286 sapere,
2846 5232 3003 5286 quam
3047 5216 3436 5269 rationabiliter
3475 5216 3638 5286 velle.
3680 5214 3815 5269 Nam

2220 5290 2431 5359 quidam
2477 5284 2737 5353 nostrum,
2776 5284 2895 5359 cum
2938 5302 3057 5339 eum
3088 5284 3814 5359 interrogassghmrcticus,

2222 5355 2396 5412 utrum
2423 5360 2623 5417 volens,
2653 5374 2717 5411 an
2760 5358 2946 5411 nolens
2968 5358 3211 5425 genuerit
3250 5356 3402 5409 Pater
3429 5355 3658 5418 Filium;
3700 5357 3817 5408 lau-

2222 5430 2469 5484 dabiliter
2497 5429 2833 5496 respondisse
2866 5428 3063 5481 fertur:
3098 5427 3212 5491 Dic,
3237 5427 3426 5495 inquit,
3446 5435 3501 5480 et
3534 5436 3611 5487 tu,
3639 5426 3817 5496 haeret

2226 5502 2345 5567 tice,
2372 5502 2510 5555 Deus
2538 5493 2695 5554 Pater
2727 5499 3041 5553 necessitate
3071 5506 3152 5549 est
3196 5493 3359 5558 Deus,
3402 5511 3468 5549 an
3501 5493 3819 5549 Voluntate?

2289 5673 2305 5703 ¹
2334 5678 2381 5718 In
2406 5677 2474 5728 8.,
2502 5675 2550 5719 ttt
2573 5668 2614 5720 si
2646 5666 2940 5720 custodisset.
2966 5673 3038 5715 Er.
3076 5666 3221 5729 Lugd.
3248 5674 3366 5714 \‘en.
3394 5673 3502 5714 ιον.
3548 5666 3709 5713 secuti
3736 5677 3818 5713 su-

2225 5746 2382 5841 ωιζδίιι
2492 5806 2602 5843 cum
2619 5797 2677 5843 stt
2702 5804 2797 5843 una
2814 5790 3092 5842 substantia.
3118 5796 3190 5839 Er.
3206 5788 3355 5853 Lugd.
3377 5797 3495 5839 \‘eu.
3522 5795 3634 5837 Lor.
3663 5795 3822 5838 secuti

2234 5868 2419 5905 sumus.
2488 5864 2539 5903 Μ.
