4106 6528
263 455 360 510 75⁸1

263 564 402 635 Quod
430 562 476 618 si
499 558 1092 635 dixissetj‘Neccssitatc
1111 553 1474 635 ;_sequ_ebatur
1495 553 1637 635 illum
1661 568 1823 635 gran-

262 624 338 692 dis
360 632 674 688 absurditas.
705 630 761 684 Si
801 639 996 692 autem,
1045 626 1360 688 Voluntate;
1403 624 1827 694 reSpondebatur

264 707 354 763 illi.
378 704 516 773 Ergo
545 703 835 773 voluntate
850 708 934 753 est
961 698 1114 758 Deus,
1166 711 1270 773 non
1318 703 1504 773 natura
1531 711 1544 747 :
1568 703 1624 750 et
1663 694 1734 773 ita
1771 695 1825 748 in

263 764 496 845 laqueum
523 788 680 842 quem
703 769 1146 845 volebat-ponere,
1182 767 1294 836 ipse
1322 766 1536 832 incidit;
1559 774 1614 821 et
1639 764 1828 820 videns

262 839 661 905 set-convictum,
694 839 978 894 obmutuit.

325 917 538 982 Quss'r.
592 904 722 982 V'Ill.
777 907 1064 982 Quomodo
1103 905 1230 982 illud
1268 904 1678 982 intelligendum
1722 911 1826 982 est,

260 976 391 1056 quod
422 985 633 1056 legitur,
660 981 812 1056 _Si_cut
840 979 994 1056 Pater
1016 979 1169 1056 vitam
1195 976 1338 1056 habet
1364 978 1416 1030 in
1429 978 1745 1056 semetipso,
1756 976 1830 1056 sic

261 1045 387 1110 dedit
409 1065 456 1108 et
477 1045 629 1107 Filio
648 1053 832 1106 habere
874 1051 1024 1104 vitam
1046 1049 1099 1101 in
1132 1047 1394 1116 semetipso
1422 1046 1598 1118 (Joan.
1617 1045 1685 1114 7v,
1713 1045 1833 1118 26)?

326 1128 479 1180 lisse.
521 1123 732 1181 Scimus
758 1121 948 1175 Filium
970 1119 1062 1173 Dei
1089 1134 1120 1173 a
1141 1118 1429 1189 semetipso
1451 1133 1553 1189 non
1575 1131 1716 1182 esse,
1735 1117 1830 1172 sed

257 1211 285 1251 a
311 1197 461 1250 Patre
492 1196 724 1263 genitum
747 1206 898 1256 esse;
922 1190 1132 1263 Patrem
1161 1188 1353 1263 Verona
1396 1188 1544 1263 nullo
1581 1189 1829 1263 genitum

259 1281 386 1327 esse,
417 1281 446 1319 a
475 1257 624 1319 nullo
653 1265 813 1317 vitam
856 1261 1144 1329 accepisse.
1197 1258 1349 1313 Dedit
1395 1259 1556 1329 Pater
1581 1258 1720 1313 Filio
1744 1257 1828 1310 vi-

258 1345 356 1391 tam
373 1335 638 1405 gignendo
664 1352 677 1388 :
702 1349 806 1386 non
834 1331 973 1405 quod
991 1328 1150 1405 prius
1179 1329 1338 1383 fuerit
1365 1328 1530 1405 Filius
1555 1330 1672 1384 sine
1701 1329 1829 1394 vita,

258 1417 302 1462 et
329 1400 510 1477 postea
533 1405 801 1477 acceperit
831 1400 1022 1466 vitam;
1069 1402 1206 1455 sicut
1246 1414 1345 1477 nos
1383 1400 1470 1477 qui
1493 1413 1607 1477 _per
1642 1413 1832 1477 pecca-

260 1469 362 1531 tum
390 1469 880 1537 amisimus-vitam,
913 1481 968 1525 et
1017 1487 1112 1540 per
1156 1470 1377 1540 gratiam
1405 1469 1712 1524 Salvatoris
1739 1485 1832 1522 re-

257 1548 510 1616 cipimus:
539 1546 631 1598 sed
682 1545 800 1616 ideo
847 1543 1063 1607 dicitur,
1109 1541 1323 1616 Accepit
1366 1540 1700 1616 vitam,_qt_i_ia
1729 1555 1834 1616 non

257 1609 333 1671 est
359 1634 384 1670 a
413 1632 472 1670 se
501 1618 616 1685 ipso
645 1615 883 1686 genitus;
925 1627 1030 1667 non
1053 1613 1196 1667 enim
1223 1611 1500 1666 existendo
1539 1609 1705 1677 dedit,
1740 1609 1836 1666 sed

290 1687 529 1740 iani-udo.
1268 1707 1272 1712 ·

584 1753 672 1808 I'X.
713 1753 971 1821 Quoniam
997 1762 1050 1806 et
1076 1752 1282 1824 ratione
1305 1760 1356 1806 et
1375 1751 1692 1824 testimoniis
1711 1765 1832 1819 per-

257 1821 460 1883 suasisti
485 1827 616 1879 mihi
643 1826 710 1880 de
737 1825 1067 1893 sulijectione
1092 1823 1229 1888 Filii,
1259 1821 1403 1892 quod
1427 1838 1529 1875 non
1549 1822 1618 1874 sit
1639 1836 1836 1893 secum

257 1899 372 1953 dum
405 1897 758 1951 substantiam
790 1891 983 1957 minor,
1013 1895 1105 1949 sed
1134 1891 1424 1947 secundum
1449 1893 1670 1945 formam
1697 1891 1836 1946 servi

258 1983 403 2037 quam
428 1968 750 2034 assumpsit;
786 1967 905 2019 ideo
932 1980 1113 2037 «puero
1141 1965 1266 2037 quid
1293 1963 1360 2037 de
1389 1964 1641 2037 missione
1662 1961 1836 2030 Spiri-

260 2034 337 2092 tus
356 2040 523 2092 sancti
553 2038 754 2091 sentias
779 2055 790 2089 :
815 2036 1066 2103 numquid
1095 2044 1148 2089 et
1175 2035 1289 2105 ipse
1316 2034 1587 2089 hominem
1629 2047 1835 2087 assum-

258 2109 374 2178 psit,
405 2119 460 2162 ut
492 2109 690 2162 missus
715 2122 834 2161 esse
854 2105 1093 2178 dicatur?

326 2180 480 2232 lisse.
526 2180 675 2232 Sicut
701 2193 798 2231 nec
824 2176 1114 2230 secundum
1137 2175 1482 2230 substantiam
1509 2173 1721 2236 dicitur,
1743 2188 1838 2229 seu

258 2250 462 2312 missus,
493 2264 588 2302 seu
631 2249 804 2301 minor
843 2246 1035 2310 Filius;
1079 2248 1148 2298 ita
1185 2261 1284 2299 nec
1325 2245 1553 2315 Spiritus
1597 2254 1834 2299 sanctus.

257 2319 530 2374 Postremo
557 2319 696 2373 sicut
723 2319 808 2371 ille
850 2326 1064 2386 propter
1095 2317 1360 2369 hominem
1392 2316 1569 2370 minor
1591 2323 1681 2386 aut
1709 2316 1839 2386 mis-

256 2403 371 2451 sus;
398 2391 464 2442 ita
513 2391 612 2442 iste
654 2385 867 2458 propter
895 2388 1194 2440 columbam
1226 2387 1306 2458 vel
1335 2387 1511 2456 ignem
1539 2385 1732 2458 missus
1759 2385 1840 2438 di-

252 2459 622 2530 citur(:llattli.
655 2456 858 2522 ιιι,“1(ῑ,
885 2467 930 2511 et
971 2459 1084 2510 Act.
1113 2473 1170 2530 ιι,
1195 2456 1254 2530 ξ)
1281 2473 1294 2508 :
1325 2458 1547 2530 scilicet,
1577 2457 1697 2530 quia
1728 2471 1834 2530 non

255 2530 302 2582 in
329 2545 388 2585 ea
412 2526 715 2583 substantia
741 2545 840 2595 qua
864 2539 944 2581 est
972 2529 1189 2597 aupmlis
1213 2527 1371 2591 Patri,
1409 2528 1685 2597 apparuit;
1719 2526 1834 2592 sed,

255 2612 306 2652 ut
350 2600 554 2654 dictum
600 2611 704 2663 ρει,
738 2615 832 2668 per
867 2598 1158 2666 subjectum
1199 2607 1520 2651 creaturam.
1551 2596 1666 2650 Non
1695 2597 1837 2650 enim

253 2670 380 2724 sicut
409 2670 584 2724 Filius
631 2667 897 2722 hominem
939 2668 1247 2736 assumpsit,
1280 2677 1337 2721 ut
1376 2669 1454 2721 sic
1493 2667 1543 2720 iu
1581 2676 1838 2720 arternum

255 2751 580 2808 permaneat.
605 2741 681 2793 sic
707 2741 931 2808 Spiritus
949 2749 1160 2792 sanctus
1186 2739 1484 2791 columbam
1511 2739 1592 2791 vel
1622 2737 1795 2806 ignem
1823 2755 1836 2792 :

252 2807 339 2863 sed
362 2811 523 2864 facta!
546 2812 648 2863 illa:
669 2813 902 2865 visiones
927 2810 994 2862 de
1016 2818 1256 2864 creatura
1281 2807 1552 2873 inferiore,
1582 2809 1647 2860 ad
1673 2808 1842 2862 inani-

255 2880 548 2950 l'estandum
577 2882 830 2948 Spiritum
861 2891 1124 2943 sanctum,
1150 2895 1268 2933 esse
1291 2891 1472 2950 postea
1499 2879 1836 2950 deSIiterunt.

254 2949 545 3020 Numquam
580 2955 722 3004 enim
763 2951 850 3004 illa
883 2949 1436 3019 incomprehensibilis
1464 2949 1838 3003 immutabilis-

255 3035 352 3091 que
375 3022 654 3081 divinitas,
684 3038 803 3091 qua:
823 3030 904 3075 est
930 3021 1162 3074 Trinitas
1193 3021 1357 3083 Deus,
1383 3021 1449 3072 ab
1469 3021 1634 3091 oculis
1655 3034 1843 3091 carna-

256 3090 385 3146 libus
405 3093 575 3147 videri
612 3090 804 3162 potest,
839 3092 962 3157 nisi,
993 3101 1050 3146 ut
1070 3091 1268 3146 dictum
1295 3099 1397 3158 est,
1428 3105 1523 3160 per
1545 3090 1840 3159 subjectum

255 3174 545 3216 creaturam
555 3201 568 3215 .

319 3233 541 3306 (ὶιιιιιξτἶ
587 3232 658 3306 Χ.
682 3233 845 3288 Filius
873 3241 1048 3286 autem
1081 3232 1179 3306 Dei
1200 3229 1468 3301 quomodo
1492 3229 1562 3285 sit
1589 3229 1658 3306 de
1683 3230 1842 3306 Patre

253 3313 418 3366 natus,
448 3303 688 3372 Spiritus
708 3321 834 3358 vero
855 3313 1068 3357 sanctus
1085 3303 1152 3355 ab
1166 3301 1394 3373 iitroque
1415 3301 1730 3373 procedens,
1747 3301 1842 3356 de-

255 3374 481 3428 clarasli.
509 3375 744 3443 Ideoque
766 3390 948 3443 qua-ro
987 3373 1112 3443 quid
1144 3371 1320 3427 dista'.‘
1343 3374 1483 3426 inter
1509 3371 1840 3427 nativitatem

253 3443 386 3509 Filii,
417 3455 472 3498 et
501 3447 906 3515 processionem
932 3444 1160 3514 Spiritus
1184 3445 1372 3498 Sancti.

319 3515 478 3570 Esse.
502 3513 702 3570 'Filius
731 3529 904 3568 autem
937 3515 1098 3567 solius
1128 3525 1209 3568 est
1240 3514 1432 3575 Patris,
1468 3528 1572 3566 non
1612 3513 1842 3582 Spiritus

251 3597 489 3650 sanctus;
535 3588 820 3640 amborum
863 3585 1098 3653 Spiritus,
1145 3585 1194 3637 id
1242 3592 1343 3646 est,
1393 3584 1568 3638 Patris
1605 3593 1660 3640 et
1699 3583 1838 3638 Filii.

251 3656 395 3722 Quod
423 3662 466 3711 si
497 3658 736 3725 Spiritus
761 3666 975 3710 sanctus
1003 3655 1140 3709 ﬁlius
1166 3670 1288 3710 esse
1314 3655 1583 3709 diceretur
1614 3673 1628 3706 :
1661 3655 1838 3725 nullus

251 3737 420 3780 autem
452 3730 602 3781 Iilius
632 3736 715 3782 est
761 3728 858 3780 nisi
901 3727 1148 3786 duorum,
1183 3726 1346 3790 patris
1380 3733 1434 3778 et
1463 3727 1668 3789 matris,
1700 3724 1841 3793 quod

249 3796 379 3850 absit
407 3808 466 3851 ut
497 3800 645 3852 inter
672 3798 835 3851 Deum
863 3797 1070 3851 Patrem
1093 3804 1146 3850 et
1172 3795 1364 3850 Filium
1396 3795 1501 3848 tale
1529 3795 1727 3865 aliquid
1747 3809 1841 3848 su-

250 3869 516 3935 spicemur
541 3887 555 3923 :
586 3869 706 3938 quia
737 3883 834 3923 nec
865 3869 1002 3920 lilius
1027 3867 1256 3920 hominis
1280 3866 1438 3938 simul
1464 3881 1529 3920 ex
1557 3876 1707 3935 patre
1729 3881 1844 3935 pror

249 3939 402 4003 cedit,
441 3949 501 3994 et
541 3937 615 3993 ex
644 3948 847 4002 matre;
877 3939 998 4007 quia
1025 3953 1145 3991 cum
1179 3937 1414 4006 procedit
1441 3952 1506 3990 ex
1536 3947 1705 4003 patre,
1738 3952 1840 3989 non

249 4015 367 4077 tunc
400 4009 655 4076 procedit
678 4024 741 4063 ex
775 4019 963 4072 matre,
1001 4017 1055 4062 et
1083 4024 1202 4060 cum
1233 4007 1472 4077 procedit
1497 4017 1760 4077 eximatre
1789 4008 1840 4059 in

250 4076 344 4131 hac
374 4079 516 4144 luce,
549 4095 662 4134 non
692 4090 816 4133 tunc
860 4079 1100 4148 procedit
1141 4093 1213 4148 ex,
1235 4076 1420 4146 patre.
1451 4076 1677 4146 Spiritus
1711 4092 1844 4148 vero

246 4158 459 4203 sanctus
489 4168 608 4204 non
649 4151 716 4204 de
753 4147 910 4204 Patre
936 4148 1175 4218 procedit
1204 4147 1256 4201 in
1287 4148 1501 4213 Filium,
1537 4157 1591 4201 et
1615 4148 1680 4202 de
1709 4147 1844 4201 Filio

247 4222 483 4284 procedit
523 4220 599 4274 ad
627 4219 1058 4274 sanctiﬁcaudam
1089 4230 1408 4283 creaturam,
1447 4218 1542 4274 sed
1588 4219 1746 4273 simul
1776 4219 1845 4274 de

249 4300 474 4359 utroque
507 4291 776 4357 procedit.

309 4358 535 4425 Quit—:51.
585 4360 679 4414 XI.
720 4359 998 4428 Quomodo
1027 4358 1427 4428 intelligendum
1453 4368 1533 4414 est
1551 4359 1678 4414 illud
1701 4358 1844 4429 quod

245 4426 479 4500 .Ioaunes
507 4426 842 4500 evangelista
866 4431 932 4483 de
957 4430 1155 4499 Spiritu
1186 4426 1371 4483 sancto
1397 4431 1545 4494 dicit,
1566 4426 1844 4498 quod-non

247 4497 497 4569 loquetur
523 4519 552 4553 a
579 4497 890 4570 semetipso.
913 4497 1162 4555 Sieienim
1186 4502 1290 4554 ait:
1317 4500 1438 4554 Non
1460 4497 1595 4555 enim?
1618 4499 1849 4570 loquetur

244 4585 275 4621 α
316 4574 631 4642 semetipso;
678 4572 766 4626 sed
804 4587 1128 4642 quascumque
1161 4572 1350 4638 audiet,
1391 4572 1620 4643 loquetur
1665 4572 1844 4643 (Joan.

245 4654 354 4702 xvr,
381 4644 492 4702 I5).
865 4665 872 4672 -

311 4643 492 4766 ὶίέεἲί
524 4712 648 4767 Non
681 4711 929 4782 loquetur
971 4727 999 4766 a
1040 4714 1349 4781 semetipso,
1401 4711 1534 4782 quia,
1571 4726 1678 4765 non
1708 4719 1791 4767 est
1819 4726 1848 4766 a

243 4785 560 4852 semetipso.
602 4781 765 4836 Pater
785 4783 927 4837 enim
950 4798 979 4836 a
1007 4784 1151 4837 nullo
1176 4793 1258 4837 est
1281 4781 1466 4847 natus;
1496 4781 1662 4836 Filius
1686 4798 1715 4836 a
1745 4783 1849 4836 Pa-

244 4861 322 4904 tre
351 4863 437 4907 est
466 4855 720 4923 genitus;
749 4853 977 4922 Spiritus
997 4863 1214 4908 sanctus
1239 4868 1268 4906 a
1296 4853 1454 4908 Patre
1483 4862 1536 4907 et
1565 4853 1701 4907 Filio
1723 4867 1851 4921 pro-

239 4923 462 4978 cedens.
502 4925 637 4978 ldeo
669 4939 772 4977 non
802 4924 1035 4994 loquitur
1055 4940 1083 4977 a
1111 4925 1433 4993 semetipso;
1464 4923 1556 4978 sed
1584 4939 1852 4994 quaecum-

239 5007 342 5060 que
371 4995 552 5057 audit,
583 4995 839 5064 loquitur.
858 4995 1068 5064 Audire
1098 4994 1176 5048 illi
1211 5009 1332 5049 esse
1357 5004 1470 5060 est;
1511 5009 1632 5049 esse
1670 5005 1848 5048 autem

237 5078 266 5115 a
295 5079 353 5146 se
385 5081 500 5120 non
531 5063 768 5131 est,’sed
789 5079 820 5119 a
850 5063 1040 5120 Patre:
1063 5065 1183 5120 ideo
1203 5079 1555 5137 quaecumque
1581 5065 1748 5131 audit,
1772 5066 1852 5119 lo-

237 5145 443 5201 quitur.

360 5220 547 5261 υεετ.
594 5203 714 5260 XII.
746 5204 890 5277 Quid
921 5215 1006 5277 est
1033 5205 1174 5277 quod
1205 5205 1626 5277 dicitapostolns
1655 5205 1850 5261 Paulus

236 5273 300 5328 ad
329 5273 924 5348 Romanosscribens:
952 5273 1242 5348 Numquid
1265 5273 1696 5348 orenius,_inquit,
1724 5279 1851 5330 sicut

237 5357 461 5413 Oportet,
496 5347 912 5418 nescimus;rsed
940 5345 1300 5418 ipsespiritus
1328 5345 1549 5418 postulat
1583 5345 1683 5418 pro
1711 5349 1852 5418 nobis

237 5418 510 5484 gemitibus
549 5417 1000 5472 inenarrabilibus.
1035 5417 1134 5484 Qui
1171 5417 1344 5472 autem
1385 5417 1638 5471 scrutatur
1671 5417 1848 5483 corda,

237 5487 338 5559 scit
353 5488 484 5559 quid
514 5487 774 5559 desideret
800 5488 1068 5559 Spiritus;
1103 5489 1224 5558 quia
1249 5487 1523 5559 secundum
1553 5486 1715 5541 Deum
1759 5504 1854 5559 po-

237 5557 394 5630 stulat
426 5577 528 5630 pro
565 5558 763 5630 sanctis
787 5557 962 5630 (Rom.
991 5557 1228 5630 vm,26,
1253 5557 1381 5629 27)?

309 5627 480 5686 lissi.
528 5627 728 5684 Modus
750 5627 856 5700 iste
879 5630 1162 5684 locutionis
1187 5627 1496 5700 frequenter
1523 5629 1575 5684 in
1605 5628 1850 5700 Scriptu-

239 5697 314 5767 ris
334 5701 549 5756 sanctis
577 5698 871 5766 invenitur,
897 5702 1032 5755 sicut
1053 5702 1181 5756 dicit
1205 5697 1458 5755 Dominus
1473 5700 1537 5754 ad
1558 5697 1848 5767 Abraham,

245 5766 399 5823 Nunc
426 5769 661 5842 cognovi
689 5770 822 5841 quod
851 5773 1028 5844 timeas
1058 5770 1391 5844 rl)enmgf(Gen.
1431 5787 1568 5844 χιιι,
1597 5771 1724 5844 η),
1750 5766 1850 5827 hoc

243 5850 346 5906 est,
384 5854 737 5913 cognoscere
782 5849 834 5894 Ie
867 5843 967 5913 Ieci
991 5861 1004 5897 :
1028 5843 1163 5896 sicut
1189 5842 1316 5897 dieit
1357 5843 1660 5912 Apostolus,
1699 5843 1852 5896 hunc

247 5908 621 5982 cognosc'ﬂua
656 5908 832 5980 Deum,
859 5912 960 5968 imo
995 5930 1128 5968 nunc
1147 5913 1336 5985 cogniti
1358 5931 1388 5967 a
1407 5908 1522 5968 'Dco
1550 5913 1742 5986 (Galat.
1768 5929 1840 5983 tv,

1354 440 1694 497 DIALOGUS
1732 439 2203 507 QUESTIONUM
2246 444 2408 498 LXV.

3435 450 3540 503 738

1941 554 2019 634 ρ).
2051 555 2276 624 Semper
2313 557 2566 634 omniain
2593 561 2874 634 praesentia
2907 561 3010 634 Dei
3045 572 3209 634 sunt;
3239 572 3528 634 antequam

1941 626 2089 702 (iant,
2119 628 2400 702 przesentia
2427 626 2657 693 sunt;_et
2700 629 2871 702 I‘utura
2901 632 3008 699 jam
3037 631 3173 688 facta
3197 626 3357 688 sunt:
3383 626 3525 702 quo-

1937 696 2100 749 modo
2130 713 2267 752 nunc
2293 698 2522 752 dicimur
2565 701 2759 766 cogniti
2790 718 2818 755 a
2853 696 2980 768 Deo,
3009 705 3110 758 nisi
3143 703 3370 758 faciente
3406 696 3528 758 "Deo

1939 773 1997 819 ut
2031 781 2415 837 cognoscamus
2445 770 2607 824 Deum
2625 770 2655 842 ?7
2675 772 2760 842 Sic
2799 782 2852 824 et
2882 773 2966 827 hic
3008 774 3257 828 scribitur
3299 774 3528 842 Spiritus

1939 846 2153 912 sanctus
2188 853 2404 912 gemere
2448 855 2544 908 pro
2576 841 2747 912 nobis,
2781 842 2828 895 id
2863 853 2962 902 est,
2995 853 3273 912 gementes
3305 841 3401 898 nos
3447 844 3529 898 fa-

1938 923 2082 962 cere.
2134 906 2368 964 Infundit
2409 906 2550 964 enim
2599 911 2752 966 nobis
2799 906 3114 968 charita'tem
3166 915 3216 967 in
3267 915 3430 969 Deum
3475 923 3532 970 et

1939 979 2265 1052 proximum.
2299 980 2444 1052 Sicut
2470 981 2666 1036 dicitur
2697 983 2848 1036 hctus
2873 982 3010 1048 dies,
3035 984 3174 1052 quod
3196 985 3348 1038 hetos
3371 985 3528 1041 facit:

1937 1057 2029 1123 aut
2059 1050 2243 1123 tristis,
2282 1051 2421 1123 quod
2451 1052 2629 1123 tristes
2669 1051 2819 1117 facit;
2848 1063 2936 1106 aut
2967 1050 3082 1106 lana
3110 1055 3356 1120 epistola,
3385 1055 3529 1123 quod

1939 1118 2092 1173 laetos
2123 1121 2279 1194 facit:
2302 1118 2380 1174 ita
2403 1131 2455 1175 et
2477 1122 2562 1176 hic
2587 1138 2801 1194 gemere
2818 1123 3014 1178 dicitur
3034 1118 3265 1194 Spiritus
3285 1118 3525 1192 sanctus,

1939 1203 2006 1244 eo
2033 1189 2173 1258 quod
2200 1206 2295 1244 nos
2320 1189 2612 1258 gementes
2629 1193 2772 1248 facit.

1999 1261 2228 1342 .ngsr.
2271 1261 2409 1316 XIII.
2451 1262 2580 1317 Cum
2609 1263 2777 1318 Judaei
2826 1265 3034 1342 signum
3079 1273 3325 1342 peterent
3350 1280 3391 1342 _a
3421 1265 3530 1342 Do-

1941 1330 2086 1403 mino
2115 1330 2393 1387 Salvatore
2419 1345 2620 1398 nostro,
2653 1337 2927 1403 respondit
2956 1337 3056 1389 illis
3078 1330 3098 1390 :-
3124 1335 3394 1389 Generatio
3420 1337 3530 1389 [uec

1940 1402 2413 1476 adultera_signum
2438 1406 2637 1474 qutrrit,
2663 1415 2708 1476 et
2729 1402 2930 1476 signum
2967 1423 3065 1459 non
3093 1406 3294 1459 dubitur
3332 1406 3401 1469 ei,
3433 1406 3532 1460 nisi

1939 1472 2142 1545 signum
2169 1471 2318 1545 Jonte
2343 1471 2622 1542 prophetae.
2650 1471 2793 1529 Sicut
2811 1478 2943 1529 enim
2966 1477 3128 1529 Jonas
3149 1477 3244 1545 fuit
3281 1476 3332 1528 in
3358 1485 3530 1530 ventre

1940 1543 2034 1593 ceti
2049 1543 2204 1596 tribus
2220 1544 2394 1597 diebus
2416 1554 2462 1597 et
2482 1546 2640 1599 tribus
2659 1547 2907 1609 noctibus,
2924 1548 2995 1599 ita
3013 1548 3104 1600 erit
3123 1543 3167 1600 et
3189 1544 3354 1598 Filius
3369 1546 3528 1598 homi-

1940 1613 2018 1664 nis
2036 1612 2088 1664 in
2108 1615 2257 1667 corde
2282 1623 2428 1667 terra:
2446 1617 2601 1668 tribus
2627 1617 2800 1669 diebus
2819 1627 2864 1670 et
2883 1618 3039 1670 tribus
3061 1617 3286 1670 noctibus
3311 1615 3526 1682 (Matth.

1946 1697 2041 1763 sit,
2076 1684 2298 1763 59,.4‘0).
2331 1687 2577 1763 Approba
2618 1702 2744 1756 ergo
2766 1688 3040 1763 quomodo
3067 1687 3350 1763 in-inl'erno
3374 1686 3535 1763 fuerit

1943 1753 2111 1823 tribus
2135 1754 2342 1816 diebus,
2372 1753 2431 1809 et
2449 1757 2614 1810 tribus
2638 1753 2902 1823 noctibus,
2931 1773 3054 1812 cum
3085 1758 3170 1811 die
3211 1766 3358 1810 sexta
3390 1759 3522 1810 sab-

1943 1821 2048 1876 bati
2072 1841 2189 1889 qua:
2210 1835 2292 1878 est
2319 1841 2626 1894 parasceve,
2662 1831 2788 1880 hora
2822 1821 2960 1882 noua
2992 1827 3228 1881 emiserit
3256 1829 3523 1893 spiritum,

1942 1902 1994 1946 ct
2023 1896 2193 1961 prima
2240 1897 2442 1950 sabbati
2474 1905 2597 1952 ante
2629 1898 2801 1953 lucem
2831 1916 2948 1966 qum
2991 1907 3075 1952 est
3122 1898 3412 1958 Dominica,
3441 1913 3531 1951 re-

1941 1969 2252 2020 surrexerit.
2281 1966 2422 2022 Ecce
2450 1984 2555 2022 non
2585 1979 2711 2022 sunt
2755 1980 2862 2024 tres
2904 1969 3019 2024 dies
3059 1969 3221 2038 pleni,
3273 1983 3370 2022 nec
3421 1977 3530 2022 tres

1943 2043 2149 2090 noctes.

2013 2105 2174 2177 Resp.
2216 2107 2430 2176 Antiqui
2457 2117 2637 2177 patres
2672 2110 2838 2164 nostri
2874 2110 2974 2162 hoc
3001 2117 3306 2172 senserunt,
3337 2117 3393 2161 ut
3421 2109 3534 2174 pri-

1942 2189 2026 2228 ma
2059 2175 2172 2231 dies
2193 2195 2318 2249 qua:
2349 2187 2430 2231 est
2460 2175 2757 2248 parasceve
2780 2197 2808 2232 a
2838 2190 2986 2249 parte
3015 2180 3222 2244 ultima,
3253 2190 3307 2233 et
3342 2180 3527 2234 ultima

1943 2260 2060 2320 quae
2087 2257 2168 2320 est
2191 2248 2461 2303 Dominica
2497 2265 2524 2302 a
2569 2260 2717 2317 parte
2756 2248 2946 2320 prima.
2981 2259 3085 2302 tota
3119 2265 3254 2320 cunt
3284 2251 3532 2302 noctilms

1943 2317 2053 2369 suis
2079 2317 2269 2371 debeat
2299 2320 2596 2388 computari
2635 2339 2648 2372 :
2695 2317 2858 2374 ct'ita
2901 2319 3295 2374 denominando
3320 2335 3349 2373 a
3383 2329 3535 2388 parte

1946 2394 2134 2451 totum,
2176 2398 2282 2442 tres
2331 2387 2443 2442 dies
2472 2389 2929 2456 fuerunt;ultima
2983 2404 3104 2457 pars
3154 2389 3299 2442 feria:
3343 2387 3528 2454 sextio,

1947 2465 2112 2530 totum
2146 2459 2444 2524 sabbatum,
2477 2470 2530 2514 et
2574 2463 2741 2530 prima
2774 2475 2896 2530 pars
2942 2459 3237 2514 Dominica:
3267 2476 3386 2513 cum
3420 2460 3534 2513 suis

1943 2529 2210 2581 noctibus.

2014 2598 2230 2665 Quzsr.
2285 2599 2424 2654 XIV.
2487 2599 2618 2654 Cum
2664 2601 2999 2666 repromittat
3047 2599 3300 2652 Dominus
3348 2607 3531 2654 noster

1943 2667 2098 2723 .Iesus
2150 2669 2394 2723 Christus
2441 2673 2640 2724 sanctis
2670 2672 2807 2740 quod
2839 2672 2887 2724 in
2921 2671 3313 2724 resurrectione
3356 2668 3533 2738 fulge-

1947 2741 2076 2794 bunt
2114 2741 2250 2794 sicut
2292 2743 2370 2793 sol
2401 2740 2508 2810 (Id.
2553 2758 2665 2808 xui,
2706 2743 2817 2810 45),
2849 2756 3014 2809 quare
3053 2742 3164 2810 ipse
3193 2741 3449 2795 Dominus
3480 2741 3534 2794 in

1944 2813 2336 2865 resurrectione
2363 2827 2456 2864 sua
2491 2813 2568 2866 sic
2599 2829 2702 2865 non
2732 2812 2911 2866 fulsit?

2017 2881 2176 2934 Rssr.
2206 2881 2502 2935 Clarilicata
2525 2899 2685 2936 carne
2704 2888 2882 2952 utique
2899 2880 3222 2945 resurrexit;
3246 2880 3339 2935 sed
3365 2881 3536 2936 noluit

1945 2950 1997 3005 in
2025 2967 2085 3004 ea
2115 2952 2497 3006 clarilicatione
2518 2950 2930 3022 discipulis—suis
2961 2968 3240 3020 apparere,
3272 2953 3390 3018 quia
3425 2969 3532 3006 non

1946 3030 2164 3090 possent
2179 3022 2346 3074 oculis
2364 3025 2471 3076 suis
2488 3025 2642 3077 talem
2664 3025 2956 3078 claritatem
2978 3023 3298 3090 perSpicere.
3315 3023 3367 3074 Si
3389 3024 3535 3076 enim

1943 3101 2230 3161 antequam
2256 3104 2554 3147 moreretur
2577 3110 2670 3162 pro
2693 3096 2846 3148 nobis
2867 3102 2920 3146 et
2953 3103 3275 3156 resurgeret,
3314 3093 3531 3162 quando

1948 3164 2352 3231 transﬁguratus
2374 3174 2454 3217 est
2479 3166 2527 3217 in
2554 3175 2754 3227 monte,
2793 3163 3038 3233 discipuli
3078 3164 3158 3216 sui
3190 3179 3310 3216 eum
3336 3163 3535 3233 rvidere

1946 3249 2051 3286 non
2082 3243 2390 3302 potuerunt,
2423 3235 2516 3288 sed
2551 3250 2657 3302 pra:
2688 3237 2877 3288 timore
2901 3232 2950 3286 in
2975 3244 3170 3286 terram
3199 3232 3529 3298 ceciderunt;

1945 3315 2144 3374 quanto
2172 3307 2359 3373 magis,
2414 3305 2700 3360 clariﬁcata
2737 3319 2898 3360 carne
2926 3303 3155 3368 Dotnini,
3195 3318 3314 3358 eam
3354 3305 3538 3359 videre

1945 3390 2050 3428 non
2074 3375 2400 3445 potuerunt?

2015 3443 2228 3511 Qus-351'.
2261 3445 2376 3499 XV.
2398 3445 2607 3500 Marcus
2651 3446 2974 3515 evangelista
3027 3451 3209 3515 narrat
3255 3443 3536 3499 Dominum

1947 3515 2075 3568 hora
2127 3516 2279 3596 tertia
2301 3513 2846 3596 .crucilixum_(_ﬂ!arc.
2875 3531 2981 3596 xv,
3024 3515 3154 3596 25),
3182 3513 3538 3596 Joanucs_au-

1949 3596 2052 3640 tem
2085 3595 2230 3659 sexta
2261 3584 2440 3659 (Joan.
2469 3603 2558 3659 in:
2578 3629 2594 3654 ,
2629 3584 2854 3659 I448);
2888 3585 2973 3640 cui
3003 3584 3177 3659 potius
3207 3586 3536 3640 credendum

1945 3667 2028 3712 est
2053 3672 2117 3710 ex
2142 3656 2221 3709 his
2245 3655 2491 3710 duobus?
2801 3655 2810 3659 ’
3005 3655 3012 3656 ί
3151 3658 3155 3662 ’

2016 3725 2180 3780 Resp.
2230 3727 2294 3780 Et
2337 3728 2424 3780 ille
2453 3743 2634 3780 verum
2683 3725 2850 3791 dixit,
2899 3734 2953 3780 et
2979 3726 3065 3779 ille
3109 3725 3372 3778 similiter.
3403 3724 3538 3780 Nam

1947 3797 2078 3852 hora
2110 3797 2259 3850 tertia
2290 3798 2648 3850 clamaverunt
2684 3797 2850 3850 Pilato
2875 3796 3042 3851 .Iudzei
3075 3813 3087 3848 :
3118 3795 3387 3865 Cruci/ige,
3422 3813 3539 3848 cru.

1947 3869 2094 3937 ci/ige
2121 3884 2235 3920 eum
2269 3867 2416 3937 (Luc.
2449 3883 2616 3929 χχιιι,
2649 3868 2760 3937 2i).
2795 3868 2982 3920 Milites
3011 3877 3186 3937 autem
3227 3867 3354 3937 hora
3387 3875 3537 3937 sexta

1946 3935 2324 3993 cru—cinxerunt
2367 3954 2511 3994 eum.
2564 3935 2728 4006 Igitur
2752 3937 2890 4004 quod
2942 3937 3015 3989 illi
3070 3935 3278 4006 lingua,
3321 3935 3419 3988 hoc
3450 3936 3536 3988 isti

1947 4009 2190 4063 manibus
2229 4009 2536 4062 effecerunt.
2587 4004 2662 4062 Ne
2692 4018 2866 4060 autem
2896 4007 3201 4060 viderentur
3228 4004 3395 4059 JtuIa-i
3430 4022 3538 4060 non

1947 4079 2280 4134 crucilixisse
2327 4079 2604 4132 Dominum
2627 4120 2641 4141 ,
2691 4079 2808 4130 ideo
2838 4078 3158 4146 cvangeliSta
3201 4079 3375 4144 posuit
3407 4075 3538 4131 hora

1951 4151 2101 4205 tertia
2125 4149 2436 4203 cruciﬁxum
2469 4150 2782 4213 Dominum,
2808 4149 2927 4218 quia
2958 4165 3059 4200 non
3090 4157 3290 4199 tantum
3321 4147 3390 4199 illi
3417 4162 3540 4218 cruf

1949 4221 2232 4275 cilixerunt
2277 4221 2366 4289 qui
2417 4221 2770 4272 ministerium
2815 4217 3196 4289 impleverunt,
3243 4217 3336 4270 scd
3367 4217 3537 4289 etilli

1950 4292 2039 4360 qui
2065 4287 2443 4344 claniave‘runt.
2478 4289 2532 4344 In
2565 4293 2642 4343 eis
2670 4291 2809 4342 enim
2837 4287 3159 4360 completum
3188 4299 3268 4341 est
3295 4287 3437 4357 quod
3462 4289 3538 4341 ait

1952 4359 2399 4430 Ii'salmographus
2447 4377 2460 4413 :
2519 4361 2640 4413 Filii
2669 4361 2965 4423 hominum,
2991 4359 3162 4411 dentes
3189 4375 3362 4430 eorum
3396 4374 3542 4411 arma

1951 4442 1996 4486 et
2025 4428 2219 4498 saginat
2243 4428 2325 4497 ,ει
2349 4433 2522 4503 lingua
2551 4448 2726 4485 eorum
2754 4432 3006 4483 "inclitam
3032 4439 3181 4481 acuta
3193 4428 3376 4503 _(Rsttl.
3409 4444 3492 4483 Lvt
3517 4468 3535 4495 ,

1951 4505 2030 4574 5).
2064 4503 2226 4556 Vides
2255 4498 2462 4572 qualem
2492 4505 2720 4569 gladium
2749 4503 3068 4567 habuerunt,
3102 4500 3240 4554 unde
3271 4498 3400 4554 liora
3428 4510 3541 4554 ter-

1954 4575 2021 4628 tia
2053 4574 2329 4627 Dominum
2357 4575 2682 4628 occiderunt.

2023 4645 2241 4710 Οιιιεετ.
2267 4643 2407 4698 XVI.
2449 4647 2578 4697 Cum
2613 4645 2748 4698 Deus
2774 4643 2951 4697 omnia
2979 4643 3115 4695 bona
3147 4640 3427 4701 creaverit.
3459 4640 3542 4694 ni-

1955 4714 2136 4784 hilque
2161 4717 2229 4768 sit
2251 4715 2389 4783 quod
2413 4729 2518 4768 non
2539 4715 2605 4768 ab
2624 4715 2713 4768 illo
2739 4714 3007 4784 conditum
3036 4714 3123 4776 sit,
3147 4711 3543 4784 undcnialum?

2025 4783 2186 4839 lisse.
2211 4785 2402 4838 Malum
2432 4796 2617 4838 natura
2643 4801 2745 4837 uon
2773 4795 2890 4847 est;
2918 4783 3009 4837 sed
3039 4784 3262 4850 privatio
3290 4783 3410 4833 boni
3442 4783 3542 4834 hoc

1955 4871 2149 4910 nomen
2177 4859 2400 4924 accepit.
2435 4855 2675 4926 Denique
2705 4856 2902 4908 bonum
2935 4863 3108 4926 potest
3136 4868 3254 4905 esse
3281 4853 3395 4905 sine
3423 4865 3541 4903 ma-

1955 4927 2007 4981 lo
2028 4969 2041 4990 ,
2093 4927 2184 4980 sed
2217 4923 2412 4980 malum
2445 4942 2548 4980 non
2579 4923 2751 4995 potest
2782 4940 2901 4978 esse
2943 4924 3058 4976 sine
3091 4923 3229 4974 bono
3250 4963 3266 4984 ,
3300 4935 3396 4974 nec
3439 4935 3508 5043 po

1956 5005 2060 5043 [est
2088 5012 2208 5043 esse.
2251 4997 2447 5043 malum
2481 4997 2566 5043 ubi
2613 5012 2716 5043 non
2750 4995 2910 5043 fuerit
2952 4994 3171 5043 bonum.
3204 4991 3280 5043 Ac
3310 5005 3406 5043 ner
3457 5007 3508 5043 to

1956 5005 2060 5051 test
2088 5012 2208 5051 esse
2251 4997 2447 5050 malmn
2481 4991 2716 5050 ubi—nou
2750 4995 2910 5048 fuerit
2951 4994 3171 5046 bonum.
3204 4991 3280 5044 Ac
3310 5005 3406 5060 per
3439 4991 3542 5045 hoc

1956 5069 2179 5122 dicimus
2217 5075 2274 5121 et
2313 5068 2558 5136 angelum
2603 5067 2799 5119 bonum
2829 5073 2883 5119 et
2931 5063 3175 5136 angelum
3227 5063 3458 5136 malum,
3490 5073 3544 5116 et

1957 5139 2227 5192 hominem
2272 5130 2467 5190 bonum
2511 5146 2563 5190 et
2606 5136 2875 5190 hominem
2921 5130 3159 5186 malum:
3191 5130 3287 5184 sed
3345 5131 3544 5186 bonum

1955 5208 2095 5279 quod
2144 5207 2393 5279 angelus,
2444 5208 2647 5279 malum
2671 5205 2810 5279 quod
2856 5204 3112 5279 vitiosus;
3161 5203 3356 5279 bonum
3402 5203 3543 5279 quod

1958 5271 2153 5345 homo,
2187 5271 2387 5331 malum,
2415 5277 2553 5345 quod
2599 5271 2842 5329 vitiosus.
2891 5273 3122 5345 Ideoque
3165 5271 3378 5345 quando
3407 5273 3544 5327 diei-

1957 5341 2076 5404 mu's
2102 5341 2321 5414 bunum,
2345 5341 2584 5401 naturam
2614 5346 2918 5410 laudamus;
2952 5341 3162 5413 quando
3183 5341 3406 5396 dicimus
3429 5359 3546 5396 ma-

1957 5421 2066 5474 lum
2087 5461 2102 5484 ,
2134 5435 2237 5472 non
2282 5428 2560 5481 naturam’,
2609 5417 2702 5470 sed
2734 5417 2919 5468 vitium
2941 5456 2955 5478 ,
2987 5414 3127 5485 quod
3158 5423 3240 5469 est
3266 5415 3416 5470 bonae
3447 5429 3545 5468 na-

1960 5502 2090 5546 tura!
2120 5490 2444 5544 contrarium
2466 5529 2481 5554 ,
2507 5487 2970 5556 reprehendimus.

2029 5563 2242 5628 Qussr.
2273 5559 2435 5615 XVII.
2464 5555 2663 5614 Omnes
2689 5558 2875 5628 Angeli
2900 5555 3132 5626 aequales
3159 5571 3226 5609 an
3256 5555 3547 5628 inmquales

1957 5617 2122 5686 curati
2160 5632 2317 5685 sunt?
2359 5632 2426 5686 Et
2465 5630 2508 5685 si
2540 5617 2802 5700 aequales:
2834 5644 2930 5683 cur
2960 5617 3064 5682 non
3111 5641 3300 5682 omnes
3329 5617 3466 5700 ﬁrmi
3493 5636 3548 5700 _et_

1959 5703 2175 5758 stabiles
2204 5701 2456 5756 fuerunt?
2501 5700 2556 5755 Si
2584 5697 2711 5756 vero
2749 5700 3065 5770 inmquales,
3097 5713 3201 5768 quo
3241 5698 3432 5750 merito
3457 5697 3550 5750 alii

1959 5773 2307 5842 przescientia:
2344 5788 2454 5826 sure
2486 5772 2828 5826 stabilitatem
2855 5771 3097 5840 accipere
3123 5777 3464 5842 meruerunt.
3495 5777 3554 5821 et

1957 5837 2044 5898 alii
2074 5843 2312 5970 l'uturrum
2342 5858 2452 5901 sua:
2480 5845 2646 5899 ruina:
2677 5858 2856 5899 casum
2887 5837 3107 5898 minimc
3137 5837 3428 5910 prun-idem
3451 5851 3553 5906 po-

1966 5924 2180 5970 luerunt

1966 5924 2180 5970 luerunt
