4106 6518
591 432 697 488 7.39

667 552 826 620 naso.
856 535 1297 620 omnesquidem
1327 533 1513 620 Angeli
1537 532 1769 620 aequales
1796 532 2170 620 creatissuntef

592 602 686 670 sed
701 602 1018 669 cadentibus
1039 602 1141 664 illis
1159 622 1253 678 per
1278 602 1808 678 superlriamfcmteri
1844 602 2176 678 Dominopia

592 684 888 738 obedientia
920 673 1286 739 cohmserimt,
1316 673 1637 745 accipientes
1663 683 1865 745 certam
1896 673 2175 745 scientiam

592 771 704 808 su:e
750 751 1083 812 stabilitatis,
1115 763 1272 816 quam
1321 746 1394 800 illi
1435 742 1708 816 nunquam
1756 744 2074 816 habuerunt.
2112 742 2178 794 Et

592 825 670 878 sic
697 833 820 878 sunt
860 823 1026 890 gratia
1068 813 1161 873 Dei
1207 820 1259 872 in
1296 815 1551 890 omnibus
1571 813 1923 890 circumdati,
1955 821 2011 865 ut
2037 827 2176 890 nun-

592 910 750 962 quam
793 882 996 960 possint
1025 890 1216 943 cadere
1242 903 1271 942 a
1296 887 1452 942 beata
1481 886 1617 951 vita,
1664 900 1765 955 qua
1794 882 2042 937 fruuntur
2071 883 2176 935 Do-

593 964 739 1018 mino
759 963 1111 1016 coltwreules.

663 1034 884 1099 Quaas'r.
936 1029 1118 1085 XVIII.
1147 1025 1424 1099 Quomodo
1467 1024 1880 1099 intelligendum
1909 1031 1991 1099 est
2037 1021 2178 1099 quod

593 1093 722 1158 dicit
750 1105 887 1157 Deus
906 1102 956 1154 in
987 1100 1180 1155 Genesi
1207 1117 1220 1152 :
1247 1096 1520 1150 Fariamus
1539 1096 1788 1148 hominem
1812 1093 1880 1146 ad
1906 1094 2179 1162 imaginem

594 1187 640 1227 et
662 1173 1040 1228 similitudinem
1068 1179 1287 1221 nostram
1319 1165 1467 1235 (Gen.
1495 1182 1507 1218 ι
1530 1207 1544 1228 ,
1574 1166 1700 1233 2(3)?

666 1246 830 1298 lisse.
878 1243 932 1296 In
963 1250 1138 1293 mente
1169 1246 1250 1290 est
1279 1231 1410 1289 ratio
1440 1245 1492 1289 et
1523 1231 1882 1304 intelligentia.
1929 1231 2044 1300 Ipsa
2077 1233 2177 1285 ita-

594 1330 699 1384 que
744 1328 896 1366 mens
939 1311 1150 1384 quando
1179 1306 1374 1384 Cogitat
1412 1321 1616 1384 coquus
1644 1313 2024 1384 suntarterna,
2056 1311 2179 1383 tunc

600 1373 728 1438 {ere
755 1385 926 1452 imago
952 1373 1040 1434 Dei
1070 1379 1293 1452 dicenda
1320 1384 1420 1429 est.
1443 1373 1822 1452 Etcogitando
1844 1385 2039 1452 aeterna
2059 1373 2181 1452 ,γῆν

596 1465 710 1509 est:
743 1441 889 1507 sicut
908 1452 980 1504 ait
1021 1449 1212 1503 l‘aulus
1253 1447 1557 1514 apostolus,
1601 1445 1687 1497 Vir
1716 1462 1814 1497 non
1841 1443 1981 1514 debet
2013 1441 2179 1496 velare

595 1533 748 1594 caput
785 1538 929 1575 suum
950 1562 964 1586 ,
996 1536 1111 1573 cum
1150 1518 1213 1594 sit
1240 1513 1610 1594 imagoglorite
1636 1514 1734 1594 Dei
1762 1515 1803 1584 (l
1835 1513 1952 1594 ρον.
1975 1529 2061 1594 Αχι,
2097 1514 2174 1582 7).

597 1583 911 1660 Quantoque
950 1583 1007 1644 se
1038 1589 1202 1660 [uagis
1229 1583 1524 1660 ostenderit
1552 1587 1608 1660 in_
1643 1586 1708 1660 _id
1734 1583 1878 1660 quod
1918 1592 2176 1660 aeternum

595 1655 708 1730 est,
745 1655 889 1716 tau-to
922 1660 1087 1728 magis
1116 1655 1242 1730 inde
1266 1657 1521 1730 formatur
1545 1655 1610 1709 ad
1642 1655 1926 1730 imaginem
1959 1655 2050 1708 Dei
2082 1672 2093 1706 :
2125 1665 2179 1707 et

595 1726 718 1788 ideo
744 1748 847 1786 non
879 1741 960 1786 est
982 1726 1278 1791 cohibenda
1300 1769 1314 1790 ,
1349 1736 1405 1780 ut
1435 1726 1555 1781 inde
1580 1741 1639 1779 se
1667 1726 1939 1779 contineat
1961 1739 2024 1778 ac
2052 1733 2179 1778 tem-

595 1812 766 1873 peret.
799 1802 1020 1873 Quando
1050 1814 1175 1852 vero
1193 1813 1261 1873 ea
1295 1797 1399 1866 agit
1426 1806 1479 1850 et
1513 1797 1710 1865 cogitat
1751 1810 1870 1873 qua;
1895 1805 2017 1873 sunt
2047 1804 2181 1873 tem-

592 1863 1037 1944 poraliafmulier
1053 1863 1351 1944 appellatur
1383 1885 1394 1919 :
1423 1876 1545 1944 tunc
1571 1863 1675 1920 non
1699 1863 1780 1920 est
1808 1863 2030 1918 dicenda
2056 1865 2180 1944 ima-

593 1935 664 2012 go
694 1935 811 2008 Dei,
837 1951 889 1996 et
919 1935 1380 2012 prepterea‘dehet
1408 1938 1584 1991 velare
1611 1945 1771 2012 caput
1798 1951 1974 2000 smnn,
2005 1949 2072 2012 ne
2097 1935 2176 2012 ni-

596 2004 702 2066 iuia
748 2004 817 2066 sit
859 2004 977 2081 ejus
1018 2004 1082 2063 ad
1135 2006 1747 2081 inferiorapt‘ogrcssio,
1794 2013 1847 2060 et
1881 2020 2003 2060 cum
2035 2004 2176 2059 licita

597 2084 702 2153 agit
725 2125 739 2146 ,
764 2076 955 2153 illicita
971 2076 1433 2153 concupiscat“).

667 2144 882 2220 Qus-:51.
919 2150 1055 2205 XIX.
1093 2144 1299 2203 Primus
1327 2144 1486 2201 hoino
1516 2146 1752 2201 mortalis
1780 2144 1948 2199 factus
1973 2153 2076 2209 est,
2107 2159 2174 2199 an

597 2224 950 2277 immortalis?

668 2294 828 2347 Resp.
862 2293 928 2346 Et
959 2291 1197 2346 mortalis
1237 2288 1530 2342 scentulum
1571 2285 1748 2350 aliam,
1773 2295 1827 2340 et
1857 2285 2174 2340 immortalis

595 2363 887 2417 secundum
917 2363 1072 2416 aliam
1103 2376 1336 2414 causam.
1366 2359 1494 2412 Tale
1523 2359 1700 2426 itaque
1729 2372 1922 2423 corpus
1951 2356 2176 2426 habebat

598 2435 801 2502 primus
844 2433 1032 2495 homo,
1062 2432 1216 2500 quale
1245 2447 1258 2477 ι
1283 2447 1300 2482 ι
1327 2445 1424 2481 nos
1446 2470 1458 2488 ,
1489 2427 1581 2502 sed
1617 2425 1732 2502 Siue
1777 2434 2013 2495 peccato.
2057 2425 2172 2479 Non

594 2498 736 2556 enim
782 2504 1008 2556 habebat
1055 2498 1222 2570 legem
1258 2516 1306 2552 In
1347 2498 1598 2552 membris
1636 2500 1747 2570 suis
1792 2507 2173 2570 repugnantem

594 2575 696 2642 legi
727 2578 919 2626 mentis
947 2588 1056 2626 sum
1077 2592 1090 2633 ;
1111 2568 1216 2624 sed
1247 2571 1427 2637 utique
1457 2568 1749 2642 promeruit
1771 2578 1894 2642 post
1914 2568 2176 2642 _pra3vari-_

595 2636 882 2697 rationem.
917 2643 1080 2712 Igitur
1121 2636 1352 2712 animale
1386 2636 1580 2708 corpus
1628 2638 1807 2712 habuit
1849 2636 2175 2712 atlanttsed

596 2724 651 2767 ut
679 2729 783 2767 non
815 2707 1116 2768 senesceret
1149 2727 1244 2764 nec
1274 2707 1525 2764 deficeret
1558 2725 1650 2776 per
1681 2709 1820 2760 illius
1857 2707 1981 2773 ligni
2015 2709 2174 2759 virtu-

596 2793 724 2848 tem,
749 2801 847 2852 qua
877 2784 1289 2847 sustentabatur,
1312 2781 1452 2852 quod
1477 2779 1526 2852 in
1559 2779 1802 2847 paradiso
1834 2779 1953 2830 vitae
1978 2793 2172 2830 nomen

593 2849 890 2920 acceperat.
939 2856 1275 2920 QuoprOpter
1317 2849 1361 2904 si
1409 2849 1501 2903 Dei
1552 2857 1816 2920 praecepta
1866 2857 2170 2920 servasset,

593 2918 911 2978 obed'ieutiai
952 2918 1237 2976 incrito‘in
1285 2920 1407 2974 illud
1447 2934 1640 2986 corpus
1684 2919 1978 2985 Spirituale,
2017 2918 2174 2986 quale

591 2996 791 3048 sanctis
815 2996 863 3046 in
888 2993 1278 3046 resurrectione
1306 2989 1650 3060 promittitur,
1673 2996 1813 3041 esset
1838 2988 2170 3060 postmodum

594 3063 1049 3118 eomnmlaudum.
1085 3065 1160 3114 Ac
1191 3076 1282 3128 per
1309 3058 1414 3112 hoc
1440 3067 1645 3127 poterat
1673 3075 1775 3128 non
1804 3058 1969 3121 mori,
1999 3058 2042 3110 si
2081 3058 2173 3111 Dei

597 3134 876 3202 prmceptis
903 3133 984 3200 pia
1007 3126 1305 3184 obedientia
1331 3126 1664 3202 cohiesisset.
1704 3126 1818 3181 Non
1841 3128 1982 3180 enim
2012 3136 2066 3181 et
2095 3128 2174 3181 sic

597 3197 982 3261 faettts'l'uer'at.
1018 3213 1068 3253 ιιι
1103 3218 1206 3254 non
1238 3209 1415 3269 posset
1445 3198 1599 3262 mori,
1625 3197 1990 3269 sicutcazterte
2015 3206 2171 3269 natu-

597 3289 671 3327 ra)
697 3290 815 3342 qua:
843 3273 1060 3325 omnino
1092 3268 1359 3342 tutu-inoo
1401 3277 1621 3342 possunt
1652 3286 1663 3320 :
1693 3268 1798 3342 sed
1827 3269 1894 3320 ita
1923 3278 1994 3342 _ut
2041 3268 2172 3321 obe—

595 3337 791 3397 dieu'tia
826 3343 1200 3402 iuumtrtalem,
1228 3341 1583 3393 iuobedientia
1615 3338 1889 3391 t'uortalem
1917 3337 2134 3391 faceret.

667 3414 883 3480 Quazsr.
909 3412 1025 3466 XX.
1056 3412 1188 3478 Quid
1214 3420 1296 3464 est
1324 3411 1464 3478 quod
1497 3409 1624 3462 dicrt
1655 3409 1926 3480 apostolus
1953 3408 2169 3475 Paulus,

596 3478 728 3537 Caro
753 3493 795 3536 et
820 3483 1024 3553 sanguis
1051 3499 1257 3548 regnum
1288 3481 1380 3553 Dei
1405 3497 1516 3553 non
1534 3478 1892 3553 possidebunt?

668 3554 827 3608 RESP.
859 3549 935 3606 Ex
967 3553 1065 3605 hoc
1091 3551 1392 3604 testimonio
1415 3551 1563 3602 tnulti
1591 3551 1764 3602 minus
1793 3549 2168 3617 iutclligetttes,

597 3640 658 3677 ac
688 3641 781 3694 per
814 3623 915 3677 hoc
947 3623 1194 3676 haeretice
1223 3629 1468 3674 asserunt
1501 3620 1764 3672 hominem
1797 3634 1900 3673 non
1931 3634 2087 3694 posse
2119 3621 2171 3694 in

593 3689 780 3749 eadem
803 3735 818 3758 ,
847 3710 948 3762 qua
979 3694 1258 3746 defunctus
1287 3701 1397 3754 est,
1422 3706 1582 3745 carne
1606 3705 1912 3762 resurgere;
1943 3689 2036 3743 sed
2067 3689 2170 3762 tol-

595 3765 766 3819 lentes
808 3761 984 3817 Veram
1024 3779 1275 3824 carnem,
1316 3763 1498 3815 nescio
1537 3761 1694 3830 quale
1737 3774 1932 3826 corpus
1969 3761 2170 3813 aerium

594 3835 733 3905 quod
764 3851 1029 3904 nunquam
1063 3833 1278 3905 habuit,
1313 3831 1511 3905 homini
1546 3841 1680 3905 post
1723 3831 2168 3905 resurrectionem

593 3900 904 3960 attribuunt:
955 3904 1106 3971 Quod
1161 3904 1314 3958 valde
1362 3901 1650 3956 abundant
1707 3900 2170 3954 considerantibus

592 3976 759 4044 ipsam
783 3977 1121 4038 sententiam,
1145 3974 1494 4044 approbatur.
1512 3971 1641 4044 Caro
1664 3983 1706 4023 ct
1727 3972 1953 4044 sanguis,
1979 3971 2167 4044 inquit,

591 4042 802 4117 regnum
837 4044 927 4098 Dei
957 4063 1055 4097 non
1088 4045 1428 4117 possidebunt.
1463 4043 1525 4095 Et
1555 4043 1696 4117 idem
1728 4043 1998 4117 apostolus
2032 4042 2168 4117 l’au-

592 4111 672 4169 lus
717 4130 993 4183 exponens
1040 4111 1264 4178 quodam
1309 4115 1488 4177 modo,
1517 4115 1854 4174 subsecutus,
1887 4111 2164 4177 adjunxit:

592 4185 771 4254 Neque
790 4195 1045 4252 corruptio
1066 4185 1486 4254 incorruptionem
1510 4183 1797 4254 possidebit.
1816 4183 2017 4254 Quibus
2037 4183 2170 4254 scri-

591 4251 750 4310 bebat
775 4251 1093 4321 Apostolus?
1120 4251 1318 4320 Nempe
1351 4253 1434 4306 his
1454 4251 1542 4322 qni
1569 4252 1818 4322 chebaut
1842 4271 1854 4303 :
1883 4251 2167 4305 Manduce-

590 4342 701 4378 mus
730 4335 774 4377 et
803 4324 1061 4387 bibamus;
1091 4341 1202 4376 cras
1224 4325 1354 4375 enim
1386 4321 1655 4376 moriemur
1686 4321 1793 4392 (ld.
1825 4338 1914 4387 xv,
1939 4323 2027 4385 50,
2053 4323 2163 4392 5'2).

593 4395 701 4448 llos
726 4395 990 4462 redarguit
1022 4395 1208 4446 beatus
1245 4393 1438 4446 Paulus
1476 4394 1776 4462 apostolus,
1808 4392 2020 4455 dicens,
2045 4407 2165 4446 car-

591 4479 712 4519 nem
740 4473 793 4519 et
821 4465 1150 4532 sanguinem,
1178 4463 1276 4516 hoc
1307 4471 1388 4516 est
1413 4479 1574 4533 opera
1600 4463 1774 4514 Carnis
1798 4473 1847 4514 et
1873 4463 2162 4533 sanguinis,

591 4550 697 4588 non
726 4549 881 4603 posse
908 4535 1123 4601 adipisci
1158 4549 1376 4602 regnum
1414 4532 1526 4587 Ilei.
1575 4533 1705 4586 Nam
1747 4533 1788 4585 si
1827 4535 2039 4601 propria
2082 4532 2167 4588 hic

589 4602 883 4661 substantia
911 4605 1086 4656 ti‘anIlS
1111 4603 1413 4670 accipienda
1446 4611 1560 4664 est,
1590 4602 1715 4671 quid
1758 4603 1937 4655 dicent
1974 4604 2038 4655 de
2081 4604 2164 4658 his

587 4676 782 4744 quibus
805 4675 988 4728 scribit
1014 4675 1149 4726 idem
1179 4674 1468 4744 apostolus,
1512 4673 1606 4725 Vos
1626 4683 1793 4724 autem
1820 4674 1868 4725 in
1891 4689 2043 4725 carne
2065 4691 2163 4727 non

584 4743 722 4809 estis,
749 4746 836 4799 sed
855 4747 904 4798 in
928 4745 1144 4811 spiritu?
1165 4743 1551 4811 Numquidnam
1579 4744 1798 4796 Romani
1821 4759 2034 4796 carnem
2059 4760 2162 4798 nou

587 4817 874 4880 habebant,
905 4817 1095 4884 quibus
1122 4816 1410 4882 Apostolus
1433 4813 1734 4867 scribebat?
1760 4813 1886 4878 Sed,
1913 4814 1963 4866 in
1989 4830 2158 4878 carne,

584 4888 776 4956 inquit,
801 4903 898 4940 non
925 4883 1073 4949 estis;
1103 4887 1151 4939 id
1175 4896 1274 4946 est,
1301 4901 1402 4937 non
1427 4885 1554 4937 estis
1578 4884 1838 4956 carnales,
1865 4898 1967 4956 non
1994 4883 2162 4939 facitis

583 4955 744 5027 opera
784 4959 994 5018 carnis,
1037 4973 1155 5026 qtlze
1183 4957 1414 5027 inimica
1457 4964 1580 5007 sunt
1613 4955 1752 5018 Deo,
1785 4971 1902 5023 quin
1932 4955 2034 5024 legi
2069 4956 2160 5009 Dei

583 5026 687 5082 non
737 5029 1106 5096 subjiciuntur.
1162 5026 1260 5093 Qui
1302 5036 1470 5077 autem
1501 5031 1553 5078 in
1579 5040 1728 5078 carne
1759 5035 1908 5084 sunt.
1953 5027 2156 5093 inquit,

582 5099 692 5152 Deo
719 5101 914 5168 placere
938 5116 1036 5151 non
1043 5106 1276 5164 stsunt
1307 5096 1477 5168 (Rom.
1503 5097 1695 5168 vut,9,
1719 5097 1796 5163 8).
1827 5097 1962 5168 Ecce
1986 5096 2159 5165 qualis

581 5184 705 5223 Caro
720 5166 953 5237 regnum
990 5169 1077 5221 Dei
1109 5184 1211 5221 non
1245 5167 1554 5236 possidebit.
1587 5166 1716 5220 Nam
1745 5167 1885 5234 quod
1914 5166 2073 5220 homo
2106 5168 2158 5220 in

583 5239 769 5291 eadem
801 5255 900 5306 qua
939 5240 1162 5291 moritur
1181 5254 1341 5291 carne
1371 5246 1646 5307 resurgat,
1683 5238 1936 5290 Dominus
1979 5249 2160 5290 noster

581 5307 736 5359 Jesus
753 5307 991 5361 Christus
1014 5319 1131 5376 post
1154 5313 1595 5361 resurrertionen't
1620 5325 1768 5362 suam
1792 5308 2156 5361 dubitantibus

581 5377 854 5446 discipulis
875 5421 887 5439 ,
919 5390 968 5431 et
1005 5380 1312 5446 potantibus
1339 5395 1396 5433 se
1426 5381 1666 5444 spiritqu
1698 5379 1905 5439 videre,
1937 5394 2158 5446 respon-

579 5445 692 5518 dit:
722 5445 937 5518 Palpate
966 5445 1018 5498 et
1038 5449 1213 5518 videte,
1242 5451 1360 5517 quia
1386 5451 1590 5518 spiritus
1612 5466 1814 5502 carnem
1842 5459 1885 5500 ct
1915 5445 2156 5502 ossa’non

581 5516 756 5574 liabet.
780 5517 903 5589 sicut
932 5534 1012 5589 me
1037 5517 1208 5589 videtis
1236 5516 1420 5571 habere
1441 5519 1589 5586 (Luc.
1618 5534 1762 5584 xxiv,
1786 5518 1900 5589 '59).
1945 5523 2023 5572 Ac
2061 5534 2156 5587 per

583 5589 682 5637 hoc
709 5585 974 5636 credimus
1007 5588 1272 5640 hominem
1303 5608 1402 5640 non
1435 5585 1635 5642 taattun
1659 5606 1777 5644 eum
1804 5585 1962 5644 carne.
1990 5600 2040 5642 et
2061 5585 2156 5643 os-

578 5655 864 5734 sibusnscd
892 5658 1050 5733 etiam
1075 5671 1191 5708 cum
1219 5659 1496 5727 sanguine,
1516 5661 1604 5734 yol
1628 5660 1880 5734 quidquid
1909 5659 1974 5714 ad
2004 5669 2156 5713 natu-

579 5739 691 5776 ram
715 5726 830 5792 ejus
855 5726 1084 5792 pertinet
1107 5726 1412 5797 resurgere;
1438 5729 1529 5782 sed
1553 5726 1665 5783 sine
1689 5726 1789 5784 ulla
1814 5733 2154 5802 corruptione

638 5876 711 5939 (α)
738 5877 852 5926 Vide
871 5877 953 5927 lib.
971 5879 1035 5929 de
1055 5879 1225 5940 Spiritu
1251 5890 1300 5931 et
1326 5881 1503 5944 Anima,
1535 5897 1639 5944 cap.
1667 5886 1746 5934 δι.

2042 411 2408 472 APPENDIX.

3765 420 3869 478 750

2284 527 2386 582 erit
2415 527 2485 582 illi
2514 543 2725 595 semper
2755 537 2952 582 {eterna
2982 529 3086 581 vita
3125 538 3174 582 et
3207 537 3405 584 aeterna
3435 529 3666 587 felicitas
3685 573 3700 596 ,
3733 547 3862 588 eon-

2285 598 2592 667 templando
2630 598 2942 670 Trinitatem
2987 600 3170 652 Deum.
3204 601 3370 667 Igitur
3402 602 3542 656 sicut
3573 601 3706 670 justi
3745 619 3862 661 cum

2284 684 2377 722 sua
2403 683 2565 723 carne
2589 669 2654 722 ad
2681 678 2931 741 teternam
2962 670 3263 725 felicitatem
3285 713 3299 737 ,
3331 673 3402 726 ita
3432 669 3587 741 impii
3607 673 3676 727 ad
3704 684 3862 730 aeter-

2285 754 2406 792 nam
2434 747 2712 806 resurgant
2740 740 3028 794 miseriam.

2355 809 2568 884 Quissr.
2603 809 2742 884 XXI.
2773 809 2996 864 Genesis
3028 811 3339 884 principium
3371 820 3454 866 est
3479 831 3492 868 :
3515 811 3584 865 In
3614 814 3864 884 principio

2285 880 2401 953 fecit
2427 877 2561 953 Deus
2587 880 2763 933 caelum
2793 889 2838 933 et
2870 877 3052 953 terram
3076 877 3224 947 (Gen.
3249 898 3285 943 ι,
3319 885 3390 951 l).
3416 877 3864 953 Angeli'poslmo-

2284 949 2409 1002 dum
2443 949 2560 1003 farti
2599 959 2751 1013 sunt,
2779 966 2843 1002 an
2888 952 3111 1021 non?Si
3158 953 3298 1005 enim
3342 949 3466 1006 ante
3506 949 3698 1021 Angeli
3744 954 3862 1011 facti

2287 1028 2431 1084 sunt,
2457 1036 2560 1073 non
2589 1021 2755 1088 primo
2775 1021 3010 1074 omnium
3035 1020 3159 1076 fecit
3183 1023 3321 1076 Deus
3340 1023 3536 1077 ctelum
3559 1020 3614 1076 et
3644 1033 3859 1080 terram.

2358 1090 2515 1163 RESI'.
2545 1090 2760 1156 Quando
2781 1095 2917 1160 facta
2942 1101 3058 1144 sunt
3083 1091 3237 1144 simul
3253 1093 3443 1159 sidera,
3468 1094 3542 1146 ait
3565 1093 3860 1163 Scriptum,

2285 1160 2614 1236 laudauerunt
2659 1163 3173 1236 tne_otttnesﬂzlngeli
3218 1164 3313 1236 mei
3349 1160 3707 1236 roce‘magna'
3749 1163 3866 1236 (Job

2284 1245 2506 1291 xxxvut,
2532 1232 2584 1296 7,
2615 1247 2714 1284 sec.
2745 1231 2932 1300 LXX).
2957 1234 3158 1297 Quarto
3185 1234 3326 1287 enim
3353 1233 3441 1288 die
3468 1231 3614 1288 facta
3635 1231 3769 1288 sunt
3789 1236 3865 1289 si-

2283 1300 2432 1367 dera,
2459 1311 2508 1354 et
2531 1301 2640 1369 jam
2666 1301 2850 1372 Angeli
2881 1313 3051 1356 erant.
3084 1301 3265 1372 Neque
3291 1305 3434 1358 enim
3456 1304 3544 1357 die
3571 1305 3750 1366 tertio,
3775 1320 3865 1359 ne-

2284 1386 2386 1438 que
2413 1371 2648 1443 secundo
2674 1371 2794 1425 facti
2822 1381 2962 1426 sunt.
2988 1373 3043 1426 In
3069 1372 3148 1443 his
3169 1373 3311 1428 enim
3338 1383 3563 1442 apparet
3588 1390 3710 1443 quae
3733 1376 3865 1430 facta

2285 1451 2426 1515 sunt.
2462 1441 2641 1495 Tertio
2671 1443 2824 1515 enim
2863 1443 2956 1515 die
2995 1442 3170 1515 arida,
3203 1441 3585 1515 scilicet’terra
3607 1441 3688 1498 ab
3717 1447 3866 1515 aquis

2282 1509 2514 1566 discreta
2541 1521 2640 1565 est.
2666 1511 2912 1566 Secundo
2937 1514 3076 1567 enim
3107 1513 3301 1567 factum
3329 1521 3414 1568 est
3441 1509 3860 1581 firmamentum,

2284 1581 2372 1654 ubi
2414 1582 2492 1654 sol
2539 1592 2592 1635 et
2634 1583 2758 1636 luna
2805 1583 3108 1637 discurrunt
3147 1594 3200 1638 et
3235 1583 3434 1638 sidera.
3465 1583 3637 1638 Porro
3666 1587 3866 1654 primus

2282 1650 2396 1704 dies
2417 1651 2529 1720 ipse
2545 1662 2626 1707 ρει
2649 1654 2664 1683 ¹
2684 1653 2918 1723 angelica
2939 1664 3147 1719 natura,
3166 1669 3284 1723 qua:
3307 1655 3484 1722 primo
3504 1655 3630 1710 coeli
3653 1650 3866 1712 nomine

2282 1732 2582 1794 nuncupata
2611 1731 2711 1794 est.
2758 1722 2906 1778 Unde
2941 1722 3219 1779 evidenter
3245 1724 3550 1778 ostenditur
3574 1726 3751 1794 primo
3776 1727 3866 1782 die

2282 1793 2609 1862 spiritualem
2638 1793 2850 1857 lactant,
2883 1794 2931 1846 id
2963 1803 3066 1858 est,
3095 1795 3386 1862 angelicam
3415 1793 3688 1861 naturam,
3711 1806 3765 1851 et
3787 1799 3868 1852 sie

2281 1860 2384 1934 hoc
2407 1863 2602 1934 emlum
2631 1864 2770 1934 quod
2795 1860 3279 1934 oculisceruimus.
3314 1865 3444 1918 Nam
3479 1866 3626 1934 quod
3662 1860 3764 1930 ait,
3796 1866 3867 1922 In

2283 1933 2531 2005 principio
2561 1935 2678 2005 fecit
2721 1932 2860 1987 Deus
2889 1933 3068 2005 cadunt
3105 1943 3153 1988 ελ
3195 1944 3410 1999 terram;
3441 1932 3544 1988 non
3583 1944 3667 1991 est
3696 1938 3867 2003 primo

2281 2003 2710 2074 otnniumL'sicut
2739 2005 2817 2074 ais
2842 2021 2855 2058 :
2883 2004 3000 2068 sed,
3027 2003 3093 2057 In
3119 2005 3387 2074 principio,
3418 2005 3469 2059 id
3495 2015 3598 2067 est,
3623 2007 3680 2060 in
3707 2007 3863 2072 Filio,

2281 2073 2388 2126 imo
2421 2089 2512 2141 per
2541 2072 2731 2128 Filium
2760 2073 2882 2129 fecit
2909 2075 3046 2129 Deus
3071 2072 3291 2128 omnem
3307 2076 3638 2144 spiritualem
3668 2091 3862 2145 corpo-

2281 2145 2552 2213 ralemque
2581 2155 2908 2208 creaturam,
2941 2161 3058 2213 quae
3098 2153 3152 2198 et
3191 2145 3312 2200 (ιωΙί
3356 2157 3410 2200 et
3452 2155 3611 2201 terra:
3653 2148 3867 2203 nomine

2280 2214 2540 2284 appellata
2571 2226 2670 2268 est.
2703 2215 2832 2270 Nam
2881 2215 3020 2284 quod
3067 2219 3181 2283 ipse
3226 2217 3295 2270 sit
3337 2216 3683 2284 principium,
3711 2217 3777 2270 de
3803 2233 3865 2272 se

2282 2283 2732 2354 interrogantibus
2761 2283 2958 2340 ludatis
2984 2288 3102 2354 quis
3126 2295 3288 2349 esset,
3317 2283 3595 2354 respondit
3620 2305 3632 2338 :
3660 2286 3866 2340 Princi-

2281 2355 2442 2423 pium,
2465 2357 2592 2428 quia
2620 2357 2874 2428 etiloquor
2900 2357 3034 2410 vobis
3065 2354 3245 2428 (Joan.
3270 2372 3380 2421 vut,
3402 2357 3522 2428 25).
3553 2358 3736 2411 Primo
3766 2359 3865 2428 igi~

2281 2433 2368 2496 tur
2396 2425 2562 2479 voluit
2588 2427 2780 2479 emlutn
2807 2436 2860 2480 et
2883 2425 3082 2480 terram
3110 2427 3255 2481 velut
3292 2425 3578 2496 quamdam
3615 2425 3863 2496 spiritua-

2281 2495 2853 2566 Iemcorporalcmque
2884 2497 3158 2551 materiam
3185 2495 3386 2560 dicere,
3413 2507 3468 2552 et
3497 2499 3576 2551 sic
3606 2495 3862 2566 quemad-

2283 2565 2497 2619 modum
2526 2567 2831 2635 singillatim
2857 2569 2988 2622 facta
3033 2576 3191 2632 sunt,
3227 2567 3416 2621 ordine
3465 2565 3670 2622 texere.
3715 2569 3862 2635 Quod

2280 2638 2421 2707 enim
2453 2637 2584 2690 dixit
2614 2638 2828 2702 cmlum,
2862 2638 2964 2692 hoc
2993 2638 3120 2691 mihi
3148 2637 3355 2691 videtur
3382 2638 3582 2692 dixisse
3605 2654 3860 2707 aquarum

2280 2706 2532 2776 abyssum
2560 2708 2914 2770 tenebrosam,
2937 2718 3097 2776 atque
3121 2708 3349 2776 quodam
3384 2708 3546 2762 modo
3569 2706 3859 2763 ﬂuitantem

2282 2778 2442 2830 vitam
2466 2819 2481 2842 ,
2529 2779 2630 2831 nisi
2661 2788 3002 2832 convertatur
3029 2777 3094 2832 ad
3120 2777 3450 2840 Creatorem.
3473 2788 3525 2832 et
3553 2780 3646 2832 fiat
3674 2781 3782 2845 lux,
3809 2789 3861 2834 et

2280 2848 2670 2917 contempletur
2696 2849 3010 2904 Trinitatem
3054 2851 3218 2903 Deum
3247 2864 3368 2903 esse
3413 2849 3464 2901 in
3509 2849 3646 2903 Deo.
3687 2849 3862 2917 Neque

2281 2916 2350 2988 ita
2381 2917 2632 2983 dicimus,
2656 2929 2711 2972 ut
2740 2919 2836 2972 ista
2865 2920 3114 2974 materies
3145 2920 3410 2988 praecedat
3436 2918 3665 2973 formam
3689 2916 3856 2981 suam,

2279 2986 2417 3042 sicut
2445 2989 2697 3057 prtecedit
2721 2989 2918 3058 lignum
2950 2986 3159 3052 arcamj
3189 2989 3282 3043 sed
3313 2989 3450 3043 sicut
3475 2989 3731 3058 prmcedit
3755 3004 3851 3043 vox

2279 3059 2499 3112 verbum
2521 3074 2662 3130 :non
2683 3061 2828 3114 enitn-
2848 3070 3105 3127 tempore,
3128 3059 3223 3114 sed
3248 3059 3484 3130 origine.
3503 3059 3666 3130 Igitur
3691 3063 3856 3130 prima

2279 3139 2519 3199 creatura
2561 3128 2648 3182 lux
2691 3145 2796 3183 non
2838 3140 2920 3184 est
2967 3132 3064 3185 ista
3095 3146 3212 3199 quin
3239 3139 3426 3199 quarta
3454 3129 3544 3184 die
3567 3128 3710 3185 facta
3745 3140 3855 3194 est;

2280 3198 2379 3272 sed
2401 3199 2788 3272 spiritua_lis,_id
2812 3209 2911 3272 est.
2940 3198 3176 3272 angelica
3199 3198 3409 3272 natura.

2349 3269 2565 3341 Qumsr.
2593 3269 2757 3324 XXII.
2808 3269 3033 3339 Spiritus
3075 3270 3172 3324 Dei
3219 3270 3474 3340 ferebatur
3515 3287 3674 3331 super
3710 3287 3860 3341 aquas

2280 3338 2448 3412 (Gen.
2471 3356 2516 3412 ῃ,
2544 3340 2612 3409 2)
2662 3358 2676 3394 :
2717 3338 2957 3412 localiter
2986 3338 3278 3408 ferebatur,
3305 3343 3444 3396 sicut
3471 3342 3554 3396 sol
3575 3353 3628 3396 et
3661 3338 3779 3395 luna
3807 3349 3859 3396 et

2277 3410 2380 3463 alia
2408 3410 2601 3473 sidera,
2627 3426 2694 3464 an
2721 3411 2913 3466 aliter?

2349 3481 2508 3534 lisse.
2541 3481 2770 3549 Spiritus
2795 3490 3009 3536 sanctus
3039 3481 3181 3537 Deus
3205 3491 3306 3536 est.
3335 3481 3514 3548 Quare
3549 3497 3658 3536 non
3693 3482 3858 3536 conti-

2279 3560 2433 3622 netur
2456 3551 2573 3622 loco
2599 3560 2692 3606 aut
2715 3552 3055 3615 distenditur,
3080 3568 3254 3622 neque
3282 3564 3582 3622 temporum
3615 3553 3856 3606 motioni-

2278 3620 2393 3692 bus,
2423 3621 2692 3690 subjacet,
2735 3623 2828 3676 sed
2871 3634 2954 3677 est
2993 3620 3187 3692 ubique
3234 3620 3472 3692 prmsens
3519 3631 3687 3676 totus.
3732 3623 3856 3676 Cum

2276 3691 2436 3745 modo
2458 3707 2589 3762 sane
2614 3693 2904 3746 nominavit
2929 3691 3249 3753 creaturam,
3273 3695 3360 3748 cui
3391 3692 3686 3762 superferri
3709 3692 3851 3746 dice-

2276 3772 2425 3814 retur
2448 3761 2677 3832 Spiritus
2703 3772 2939 3827 sanctus,
2964 3779 3068 3817 non
3092 3763 3353 3828 localiter,
3381 3761 3474 3818 sed
3501 3763 3856 3832 potentialiter

2275 3832 2489 3885 dicitur.
2521 3831 2633 3886 Non
2661 3849 2725 3887 ex
2758 3833 3045 3902 indigentia
3081 3834 3220 3888 Deus
3245 3833 3373 3889 fecit
3398 3831 3561 3902 opera
3593 3848 3689 3886 sua
3711 3873 3726 3899 ,
3767 3832 3855 3886 sed

2277 3918 2344 3955 ex
2375 3903 2760 3967 beneficentia;
2791 3919 2965 3972 neque
2992 3903 3179 3958 horum
3215 3905 3409 3972 indiget
3444 3919 3563 3972 qtae
3595 3904 3739 3957 fecit.
3772 3903 3851 3957 Iu-

2275 3972 2430 4044 digus
2456 3975 2649 4042 quippe
2671 3983 2831 4043 atque
2853 3989 3054 4043 egenus
3073 3989 3245 4038 amor,
3275 3975 3516 4044 suhjacet
3548 3973 3712 4044 rebus
3733 3989 3856 4041 quas

2275 4041 2483 4112 diligit.’
2501 4041 2624 4099 Ideo
2652 4041 2850 4098 dictum
2883 4041 2963 4099 est
2991 4045 3282 4113 superferri
3309 4041 3572 4099 creaturm
3603 4041 3853 4113 Spiritum

2276 4124 2517 4167 sanctum
2541 4155 2554 4178 ,
2596 4116 2716 4184 quia
2748 4129 2852 4168 non
2881 4131 2944 4169 ex
2975 4115 3262 4185 indigentia
3295 4125 3551 4184 operatus
3580 4128 3665 4168 est
3692 4113 3851 4182 ipsam

2273 4195 2591 4238 creaturam.

2344 4256 2559 4321 Quiesr.
2582 4255 2768 4310 XXIII.
2800 4254 2938 4308 Dixit
2969 4254 3124 4320 Deus,
3161 4254 3279 4308 Fiat
3330 4256 3420 4309 tua:
3450 4253 3650 4321 (Ibid.,
3683 4254 3769 4321 3)!
3799 4252 3851 4306 In

2272 4325 2360 4380 die
2384 4327 2536 4390 dixit,
2563 4341 2628 4380 an
2655 4337 2779 4380 aute
2808 4342 3020 4380 onmem
3045 4327 3222 4379 diem?
3247 4326 3301 4380 Si
3331 4327 3381 4379 in
3409 4326 3498 4380 die
3524 4325 3691 4383 dixit.
3725 4335 3855 4380 tem-

2274 4398 2526 4464 poraliter
2565 4397 2732 4450 dixit:
2767 4397 2810 4450 si
2857 4397 3219 4464 temporaliter
3262 4397 3432 4460 dixit,
3487 4411 3584 4463 per
3623 4395 3851 4464 aliquam

2273 4478 2569 4521 creaturam
2602 4469 2753 4520 dixit.
2783 4468 2946 4536 Igitur
2973 4482 3075 4520 non
3103 4476 3185 4520 est
3207 4468 3371 4535 prima
3396 4475 3642 4536 creatura
3678 4465 3783 4517 lux.

2345 4538 2506 4591 IIESP.
2528 4537 2634 4592 Nec
2658 4539 2708 4591 in
2730 4535 2988 4602 diedixit,
3015 4552 3112 4590 nec
3141 4537 3504 4604 temporaliter
3535 4535 3703 4597 dixit;
3736 4535 3849 4604 quia

2268 4618 2392 4662 atate
2431 4623 2644 4662 onmem
2691 4607 2930 4676 profecto
2963 4618 3266 4662 creaturam
3285 4606 3522 4660 Verbum
3565 4621 3724 4658 suum
3763 4622 3849 4673 ge-

2270 4680 2403 4742 nuit,
2430 4687 2483 4733 et
2511 4694 2602 4745 per
2624 4677 2856 4732 Verbum
2880 4693 3091 4731 otnnem
3113 4687 3412 4731 creaturam
3436 4677 3661 4729 creavit.
3689 4676 3848 4728 Dietio

2269 4749 2444 4817 itaque
2479 4749 2590 4812 Dei,
2627 4748 2856 4802 Verbum
2908 4749 3000 4801 Dei
3048 4757 3152 4801 est.
3198 4746 3302 4802 Sed
3350 4745 3538 4817 divina
3577 4746 3849 4813 Scriptura

2268 4816 2504 4888 parvulis
2534 4834 2862 4888 congruens,
2887 4827 2941 4872 et
2962 4818 3190 4887 quodam
3223 4817 3380 4872 modo
3409 4832 3502 4871 eos
3528 4816 3766 4888 lactans,
3799 4824 3851 4868 ut

2269 4886 2545 4958 proficient
2564 4899 2617 4944 et
2639 4886 2815 4943 cibum
2837 4886 3162 4956 Spiritualem
3185 4889 3418 4958 capiant,
3448 4886 3616 4958 voluit
3639 4900 3848 4958 semper

2267 4956 2360 5028 per
2377 4976 2588 5013 omnem
2610 4970 2868 5013 creatura:
2891 4956 3264 5012 formationem
3284 4958 3574 5028 dictionem
3602 4956 3697 5028 Dei
3723 4972 3851 5028 nun-

2265 5026 2482 5098 cupare.
2520 5030 2606 5096 Ut,
2636 5031 2781 5084 verbi
2810 5030 2999 5100 gratia,
3025 5031 3068 5082 si
3097 5027 3339 5098 requiras
3361 5071 3374 5091 ,
3399 5026 3684 5100 Quomodo
3713 5026 3850 5100 facta

2265 5096 2348 5154 est
2377 5101 2498 5154 lux?
2523 5101 2740 5162 audias,
2779 5096 2834 5152 lu
2862 5100 3036 5154 Verbo
3079 5096 3186 5152 Dei
3215 5108 3332 5152 erat
3353 5141 3365 5162 ,
3394 5113 3454 5152 ut
3497 5097 3671 5151 ﬁeret.
3704 5096 3849 5164 Quo-

2265 5172 2425 5224 modo
2452 5171 2646 5226 factum
2675 5170 2905 5224 cmlum?
2934 5170 2987 5222 In
3015 5169 3188 5224 Verbo
3219 5170 3309 5223 Dei
3335 5177 3472 5231 erat,
3497 5175 3557 5221 ut
3586 5168 3759 5221 fieret.
3792 5167 3850 5219 Iit

2263 5253 2455 5295 eartera
2486 5258 2579 5310 per
2607 5242 2848 5295 ordinem
2889 5241 2932 5294 si
2971 5241 3213 5308 requiras
3236 5239 3506 5308 quomodo
3536 5237 3675 5310 facta
3706 5237 3844 5310 sint.

2265 5313 2314 5364 in
2343 5307 2515 5366 Verbo
2558 5313 2647 5365 Dei
2679 5320 2863 5374 erant,
2895 5319 2951 5363 ut
2980 5307 3192 5364 fierent.
3238 5307 3350 5364 lloc
3375 5319 3458 5361 est
3488 5309 3632 5362 enim
3660 5325 3675 5359 :
3707 5307 3847 5360 Dixit

2264 5384 2433 5446 Deus,
2465 5382 2582 5435 Fiat
2613 5384 2720 5436 lux.
2756 5383 2938 5449 Neque
2975 5382 3115 5435 enim
3156 5380 3525 5449 corporalibus
3554 5377 3733 5431 modis
3763 5379 3840 5430 Io-

2261 5458 2439 5519 quitur
2461 5455 2634 5506 divina
2662 5448 2877 5515 natura;
2903 5467 3001 5506 nec
3024 5453 3234 5519 quoties
3257 5451 3468 5514 dicitur,
3496 5448 3664 5511 Dixit,
3694 5449 3846 5502 toties

2262 5527 2421 5578 verba
2460 5524 2724 5577 formarit.
2765 5522 2938 5577 Unum
2979 5527 3122 5576 enim
3150 5522 3382 5574 Verbum
3412 5521 3848 5589 genuitgcoaater-

2263 5611 2387 5648 num
2416 5605 2469 5648 et
2488 5594 2939 5647 consubstantiale
2961 5592 3081 5658 sibi,
3107 5593 3159 5645 in
3186 5606 3291 5661 quo
3311 5587 3490 5644 omnia
3509 5587 3846 5644 iueﬂ'abilitet‘

2260 5677 2313 5720 et
2339 5666 2757 5735 intemporaliter
2783 5663 2933 5718 dixit.

2329 5888 2345 5917 ¹
2377 5891 2480 5934 uss.
2509 5883 2714 5934 Vaticani
2748 5880 2845 5932 duo
2870 5879 2948 5932 hic
2967 5878 3166 5941 addunt,
3191 5876 3242 5928 in
3275 5889 3370 5942 quo
3409 5876 3542 5940 [acta
3565 5881 3654 5927 est.
