4106 6556
314 457 414 512 745

316 579 431 639 μηδι
457 567 578 635 ligni
608 567 750 639 vetiti
777 574 993 639 tactum.
1011 564 1210 639 eadem
1233 564 1503 639 Scriptura
1523 566 1651 639 dicit
1678 584 1690 618 :
1724 566 1895 639 Aperti

315 636 425 693 Eunt
452 639 584 692 oculi
638 638 901 691 amborum
928 636 1038 702 (Id.
1073 654 1150 701 in,
1184 636 1238 698 6,
1263 637 1346 706 7)?
1372 636 1482 690 Nisi
1527 638 1669 690 enim
1714 638 1898 691 oculos

318 709 564 763 haberent
593 718 829 776 apertos,
855 723 952 762 nec
982 708 1071 762 ille
1095 707 1411 777 animalibus
1461 708 1673 761 nomina
1722 707 1895 777 impo-

315 788 478 843 neret,
512 794 610 834 nec
644 780 730 834 illa
759 779 962 835 videret
993 778 1119 848 ligni
1143 776 1613 847 pulchritudinem.

382 850 538 904 Raso.
571 850 680 904 Iloc
708 851 904 919 quippe
951 864 1133 902 verum
1164 857 1264 912 est,
1303 849 1426 918 quia
1478 858 1691 919 apertos
1717 848 1901 903 oculos

317 919 607 985 habebant;
633 931 686 974 et
713 931 888 974 tamen
921 920 1019 973 nisi
1049 919 1114 973 ad
1145 919 1340 986 aliquid
1366 920 1530 973 clausi
1551 928 1749 982 essent,
1783 919 1902 973 nul-

315 991 520 1045 latenus
538 990 808 1060 Scriptura
833 991 1036 1044 diceret
1063 1007 1078 1043 :
1110 989 1284 1056 Aperti
1305 999 1421 1043 sunt
1451 990 1584 1042 oculi
1595 989 1892 1060 (amborum.

313 1063 486 1130 Aperti
515 1059 669 1124 sunt,
692 1062 915 1124 scilicet,
952 1075 1056 1113 non
1096 1061 1166 1114 ob
1195 1060 1335 1113 aliud
1383 1061 1482 1113 nisi
1541 1059 1608 1114 ad
1659 1060 1898 1115 invicem

311 1133 813 1201 concupiscemlum,
849 1142 906 1185 ut
932 1139 1076 1184 esset
1115 1133 1195 1185 lex
1224 1131 1274 1184 in
1307 1131 1561 1184 membris
1600 1145 1900 1200 repugnans

314 1204 406 1269 legi
435 1205 630 1258 menti.-
659 1201 834 1275 (Rom.
858 1217 949 1275 vn,
978 1201 1071 1272 ‘25)
1101 1220 1112 1254 :
1138 1201 1384 1275 utetiam
1415 1201 1620 1275 iuuipsis
1642 1202 1901 1275 uiei'nbris

311 1285 444 1327 esset
477 1292 582 1327 non
616 1271 943 1328 voluntarius
975 1283 1169 1335 motus,
1199 1272 1343 1338 justa
1381 1272 1588 1325 scilicet
1641 1271 1734 1325 Dei
1781 1273 1898 1326 viu-

311 1344 464 1414 dicta,
497 1355 554 1398 ut
586 1345 746 1398 homo
772 1345 858 1414 qui
881 1343 1047 1396 uoluit
1069 1357 1187 1396 t‘SSt'
1209 1341 1479 1409 subjectus
1509 1342 1637 1414 Deo,
1669 1355 1779 1396 non
1807 1342 1901 1396 ha-

313 1413 452 1468 beret
479 1416 752 1470 subditum
780 1413 996 1484 corpus.
1027 1414 1166 1482 Ergo
1197 1414 1247 1465 in
1273 1428 1339 1466 eo
1368 1413 1540 1481 aperti
1583 1423 1711 1466 sunt
1755 1415 1895 1484 oculi

309 1487 604 1551 amborum,
629 1496 686 1540 ut
704 1483 1044 1539 moverentur
1068 1483 1620 1552 concupiscentialiter
1635 1483 1896 1538 membra.

373 1557 590 1622 Qm-zsr.
617 1554 835 1614 XXXV.
866 1554 990 1609 Cant
1018 1555 1272 1606 audissent
1302 1569 1470 1607 vocem
1495 1554 1658 1607 Adam
1691 1563 1738 1607 et
1764 1553 1895 1619 Eva,

309 1628 376 1680 ait
399 1627 695 1695 Seriptura,
721 1626 930 1679 Domini
973 1623 1067 1679 Dei
1119 1624 1490 1677 deambulantis
1527 1626 1579 1677 in
1633 1624 1893 1691 paradiso,

310 1698 674 1752 abscondcrtmt
750 1714 805 1752 se
844 1695 1000 1767 (Gen.
1043 1710 1120 1761 ιιι,
1147 1695 1205 1765 8)
1237 1711 1249 1747 :
1277 1710 1440 1765 rogo,
1499 1711 1618 1764 quae
1665 1704 1749 1749 est
1800 1697 1896 1750 ista

309 1768 700 1823 deambulatio?

377 1839 539 1894 Resp.
565 1839 719 1894 Absit
740 1847 801 1894 ut
828 1839 986 1901 Deus,
1009 1835 1097 1908 qui
1137 1843 1220 1890 est
1245 1835 1496 1898 Trinitas,
1529 1851 1591 1908 e_x
1618 1835 1720 1908 hoc
1755 1836 1894 1906 quod

310 1909 418 1980 eius
445 1911 646 1964 dicitur
674 1906 1055 1980 deambulatio,
1080 1921 1373 1980 corporeus
1411 1919 1500 1980 aut
1552 1906 1736 1961 localis
1777 1922 1896 1962 esse

311 1977 571 2034 credatur.
605 1982 778 2036 Omne
807 1979 1069 2048 siquidem
1097 1991 1291 2046 corpus
1313 1977 1488 2048 locale
1514 1987 1617 2040 est,
1650 1985 1707 2032 et
1737 1993 1896 2032 omne

313 2049 472 2107 locale
495 2053 681 2120 utique
733 2067 927 2120 corpus
955 2059 1057 2104 est.
1111 2048 1251 2103 Deus
1276 2063 1413 2120 vero
1447 2047 1762 2115 incorporea
1809 2065 1896 2103 res

309 2132 400 2186 est,
432 2139 531 2177 nec
562 2118 930 2190 tetnporaliter
961 2127 1226 2182 movetur,
1271 2132 1373 2190 uec
1403 2118 1891 2190 locoucontinetur,

312 2208 474 2262 neque
520 2194 593 2249 de
639 2187 757 2248 loco
785 2193 850 2245 ad
904 2192 1077 2245 locum
1121 2187 1458 2262 transfertur.
1505 2188 1635 2257 Ejus
1665 2205 1894 2259 namque

307 2259 661 2318 deambulatio
683 2261 1025 2332 intelligenda
1063 2269 1146 2332 est
1192 2274 1300 2332 per
1328 2259 1559 2332 aliquam
1595 2269 1892 2332 creaturam

309 2333 455 2394 facta.
476 2351 638 2404 quam
662 2328 1259 2404 creaturamhominem
1289 2329 1306 2360 ί
1327 2328 1488 2404 fuiSse
1512 2344 1577 2404 ei;
1604 2330 1769 2398 ipsius
1789 2332 1891 2404 cir-

307 2399 622 2459 cumstantia
652 2406 941 2473 Scriptura:
973 2403 1296 2455 intellectum
1323 2416 1352 2453 a
1370 2399 1663 2473 majoribus
1690 2403 1888 2473 recolo.

371 2476 588 2543 Quasr.
617 2471 858 2530 XXXVI.
888 2475 1022 2528 Cum
1061 2474 1361 2543 Deus_unus
1390 2472 1478 2534 sit,
1497 2471 1710 2543 dicente
1743 2472 1889 2526 Seria

310 2539 471 2613 ptura,
503 2547 641 2600 Audi
671 2545 878 2600 Israel:
910 2544 1158 2597 Dominus
1177 2541 1326 2613 Deus
1359 2551 1505 2613 tuus,
1557 2539 1710 2613 Deus
1753 2558 1892 2613 unus

305 2611 371 2670 ἐτι
411 2617 594 2686 (Deut.
623 2633 692 2682 vi,
725 2618 804 2686 4);
854 2614 1123 2686 quomodo
1173 2611 1492 2686 ipse__t_lixit,
1548 2611 1678 2686 Ecce
1726 2612 1889 2686 ᾼᾴιιιιι

303 2680 440 2755 (μετιέὶ
492 2705 633 2741 unus
683 2680 939 2742 ex'nobis
991 2689 1156 2755 factus
1180 2680 1251 2737 est
1288 2680 1436 2756 (Gen.
1465 2698 1540 2747 in,
1569 2682 1695 2753 2‘2)?
1731 2681 1893 2737 Nobis

303 2759 435 2811 enim
466 2760 826 2828 pluralitatcm
855 2759 1106 2810 insinuat.

371 2823 526 2884 Resp.
565 2831 705 2884 Ileus
735 2828 975 2898 quamvis
1013 2841 1150 2898 unus
1176 2825 1264 2898 sit,
1293 2833 1469 2878 tamen
1512 2823 1744 2898 Tiinitas
1770 2833 1886 2886 est;

306 2898 452 2955 Pater
477 2902 709 2965 scilicet,
737 2893 790 2954 et
819 2899 1002 2964 Filius,
1035 2909 1088 2951 et
1109 2897 1341 2966 Spiritus
1389 2905 1624 2948 sanctus.
1657 2893 1804 2950 Unus
1829 2911 1892 2950 ea:

304 2970 436 3024 nobis
469 2973 677 3025 dictum
724 2978 834 3032 est.
865 2986 967 3022 non
1000 2965 1218 3038 propter
1258 2967 1612 3035 pluralitatetn
1639 2965 1884 3034 deorum,

303 3042 387 3095 sed
421 3053 641 3111 propter
659 3041 1016 3111 pluralitatem
1047 3052 1415 3111 personarum.

366 3107 587 3179 oms.
623 3107 886 3167 XXXVII.
938 3107 1100 3164 Multa
1131 3110 1312 3179 utique
1358 3107 1599 3162 videmus
1636 3107 1888 3163 animalia

301 3199 360 3236 cx
387 3185 734 3254 corruptione
758 3197 1066 3252 corporum,
1089 3183 1322 3254 maxime
1345 3191 1675 3254 mortuorum
1705 3181 1848 3254 nasci
1873 3198 1886 3234 :

301 3249 560 3324 numquid'
587 3267 709 3309 tunc
734 3249 909 3309 creata
941 3262 1087 3314 sunt,
1115 3249 1329 3324 quando
1351 3250 1462 3319 ipsa
1484 3252 1746 3324 corpora?

368 3322 519 3380 lisse.
549 3326 716 3382 Absit
746 3336 801 3379 ut
841 3333 966 3377 tunc
993 3331 1168 3378 creata
1198 3322 1463 3385 dicantur,
1507 3322 1722 3392 quando
1774 3322 1886 3392 ipsa

297 3411 551 3465 corpora:
595 3397 688 3451 sed
709 3395 1025 3466 corporibus
1072 3393 1228 3446 insita
1271 3400 1397 3466 sunt
1430 3390 1661 3466 quodam
1703 3390 1883 3456 modo,

300 3463 408 3537 quze
432 3478 556 3523 sunt
591 3485 691 3522 suo
732 3463 969 3534 tempore
1003 3473 1272 3537 exortura.
1323 3464 1473 3537 Sicut
1516 3463 1660 3516 cuitu
1701 3479 1884 3537 semen

302 3533 571 3606 cujuslibet
603 3538 815 3592 arboris
838 3533 994 3591 habet
1020 3533 1303 3604 quamdam
1331 3536 1458 3593 vim.
1484 3542 1542 3587 ut
1566 3550 1688 3606 eum
1719 3535 1884 3587 obru-

303 3605 403 3662 tum
426 3609 585 3664 fuerit
615 3610 669 3664 in
701 3619 836 3662 terra
867 3610 1090 3672 oriatur,
1137 3615 1191 3659 et
1221 3605 1507 3675 virgultum
1540 3605 1882 3675 producatur,

301 3681 483 3735 deinde
529 3682 698 3734 ramis
743 3679 1086 3733 nihilominus
1136 3679 1433 3744 constipata
1461 3676 1800 3739 ’..‘dilatetur,
1833 3685 1887 3727 et

303 3751 601 3812 frondibus;
629 3750 825 3804 deinde
847 3749 1066 3802 tioribus
1091 3746 1340 3800 decorata
1369 3744 1651 3800 fructiﬁcet
1677 3763 1689 3798 :
1713 3745 1784 3798 ita
1802 3759 1883 3798 eSt

303 3823 420 3874 etin
444 3837 696 3891 corpore,
730 3829 789 3874 ut
831 3822 900 3874 ita
959 3819 1155 3881 dieam,
1199 3817 1477 3891 quoddam
1510 3815 1878 3891 seminarium,

304 3896 432 3946 unde
484 3887 582 3945 sub
617 3901 879 3959 tempore,
925 3899 1148 3944 curante
1184 3887 1513 3958 providentia
1545 3888 1658 3952 Dei,
1706 3887 1882 3956 aliqua

299 3977 480 4030 genera
511 3963 1111 4016 animaliumoriantur.
1169 4029 1175 4030 γ
1371 4028 1399 4030 η
1514 4027 1521 4030 Α
1641 4026 1670 4030 Α,
1831 4007 1834 4010 ι

362 4034 574 4102 ΩιιΑεετ.
637 4031 924 4087 XXXVIII.
971 4029 1100 4086 Cum
1131 4029 1298 4102 __Deus
1350 4027 1571 4092 dixerit,
1627 4026 1882 4102 Germiuet

301 4099 423 4156 terra
453 4106 664 4158 herbam
686 4105 943 4162 virentem,
995 4111 1040 4155 et
1081 4099 1371 4166 a/ferentem
1418 4115 1590 4153 semen
1639 4108 1688 4152 et
1742 4100 1881 4169 Iiguu

302 4177 558 4246 fructifera
581 4174 764 4246 (Id.i,
798 4175 857 4228 ll
877 4173 1078 4246 );ligna
1109 4171 1459 4233 infructuosa,
1485 4169 1568 4222 vel
1589 4170 1768 4238 spinas
1802 4170 1879 4222 vel

301 4245 513 4301 tributos
542 4245 762 4316 quando
790 4245 945 4299 l’ecit?

365 4317 521 4372 “EsP.
551 4309 725 4372 Simul
753 4317 930 4369 omnia
962 4315 1106 4368 Deus
1135 4311 1276 4375 fecit,
1328 4313 1542 4366 dicente
1579 4309 1877 4380 Scriptura,

302 4385 395 4452 Qui
444 4391 561 4443 vivit
613 4389 670 4440 in
699 4399 961 4451 veternum,
1015 4385 1199 4438 creavit
1249 4384 1420 4436 omnia
1465 4383 1618 4434 sintut
1666 4381 1878 4452 (Ereti.

301 4473 437 4522 xvnt,
471 4462 544 4527 l).
577 4459 897 4512 Nullateuus
937 4453 1357 4527 igiturdirenda
1391 4452 1878 4527 sunt_infrnctuosa

301 4520 450 4596 ligna,
502 4520 624 4600 qua:
664 4529 843 4598 aliquo
897 4520 1056 4600 modo
1115 4525 1428 4600 honnuihus
1460 4520 1880 4600 aIl'eruot_atlju-

301 4595 466 4653 menta
493 4595 667 4670 :‘quia
692 4595 979 4661 et'revcra,
1014 4599 1059 4670 si
1105 4613 1210 4650 non
1255 4597 1555 4670 invenimus
1600 4598 1653 4670 in
1671 4595 1751 4648 eis
1787 4596 1884 4647 ali-

300 4669 414 4734 quid
446 4672 514 4725 ad
545 4666 839 4732 edendum,
885 4669 1184 4722 invenimus
1233 4678 1380 4721 certe
1407 4667 1470 4718 ad
1517 4666 1878 4718 medicamen-

213 4770 218 4774 -
300 4745 422 4805 tum,
449 4742 756 4796 invenimus
775 4740 840 4794 ad
867 4740 1208 4806 adjutorimn.
1233 4738 1363 4791 Nam
1391 4745 1602 4805 quanta:
1628 4736 1882 4789 utilitates

300 4806 630 4879 inveniantur
660 4816 710 4866 in
737 4814 836 4875 eis,
871 4824 924 4864 ιιι
952 4814 1063 4879 ipse
1088 4810 1387 4865 considera.
1419 4806 1650 4861 Proinde
1691 4808 1814 4876 quia
1845 4824 1873 4859 a

299 4874 516 4937 fruendo
540 4885 741 4937 dicitur
773 4874 996 4946 fructus,
1023 4889 1078 4934 et
1115 4880 1183 4936 ab
1212 4880 1355 4933 oumi
1408 4879 1552 4948 ligno
1601 4874 1882 4945 possumus

300 4947 486 5006 habere
513 4954 731 5022 aliquod
760 4954 1106 5023 adjutoriutu,
1131 4952 1251 5018 jure
1279 4947 1484 5023 nullum
1515 4950 1714 5018 lignum
1741 4949 1878 5023 diei,-

299 5020 846 5079 musinfructuosum.
877 5024 1056 5092 Spinaa
1097 5031 1274 5077 autem
1307 5031 1359 5074 et
1411 5020 1586 5072 tribuli
1640 5022 1884 5088 quamvis

297 5102 410 5159 post
432 5107 714 5164 peccatum
746 5091 946 5150 homini
975 5104 1263 5148 nascantur
1297 5093 1361 5144 ad
1409 5094 1650 5164 laborent
1673 5091 1882 5164 dicente

297 5159 584 5234 scrip-tura,
623 5166 779 5220 Terra
825 5167 996 5234 spinas
1026 5178 1068 5217 et
1098 5165 1309 5216 tribulos
1357 5165 1512 5231 pariet
1562 5161 1650 5214 tibi
1699 5159 1879 5230 (Gen.

296 5246 368 5293 ut.
398 5237 517 5304 18);
551 5247 731 5292 tamen
773 5254 876 5302 non
921 5245 1007 5290 est
1050 5235 1335 5289 dicendum
1391 5245 1514 5286 tuoc
1560 5249 1620 5286 ea
1655 5235 1784 5286 oriri
1816 5249 1879 5285 ex

297 5311 462 5367 terra;
495 5311 618 5377 quia
644 5311 753 5376 jam
780 5318 930 5364 erant
965 5307 1144 5371 utique
1173 5305 1238 5358 ad
1283 5314 1465 5374 pastus
1505 5318 1756 5377 pecorum
1799 5307 1878 5357 vel

295 5375 578 5432 volatiliqu
613 5375 769 5443 facta,
804 5394 909 5432 non
956 5377 1021 5431 ad
1065 5377 1361 5447 augendam
1406 5375 1638 5429 hominis
1670 5390 1880 5443 paruam

296 5447 560 5513 producta.
691 5457 694 5460 ’
1123 5467 1128 5470 ·

360 5518 576 5584 Ωωιςδτ.
608 5518 855 5574 XXXIX.
882 5520 938 5574 Si
963 5519 1142 5573 omnia
1174 5518 1227 5572 in
1254 5532 1496 5579 numero,
1539 5525 1592 5568 et
1609 5531 1878 5578 mensura,

296 5596 345 5640 ct
373 5591 604 5657 pondere
636 5592 775 5646 Deus
801 5591 1088 5660 disposuit,
1121 5590 1256 5644 sicut
1283 5597 1466 5643 sancta
1498 5586 1773 5656 Scriptura
1799 5595 1879 5638 te-

353 5817 367 5880 t
393 5814 522 5864 linus
545 5823 624 5880 ει⁸
637 5811 872 5880 Vaticanis
894 5808 1288 5880 11ss.,_mtqetum.
1311 5810 1428 5880 .Alii,
1467 5808 1722 5859 hommem.
1820 5868 1832 5880 ο

355 5879 372 5908 ¹
395 5885 474 5927 Ms.
520 5873 850 5931 (lubricosis,
888 5873 1178 5923 rootsm'ruta.
1223 5873 1429 5923 Vaticani
1487 5881 1618 5931 tres,
1665 5873 1878 5934 conspt's»

302 5945 406 5986 tatu.
595 5975 604 5988 ,

563 6004 836 6068 Pyram.
881 6007 1010 6067 XL.

1448 453 1555 508 [ΗΑ
1569 452 1786 509 LOGUS
1823 449 2288 519 QUrESTIONUM
2330 451 2490 508 LXV.

3496 464 3600 522 716

2010 576 2181 620 statur
2207 566 2376 648 (_Sap._
2397 567 2613 648 inﬁt):
2647 571 2817 648 ips-um
2849 587 3147 640 numerum,
3183 585 3237 632 et
3264 593 3592 648 mensuram,

2008 648 2062 689 ct
2094 639 2300 705 pondus
2329 639 2415 692 ubi
2441 639 2742 708 disposuit?

2082 708 2242 789 Ruso.
2273 709 2538 789 Numerus
2587 721 2641 764 et
2679 727 2927 789 mensura
2975 723 3029 769 et
3072 716 3280 786 pondus
3313 719 3426 789 ipse
3457 722 3597 779 Deus

2007 789 2103 831 est.
2146 779 2262 845 Ipse
2291 788 2374 856 e_st
2406 795 2659 836 numerus
2686 783 2802 836 sine
2833 779 3086 850 numero;
3107 803 3136 840 a
3166 797 3272 856 quo
3299 779 3383 844 est
3418 795 3596 848 omnis

2010 865 2285 931 numerus.
2319 849 2435 918 Ipse
2463 860 2544 931 est
2570 867 2819 907 mensura
2849 857 2964 931 sine
2994 849 3327 931 menStira,_a
3359 877 3465 931 quo
3511 875 3593 917 est

2007 921 2181 1000 omnis
2209 935 2478 1000 mensura.
2509 920 2627 1000 Ipse
2651 933 2734 1000 est
2761 925 2964 1000 pondus
2990 926 3106 982 sine
3148 920 3401 996 pondere,
3435 948 3464 986 a
3487 950 3594 1000 quo

2007 999 2090 1069 est
2118 1007 2278 1069 omne
2301 991 2525 1069 pondus.
2544 993 2732 1069 ania
2757 991 2888 1064 ergo
2905 991 3226 1069 innumero,
3250 991 3587 1069 etmensura,

2006 1067 2062 1134 et
2090 1061 2629 1134 ponderedisposuit,
2660 1061 2906 1134 tanquam
2929 1066 2974 1119 si
2995 1061 3222 1130 diceret,
3239 1068 3425 1126 Omnia
3451 1072 3502 1126 iu
3533 1061 3594 1129 se

2006 1131 2290 1202 disposuit.
2321 1132 2436 1186 Non
2462 1133 2602 1188 enim
2630 1131 2927 1189 creaturam
2952 1151 3068 1191 eam
3093 1145 3241 1192 extra
3266 1155 3342 1202 se,
3380 1152 3470 1196 aut
3499 1146 3595 1198 ali-

2005 1202 2126 1282 cubi
2157 1203 2308 1282 vidit,
2333 1213 2411 1282 ut,
2437 1204 2575 1282 sicut
2601 1203 2863 1270 homines,
2907 1209 3161 1262 memoria
3203 1213 3429 1282 retineat
3473 1231 3593 1282 qua:

2008 1271 2225 1344 laceret.
2259 1274 2444 1328 Omnis
2489 1275 2649 1344 igitur
2692 1290 2853 1330 causa
2879 1287 3160 1342 creaturm,
3218 1281 3462 1336 voluntas
3493 1271 3593 1338 'est

2005 1341 2292 1398 Creatoris.
2329 1344 2438 1399 lloc
2464 1341 2646 1417 iliiest
2670 1346 2935 1411 voluntas,
2963 1347 3107 1417 quod
3133 1341 3338 1405 natura.
3383 1353 3473 1408 Sic
3507 1361 3596 1407 ta—

2006 1429 2128 1468 men
2155 1425 2356 1468 ;eterna
2389 1425 2472 1470 est
2493 1415 2562 1468 illi
2595 1424 2805 1480 natura,
2843 1420 2923 1472 sic
2951 1415 3036 1472 est
3076 1429 3277 1476 interna
3317 1423 3591 1479 voluntas.

2004 1483 2122 1538 Non
2147 1487 2289 1560 enim
2319 1486 2513 1540 accidit
2541 1487 2659 1560 Deo
2673 1503 2831 1560 nova,
2853 1489 3027 1559 aliqua
3057 1491 3309 1560 cogitatio
3346 1493 3412 1546 ad
3475 1496 3588 1547 for-

2006 1555 2228 1610 mandas
2277 1566 2572 1611 creaturas.
2639 1557 2869 1614 Proinde
2909 1555 3086 1614 omnia
3127 1555 3189 1614 in
3243 1577 3302 1617 se
3353 1563 3590 1621 Trinitas

2008 1625 2456 1701 Deusdisposuit,
2479 1627 2601 1701 (ιιιῇ
2629 1628 2680 1682 in
2703 1643 2760 1701 se
2776 1640 2965 1701 cuncta
2989 1631 3169 1685 habuit
3191 1647 3310 1701 quae
3336 1636 3476 1689 lecit.
3507 1635 3591 1688 In-

2006 1695 2337 1768 telligitur’et
2364 1695 2518 1751 aliter
2537 1695 2759 1753 :‘bmnia
2788 1700 2840 1754 in
2871 1717 3119 1768 numero,
3149 1695 3494 1765 et'mensura.
3531 1715 3588 1761 et

2005 1737 2239 1832 pondere
2264 1767 2555 1838 disposuit;
2599 1769 2652 1824 id
2679 1779 2782 1835 est,
2831 1737 3033 1827 omni;
3052 1737 3586 1841 «fit;

2005 1852 2143 1910 rum,
2177 1847 2230 1890 et
2257 1854 2581 1910 mensuram.
2605 1849 2660 1895 et
2685 1840 2891 1910 pondus
2921 1840 3136 1898 habent.

2073 1909 2290 1981 Quassr.
2331 1909 2443 1963 XL.
2494 1909 2886 1981 Numquidnam
2929 1914 3007 1966 sic
3055 1914 3278 1969 adduxit
3327 1915 3470 1972 Deus
3517 1916 3586 1972 ad

2005 1977 2170 2032 Adam
2215 1991 2406 2034 cuncta
2444 1977 2730 2034 animantia
2780 1991 2956 2044 terrm,
2989 1993 3040 2037 et
3068 1985 3314 2039 universa
3347 1989 3579 2042 volatilia

2001 2050 2122 2103 caeli
2153 2048 2303 2122 (Gen.
2332 2067 2389 2125 ιι,
2426 2052 2543 2125 l9),
2562 2052 2830 2125 quomodo
2853 2054 3124 2108 adducunt
3145 2068 3475 2125 aucupantes
3497 2061 3581 2114 vel

2003 2121 2256 2174 venantes
2288 2121 2356 2176 ad
2377 2122 2548 2176 retia?
2577 2127 2656 2176 An
2689 2123 2908 2178 forsitan
2945 2140 3047 2178 vox
3074 2125 3140 2181 de
3167 2121 3307 2181 nube
3335 2128 3468 2182 facta
3500 2139 3586 2184 est

1995 2189 2274 2257 jussionis,
2294 2205 2453 2265 quam
2484 2193 2842 2265 intelligerent
2873 2204 3120 2265 tanquam
3155 2198 3440 2254 rationales
3460 2203 3583 2265 ani:

2001 2275 2124 2322 mae.
2149 2269 2203 2316 et
2222 2278 2282 2316 ea
2310 2258 2486 2316 audita
2510 2263 2583 2317 illi
2607 2258 2795 2319 omnes
2819 2258 3096 2320 obedirent
3118 2269 3132 2299 ¹
3151 2266 3178 2319 'i
3563 2258 3582 2280 ⁹

2073 2332 2235 2404 Raso.
2257 2333 2374 2387 Non
2413 2333 2514 2388 hoc
2542 2345 2864 2404 acceperunt
2903 2337 3192 2391 animantia
3224 2338 3306 2392 vel
3350 2339 3584 2397 volatilia

1998 2403 2230 2477 c_mli._ut
2249 2405 2608 2477 sint_rationi_s
2637 2403 2873 2475 capacia,
2903 2419 3000 2474 per
3022 2423 3180 2476 quam
3214 2407 3432 2463 obedire
3465 2426 3584 2477 pos-

1998 2473 2106 2547 sint
2131 2472 2371 2528 Creatori
2397 2489 2497 2547 suo
2519 2493 2549 2547 _:7
2572 2475 2624 2528 in
2656 2472 2753 2547 suo
2777 2472 2952 2531 unneu
2980 2472 3176 2546 genere
3205 2472 3582 2547 obtemperant

2003 2544 2132 2607 Deo,
2166 2557 2270 2598 non
2311 2545 2556 2598 rationali
2602 2546 2891 2600 voluntatis
2917 2544 3155 2611 arbitrio,
3177 2551 3270 2604 sed
3303 2544 3440 2605 sicut
3468 2567 3586 2606 mo-

1999 2623 2084 2667 vet
2108 2615 2196 2690 ille
2221 2617 2399 2668 omnia
2438 2616 2767 2690 temporibus
2787 2621 3126 2685 Opportunis,
3155 2636 3260 2673 non
3299 2620 3412 2690 ipse
3444 2631 3582 2676 lem-

2001 2685 2252 2760 poraliter
2277 2693 2474 2740 motus.
2504 2686 2676 2741 Movet
2695 2687 2872 2760 itaque
2910 2701 2970 2744 se
2997 2690 3166 2755 ipsunt
3198 2685 3582 2760 sine'tempore

1997 2763 2050 2830 _e_t
2079 2755 2215 2820 loco,
2259 2766 2436 2811 movet
2462 2765 2697 2811 creatum
2724 2755 2967 2827 spiritum
2997 2760 3113 2813 sine
3156 2761 3275 2814 loco
3308 2755 3582 2830 tempora-

1998 2825 2139 2898 liter,
2171 2837 2660 2898 movetcreaturam
2689 2825 3001 2897 corpoream
3031 2832 3395 2898 temporaliter
3420 2825 3476 2889 et
3506 2835 3582 2886 lo-

1995 2897 2201 2950 caliter.
2233 2897 2492 2952 Praecedit
2533 2898 2692 2972 igitur
2727 2900 3020 2954 substantia
3060 2897 3180 2969 qua:
3223 2905 3588 2972 tetnporaliter

1998 2974 2199 3021 tantum
2232 2969 2683 3042 tngvctur,_uil_lam
2723 2972 3231 3042 qua-temperanter
3251 2982 3305 3027 et
3335 2969 3588 3030 localiter

1996 3047 2258 3114 movetur.
2291 3038 2759 3114 Prmcedit-itaque
2785 3038 3078 3114 substantia
3109 3057 3226 3111 qua:
3255 3059 3355 3098 nec
3377 3055 3586 3114 tempo—

1997 3107 2180 3182 raliter
2207 3125 2306 3162 nec
2335 3110 2575 3166 localiter
2601 3107 2864 3182 movetur,
2898 3111 3039 3164 illam
3071 3107 3189 3182 qum
3213 3121 3414 3167 tantum
3445 3107 3584 3170 tem-

1997 3180 2251 3260 poraliter
2301 3191 2564 3234 movetur.
2584 3180 2716 3260 Ipse
2763 3183 2980 3251 spiritus
3015 3180 3264 3237 conditus
3307 3194 3486 3239 movet
3528 3202 3590 3242 se

1995 3253 2168 3323 ipsum
2200 3267 2294 3320 per
2322 3261 2533 3323 tempus
2553 3253 2670 3306 sine
2697 3253 2834 3318 loco,
2869 3263 3048 3306 movet
3086 3269 3283 3320 corpus
3315 3271 3409 3322 per
3449 3267 3587 3310 tem-

1993 3322 2094 3396 pus
2119 3334 2174 3376 et
2207 3323 2400 3376 locum.
2451 3322 2840 3396 Sp_iritus_vcro
2871 3333 3084 3378 creator
3113 3334 3290 3378 movet
3327 3341 3387 3380 se
3410 3331 3582 3396 ipsum

1993 3392 2128 3469 sine-
2160 3402 2417 3469 tempore
2440 3403 2494 3448 et
2519 3393 2654 3469 loco.
2691 3393 2852 3469 Igitur
2879 3396 3099 3469 spiritus
3154 3392 3444 3469 rationalis,
3495 3400 3586 3469 qui

1991 3473 2076 3536 est
2117 3463 2167 3517 in
2197 3463 2522 3536 hominibus,
2556 3466 2668 3518 sive
2700 3463 3040 3528 irrationalis,
3075 3467 3164 3534 qui
3194 3468 3348 3520 estin
3388 3463 3580 3536 brutis,

1993 3535 2151 3586 etiam
2179 3534 2294 3602 ejus
2309 3535 2474 3602 jussis
2495 3545 2758 3588 movetur.
2790 3536 2895 3590 Sed
2929 3537 3202 3590 rationalis
3230 3538 3386 3592 habet
3427 3534 3587 3594 intel-'

1994 3603 2285 3672 ligentiam,
2315 3619 2582 3673 perquam
2603 3604 2845 3674 judicare
2873 3616 3038 3674 possn
3065 3616 3241 3661 utrum
3264 3608 3431 3676 jussis
3455 3624 3588 3663 cou-

1990 3677 2206 3747 sentiat,
2233 3685 2325 3729 aut
2353 3691 2457 3728 non
2487 3677 2808 3730 consentiat.
2842 3677 3102 3730 Animalia
3124 3693 3250 3732 vero
3289 3681 3492 3747 reptilia
3519 3696 3584 3736 ac

1993 3746 2223 3798 volatilia
2255 3761 2360 3800 non
2391 3756 2714 3813 acceperunt
2755 3749 2856 3800 hoc
2875 3747 3168 3814 judicium;
3210 3763 3308 3815 pro
3347 3746 3447 3802 suo
3495 3762 3579 3804 ta-

1991 3830 2112 3888 men
2141 3831 2351 3888 genere
2383 3826 2541 3885 atque
2560 3825 2754 3888 natura
2790 3816 2945 3884 juSsu
2988 3818 3166 3886 aliquo
3203 3826 3318 3872 acta
3363 3823 3582 3888 propel-

1991 3887 2188 3940 luntur.
2239 3886 2390 3942 Unde
2418 3887 2652 3955 angelica
2699 3897 2882 3940 natura
2927 3889 3074 3954 jussa
3127 3888 3221 3940 Dei
3275 3886 3580 3956 perficiet»,

1988 3965 2176 4029 movet
2197 3957 2361 4029 jussis
2381 3972 2547 4029 omne
2565 3971 2734 4027 genus
2753 3958 3120 4021 animantium,
3141 3957 3339 4012 docens
3368 3959 3417 4012 id
3439 3963 3583 4029 quod

1990 4028 2181 4082 nescit.
2226 4027 2282 4084 Si
2309 4029 2505 4082 etenim
2537 4027 2783 4081 homines
2815 4039 3036 4096 possunt
3080 4029 3333 4084 nonnulla
3373 4027 3580 4084 anima-

1989 4098 2115 4151 lium
2142 4114 2335 4168 genera
2353 4107 2627 4153 mansueta
2660 4100 2854 4164 tacere,
2890 4100 2958 4151 ita
3006 4107 3064 4152 ut
3090 4101 3344 4168 quasdam
3391 4101 3583 4155 volun-

1990 4178 2125 4222 tates
2150 4172 2423 4224 hominum
2472 4170 2645 4223 facere
2684 4168 2982 4234 videantur,
3024 4179 3224 4239 quanto
3270 4171 3439 4241 magis
3477 4171 3584 4229 hoc

1987 4242 2172 4308 Angeli
2203 4241 2460 4309 possunt?

2057 4315 2272 4376 Qumsr.
2299 4311 2432 4366 XLI.
2464 4313 2595 4380 Qua:
2622 4326 2779 4365 causa
2811 4310 2934 4365 fecit
2963 4321 3016 4364 ut
3037 4311 3176 4366 Deus
3204 4327 3362 4382 quem
3384 4315 3583 4368 astruis

1989 4397 2224 4445 movere,
2254 4398 2357 4436 non
2389 4391 2664 4437 moveatur
2691 4383 2742 4436 in
2769 4393 3028 4451 tempore;
3071 4392 3163 4436 aut
3185 4384 3404 4451 spiritus
3428 4399 3583 4438 crea-

1989 4463 2074 4506 tus
2111 4455 2200 4523 qui
2252 4462 2494 4508 movetur
2524 4454 2576 4507 in
2601 4462 2861 4522 tempore,
2888 4469 2991 4506 non
3016 4465 3292 4508 moveatur
3325 4465 3379 4509 et
3419 4456 3538 4509 loco
3557 4458 3584 4510 τ

2060 4524 2220 4578 ιὶεερ.
2253 4525 2392 4578 Deus
2415 4527 2502 4594 qui
2524 4524 2751 4578 instituit
2778 4532 3040 4592 tempora,
3064 4533 3118 4578 et
3145 4533 3230 4579 est
3267 4535 3392 4580 ante
3443 4534 3581 4581 tem-

1989 4609 2138 4662 pora,
2196 4595 2326 4650 nihil
2373 4597 2425 4650 in
2465 4610 2532 4650 eo
2574 4603 2660 4648 est
2681 4596 3010 4666 praeteritum
3052 4604 3107 4648 et
3156 4596 3410 4660 futurum,
3454 4599 3578 4651 nul-
3616 4615 3618 4628 ε

1991 4665 2094 4719 Ιιιιιι
2118 4668 2397 4720 consilium
2448 4681 2663 4730 novmn,
2685 4665 2951 4737 nullaque
2975 4680 3109 4737 nova
3133 4667 3383 4737 cogitatio
3409 4684 3430 4737 :7
3452 4669 3574 4737 quia

1986 4738 2189 4791 scilicet
2234 4738 2279 4792 si
2335 4752 2495 4798 nova,
2540 4745 2595 4790 et
2639 4736 2909 4792 accidens.
2966 4735 3020 4791 Si
3087 4735 3217 4790 vero
3237 4736 3436 4805 aliquid
3473 4735 3575 4790 ac-

1987 4807 2118 4861 cidit
2160 4808 2287 4872 Deo,
2330 4809 2440 4878 jam
2496 4822 2601 4861 non
2657 4806 3229 4878 immutabilisalgitur
3266 4808 3572 4861 itnmutahia

1989 4878 2055 4931 lis
2086 4879 2225 4932 Deus
2251 4877 2375 4933 est:
2411 4878 2542 4932 nihil
2571 4879 2646 4932 illi
2683 4879 2914 4945 accidit,
2947 4877 3088 4932 nulla
3127 4893 3261 4930 nova
3303 4878 3574 4945 cogitatio,

1988 4949 2190 5004 nullum
2259 4964 2453 5004 novum
2506 4950 2821 5013 consilium;
2896 4949 3016 5001 ideo
3058 4963 3161 5000 non
3220 4958 3466 5002 movetur
3516 4950 3568 5000 in

1989 5030 2247 5090 tempore.
2290 5022 2450 5091 Igitur
2494 5019 2840 5074 immutabilis
2884 5019 3024 5074 Deus
3055 5028 3156 5070 est.
3197 5017 3423 5086 Spiritus
3446 5034 3577 5072 vero

1987 5093 2253 5154 conditus,
2279 5103 2416 5145 εις-ιιι
2447 5101 2531 5144 est
2559 5091 2902 5158 Angelorum,
2936 5101 3235 5157 quanquam
3279 5091 3396 5143 sine
3436 5099 3573 5142 tem-

1989 5176 2118 5230 pore
2167 5164 2596 5230 contemplentur
2651 5161 2742 5214 Dei
2807 5160 3194 5222 :ctrrnitalcm,
3234 5161 3569 5230 veritatem,

1987 5229 2334 5295 charitatcm;
2366 5229 2544 5285 tanien
2581 5233 2701 5300 quia
2734 5246 2799 5285 ex
2845 5241 3083 5297 tempore
3133 5231 3184 5282 in
3229 5229 3572 5285 inferioribus

1982 5303 2130 5372 jussa
2165 5306 2254 5358 Dei
2288 5303 2587 5372 perﬁciunt,
2613 5302 2736 5370 jure
2775 5301 3070 5355 creduntur
3097 5302 3296 5372 moveri
3342 5301 3393 5355 in
3437 5313 3576 5357 tem-

1989 5369 2134 5443 pore.
2164 5369 2399 5442 Corpora
2427 5389 2553 5426 vero
2573 5369 2668 5426 sua
2695 5373 2889 5426 inloco
2919 5381 3153 5436 movent,
3182 5371 3308 5425 dum
3346 5373 3575 5428 descen-

1988 5445 2203 5499 duntde
2223 5445 2382 5506 CIBIO,
2406 5453 2460 5498 et
2487 5443 2781 5497 ascendunt
2811 5444 2862 5496 in
2892 5443 3111 5496 coelum.
3141 5443 3370 5512 Spiritus
3397 5447 3574 5512 itaque

1990 5519 2264 5570 hominum
2291 5527 2533 5568 movetur
2563 5516 2613 5568 itt
2643 5524 2902 5582 tempore,
2932 5514 3328 5584 reminiscendo
3355 5527 3576 5584 printer-

1989 5591 2079 5650 ita,
2113 5587 2283 5641 futura
2321 5585 2702 5656 exspectando,
2732 5585 2930 5654 aliquid
2982 5583 3106 5638 novi
3140 5583 3418 5640 discendo.
3463 5587 3570 5639 Ne-

1932 5682 1938 5687 ·
1988 5676 2092 5729 que
2115 5659 2277 5720 enim.
2305 5673 2426 5712 cum
2457 5657 2712 5711 recordor
2753 5657 2984 5726 aliquam
3012 5656 3296 5710 lectionem
3333 5668 3424 5709 aut
3475 5658 3577 5729 ati-

1986 5728 2144 5798 quani
2173 5732 2460 5790 civitatem,
2491 5731 2629 5783 sicut
2669 5739 2842 5782 motus
2872 5737 2955 5782 est
2981 5729 3200 5797 Spiritus
3229 5741 3380 5782 meus
3427 5728 3574 5796 rogi-

2054 5872 2065 5901 ι
2096 5870 2165 5914 Sic
2185 5874 2258 5915 Fr.
2283 5866 2430 5926 Lugd.
2453 5874 2569 5915 ven.
2598 5873 2706 5914 Iov.
2735 5871 2781 5914 tn
2807 5870 2876 5922 8.,
2920 5869 2964 5912 et
2983 5875 3042 5912 ea
3061 5861 3231 5912 audita
3269 5861 3577 5912 nihilonnaus

1989 5931 2253 5981 obedirent.
2322 5939 2377 5976 δι.

2781 6021 2810 6090 {
2833 6011 3277 6088 Voigt-qualn
3304 6011 3336 6076 λ
