  <div class='ocr_page' id='page_1' title='image "/cluster/home/n/w/nwhite01/storage/ocr_20150623/40-41/uc1.31175026811482/383.png"; bbox 0 0 4106 6520; ppageno 0'>
   <div class='ocr_carea' id='block_1_1' title="bbox 530 426 2144 497">
    <p class='ocr_par' dir='ltr' id='par_1_1' title="bbox 530 428 2144 495">
     <span class='ocr_line' id='line_1_1' title="bbox 530 428 2144 495; baseline -0.001 -11"><span class='ocrx_word' id='word_1_1' title='bbox 530 436 651 495; x_wconf 66' lang='grc' dir='ltr'><strong>ιτιδι</strong></span> <span class='ocrx_word' id='word_1_2' title='bbox 1276 430 1638 487; x_wconf 69' lang='lat' dir='ltr'><strong>APPENDIX.</strong></span> <span class='ocrx_word' id='word_1_3' title='bbox 1681 429 2052 485; x_wconf 66' lang='lat' dir='ltr'><strong>Abitoxnto</strong></span> <span class='ocrx_word' id='word_1_4' title='bbox 2091 428 2144 483; x_wconf 64' lang='lat' dir='ltr'><strong>ts</strong></span> 
     </span>
    </p>
   </div>
   <div class='ocr_carea' id='block_1_2' title="bbox 2249 426 3061 497">
    <p class='ocr_par' dir='ltr' id='par_1_2' title="bbox 2249 426 3061 497">
     <span class='ocr_line' id='line_1_2' title="bbox 2249 426 3061 497; baseline -0.002 -13"><span class='ocrx_word' id='word_1_5' title='bbox 2249 426 2744 497; x_wconf 71' lang='lat' dir='ltr'><strong>UBSEQUENTEM</strong></span> <span class='ocrx_word' id='word_1_6' title='bbox 2786 428 3061 485; x_wconf 76' lang='lat' dir='ltr'><strong>Ltetmu.</strong></span> 
     </span>
    </p>
   </div>
   <div class='ocr_carea' id='block_1_3' title="bbox 532 551 2144 625">
    <p class='ocr_par' dir='ltr' id='par_1_3' title="bbox 532 551 2144 625">
     <span class='ocr_line' id='line_1_3' title="bbox 532 551 2144 625; baseline -0.006 -17"><span class='ocrx_word' id='word_1_7' title='bbox 532 554 665 625; x_wconf 74' lang='lat' dir='ltr'><strong>&quot;puli</strong></span> <span class='ocrx_word' id='word_1_8' title='bbox 708 551 913 623; x_wconf 88' lang='lat' dir='ltr'><strong>figurati</strong></span> <span class='ocrx_word' id='word_1_9' title='bbox 956 557 1113 625; x_wconf 77' lang='lat' dir='ltr'><strong>sunt,</strong></span> <span class='ocrx_word' id='word_1_10' title='bbox 1161 564 1319 625; x_wconf 81' lang='lat' dir='ltr'><strong>unam</strong></span> <span class='ocrx_word' id='word_1_11' title='bbox 1360 557 1577 625; x_wconf 74' lang='lat' dir='ltr'><strong>vestem</strong></span> <span class='ocrx_word' id='word_1_12' title='bbox 1604 562 1631 599; x_wconf 89' lang='lat' dir='ltr'><strong>a</strong></span> <span class='ocrx_word' id='word_1_13' title='bbox 1672 557 1822 615; x_wconf 84' lang='lat' dir='ltr'><strong>tergo</strong></span> <span class='ocrx_word' id='word_1_14' title='bbox 1852 555 2144 615; x_wconf 76' lang='lat' dir='ltr'><strong>portantes,</strong></span> 
     </span>
    </p>
   </div>
   <div class='ocr_carea' id='block_1_4' title="bbox 554 618 2148 687">
    <p class='ocr_par' dir='ltr' id='par_1_4' title="bbox 554 618 2148 687">
     <span class='ocr_line' id='line_1_4' title="bbox 554 618 2148 687; baseline -0.007 -8"><span class='ocrx_word' id='word_1_15' title='bbox 554 618 946 679; x_wconf 74' lang='lat' dir='ltr'><strong>sacramentum</strong></span> <span class='ocrx_word' id='word_1_16' title='bbox 985 620 1188 675; x_wconf 85' lang='lat' dir='ltr'><strong>scilicet</strong></span> <span class='ocrx_word' id='word_1_17' title='bbox 1223 620 1331 687; x_wconf 89' lang='lat' dir='ltr'><strong>jatn</strong></span> <span class='ocrx_word' id='word_1_18' title='bbox 1372 618 1650 687; x_wconf 52' lang='lat' dir='ltr'><strong>pra-terim!</strong></span> <span class='ocrx_word' id='word_1_19' title='bbox 1681 627 1839 685; x_wconf 90' lang='lat' dir='ltr'><strong>atque</strong></span> <span class='ocrx_word' id='word_1_20' title='bbox 1868 627 2148 671; x_wconf 70' lang='lat' dir='ltr'><strong>transacta:</strong></span> 
     </span>
    </p>
   </div>
   <div class='ocr_carea' id='block_1_5' title="bbox 554 689 2149 763">
    <p class='ocr_par' dir='ltr' id='par_1_5' title="bbox 554 689 2149 763">
     <span class='ocr_line' id='line_1_5' title="bbox 554 689 2149 763; baseline -0.006 -12"><span class='ocrx_word' id='word_1_21' title='bbox 554 696 839 751; x_wconf 75' lang='lat' dir='ltr'><strong>dominicae</strong></span> <span class='ocrx_word' id='word_1_22' title='bbox 861 692 1167 763; x_wconf 63' lang='lat' dir='ltr'><strong>passionis;</strong></span> <span class='ocrx_word' id='word_1_23' title='bbox 1188 690 1477 763; x_wconf 79' lang='lat' dir='ltr'><strong>nuditatem</strong></span> <span class='ocrx_word' id='word_1_24' title='bbox 1505 689 1669 757; x_wconf 88' lang='lat' dir='ltr'><strong>patris</strong></span> <span class='ocrx_word' id='word_1_25' title='bbox 1694 697 1947 763; x_wconf 66' lang='lat' dir='ltr'><strong>tegentes,</strong></span> <span class='ocrx_word' id='word_1_26' title='bbox 1976 702 2149 757; x_wconf 86' lang='lat' dir='ltr'><strong>neque</strong></span> 
     </span>
    </p>
   </div>
   <div class='ocr_carea' id='block_1_6' title="bbox 560 760 2149 831">
    <p class='ocr_par' dir='ltr' id='par_1_6' title="bbox 560 760 2149 831">
     <span class='ocr_line' id='line_1_6' title="bbox 560 760 2149 831; baseline -0.006 -11"><span class='ocrx_word' id='word_1_27' title='bbox 560 760 984 831; x_wconf 53' lang='lat' dir='ltr'><strong>iutttentes,&#39;qui</strong></span> <span class='ocrx_word' id='word_1_28' title='bbox 1025 764 1074 815; x_wconf 90' lang='lat' dir='ltr'><strong>in</strong></span> <span class='ocrx_word' id='word_1_29' title='bbox 1110 761 1307 815; x_wconf 79' lang='lat' dir='ltr'><strong>Christi</strong></span> <span class='ocrx_word' id='word_1_30' title='bbox 1343 774 1529 814; x_wconf 88' lang='lat' dir='ltr'><strong>necem</strong></span> <span class='ocrx_word' id='word_1_31' title='bbox 1563 760 2065 831; x_wconf 72' lang='lat' dir='ltr'><strong>noitconsentiunt,</strong></span> <span class='ocrx_word' id='word_1_32' title='bbox 2095 767 2149 813; x_wconf 93' lang='lat' dir='ltr'><strong>et</strong></span> 
     </span>
    </p>
   </div>
   <div class='ocr_carea' id='block_1_7' title="bbox 554 830 2149 900">
    <p class='ocr_par' dir='ltr' id='par_1_7' title="bbox 554 830 2149 900">
     <span class='ocr_line' id='line_1_7' title="bbox 554 830 2149 900; baseline -0.006 -8"><span class='ocrx_word' id='word_1_33' title='bbox 554 851 676 892; x_wconf 91' lang='lat' dir='ltr'><strong>eum</strong></span> <span class='ocrx_word' id='word_1_34' title='bbox 707 830 967 889; x_wconf 85' lang='lat' dir='ltr'><strong>honorant</strong></span> <span class='ocrx_word' id='word_1_35' title='bbox 992 833 1312 895; x_wconf 87' lang='lat' dir='ltr'><strong>velamento,</strong></span> <span class='ocrx_word' id='word_1_36' title='bbox 1343 840 1589 900; x_wconf 89' lang='lat' dir='ltr'><strong>tanquam</strong></span> <span class='ocrx_word' id='word_1_37' title='bbox 1618 830 1848 884; x_wconf 82' lang='lat' dir='ltr'><strong>scientes</strong></span> <span class='ocrx_word' id='word_1_38' title='bbox 1874 830 2013 884; x_wconf 89' lang='lat' dir='ltr'><strong>unde</strong></span> <span class='ocrx_word' id='word_1_39' title='bbox 2040 830 2149 883; x_wconf 83' lang='lat' dir='ltr'><strong>sint</strong></span> 
     </span>
    </p>
   </div>
   <div class='ocr_carea' id='block_1_8' title="bbox 557 900 2148 971">
    <p class='ocr_par' dir='ltr' id='par_1_8' title="bbox 557 900 2148 971">
     <span class='ocr_line' id='line_1_8' title="bbox 557 900 2148 971; baseline -0.004 -10"><span class='ocrx_word' id='word_1_40' title='bbox 557 908 686 961; x_wconf 90' lang='lat' dir='ltr'><strong>nati.</strong></span> <span class='ocrx_word' id='word_1_41' title='bbox 719 904 922 961; x_wconf 82' lang='lat' dir='ltr'><strong>Medius</strong></span> <span class='ocrx_word' id='word_1_42' title='bbox 968 904 1141 968; x_wconf 91' lang='lat' dir='ltr'><strong>lilius,</strong></span> <span class='ocrx_word' id='word_1_43' title='bbox 1190 902 1241 956; x_wconf 98' lang='lat' dir='ltr'><strong>id</strong></span> <span class='ocrx_word' id='word_1_44' title='bbox 1286 912 1370 957; x_wconf 89' lang='lat' dir='ltr'><strong>est</strong></span> <span class='ocrx_word' id='word_1_45' title='bbox 1413 902 1639 971; x_wconf 91' lang='lat' dir='ltr'><strong>populus</strong></span> <span class='ocrx_word' id='word_1_46' title='bbox 1664 900 1969 955; x_wconf 69' lang='lat' dir='ltr'><strong>Judworum</strong></span> <span class='ocrx_word' id='word_1_47' title='bbox 2002 901 2148 969; x_wconf 91' lang='lat' dir='ltr'><strong>(ideo</strong></span> 
     </span>
    </p>
   </div>
   <div class='ocr_carea' id='block_1_9' title="bbox 544 972 2147 1046">
    <p class='ocr_par' dir='ltr' id='par_1_9' title="bbox 544 972 2147 1046">
     <span class='ocr_line' id='line_1_9' title="bbox 544 972 2147 1046; baseline -0.004 -13"><span class='ocrx_word' id='word_1_48' title='bbox 544 976 784 1042; x_wconf 87' lang='lat' dir='ltr'><strong>medius,</strong></span> <span class='ocrx_word' id='word_1_49' title='bbox 815 976 935 1046; x_wconf 87' lang='lat' dir='ltr'><strong>quia</strong></span> <span class='ocrx_word' id='word_1_50' title='bbox 964 990 1061 1046; x_wconf 87' lang='lat' dir='ltr'><strong>nec</strong></span> <span class='ocrx_word' id='word_1_51' title='bbox 1090 975 1377 1046; x_wconf 83' lang='lat' dir='ltr'><strong>primatum</strong></span> <span class='ocrx_word' id='word_1_52' title='bbox 1411 972 1785 1046; x_wconf 82' lang='lat' dir='ltr'><strong>Apostolorum</strong></span> <span class='ocrx_word' id='word_1_53' title='bbox 1816 972 2020 1036; x_wconf 90' lang='lat' dir='ltr'><strong>tenuit,</strong></span> <span class='ocrx_word' id='word_1_54' title='bbox 2048 986 2147 1046; x_wconf 80' lang='lat' dir='ltr'><strong>nec</strong></span> 
     </span>
    </p>
   </div>
   <div class='ocr_carea' id='block_1_10' title="bbox 546 1042 2142 1116">
    <p class='ocr_par' dir='ltr' id='par_1_10' title="bbox 546 1042 2142 1116">
     <span class='ocr_line' id='line_1_10' title="bbox 546 1042 2142 1116; baseline -0.006 -13"><span class='ocrx_word' id='word_1_55' title='bbox 546 1050 773 1103; x_wconf 82' lang='lat' dir='ltr'><strong>ultimus</strong></span> <span class='ocrx_word' id='word_1_56' title='bbox 803 1042 855 1102; x_wconf 79' lang='lat' dir='ltr'><strong>in</strong></span> <span class='ocrx_word' id='word_1_57' title='bbox 883 1042 1131 1116; x_wconf 82' lang='lat' dir='ltr'><strong>gentibus</strong></span> <span class='ocrx_word' id='word_1_58' title='bbox 1156 1044 1406 1110; x_wconf 89' lang='lat' dir='ltr'><strong>credidit)</strong></span> <span class='ocrx_word' id='word_1_59' title='bbox 1428 1086 1442 1104; x_wconf 87' lang='lat'><strong>,</strong></span> <span class='ocrx_word' id='word_1_60' title='bbox 1470 1043 1603 1116; x_wconf 82' lang='lat' dir='ltr'><strong>vidit</strong></span> <span class='ocrx_word' id='word_1_61' title='bbox 1629 1042 1919 1116; x_wconf 84' lang='lat' dir='ltr'><strong>nuditatem</strong></span> <span class='ocrx_word' id='word_1_62' title='bbox 1958 1044 2142 1116; x_wconf 85' lang='lat' dir='ltr'><strong>patris,</strong></span> 
     </span>
    </p>
   </div>
   <div class='ocr_carea' id='block_1_11' title="bbox 555 1114 2146 1191">
    <p class='ocr_par' dir='ltr' id='par_1_11' title="bbox 555 1114 2146 1191">
     <span class='ocr_line' id='line_1_11' title="bbox 555 1114 2146 1191; baseline -0.003 -20"><span class='ocrx_word' id='word_1_63' title='bbox 555 1122 677 1191; x_wconf 84' lang='lat' dir='ltr'><strong>quia</strong></span> <span class='ocrx_word' id='word_1_64' title='bbox 703 1114 977 1191; x_wconf 78' lang='lat' dir='ltr'><strong>consensit</strong></span> <span class='ocrx_word' id='word_1_65' title='bbox 1000 1117 1051 1170; x_wconf 91' lang='lat' dir='ltr'><strong>in</strong></span> <span class='ocrx_word' id='word_1_66' title='bbox 1078 1130 1262 1191; x_wconf 79' lang='lat' dir='ltr'><strong>necem</strong></span> <span class='ocrx_word' id='word_1_67' title='bbox 1285 1115 1500 1191; x_wconf 77' lang='lat' dir='ltr'><strong>Christi.</strong></span> <span class='ocrx_word' id='word_1_68' title='bbox 1529 1115 1592 1169; x_wconf 85' lang='lat' dir='ltr'><strong>Et</strong></span> <span class='ocrx_word' id='word_1_69' title='bbox 1613 1115 1873 1168; x_wconf 91' lang='lat' dir='ltr'><strong>nuntiavit</strong></span> <span class='ocrx_word' id='word_1_70' title='bbox 1895 1114 2146 1191; x_wconf 87' lang='lat' dir='ltr'><strong>fratribus</strong></span> 
     </span>
    </p>
   </div>
   <div class='ocr_carea' id='block_1_12' title="bbox 548 1184 2144 1257">
    <p class='ocr_par' dir='ltr' id='par_1_12' title="bbox 548 1184 2144 1257">
     <span class='ocr_line' id='line_1_12' title="bbox 548 1184 2144 1257; baseline -0.005 -12"><span class='ocrx_word' id='word_1_71' title='bbox 548 1184 687 1247; x_wconf 73' lang='lat' dir='ltr'><strong>suis.</strong></span> <span class='ocrx_word' id='word_1_72' title='bbox 731 1190 836 1243; x_wconf 87' lang='lat' dir='ltr'><strong>Per</strong></span> <span class='ocrx_word' id='word_1_73' title='bbox 872 1203 993 1243; x_wconf 91' lang='lat' dir='ltr'><strong>eum</strong></span> <span class='ocrx_word' id='word_1_74' title='bbox 1033 1187 1225 1257; x_wconf 86' lang='lat' dir='ltr'><strong>quippe</strong></span> <span class='ocrx_word' id='word_1_75' title='bbox 1268 1185 1661 1257; x_wconf 81' lang='lat' dir='ltr'><strong>manifestatum</strong></span> <span class='ocrx_word' id='word_1_76' title='bbox 1698 1196 1780 1239; x_wconf 87' lang='lat' dir='ltr'><strong>est</strong></span> <span class='ocrx_word' id='word_1_77' title='bbox 1822 1194 1877 1238; x_wconf 89' lang='lat' dir='ltr'><strong>et</strong></span> <span class='ocrx_word' id='word_1_78' title='bbox 1914 1184 2144 1253; x_wconf 88' lang='lat' dir='ltr'><strong>quodam</strong></span> 
     </span>
    </p>
   </div>
   <div class='ocr_carea' id='block_1_13' title="bbox 556 1256 2142 1329">
    <p class='ocr_par' dir='ltr' id='par_1_13' title="bbox 556 1256 2142 1329">
     <span class='ocr_line' id='line_1_13' title="bbox 556 1256 2142 1329; baseline -0.006 -14"><span class='ocrx_word' id='word_1_79' title='bbox 556 1260 717 1315; x_wconf 81' lang='lat' dir='ltr'><strong>modo</strong></span> <span class='ocrx_word' id='word_1_80' title='bbox 763 1259 1121 1329; x_wconf 86' lang='lat' dir='ltr'><strong>publicatum,</strong></span> <span class='ocrx_word' id='word_1_81' title='bbox 1164 1256 1307 1327; x_wconf 83' lang='lat' dir='ltr'><strong>quod</strong></span> <span class='ocrx_word' id='word_1_82' title='bbox 1358 1266 1472 1310; x_wconf 87' lang='lat' dir='ltr'><strong>erat</strong></span> <span class='ocrx_word' id='word_1_83' title='bbox 1518 1256 2142 1329; x_wconf 57' lang='lat' dir='ltr'><strong>prophetimsecretnm.</strong></span> 
     </span>
    </p>
   </div>
   <div class='ocr_carea' id='block_1_14' title="bbox 558 1325 2145 1398">
    <p class='ocr_par' dir='ltr' id='par_1_14' title="bbox 558 1325 2145 1398">
     <span class='ocr_line' id='line_1_14' title="bbox 558 1325 2145 1398; baseline -0.003 -13"><span class='ocrx_word' id='word_1_84' title='bbox 558 1325 789 1398; x_wconf 78' lang='lat' dir='ltr'><strong>Ideoque</strong></span> <span class='ocrx_word' id='word_1_85' title='bbox 833 1330 892 1383; x_wconf 90' lang='lat' dir='ltr'><strong>lit</strong></span> <span class='ocrx_word' id='word_1_86' title='bbox 936 1329 1156 1383; x_wconf 81' lang='lat' dir='ltr'><strong>fratrum</strong></span> <span class='ocrx_word' id='word_1_87' title='bbox 1185 1325 1420 1382; x_wconf 12' lang='lat' dir='ltr'><strong>(suorum</strong></span> <span class='ocrx_word' id='word_1_88' title='bbox 1470 1342 1671 1398; x_wconf 85' lang='lat' dir='ltr'><strong>servus.</strong></span> <span class='ocrx_word' id='word_1_89' title='bbox 1711 1325 1849 1398; x_wconf 70' lang='lat' dir='ltr'><strong>Quid</strong></span> <span class='ocrx_word' id='word_1_90' title='bbox 1891 1336 1973 1379; x_wconf 91' lang='lat' dir='ltr'><strong>est</strong></span> <span class='ocrx_word' id='word_1_91' title='bbox 2001 1326 2145 1381; x_wconf 91' lang='lat' dir='ltr'><strong>enim</strong></span> 
     </span>
    </p>
   </div>
   <div class='ocr_carea' id='block_1_15' title="bbox 555 1395 2142 1469">
    <p class='ocr_par' dir='ltr' id='par_1_15' title="bbox 555 1395 2142 1469">
     <span class='ocr_line' id='line_1_15' title="bbox 555 1395 2142 1469; baseline -0.003 -15"><span class='ocrx_word' id='word_1_92' title='bbox 555 1395 884 1456; x_wconf 36' lang='lat' dir='ltr'><strong>alittd&#39;hodie</strong></span> <span class='ocrx_word' id='word_1_93' title='bbox 920 1414 1051 1469; x_wconf 88' lang='lat' dir='ltr'><strong>gens</strong></span> <span class='ocrx_word' id='word_1_94' title='bbox 1080 1400 1191 1466; x_wconf 89' lang='lat' dir='ltr'><strong>ipsa</strong></span> <span class='ocrx_word' id='word_1_95' title='bbox 1212 1440 1226 1463; x_wconf 91' lang='lat'><strong>,</strong></span> <span class='ocrx_word' id='word_1_96' title='bbox 1260 1398 1359 1469; x_wconf 84' lang='lat' dir='ltr'><strong>nisi</strong></span> <span class='ocrx_word' id='word_1_97' title='bbox 1395 1397 1668 1469; x_wconf 78' lang='lat' dir='ltr'><strong>scriniaria</strong></span> <span class='ocrx_word' id='word_1_98' title='bbox 1686 1395 2142 1469; x_wconf 67' lang='lat' dir='ltr'><strong>Christianorum,</strong></span> 
     </span>
    </p>
   </div>
   <div class='ocr_carea' id='block_1_16' title="bbox 558 1467 2145 1538">
    <p class='ocr_par' dir='ltr' id='par_1_16' title="bbox 558 1467 2145 1538">
     <span class='ocr_line' id='line_1_16' title="bbox 558 1467 2145 1538; baseline -0.004 -11"><span class='ocrx_word' id='word_1_99' title='bbox 558 1482 775 1537; x_wconf 75' lang='lat' dir='ltr'><strong>portans</strong></span> <span class='ocrx_word' id='word_1_100' title='bbox 819 1467 1011 1538; x_wconf 75' lang='lat' dir='ltr'><strong>Legem</strong></span> <span class='ocrx_word' id='word_1_101' title='bbox 1054 1480 1108 1525; x_wconf 93' lang='lat' dir='ltr'><strong>et</strong></span> <span class='ocrx_word' id='word_1_102' title='bbox 1149 1468 1442 1532; x_wconf 74' lang='lat' dir='ltr'><strong>Protthetas</strong></span> <span class='ocrx_word' id='word_1_103' title='bbox 1479 1468 1543 1521; x_wconf 88' lang='lat' dir='ltr'><strong>ad</strong></span> <span class='ocrx_word' id='word_1_104' title='bbox 1579 1467 1937 1521; x_wconf 91' lang='lat' dir='ltr'><strong>testimonium</strong></span> <span class='ocrx_word' id='word_1_105' title='bbox 1970 1482 2145 1522; x_wconf 90' lang='lat' dir='ltr'><strong>asser-</strong></span> 
     </span>
    </p>
   </div>
   <div class='ocr_carea' id='block_1_17' title="bbox 556 1539 2140 1607">
    <p class='ocr_par' dir='ltr' id='par_1_17' title="bbox 556 1539 2140 1607">
     <span class='ocr_line' id='line_1_17' title="bbox 556 1539 2140 1607; baseline -0.003 -12"><span class='ocrx_word' id='word_1_106' title='bbox 556 1545 716 1597; x_wconf 91' lang='lat' dir='ltr'><strong>tiouis</strong></span> <span class='ocrx_word' id='word_1_107' title='bbox 747 1543 1016 1606; x_wconf 70' lang='lat' dir='ltr'><strong>Ecclesizc,</strong></span> <span class='ocrx_word' id='word_1_108' title='bbox 1047 1552 1104 1593; x_wconf 91' lang='lat' dir='ltr'><strong>ut</strong></span> <span class='ocrx_word' id='word_1_109' title='bbox 1132 1555 1231 1594; x_wconf 88' lang='lat' dir='ltr'><strong>nos</strong></span> <span class='ocrx_word' id='word_1_110' title='bbox 1259 1539 1581 1593; x_wconf 88' lang='lat' dir='ltr'><strong>honoremns</strong></span> <span class='ocrx_word' id='word_1_111' title='bbox 1608 1554 1702 1607; x_wconf 83' lang='lat' dir='ltr'><strong>per</strong></span> <span class='ocrx_word' id='word_1_112' title='bbox 1726 1550 2140 1602; x_wconf 90' lang='lat' dir='ltr'><strong>sacramentum,</strong></span> 
     </span>
    </p>
   </div>
   <div class='ocr_carea' id='block_1_18' title="bbox 555 1610 1484 1683">
    <p class='ocr_par' dir='ltr' id='par_1_18' title="bbox 555 1610 1484 1683">
     <span class='ocr_line' id='line_1_18' title="bbox 555 1610 1484 1683; baseline -0.001 -19"><span class='ocrx_word' id='word_1_113' title='bbox 555 1610 695 1683; x_wconf 82' lang='lat' dir='ltr'><strong>quod</strong></span> <span class='ocrx_word' id='word_1_114' title='bbox 724 1612 1067 1683; x_wconf 77' lang='lat' dir='ltr'><strong>tttttttiant_illi</strong></span> <span class='ocrx_word' id='word_1_115' title='bbox 1094 1610 1484 1683; x_wconf 7' lang='lat' dir='ltr'><strong>perglitteram?</strong></span> 
     </span>
    </p>
   </div>
   <div class='ocr_carea' id='block_1_19' title="bbox 625 1678 2141 1752">
    <p class='ocr_par' dir='ltr' id='par_1_19' title="bbox 625 1678 2141 1752">
     <span class='ocr_line' id='line_1_19' title="bbox 625 1678 2141 1752; baseline -0.004 -13"><span class='ocrx_word' id='word_1_116' title='bbox 625 1685 841 1752; x_wconf 58' lang='lat' dir='ltr'><strong>Qumsr.</strong></span> <span class='ocrx_word' id='word_1_117' title='bbox 873 1681 1027 1737; x_wconf 89' lang='lat' dir='ltr'><strong>LXII.</strong></span> <span class='ocrx_word' id='word_1_118' title='bbox 1077 1678 1211 1748; x_wconf 86' lang='lat' dir='ltr'><strong>Quid</strong></span> <span class='ocrx_word' id='word_1_119' title='bbox 1257 1680 1516 1749; x_wconf 84' lang='lat' dir='ltr'><strong>significat</strong></span> <span class='ocrx_word' id='word_1_120' title='bbox 1557 1678 1694 1747; x_wconf 86' lang='lat' dir='ltr'><strong>quod</strong></span> <span class='ocrx_word' id='word_1_121' title='bbox 1735 1678 1866 1733; x_wconf 87' lang='lat' dir='ltr'><strong>dixit</strong></span> <span class='ocrx_word' id='word_1_122' title='bbox 1907 1678 2048 1733; x_wconf 85' lang='lat' dir='ltr'><strong>Deus</strong></span> <span class='ocrx_word' id='word_1_123' title='bbox 2077 1678 2141 1733; x_wconf 90' lang='lat' dir='ltr'><strong>ad</strong></span> 
     </span>
    </p>
   </div>
   <div class='ocr_carea' id='block_1_20' title="bbox 554 1752 2140 1825">
    <p class='ocr_par' dir='ltr' id='par_1_20' title="bbox 554 1752 2140 1825">
     <span class='ocr_line' id='line_1_20' title="bbox 554 1752 2140 1825; baseline -0.004 -17"><span class='ocrx_word' id='word_1_124' title='bbox 554 1754 821 1809; x_wconf 78' lang='lat' dir='ltr'><strong>Abraham</strong></span> <span class='ocrx_word' id='word_1_125' title='bbox 840 1795 854 1818; x_wconf 97' lang='lat'><strong>,</strong></span> <span class='ocrx_word' id='word_1_126' title='bbox 889 1752 1144 1825; x_wconf 78' lang='lat' dir='ltr'><strong>Egredere</strong></span> <span class='ocrx_word' id='word_1_127' title='bbox 1171 1754 1389 1825; x_wconf 81' lang='lat' dir='ltr'><strong>de_terra</strong></span> <span class='ocrx_word' id='word_1_128' title='bbox 1414 1762 1527 1825; x_wconf 73' lang='lat' dir='ltr'><strong>tua,</strong></span> <span class='ocrx_word' id='word_1_129' title='bbox 1554 1760 1596 1825; x_wconf 67' lang='lat' dir='ltr'><strong>et</strong></span> <span class='ocrx_word' id='word_1_130' title='bbox 1625 1752 1685 1804; x_wconf 87' lang='lat' dir='ltr'><strong>de</strong></span> <span class='ocrx_word' id='word_1_131' title='bbox 1712 1752 2008 1821; x_wconf 80' lang='lat' dir='ltr'><strong>cognatione</strong></span> <span class='ocrx_word' id='word_1_132' title='bbox 2034 1762 2140 1813; x_wconf 86' lang='lat' dir='ltr'><strong>tua,</strong></span> 
     </span>
    </p>
   </div>
   <div class='ocr_carea' id='block_1_21' title="bbox 554 1820 1576 1894">
    <p class='ocr_par' dir='ltr' id='par_1_21' title="bbox 554 1820 1576 1894">
     <span class='ocr_line' id='line_1_21' title="bbox 554 1820 1576 1894; baseline -0.007 -15"><span class='ocrx_word' id='word_1_133' title='bbox 554 1835 602 1879; x_wconf 76' lang='lat' dir='ltr'><strong>et</strong></span> <span class='ocrx_word' id='word_1_134' title='bbox 632 1827 695 1878; x_wconf 87' lang='lat' dir='ltr'><strong>de</strong></span> <span class='ocrx_word' id='word_1_135' title='bbox 720 1826 870 1879; x_wconf 87' lang='lat' dir='ltr'><strong>domo</strong></span> <span class='ocrx_word' id='word_1_136' title='bbox 898 1820 1059 1894; x_wconf 77' lang='lat' dir='ltr'><strong>patris</strong></span> <span class='ocrx_word' id='word_1_137' title='bbox 1084 1827 1157 1876; x_wconf 85' lang='lat' dir='ltr'><strong>tui</strong></span> <span class='ocrx_word' id='word_1_138' title='bbox 1185 1820 1341 1888; x_wconf 83' lang='lat' dir='ltr'><strong>(Gen.</strong></span> <span class='ocrx_word' id='word_1_139' title='bbox 1366 1838 1464 1887; x_wconf 77' lang='lat' dir='ltr'><strong>xu,</strong></span> <span class='ocrx_word' id='word_1_140' title='bbox 1485 1821 1576 1894; x_wconf 9' lang='lat' dir='ltr'><strong>Ir)?</strong></span> 
     </span>
    </p>
   </div>
   <div class='ocr_carea' id='block_1_22' title="bbox 630 1890 2145 1962">
    <p class='ocr_par' dir='ltr' id='par_1_22' title="bbox 630 1890 2145 1962">
     <span class='ocr_line' id='line_1_22' title="bbox 630 1890 2145 1962; baseline -0.003 -13"><span class='ocrx_word' id='word_1_141' title='bbox 630 1896 789 1951; x_wconf 64' lang='lat' dir='ltr'><strong>Raso.</strong></span> <span class='ocrx_word' id='word_1_142' title='bbox 831 1890 1095 1949; x_wconf 78' lang='lat' dir='ltr'><strong>Abraham</strong></span> <span class='ocrx_word' id='word_1_143' title='bbox 1140 1908 1422 1962; x_wconf 83' lang='lat' dir='ltr'><strong>personam</strong></span> <span class='ocrx_word' id='word_1_144' title='bbox 1442 1910 1447 1915; x_wconf 51' lang='grc' dir='ltr'>π</span> <span class='ocrx_word' id='word_1_145' title='bbox 1466 1890 1658 1947; x_wconf 87' lang='lat' dir='ltr'><strong>Christi</strong></span> <span class='ocrx_word' id='word_1_146' title='bbox 1704 1892 1963 1960; x_wconf 84' lang='lat' dir='ltr'><strong>portabat.</strong></span> <span class='ocrx_word' id='word_1_147' title='bbox 1995 1890 2145 1945; x_wconf 85' lang='lat' dir='ltr'><strong>Sicut</strong></span> 
     </span>
    </p>
   </div>
   <div class='ocr_carea' id='block_1_23' title="bbox 555 1962 2139 2032">
    <p class='ocr_par' dir='ltr' id='par_1_23' title="bbox 555 1962 2139 2032">
     <span class='ocr_line' id='line_1_23' title="bbox 555 1962 2139 2032; baseline -0.003 -12"><span class='ocrx_word' id='word_1_148' title='bbox 555 1967 697 2021; x_wconf 88' lang='lat' dir='ltr'><strong>enim</strong></span> <span class='ocrx_word' id='word_1_149' title='bbox 725 1966 990 2021; x_wconf 82' lang='lat' dir='ltr'><strong>Abraham</strong></span> <span class='ocrx_word' id='word_1_150' title='bbox 1024 1974 1221 2019; x_wconf 86' lang='lat' dir='ltr'><strong>terram</strong></span> <span class='ocrx_word' id='word_1_151' title='bbox 1261 1975 1313 2018; x_wconf 89' lang='lat' dir='ltr'><strong>et</strong></span> <span class='ocrx_word' id='word_1_152' title='bbox 1348 1964 1714 2032; x_wconf 72' lang='lat' dir='ltr'><strong>cognationem</strong></span> <span class='ocrx_word' id='word_1_153' title='bbox 1743 1978 1892 2015; x_wconf 88' lang='lat' dir='ltr'><strong>suam</strong></span> <span class='ocrx_word' id='word_1_154' title='bbox 1919 1962 2139 2029; x_wconf 88' lang='lat' dir='ltr'><strong>dimisit,</strong></span> 
     </span>
    </p>
   </div>
   <div class='ocr_carea' id='block_1_24' title="bbox 553 2033 2143 2104">
    <p class='ocr_par' dir='ltr' id='par_1_24' title="bbox 553 2033 2143 2104">
     <span class='ocr_line' id='line_1_24' title="bbox 553 2033 2143 2104; baseline -0.004 -13"><span class='ocrx_word' id='word_1_155' title='bbox 553 2048 607 2092; x_wconf 79' lang='lat' dir='ltr'><strong>et</strong></span> <span class='ocrx_word' id='word_1_156' title='bbox 636 2038 852 2091; x_wconf 91' lang='lat' dir='ltr'><strong>domum</strong></span> <span class='ocrx_word' id='word_1_157' title='bbox 881 2036 1046 2104; x_wconf 87' lang='lat' dir='ltr'><strong>patris</strong></span> <span class='ocrx_word' id='word_1_158' title='bbox 1073 2036 1187 2098; x_wconf 90' lang='lat' dir='ltr'><strong>sui,</strong></span> <span class='ocrx_word' id='word_1_159' title='bbox 1220 2045 1273 2088; x_wconf 89' lang='lat' dir='ltr'><strong>et</strong></span> <span class='ocrx_word' id='word_1_160' title='bbox 1309 2036 1453 2088; x_wconf 91' lang='lat' dir='ltr'><strong>venit</strong></span> <span class='ocrx_word' id='word_1_161' title='bbox 1493 2035 1542 2085; x_wconf 93' lang='lat' dir='ltr'><strong>in</strong></span> <span class='ocrx_word' id='word_1_162' title='bbox 1580 2046 1774 2088; x_wconf 86' lang='lat' dir='ltr'><strong>terram</strong></span> <span class='ocrx_word' id='word_1_163' title='bbox 1802 2048 1959 2102; x_wconf 88' lang='lat' dir='ltr'><strong>quam</strong></span> <span class='ocrx_word' id='word_1_164' title='bbox 1990 2033 2143 2102; x_wconf 85' lang='lat' dir='ltr'><strong>igno-</strong></span> 
     </span>
    </p>
   </div>
   <div class='ocr_carea' id='block_1_25' title="bbox 555 2104 2142 2174">
    <p class='ocr_par' dir='ltr' id='par_1_25' title="bbox 555 2104 2142 2174">
     <span class='ocr_line' id='line_1_25' title="bbox 555 2104 2142 2174; baseline -0.001 -15"><span class='ocrx_word' id='word_1_165' title='bbox 555 2108 704 2162; x_wconf 89' lang='lat' dir='ltr'><strong>rabat</strong></span> <span class='ocrx_word' id='word_1_166' title='bbox 733 2125 745 2160; x_wconf 89' lang='lat'><strong>:</strong></span> <span class='ocrx_word' id='word_1_167' title='bbox 778 2109 845 2161; x_wconf 89' lang='lat' dir='ltr'><strong>ita</strong></span> <span class='ocrx_word' id='word_1_168' title='bbox 877 2116 930 2161; x_wconf 92' lang='lat' dir='ltr'><strong>et</strong></span> <span class='ocrx_word' id='word_1_169' title='bbox 963 2104 1203 2160; x_wconf 89' lang='lat' dir='ltr'><strong>Christus</strong></span> <span class='ocrx_word' id='word_1_170' title='bbox 1238 2105 1439 2159; x_wconf 90' lang='lat' dir='ltr'><strong>dimisit</strong></span> <span class='ocrx_word' id='word_1_171' title='bbox 1476 2114 1684 2174; x_wconf 81' lang='lat' dir='ltr'><strong>gentem</strong></span> <span class='ocrx_word' id='word_1_172' title='bbox 1716 2119 1864 2157; x_wconf 91' lang='lat' dir='ltr'><strong>suam</strong></span> <span class='ocrx_word' id='word_1_173' title='bbox 1887 2143 1900 2165; x_wconf 89' lang='lat'><strong>,</strong></span> <span class='ocrx_word' id='word_1_174' title='bbox 1939 2105 2142 2158; x_wconf 84' lang='lat' dir='ltr'><strong>scilicet</strong></span> 
     </span>
    </p>
   </div>
   <div class='ocr_carea' id='block_1_26' title="bbox 553 2174 2144 2244">
    <p class='ocr_par' dir='ltr' id='par_1_26' title="bbox 553 2174 2144 2244">
     <span class='ocr_line' id='line_1_26' title="bbox 553 2174 2144 2244; baseline -0.003 -12"><span class='ocrx_word' id='word_1_175' title='bbox 553 2177 892 2243; x_wconf 76' lang='lat' dir='ltr'><strong>Judteorum,</strong></span> <span class='ocrx_word' id='word_1_176' title='bbox 926 2186 978 2230; x_wconf 89' lang='lat' dir='ltr'><strong>et</strong></span> <span class='ocrx_word' id='word_1_177' title='bbox 1008 2178 1150 2230; x_wconf 87' lang='lat' dir='ltr'><strong>venit</strong></span> <span class='ocrx_word' id='word_1_178' title='bbox 1185 2176 1249 2229; x_wconf 86' lang='lat' dir='ltr'><strong>ad</strong></span> <span class='ocrx_word' id='word_1_179' title='bbox 1284 2176 1533 2244; x_wconf 89' lang='lat' dir='ltr'><strong>populum</strong></span> <span class='ocrx_word' id='word_1_180' title='bbox 1569 2176 1837 2229; x_wconf 80' lang='lat' dir='ltr'><strong>Gentium.</strong></span> <span class='ocrx_word' id='word_1_181' title='bbox 1874 2174 1969 2228; x_wconf 89' lang='lat' dir='ltr'><strong>llic</strong></span> <span class='ocrx_word' id='word_1_182' title='bbox 2011 2184 2144 2228; x_wconf 84' lang='lat' dir='ltr'><strong>tem-</strong></span> 
     </span>
    </p>
   </div>
   <div class='ocr_carea' id='block_1_27' title="bbox 554 2246 2141 2318">
    <p class='ocr_par' dir='ltr' id='par_1_27' title="bbox 554 2246 2141 2318">
     <span class='ocr_line' id='line_1_27' title="bbox 554 2246 2141 2318; baseline -0.003 -15"><span class='ocrx_word' id='word_1_183' title='bbox 554 2249 754 2318; x_wconf 90' lang='lat' dir='ltr'><strong>poralis</strong></span> <span class='ocrx_word' id='word_1_184' title='bbox 777 2248 1076 2316; x_wconf 83' lang='lat' dir='ltr'><strong>explanatio</strong></span> <span class='ocrx_word' id='word_1_185' title='bbox 1102 2246 1200 2300; x_wconf 94' lang='lat' dir='ltr'><strong>hoc</strong></span> <span class='ocrx_word' id='word_1_186' title='bbox 1224 2246 1383 2301; x_wconf 85' lang='lat' dir='ltr'><strong>habet</strong></span> <span class='ocrx_word' id='word_1_187' title='bbox 1406 2264 1418 2299; x_wconf 90' lang='lat'><strong>:</strong></span> <span class='ocrx_word' id='word_1_188' title='bbox 1446 2246 1713 2299; x_wconf 85' lang='lat' dir='ltr'><strong>moraliter</strong></span> <span class='ocrx_word' id='word_1_189' title='bbox 1736 2254 1911 2318; x_wconf 85' lang='lat' dir='ltr'><strong>autem</strong></span> <span class='ocrx_word' id='word_1_190' title='bbox 1935 2247 2141 2318; x_wconf 78' lang='lat' dir='ltr'><strong>eximus</strong></span> 
     </span>
    </p>
   </div>
   <div class='ocr_carea' id='block_1_28' title="bbox 553 2315 2141 2386">
    <p class='ocr_par' dir='ltr' id='par_1_28' title="bbox 553 2315 2141 2386">
     <span class='ocr_line' id='line_1_28' title="bbox 553 2315 2141 2386; baseline -0.003 -13"><span class='ocrx_word' id='word_1_191' title='bbox 553 2315 622 2373; x_wconf 82' lang='lat' dir='ltr'><strong>de</strong></span> <span class='ocrx_word' id='word_1_192' title='bbox 649 2328 787 2373; x_wconf 91' lang='lat' dir='ltr'><strong>terra</strong></span> <span class='ocrx_word' id='word_1_193' title='bbox 818 2315 998 2373; x_wconf 88' lang='lat' dir='ltr'><strong>nostra</strong></span> <span class='ocrx_word' id='word_1_194' title='bbox 1023 2318 1061 2383; x_wconf 73' lang='grc'>³,</span> <span class='ocrx_word' id='word_1_195' title='bbox 1102 2318 1314 2386; x_wconf 90' lang='lat' dir='ltr'><strong>qnattdo</strong></span> <span class='ocrx_word' id='word_1_196' title='bbox 1356 2318 1563 2371; x_wconf 83' lang='lat' dir='ltr'><strong>divitias</strong></span> <span class='ocrx_word' id='word_1_197' title='bbox 1593 2326 1645 2370; x_wconf 93' lang='lat' dir='ltr'><strong>et</strong></span> <span class='ocrx_word' id='word_1_198' title='bbox 1672 2317 1851 2369; x_wconf 89' lang='lat' dir='ltr'><strong>mundi</strong></span> <span class='ocrx_word' id='word_1_199' title='bbox 1882 2315 2035 2385; x_wconf 91' lang='lat' dir='ltr'><strong>hujus</strong></span> <span class='ocrx_word' id='word_1_200' title='bbox 2066 2315 2141 2375; x_wconf 85' lang='lat' dir='ltr'><strong>fa—</strong></span> 
     </span>
    </p>
   </div>
   <div class='ocr_carea' id='block_1_29' title="bbox 550 2386 2141 2457">
    <p class='ocr_par' dir='ltr' id='par_1_29' title="bbox 550 2386 2141 2457">
     <span class='ocr_line' id='line_1_29' title="bbox 550 2386 2141 2457; baseline -0.002 -14"><span class='ocrx_word' id='word_1_201' title='bbox 550 2391 779 2444; x_wconf 85' lang='lat' dir='ltr'><strong>cultates</strong></span> <span class='ocrx_word' id='word_1_202' title='bbox 820 2389 1247 2451; x_wconf 83' lang='lat' dir='ltr'><strong>contemnimus;</strong></span> <span class='ocrx_word' id='word_1_203' title='bbox 1280 2397 1336 2442; x_wconf 86' lang='lat' dir='ltr'><strong>et</strong></span> <span class='ocrx_word' id='word_1_204' title='bbox 1370 2387 1438 2442; x_wconf 91' lang='lat' dir='ltr'><strong>de</strong></span> <span class='ocrx_word' id='word_1_205' title='bbox 1474 2386 1789 2457; x_wconf 78' lang='lat' dir='ltr'><strong>cognatione</strong></span> <span class='ocrx_word' id='word_1_206' title='bbox 1834 2395 2044 2451; x_wconf 90' lang='lat' dir='ltr'><strong>nostra,</strong></span> <span class='ocrx_word' id='word_1_207' title='bbox 2090 2386 2141 2440; x_wconf 90' lang='lat' dir='ltr'><strong>id</strong></span> 
     </span>
    </p>
   </div>
   <div class='ocr_carea' id='block_1_30' title="bbox 549 2459 2140 2529">
    <p class='ocr_par' dir='ltr' id='par_1_30' title="bbox 549 2459 2140 2529">
     <span class='ocr_line' id='line_1_30' title="bbox 549 2459 2140 2529; baseline -0.003 -14"><span class='ocrx_word' id='word_1_208' title='bbox 549 2470 654 2527; x_wconf 63' lang='lat' dir='ltr'><strong>est,</strong></span> <span class='ocrx_word' id='word_1_209' title='bbox 682 2460 750 2515; x_wconf 89' lang='lat' dir='ltr'><strong>de</strong></span> <span class='ocrx_word' id='word_1_210' title='bbox 778 2460 921 2514; x_wconf 84' lang='lat' dir='ltr'><strong>vitiis</strong></span> <span class='ocrx_word' id='word_1_211' title='bbox 949 2460 1212 2529; x_wconf 89' lang='lat' dir='ltr'><strong>prioribus</strong></span> <span class='ocrx_word' id='word_1_212' title='bbox 1233 2500 1245 2519; x_wconf 90' lang='lat'><strong>,</strong></span> <span class='ocrx_word' id='word_1_213' title='bbox 1274 2474 1392 2527; x_wconf 72' lang='lat' dir='ltr'><strong>qua:</strong></span> <span class='ocrx_word' id='word_1_214' title='bbox 1421 2460 1575 2512; x_wconf 91' lang='lat' dir='ltr'><strong>nobis</strong></span> <span class='ocrx_word' id='word_1_215' title='bbox 1602 2474 1629 2509; x_wconf 91' lang='lat' dir='ltr'><strong>a</strong></span> <span class='ocrx_word' id='word_1_216' title='bbox 1663 2459 1934 2511; x_wconf 87' lang='lat' dir='ltr'><strong>nativitate</strong></span> <span class='ocrx_word' id='word_1_217' title='bbox 1961 2468 2140 2511; x_wconf 85' lang='lat' dir='ltr'><strong>nostra</strong></span> 
     </span>
    </p>
   </div>
   <div class='ocr_carea' id='block_1_31' title="bbox 550 2529 2142 2599">
    <p class='ocr_par' dir='ltr' id='par_1_31' title="bbox 550 2529 2142 2599">
     <span class='ocr_line' id='line_1_31' title="bbox 550 2529 2142 2599; baseline -0.001 -16"><span class='ocrx_word' id='word_1_218' title='bbox 550 2532 895 2595; x_wconf 72' lang='lat' dir='ltr'><strong>cohmrcntia,</strong></span> <span class='ocrx_word' id='word_1_219' title='bbox 920 2530 1063 2585; x_wconf 88' lang='lat' dir='ltr'><strong>velut</strong></span> <span class='ocrx_word' id='word_1_220' title='bbox 1083 2529 1339 2584; x_wconf 89' lang='lat' dir='ltr'><strong>aflinitate</strong></span> <span class='ocrx_word' id='word_1_221' title='bbox 1359 2529 1584 2599; x_wconf 87' lang='lat' dir='ltr'><strong>quadam</strong></span> <span class='ocrx_word' id='word_1_222' title='bbox 1608 2538 1657 2582; x_wconf 89' lang='lat' dir='ltr'><strong>et</strong></span> <span class='ocrx_word' id='word_1_223' title='bbox 1680 2529 2142 2599; x_wconf 81' lang='lat' dir='ltr'><strong>consanguinitate</strong></span> 
     </span>
    </p>
   </div>
   <div class='ocr_carea' id='block_1_32' title="bbox 549 2598 2141 2668">
    <p class='ocr_par' dir='ltr' id='par_1_32' title="bbox 549 2598 2141 2668">
     <span class='ocr_line' id='line_1_32' title="bbox 549 2598 2141 2668; baseline -0.001 -14"><span class='ocrx_word' id='word_1_224' title='bbox 549 2601 829 2668; x_wconf 85' lang='lat' dir='ltr'><strong>conjuncta</strong></span> <span class='ocrx_word' id='word_1_225' title='bbox 872 2610 1029 2666; x_wconf 89' lang='lat' dir='ltr'><strong>sunt;</strong></span> <span class='ocrx_word' id='word_1_226' title='bbox 1058 2610 1111 2655; x_wconf 91' lang='lat' dir='ltr'><strong>et</strong></span> <span class='ocrx_word' id='word_1_227' title='bbox 1139 2600 1206 2654; x_wconf 90' lang='lat' dir='ltr'><strong>de</strong></span> <span class='ocrx_word' id='word_1_228' title='bbox 1234 2598 1394 2653; x_wconf 92' lang='lat' dir='ltr'><strong>domo</strong></span> <span class='ocrx_word' id='word_1_229' title='bbox 1425 2601 1588 2668; x_wconf 89' lang='lat' dir='ltr'><strong>patris</strong></span> <span class='ocrx_word' id='word_1_230' title='bbox 1615 2598 1817 2663; x_wconf 89' lang='lat' dir='ltr'><strong>nostri,</strong></span> <span class='ocrx_word' id='word_1_231' title='bbox 1852 2600 1901 2652; x_wconf 94' lang='lat' dir='ltr'><strong>id</strong></span> <span class='ocrx_word' id='word_1_232' title='bbox 1930 2606 2039 2661; x_wconf 84' lang='lat' dir='ltr'><strong>est,</strong></span> <span class='ocrx_word' id='word_1_233' title='bbox 2072 2599 2141 2653; x_wconf 88' lang='lat' dir='ltr'><strong>de</strong></span> 
     </span>
    </p>
   </div>
   <div class='ocr_carea' id='block_1_33' title="bbox 549 2670 2143 2740">
    <p class='ocr_par' dir='ltr' id='par_1_33' title="bbox 549 2670 2143 2740">
     <span class='ocr_line' id='line_1_33' title="bbox 549 2670 2143 2740; baseline -0.001 -16"><span class='ocrx_word' id='word_1_234' title='bbox 549 2676 691 2725; x_wconf 91' lang='lat' dir='ltr'><strong>omni</strong></span> <span class='ocrx_word' id='word_1_235' title='bbox 733 2673 986 2727; x_wconf 87' lang='lat' dir='ltr'><strong>memoria</strong></span> <span class='ocrx_word' id='word_1_236' title='bbox 1018 2670 1199 2725; x_wconf 91' lang='lat' dir='ltr'><strong>mundi</strong></span> <span class='ocrx_word' id='word_1_237' title='bbox 1232 2670 1422 2740; x_wconf 87' lang='lat' dir='ltr'><strong>hujus,</strong></span> <span class='ocrx_word' id='word_1_238' title='bbox 1456 2685 1573 2740; x_wconf 74' lang='lat' dir='ltr'><strong>qtae</strong></span> <span class='ocrx_word' id='word_1_239' title='bbox 1602 2672 1878 2724; x_wconf 90' lang='lat' dir='ltr'><strong>oculorum</strong></span> <span class='ocrx_word' id='word_1_240' title='bbox 1909 2670 2143 2724; x_wconf 89' lang='lat' dir='ltr'><strong>occurrit</strong></span> 
     </span>
    </p>
   </div>
   <div class='ocr_carea' id='block_1_34' title="bbox 548 2743 839 2797">
    <p class='ocr_par' dir='ltr' id='par_1_34' title="bbox 548 2743 839 2797">
     <span class='ocr_line' id='line_1_34' title="bbox 548 2743 839 2797; baseline -0.003 -1"><span class='ocrx_word' id='word_1_241' title='bbox 548 2743 839 2797; x_wconf 89' lang='lat' dir='ltr'><strong>obtutibus.</strong></span> 
     </span>
    </p>
   </div>
   <div class='ocr_carea' id='block_1_35' title="bbox 620 2810 1915 2881">
    <p class='ocr_par' dir='ltr' id='par_1_35' title="bbox 620 2810 1915 2881">
     <span class='ocr_line' id='line_1_35' title="bbox 620 2810 1915 2881; baseline -0.002 -13"><span class='ocrx_word' id='word_1_242' title='bbox 620 2815 839 2880; x_wconf 60' lang='lat'><strong>(20551.</strong></span> <span class='ocrx_word' id='word_1_243' title='bbox 863 2811 1047 2868; x_wconf 91' lang='lat' dir='ltr'><strong>LXIII.</strong></span> <span class='ocrx_word' id='word_1_244' title='bbox 1080 2812 1221 2878; x_wconf 88' lang='lat' dir='ltr'><strong>Quot</strong></span> <span class='ocrx_word' id='word_1_245' title='bbox 1244 2820 1367 2867; x_wconf 90' lang='lat' dir='ltr'><strong>sunt</strong></span> <span class='ocrx_word' id='word_1_246' title='bbox 1392 2826 1583 2881; x_wconf 87' lang='lat' dir='ltr'><strong>genera</strong></span> <span class='ocrx_word' id='word_1_247' title='bbox 1612 2810 1915 2865; x_wconf 79' lang='lat' dir='ltr'><strong>visionum?</strong></span> 
     </span>
    </p>
   </div>
   <div class='ocr_carea' id='block_1_36' title="bbox 622 2881 2136 2951">
    <p class='ocr_par' dir='ltr' id='par_1_36' title="bbox 622 2881 2136 2951">
     <span class='ocr_line' id='line_1_36' title="bbox 622 2881 2136 2951; baseline -0.004 -13"><span class='ocrx_word' id='word_1_248' title='bbox 622 2883 781 2938; x_wconf 74' lang='lat' dir='ltr'><strong>Resr.</strong></span> <span class='ocrx_word' id='word_1_249' title='bbox 825 2884 968 2938; x_wconf 81' lang='lat' dir='ltr'><strong>Tria.</strong></span> <span class='ocrx_word' id='word_1_250' title='bbox 998 2884 1175 2940; x_wconf 89' lang='lat' dir='ltr'><strong>Prima</strong></span> <span class='ocrx_word' id='word_1_251' title='bbox 1207 2882 1341 2937; x_wconf 89' lang='lat' dir='ltr'><strong>visio</strong></span> <span class='ocrx_word' id='word_1_252' title='bbox 1383 2892 1465 2937; x_wconf 90' lang='lat' dir='ltr'><strong>est</strong></span> <span class='ocrx_word' id='word_1_253' title='bbox 1509 2883 1836 2951; x_wconf 83' lang='lat' dir='ltr'><strong>corporalis;</strong></span> <span class='ocrx_word' id='word_1_254' title='bbox 1880 2881 2136 2948; x_wconf 85' lang='lat' dir='ltr'><strong>secunda,</strong></span> 
     </span>
    </p>
   </div>
   <div class='ocr_carea' id='block_1_37' title="bbox 548 2954 2142 3024">
    <p class='ocr_par' dir='ltr' id='par_1_37' title="bbox 548 2954 2142 3024">
     <span class='ocr_line' id='line_1_37' title="bbox 548 2954 2142 3024; baseline -0.001 -16"><span class='ocrx_word' id='word_1_255' title='bbox 548 2954 876 3024; x_wconf 85' lang='lat' dir='ltr'><strong>spiritualis;</strong></span> <span class='ocrx_word' id='word_1_256' title='bbox 912 2955 1087 3017; x_wconf 89' lang='lat' dir='ltr'><strong>tertia,</strong></span> <span class='ocrx_word' id='word_1_257' title='bbox 1116 2954 1508 3024; x_wconf 74' lang='lat' dir='ltr'><strong>intellectualis.</strong></span> <span class='ocrx_word' id='word_1_258' title='bbox 1535 2954 1839 3021; x_wconf 81' lang='lat' dir='ltr'><strong>Corporalis</strong></span> <span class='ocrx_word' id='word_1_259' title='bbox 1859 2967 1984 3021; x_wconf 89' lang='lat' dir='ltr'><strong>ergo</strong></span> <span class='ocrx_word' id='word_1_260' title='bbox 2006 2954 2142 3007; x_wconf 69' lang='lat' dir='ltr'><strong>visio</strong></span> 
     </span>
    </p>
   </div>
   <div class='ocr_carea' id='block_1_38' title="bbox 546 3023 2143 3095">
    <p class='ocr_par' dir='ltr' id='par_1_38' title="bbox 546 3023 2143 3095">
     <span class='ocr_line' id='line_1_38' title="bbox 546 3023 2143 3095; baseline -0.001 -16"><span class='ocrx_word' id='word_1_261' title='bbox 546 3023 629 3079; x_wconf 85' lang='lat' dir='ltr'><strong>est</strong></span> <span class='ocrx_word' id='word_1_262' title='bbox 655 3042 772 3095; x_wconf 59' lang='lat' dir='ltr'><strong>quae</strong></span> <span class='ocrx_word' id='word_1_263' title='bbox 803 3027 857 3077; x_wconf 86' lang='lat' dir='ltr'><strong>lit</strong></span> <span class='ocrx_word' id='word_1_264' title='bbox 892 3039 987 3093; x_wconf 91' lang='lat' dir='ltr'><strong>per</strong></span> <span class='ocrx_word' id='word_1_265' title='bbox 1014 3038 1230 3093; x_wconf 89' lang='lat' dir='ltr'><strong>corpus.</strong></span> <span class='ocrx_word' id='word_1_266' title='bbox 1262 3023 1583 3095; x_wconf 83' lang='lat' dir='ltr'><strong>Spiritualis,</strong></span> <span class='ocrx_word' id='word_1_267' title='bbox 1610 3038 1736 3095; x_wconf 84' lang='lat' dir='ltr'><strong>cum</strong></span> <span class='ocrx_word' id='word_1_268' title='bbox 1768 3025 2023 3095; x_wconf 79' lang='lat' dir='ltr'><strong>imagines</strong></span> <span class='ocrx_word' id='word_1_269' title='bbox 2049 3039 2143 3078; x_wconf 87' lang='lat' dir='ltr'><strong>eo-</strong></span> 
     </span>
    </p>
   </div>
   <div class='ocr_carea' id='block_1_39' title="bbox 548 3093 2142 3166">
    <p class='ocr_par' dir='ltr' id='par_1_39' title="bbox 548 3093 2142 3166">
     <span class='ocr_line' id='line_1_39' title="bbox 548 3093 2142 3166; baseline -0.001 -19"><span class='ocrx_word' id='word_1_270' title='bbox 548 3093 809 3166; x_wconf 8' lang='lat' dir='ltr'><strong>rﬁttnt‘qum</strong></span> <span class='ocrx_word' id='word_1_271' title='bbox 837 3096 1095 3156; x_wconf 85' lang='lat' dir='ltr'><strong>videmus,</strong></span> <span class='ocrx_word' id='word_1_272' title='bbox 1127 3096 1177 3147; x_wconf 91' lang='lat' dir='ltr'><strong>in</strong></span> <span class='ocrx_word' id='word_1_273' title='bbox 1208 3093 1462 3147; x_wconf 89' lang='lat' dir='ltr'><strong>memoria</strong></span> <span class='ocrx_word' id='word_1_274' title='bbox 1477 3094 1781 3166; x_wconf 74' lang='lat' dir='ltr'><strong>eonditttus.</strong></span> <span class='ocrx_word' id='word_1_275' title='bbox 1809 3093 2142 3166; x_wconf 82' lang='lat' dir='ltr'><strong>Intelleclua-</strong></span> 
     </span>
    </p>
   </div>
   <div class='ocr_carea' id='block_1_40' title="bbox 548 3163 2139 3234">
    <p class='ocr_par' dir='ltr' id='par_1_40' title="bbox 548 3163 2139 3234">
     <span class='ocr_line' id='line_1_40' title="bbox 548 3163 2139 3234; baseline 0 -16"><span class='ocrx_word' id='word_1_276' title='bbox 548 3165 615 3219; x_wconf 90' lang='lat' dir='ltr'><strong>lis</strong></span> <span class='ocrx_word' id='word_1_277' title='bbox 642 3163 851 3233; x_wconf 78' lang='lat' dir='ltr'><strong>nempe,</strong></span> <span class='ocrx_word' id='word_1_278' title='bbox 877 3180 999 3219; x_wconf 90' lang='lat' dir='ltr'><strong>cum</strong></span> <span class='ocrx_word' id='word_1_279' title='bbox 1020 3180 1081 3218; x_wconf 90' lang='lat' dir='ltr'><strong>ea</strong></span> <span class='ocrx_word' id='word_1_280' title='bbox 1107 3179 1225 3233; x_wconf 71' lang='lat' dir='ltr'><strong>qua:</strong></span> <span class='ocrx_word' id='word_1_281' title='bbox 1245 3164 1595 3232; x_wconf 88' lang='lat' dir='ltr'><strong>corporaliter</strong></span> <span class='ocrx_word' id='word_1_282' title='bbox 1614 3163 1855 3217; x_wconf 86' lang='lat' dir='ltr'><strong>videmus</strong></span> <span class='ocrx_word' id='word_1_283' title='bbox 1880 3174 1933 3216; x_wconf 92' lang='lat' dir='ltr'><strong>et</strong></span> <span class='ocrx_word' id='word_1_284' title='bbox 1956 3165 2139 3234; x_wconf 86' lang='lat' dir='ltr'><strong>imagi-</strong></span> 
     </span>
    </p>
   </div>
   <div class='ocr_carea' id='block_1_41' title="bbox 550 3234 2137 3301">
    <p class='ocr_par' dir='ltr' id='par_1_41' title="bbox 550 3234 2137 3301">
     <span class='ocr_line' id='line_1_41' title="bbox 550 3234 2137 3301; baseline 0.001 -14"><span class='ocrx_word' id='word_1_285' title='bbox 550 3235 739 3290; x_wconf 81' lang='lat' dir='ltr'><strong>naliter</strong></span> <span class='ocrx_word' id='word_1_286' title='bbox 768 3238 817 3288; x_wconf 90' lang='lat' dir='ltr'><strong>in</strong></span> <span class='ocrx_word' id='word_1_287' title='bbox 848 3235 1102 3290; x_wconf 87' lang='lat' dir='ltr'><strong>memoria</strong></span> <span class='ocrx_word' id='word_1_288' title='bbox 1132 3236 1443 3295; x_wconf 84' lang='lat' dir='ltr'><strong>retinemus,</strong></span> <span class='ocrx_word' id='word_1_289' title='bbox 1469 3234 1733 3288; x_wconf 87' lang='lat' dir='ltr'><strong>intellectu</strong></span> <span class='ocrx_word' id='word_1_290' title='bbox 1754 3234 2137 3301; x_wconf 89' lang='lat' dir='ltr'><strong>discernimus;</strong></span> 
     </span>
    </p>
   </div>
   <div class='ocr_carea' id='block_1_42' title="bbox 547 3304 2141 3373">
    <p class='ocr_par' dir='ltr' id='par_1_42' title="bbox 547 3304 2141 3373">
     <span class='ocr_line' id='line_1_42' title="bbox 547 3304 2141 3373; baseline 0.003 -17"><span class='ocrx_word' id='word_1_291' title='bbox 547 3306 688 3373; x_wconf 92' lang='lat' dir='ltr'><strong>quod</strong></span> <span class='ocrx_word' id='word_1_292' title='bbox 719 3306 846 3359; x_wconf 91' lang='lat' dir='ltr'><strong>illud</strong></span> <span class='ocrx_word' id='word_1_293' title='bbox 880 3307 1181 3371; x_wconf 73' lang='lat' dir='ltr'><strong>sileorpns,</strong></span> <span class='ocrx_word' id='word_1_294' title='bbox 1220 3304 1346 3358; x_wconf 90' lang='lat' dir='ltr'><strong>illud</strong></span> <span class='ocrx_word' id='word_1_295' title='bbox 1377 3304 1670 3358; x_wconf 90' lang='lat' dir='ltr'><strong>similitudo</strong></span> <span class='ocrx_word' id='word_1_296' title='bbox 1697 3305 1958 3373; x_wconf 87' lang='lat' dir='ltr'><strong>corporis.</strong></span> <span class='ocrx_word' id='word_1_297' title='bbox 1992 3306 2141 3360; x_wconf 91' lang='lat' dir='ltr'><strong>llunc</strong></span> 
     </span>
    </p>
   </div>
   <div class='ocr_carea' id='block_1_43' title="bbox 546 3375 2140 3445">
    <p class='ocr_par' dir='ltr' id='par_1_43' title="bbox 546 3375 2140 3445">
     <span class='ocr_line' id='line_1_43' title="bbox 546 3375 2140 3445; baseline 0.002 -17"><span class='ocrx_word' id='word_1_298' title='bbox 546 3385 725 3429; x_wconf 87' lang='lat' dir='ltr'><strong>autem</strong></span> <span class='ocrx_word' id='word_1_299' title='bbox 772 3378 1092 3430; x_wconf 88' lang='lat' dir='ltr'><strong>intellectum</strong></span> <span class='ocrx_word' id='word_1_300' title='bbox 1143 3375 1327 3430; x_wconf 70' lang='lat' dir='ltr'><strong>bestia:</strong></span> <span class='ocrx_word' id='word_1_301' title='bbox 1374 3388 1427 3431; x_wconf 91' lang='lat' dir='ltr'><strong>et</strong></span> <span class='ocrx_word' id='word_1_302' title='bbox 1473 3390 1665 3444; x_wconf 87' lang='lat' dir='ltr'><strong>pecora</strong></span> <span class='ocrx_word' id='word_1_303' title='bbox 1706 3385 1866 3445; x_wconf 87' lang='lat' dir='ltr'><strong>atque</strong></span> <span class='ocrx_word' id='word_1_304' title='bbox 1908 3376 2140 3431; x_wconf 84' lang='lat' dir='ltr'><strong>volatilia</strong></span> 
     </span>
    </p>
   </div>
   <div class='ocr_carea' id='block_1_44' title="bbox 547 3445 2139 3515">
    <p class='ocr_par' dir='ltr' id='par_1_44' title="bbox 547 3445 2139 3515">
     <span class='ocr_line' id='line_1_44' title="bbox 547 3445 2139 3515; baseline 0.001 -17"><span class='ocrx_word' id='word_1_305' title='bbox 547 3448 851 3501; x_wconf 73' lang='lat' dir='ltr'><strong>nullatenus</strong></span> <span class='ocrx_word' id='word_1_306' title='bbox 881 3446 1097 3500; x_wconf 87' lang='lat' dir='ltr'><strong>habent.</strong></span> <span class='ocrx_word' id='word_1_307' title='bbox 1136 3445 1323 3500; x_wconf 81' lang='lat' dir='ltr'><strong>Vident</strong></span> <span class='ocrx_word' id='word_1_308' title='bbox 1354 3447 1465 3515; x_wconf 89' lang='lat' dir='ltr'><strong>ipsa</strong></span> <span class='ocrx_word' id='word_1_309' title='bbox 1498 3462 1591 3515; x_wconf 87' lang='lat' dir='ltr'><strong>per</strong></span> <span class='ocrx_word' id='word_1_310' title='bbox 1614 3461 1843 3515; x_wconf 90' lang='lat' dir='ltr'><strong>corpus;</strong></span> <span class='ocrx_word' id='word_1_311' title='bbox 1873 3454 1927 3502; x_wconf 90' lang='lat' dir='ltr'><strong>et</strong></span> <span class='ocrx_word' id='word_1_312' title='bbox 1952 3462 2139 3501; x_wconf 91' lang='lat' dir='ltr'><strong>eorum</strong></span> 
     </span>
    </p>
   </div>
   <div class='ocr_carea' id='block_1_45' title="bbox 548 3515 2140 3587">
    <p class='ocr_par' dir='ltr' id='par_1_45' title="bbox 548 3515 2140 3587">
     <span class='ocr_line' id='line_1_45' title="bbox 548 3515 2140 3587; baseline 0.001 -18"><span class='ocrx_word' id='word_1_313' title='bbox 548 3533 667 3585; x_wconf 73' lang='lat' dir='ltr'><strong>qua:</strong></span> <span class='ocrx_word' id='word_1_314' title='bbox 708 3518 887 3571; x_wconf 82' lang='lat' dir='ltr'><strong>vident</strong></span> <span class='ocrx_word' id='word_1_315' title='bbox 930 3516 1280 3587; x_wconf 84' lang='lat' dir='ltr'><strong>imaginaliter</strong></span> <span class='ocrx_word' id='word_1_316' title='bbox 1320 3517 1529 3587; x_wconf 83' lang='lat' dir='ltr'><strong>Species</strong></span> <span class='ocrx_word' id='word_1_317' title='bbox 1576 3515 1868 3585; x_wconf 80' lang='lat' dir='ltr'><strong>formatur,</strong></span> <span class='ocrx_word' id='word_1_318' title='bbox 1915 3517 2056 3571; x_wconf 89' lang='lat' dir='ltr'><strong>unde</strong></span> <span class='ocrx_word' id='word_1_319' title='bbox 2084 3526 2140 3571; x_wconf 87' lang='lat' dir='ltr'><strong>et</strong></span> 
     </span>
    </p>
   </div>
   <div class='ocr_carea' id='block_1_46' title="bbox 610 3734 2140 3807">
    <p class='ocr_par' dir='ltr' id='par_1_46' title="bbox 610 3734 2140 3807">
     <span class='ocr_line' id='line_1_46' title="bbox 610 3734 2140 3807; baseline 0.002 -22"><span class='ocrx_word' id='word_1_320' title='bbox 610 3736 624 3768; x_wconf 83' lang='grc'>¹</span> <span class='ocrx_word' id='word_1_321' title='bbox 649 3741 724 3807; x_wconf 61' lang='grc' dir='ltr'><strong>μ’.</strong></span> <span class='ocrx_word' id='word_1_322' title='bbox 752 3736 895 3807; x_wconf 76' lang='lat' dir='ltr'><strong>tngd.</strong></span> <span class='ocrx_word' id='word_1_323' title='bbox 924 3743 974 3807; x_wconf 76' lang='lat' dir='ltr'><strong>et</strong></span> <span class='ocrx_word' id='word_1_324' title='bbox 1009 3744 1124 3807; x_wconf 56' lang='lat' dir='ltr'><strong>\jen.</strong></span> <span class='ocrx_word' id='word_1_325' title='bbox 1161 3737 1247 3807; x_wconf 37' lang='lat' dir='ltr'><strong>sic.</strong></span> <span class='ocrx_word' id='word_1_326' title='bbox 1270 3735 1441 3807; x_wconf 76' lang='lat' dir='ltr'><strong>legunt</strong></span> <span class='ocrx_word' id='word_1_327' title='bbox 1474 3736 1603 3787; x_wconf 87' lang='lat' dir='ltr'><strong>hunc</strong></span> <span class='ocrx_word' id='word_1_328' title='bbox 1638 3734 1793 3787; x_wconf 89' lang='lat' dir='ltr'><strong>locum</strong></span> <span class='ocrx_word' id='word_1_329' title='bbox 1818 3750 1832 3786; x_wconf 88' lang='lat'><strong>:</strong></span> <span class='ocrx_word' id='word_1_330' title='bbox 1863 3735 1949 3807; x_wconf 75' lang='lat' dir='ltr'><strong>Hic</strong></span> <span class='ocrx_word' id='word_1_331' title='bbox 1971 3742 2017 3788; x_wconf 84' lang='lat' dir='ltr'><strong>et</strong></span> <span class='ocrx_word' id='word_1_332' title='bbox 2039 3736 2140 3788; x_wconf 84' lang='lat' dir='ltr'><strong>alia</strong></span> 
     </span>
    </p>
   </div>
   <div class='ocr_carea' id='block_1_47' title="bbox 542 3799 1945 3860">
    <p class='ocr_par' dir='ltr' id='par_1_47' title="bbox 542 3799 1945 3860">
     <span class='ocr_line' id='line_1_47' title="bbox 542 3799 1945 3860; baseline 0.001 -14"><span class='ocrx_word' id='word_1_333' title='bbox 542 3799 822 3860; x_wconf 62' lang='lat' dir='ltr'><strong>nptamtio</strong></span> <span class='ocrx_word' id='word_1_334' title='bbox 844 3800 931 3848; x_wconf 82' lang='lat' dir='ltr'><strong>hoc</strong></span> <span class='ocrx_word' id='word_1_335' title='bbox 953 3799 1093 3849; x_wconf 78' lang='lat' dir='ltr'><strong>habet</strong></span> <span class='ocrx_word' id='word_1_336' title='bbox 1122 3799 1353 3850; x_wconf 72' lang='lat' dir='ltr'><strong>:ea&#39;imus</strong></span> <span class='ocrx_word' id='word_1_337' title='bbox 1384 3801 1448 3851; x_wconf 82' lang='lat' dir='ltr'><strong>de</strong></span> <span class='ocrx_word' id='word_1_338' title='bbox 1469 3806 1603 3849; x_wconf 88' lang='lat' dir='ltr'><strong>terra</strong></span> <span class='ocrx_word' id='word_1_339' title='bbox 1638 3807 1822 3849; x_wconf 81' lang='lat' dir='ltr'><strong>nostra.</strong></span> <span class='ocrx_word' id='word_1_340' title='bbox 1886 3806 1945 3847; x_wconf 77' lang='lat' dir='ltr'><strong>II.</strong></span> 
     </span>
    </p>
   </div>
   <div class='ocr_carea' id='block_1_48' title="bbox 2032 3851 2058 3875">
    <p class='ocr_par' dir='ltr' id='par_1_48' title="bbox 2032 3851 2058 3875">
     <span class='ocr_line' id='line_1_48' title="bbox 2032 3851 2058 3875; baseline 0 -2"><span class='ocrx_word' id='word_1_341' title='bbox 2032 3851 2058 3875; x_wconf 68' lang='grc' dir='ltr'><em>ι</em></span> 
     </span>
    </p>
   </div>
   <div class='ocr_carea' id='block_1_49' title="bbox 1230 3928 1619 3947">
    <p class='ocr_par' dir='ltr' id='par_1_49' title="bbox 1230 3935 1615 3947">
     <span class='ocr_line' id='line_1_49' title="bbox 1230 3935 1615 3947; baseline 0 -5"><span class='ocrx_word' id='word_1_342' title='bbox 1230 3935 1311 3947; x_wconf 45' lang='grc' dir='ltr'><strong>ς-Ζχ</strong></span> <span class='ocrx_word' id='word_1_343' title='bbox 1330 3935 1615 3947; x_wconf 45' lang='grc' dir='ltr'><strong>έδ--ῇ</strong></span> 
     </span>
    </p>
   </div>
   <div class='ocr_carea' id='block_1_50' title="bbox 594 3934 1050 3943">
    <p class='ocr_par' dir='ltr' id='par_1_50' title="bbox 594 3934 1050 3943">
     <span class='ocr_line' id='line_1_50' title="bbox 594 3934 1050 3943; baseline 0.002 -4"><span class='ocrx_word' id='word_1_344' title='bbox 594 3934 779 3942; x_wconf 53' lang='grc' dir='ltr'><strong>-σ-α--υυ</strong></span> <span class='ocrx_word' id='word_1_345' title='bbox 792 3936 797 3939; x_wconf 69' lang='grc'>‹</span> <span class='ocrx_word' id='word_1_346' title='bbox 808 3935 1050 3943; x_wconf 44' lang='grc' dir='ltr'><strong>-ν--δῡ-φμ</strong></span> 
     </span>
    </p>
   </div>
   <div class='ocr_carea' id='block_1_51' title="bbox 550 3944 1014 3983">
    <p class='ocr_par' dir='ltr' id='par_1_51' title="bbox 550 3944 1014 3983">
     <span class='ocr_line' id='line_1_51' title="bbox 550 3944 1014 3983; baseline 0 -2"><span class='ocrx_word' id='word_1_347' title='bbox 550 3944 1014 3983; x_wconf 55' lang='lat' dir='ltr'><em>m</em></span> 
     </span>
    </p>
   </div>
   <div class='ocr_carea' id='block_1_52' title="bbox 1063 3935 1289 3943">
    <p class='ocr_par' dir='ltr' id='par_1_52' title="bbox 1063 3935 1289 3943">
     <span class='ocr_line' id='line_1_52' title="bbox 1063 3935 1289 3943; baseline -0.004 -1"><span class='ocrx_word' id='word_1_348' title='bbox 1063 3935 1289 3943; x_wconf 47' lang='lat'><strong>&quot;——</strong></span> 
     </span>
    </p>
   </div>
   <div class='ocr_carea' id='block_1_53' title="bbox 1650 3933 2699 4135">
    <p class='ocr_par' dir='ltr' id='par_1_53' title="bbox 1650 3933 2699 4135">
     <span class='ocr_line' id='line_1_53' title="bbox 1650 3933 2699 4135; baseline 0.005 -5"><span class='ocrx_word' id='word_1_349' title='bbox 1650 3933 2699 4135; x_wconf 46' lang='lat' dir='ltr'><strong>ﬁﬁiﬁo</strong></span> 
     </span>
    </p>
   </div>
   <div class='ocr_carea' id='block_1_54' title="bbox 3756 434 3860 489">
    <p class='ocr_par' dir='ltr' id='par_1_54' title="bbox 3756 434 3860 489">
     <span class='ocr_line' id='line_1_54' title="bbox 3756 434 3860 489; baseline -0.019 0"><span class='ocrx_word' id='word_1_350' title='bbox 3756 434 3860 489; x_wconf 68' lang='lat'><strong>753</strong></span> 
     </span>
    </p>
   </div>
   <div class='ocr_carea' id='block_1_55' title="bbox 2258 544 3863 614">
    <p class='ocr_par' dir='ltr' id='par_1_55' title="bbox 2258 544 3863 614">
     <span class='ocr_line' id='line_1_55' title="bbox 2258 544 3863 614; baseline 0.004 -16"><span class='ocrx_word' id='word_1_351' title='bbox 2258 559 2447 609; x_wconf 84' lang='lat' dir='ltr'><strong>pecora</strong></span> <span class='ocrx_word' id='word_1_352' title='bbox 2478 544 2732 614; x_wconf 62' lang='lat' dir='ltr'><strong>praesepia</strong></span> <span class='ocrx_word' id='word_1_353' title='bbox 2764 554 3182 613; x_wconf 79' lang='lat' dir='ltr'><strong>recognoscant,</strong></span> <span class='ocrx_word' id='word_1_354' title='bbox 3212 556 3266 600; x_wconf 89' lang='lat' dir='ltr'><strong>et</strong></span> <span class='ocrx_word' id='word_1_355' title='bbox 3293 560 3419 602; x_wconf 82' lang='lat' dir='ltr'><strong>aves</strong></span> <span class='ocrx_word' id='word_1_356' title='bbox 3444 547 3512 601; x_wconf 86' lang='lat' dir='ltr'><strong>ad</strong></span> <span class='ocrx_word' id='word_1_357' title='bbox 3545 545 3703 601; x_wconf 88' lang='lat' dir='ltr'><strong>nidos</strong></span> <span class='ocrx_word' id='word_1_358' title='bbox 3734 566 3863 605; x_wconf 68' lang='lat' dir='ltr'><strong>suos</strong></span> 
     </span>
    </p>
   </div>
   <div class='ocr_carea' id='block_1_56' title="bbox 2256 615 3863 686">
    <p class='ocr_par' dir='ltr' id='par_1_56' title="bbox 2256 615 3863 686">
     <span class='ocr_line' id='line_1_56' title="bbox 2256 615 3863 686; baseline 0.002 -18"><span class='ocrx_word' id='word_1_359' title='bbox 2256 615 2481 669; x_wconf 78' lang='lat' dir='ltr'><strong>redeunt</strong></span> <span class='ocrx_word' id='word_1_360' title='bbox 2506 634 2517 670; x_wconf 93' lang='lat'>:</span> <span class='ocrx_word' id='word_1_361' title='bbox 2545 618 2639 670; x_wconf 92' lang='lat' dir='ltr'><strong>sed</strong></span> <span class='ocrx_word' id='word_1_362' title='bbox 2668 630 2765 668; x_wconf 89' lang='lat' dir='ltr'><strong>nec</strong></span> <span class='ocrx_word' id='word_1_363' title='bbox 2786 631 2846 669; x_wconf 88' lang='lat' dir='ltr'><strong>se</strong></span> <span class='ocrx_word' id='word_1_364' title='bbox 2873 617 2985 678; x_wconf 86' lang='lat' dir='ltr'><strong>ipsa</strong></span> <span class='ocrx_word' id='word_1_365' title='bbox 3016 617 3313 686; x_wconf 84' lang='lat' dir='ltr'><strong>intelligunt</strong></span> <span class='ocrx_word' id='word_1_366' title='bbox 3342 634 3458 685; x_wconf 72' lang='lat' dir='ltr'><strong>qua:</strong></span> <span class='ocrx_word' id='word_1_367' title='bbox 3484 618 3614 681; x_wconf 90' lang='lat' dir='ltr'><strong>sint,</strong></span> <span class='ocrx_word' id='word_1_368' title='bbox 3644 634 3749 673; x_wconf 86' lang='lat' dir='ltr'><strong>nec</strong></span> <span class='ocrx_word' id='word_1_369' title='bbox 3774 621 3863 673; x_wconf 85' lang='lat' dir='ltr'><strong>illa</strong></span> 
     </span>
    </p>
   </div>
   <div class='ocr_carea' id='block_1_57' title="bbox 2254 686 3863 757">
    <p class='ocr_par' dir='ltr' id='par_1_57' title="bbox 2254 686 3863 757">
     <span class='ocr_line' id='line_1_57' title="bbox 2254 686 3863 757; baseline 0.004 -18"><span class='ocrx_word' id='word_1_370' title='bbox 2254 702 2372 755; x_wconf 73' lang='lat' dir='ltr'><strong>qua:</strong></span> <span class='ocrx_word' id='word_1_371' title='bbox 2403 687 2574 740; x_wconf 84' lang='lat' dir='ltr'><strong>oculis</strong></span> <span class='ocrx_word' id='word_1_372' title='bbox 2602 696 2846 740; x_wconf 84' lang='lat' dir='ltr'><strong>cernunt.</strong></span> <span class='ocrx_word' id='word_1_373' title='bbox 2896 686 3173 741; x_wconf 87' lang='lat' dir='ltr'><strong>Postremo</strong></span> <span class='ocrx_word' id='word_1_374' title='bbox 3219 689 3512 757; x_wconf 87' lang='lat' dir='ltr'><strong>corporalis</strong></span> <span class='ocrx_word' id='word_1_375' title='bbox 3556 690 3698 745; x_wconf 88' lang='lat' dir='ltr'><strong>visio</strong></span> <span class='ocrx_word' id='word_1_376' title='bbox 3748 694 3863 745; x_wconf 81' lang='lat' dir='ltr'><strong>sine</strong></span> 
     </span>
    </p>
   </div>
   <div class='ocr_carea' id='block_1_58' title="bbox 2253 758 3862 830">
    <p class='ocr_par' dir='ltr' id='par_1_58' title="bbox 2253 758 3862 830">
     <span class='ocr_line' id='line_1_58' title="bbox 2253 758 3862 830; baseline 0.004 -20"><span class='ocrx_word' id='word_1_377' title='bbox 2253 758 2514 830; x_wconf 83' lang='lat' dir='ltr'><strong>spirituali</strong></span> <span class='ocrx_word' id='word_1_378' title='bbox 2545 773 2665 830; x_wconf 77' lang='lat' dir='ltr'><strong>esse</strong></span> <span class='ocrx_word' id='word_1_379' title='bbox 2697 773 2799 811; x_wconf 92' lang='lat' dir='ltr'><strong>non</strong></span> <span class='ocrx_word' id='word_1_380' title='bbox 2834 766 3027 830; x_wconf 85' lang='lat' dir='ltr'><strong>potest.</strong></span> <span class='ocrx_word' id='word_1_381' title='bbox 3074 758 3264 830; x_wconf 87' lang='lat' dir='ltr'><strong>Statim</strong></span> <span class='ocrx_word' id='word_1_382' title='bbox 3311 775 3439 830; x_wconf 86' lang='lat' dir='ltr'><strong>ergo</strong></span> <span class='ocrx_word' id='word_1_383' title='bbox 3479 769 3536 813; x_wconf 93' lang='lat' dir='ltr'><strong>ut</strong></span> <span class='ocrx_word' id='word_1_384' title='bbox 3562 762 3862 815; x_wconf 80' lang='lat' dir='ltr'><strong>avertimus</strong></span> 
     </span>
    </p>
   </div>
   <div class='ocr_carea' id='block_1_59' title="bbox 2253 827 3863 901">
    <p class='ocr_par' dir='ltr' id='par_1_59' title="bbox 2253 827 3863 901">
     <span class='ocr_line' id='line_1_59' title="bbox 2253 827 3863 901; baseline 0.002 -19"><span class='ocrx_word' id='word_1_385' title='bbox 2253 828 2436 901; x_wconf 81' lang='lat' dir='ltr'><strong>oculos</strong></span> <span class='ocrx_word' id='word_1_386' title='bbox 2464 829 2531 883; x_wconf 87' lang='lat' dir='ltr'><strong>ab</strong></span> <span class='ocrx_word' id='word_1_387' title='bbox 2556 829 2634 882; x_wconf 91' lang='lat' dir='ltr'><strong>eis</strong></span> <span class='ocrx_word' id='word_1_388' title='bbox 2663 827 3080 901; x_wconf 72' lang='lat' dir='ltr'><strong>quzevidemus,</strong></span> <span class='ocrx_word' id='word_1_389' title='bbox 3113 827 3584 899; x_wconf 55' lang='lat' dir='ltr'><strong>imagines&#39;eorum</strong></span> <span class='ocrx_word' id='word_1_390' title='bbox 3627 848 3753 901; x_wconf 62' lang='lat' dir='ltr'><strong>quae</strong></span> <span class='ocrx_word' id='word_1_391' title='bbox 3785 834 3863 885; x_wconf 85' lang='lat' dir='ltr'><strong>vi-</strong></span> 
     </span>
    </p>
   </div>
   <div class='ocr_carea' id='block_1_60' title="bbox 2253 898 3863 969">
    <p class='ocr_par' dir='ltr' id='par_1_60' title="bbox 2253 898 3863 969">
     <span class='ocr_line' id='line_1_60' title="bbox 2253 898 3863 969; baseline 0.004 -17"><span class='ocrx_word' id='word_1_392' title='bbox 2253 898 2461 965; x_wconf 88' lang='lat' dir='ltr'><strong>dimus,</strong></span> <span class='ocrx_word' id='word_1_393' title='bbox 2496 900 2547 953; x_wconf 88' lang='lat' dir='ltr'><strong>itt</strong></span> <span class='ocrx_word' id='word_1_394' title='bbox 2580 898 2834 953; x_wconf 88' lang='lat' dir='ltr'><strong>memoria</strong></span> <span class='ocrx_word' id='word_1_395' title='bbox 2868 900 3178 954; x_wconf 89' lang='lat' dir='ltr'><strong>retinemus.</strong></span> <span class='ocrx_word' id='word_1_396' title='bbox 3212 898 3511 969; x_wconf 75' lang='lat' dir='ltr'><strong>Spiritualis</strong></span> <span class='ocrx_word' id='word_1_397' title='bbox 3545 898 3678 956; x_wconf 86' lang='lat' dir='ltr'><strong>vero</strong></span> <span class='ocrx_word' id='word_1_398' title='bbox 3724 904 3863 957; x_wconf 81' lang='lat' dir='ltr'><strong>visio</strong></span> 
     </span>
    </p>
   </div>
   <div class='ocr_carea' id='block_1_61' title="bbox 2253 970 3862 1039">
    <p class='ocr_par' dir='ltr' id='par_1_61' title="bbox 2253 970 3862 1039">
     <span class='ocr_line' id='line_1_61' title="bbox 2253 970 3862 1039; baseline 0.004 -16"><span class='ocrx_word' id='word_1_399' title='bbox 2253 971 2369 1024; x_wconf 90' lang='lat' dir='ltr'><strong>sine</strong></span> <span class='ocrx_word' id='word_1_400' title='bbox 2395 970 2658 1039; x_wconf 80' lang='lat' dir='ltr'><strong>Corporali</strong></span> <span class='ocrx_word' id='word_1_401' title='bbox 2687 984 2807 1024; x_wconf 88' lang='lat' dir='ltr'><strong>esse</strong></span> <span class='ocrx_word' id='word_1_402' title='bbox 2836 979 3009 1038; x_wconf 88' lang='lat' dir='ltr'><strong>potest</strong></span> <span class='ocrx_word' id='word_1_403' title='bbox 3033 988 3047 1033; x_wconf 91' lang='lat'><strong>;</strong></span> <span class='ocrx_word' id='word_1_404' title='bbox 3077 971 3218 1026; x_wconf 90' lang='lat' dir='ltr'><strong>unde</strong></span> <span class='ocrx_word' id='word_1_405' title='bbox 3247 983 3300 1025; x_wconf 88' lang='lat' dir='ltr'><strong>et</strong></span> <span class='ocrx_word' id='word_1_406' title='bbox 3328 973 3579 1031; x_wconf 80' lang='lat' dir='ltr'><strong>absentes</strong></span> <span class='ocrx_word' id='word_1_407' title='bbox 3608 974 3862 1029; x_wconf 87' lang='lat' dir='ltr'><strong>homines</strong></span> 
     </span>
    </p>
   </div>
   <div class='ocr_carea' id='block_1_62' title="bbox 2253 1041 3860 1111">
    <p class='ocr_par' dir='ltr' id='par_1_62' title="bbox 2253 1041 3860 1111">
     <span class='ocr_line' id='line_1_62' title="bbox 2253 1041 3860 1111; baseline 0.002 -18"><span class='ocrx_word' id='word_1_408' title='bbox 2253 1041 2617 1103; x_wconf 77' lang='lat' dir='ltr'><strong>I&#39;OCtird:lInIII‘,</strong></span> <span class='ocrx_word' id='word_1_409' title='bbox 2644 1051 2697 1095; x_wconf 91' lang='lat' dir='ltr'><strong>et</strong></span> <span class='ocrx_word' id='word_1_410' title='bbox 2728 1042 2777 1093; x_wconf 90' lang='lat' dir='ltr'><strong>in</strong></span> <span class='ocrx_word' id='word_1_411' title='bbox 2806 1043 3039 1095; x_wconf 87' lang='lat' dir='ltr'><strong>tenebris</strong></span> <span class='ocrx_word' id='word_1_412' title='bbox 3068 1057 3126 1094; x_wconf 89' lang='lat' dir='ltr'><strong>ea</strong></span> <span class='ocrx_word' id='word_1_413' title='bbox 3157 1058 3276 1111; x_wconf 78' lang='lat' dir='ltr'><strong>quze</strong></span> <span class='ocrx_word' id='word_1_414' title='bbox 3300 1042 3527 1097; x_wconf 87' lang='lat' dir='ltr'><strong>vidimus</strong></span> <span class='ocrx_word' id='word_1_415' title='bbox 3548 1084 3566 1110; x_wconf 91' lang='lat'><strong>,</strong></span> <span class='ocrx_word' id='word_1_416' title='bbox 3596 1044 3860 1109; x_wconf 76' lang='lat' dir='ltr'><strong>imagina—</strong></span> 
     </span>
    </p>
   </div>
   <div class='ocr_carea' id='block_1_63' title="bbox 2253 1111 3857 1182">
    <p class='ocr_par' dir='ltr' id='par_1_63' title="bbox 2253 1111 3857 1182">
     <span class='ocr_line' id='line_1_63' title="bbox 2253 1111 3857 1182; baseline 0.003 -18"><span class='ocrx_word' id='word_1_417' title='bbox 2253 1112 2373 1165; x_wconf 86' lang='lat' dir='ltr'><strong>ltter</strong></span> <span class='ocrx_word' id='word_1_418' title='bbox 2419 1112 2710 1165; x_wconf 87' lang='lat' dir='ltr'><strong>cernimus.</strong></span> <span class='ocrx_word' id='word_1_419' title='bbox 2770 1111 3143 1166; x_wconf 81' lang='lat' dir='ltr'><strong>Intellectualis</strong></span> <span class='ocrx_word' id='word_1_420' title='bbox 3190 1129 3381 1179; x_wconf 88' lang='lat' dir='ltr'><strong>nempe</strong></span> <span class='ocrx_word' id='word_1_421' title='bbox 3434 1129 3535 1169; x_wconf 88' lang='lat' dir='ltr'><strong>nec</strong></span> <span class='ocrx_word' id='word_1_422' title='bbox 3584 1118 3857 1182; x_wconf 84' lang='lat' dir='ltr'><strong>corporali</strong></span> 
     </span>
    </p>
   </div>
   <div class='ocr_carea' id='block_1_64' title="bbox 2254 1182 3857 1253">
    <p class='ocr_par' dir='ltr' id='par_1_64' title="bbox 2254 1182 3857 1253">
     <span class='ocr_line' id='line_1_64' title="bbox 2254 1182 3857 1253; baseline 0.004 -19"><span class='ocrx_word' id='word_1_423' title='bbox 2254 1182 2457 1251; x_wconf 84' lang='lat' dir='ltr'><strong>indiget</strong></span> <span class='ocrx_word' id='word_1_424' title='bbox 2500 1197 2598 1239; x_wconf 84' lang='lat' dir='ltr'><strong>nec.</strong></span> <span class='ocrx_word' id='word_1_425' title='bbox 2645 1183 2927 1250; x_wconf 91' lang='lat' dir='ltr'><strong>spirituali.</strong></span> <span class='ocrx_word' id='word_1_426' title='bbox 2980 1183 3079 1237; x_wconf 79' lang='lat' dir='ltr'><strong>I’er</strong></span> <span class='ocrx_word' id='word_1_427' title='bbox 3128 1184 3454 1239; x_wconf 85' lang='lat' dir='ltr'><strong>intellectum</strong></span> <span class='ocrx_word' id='word_1_428' title='bbox 3505 1201 3606 1240; x_wconf 90' lang='lat' dir='ltr'><strong>nec</strong></span> <span class='ocrx_word' id='word_1_429' title='bbox 3652 1200 3857 1253; x_wconf 86' lang='lat' dir='ltr'><strong>corpus</strong></span> 
     </span>
    </p>
   </div>
   <div class='ocr_carea' id='block_1_65' title="bbox 2251 1254 3856 1325">
    <p class='ocr_par' dir='ltr' id='par_1_65' title="bbox 2251 1254 3856 1325">
     <span class='ocr_line' id='line_1_65' title="bbox 2251 1254 3856 1325; baseline 0.003 -21"><span class='ocrx_word' id='word_1_430' title='bbox 2251 1254 2510 1325; x_wconf 79' lang='lat' dir='ltr'><strong>videmus,</strong></span> <span class='ocrx_word' id='word_1_431' title='bbox 2542 1268 2638 1325; x_wconf 86' lang='lat' dir='ltr'><strong>nec</strong></span> <span class='ocrx_word' id='word_1_432' title='bbox 2666 1254 2945 1325; x_wconf 85' lang='lat' dir='ltr'><strong>imaginem</strong></span> <span class='ocrx_word' id='word_1_433' title='bbox 2974 1255 3233 1321; x_wconf 85' lang='lat' dir='ltr'><strong>corporis.</strong></span> <span class='ocrx_word' id='word_1_434' title='bbox 3260 1255 3359 1309; x_wconf 79' lang='lat' dir='ltr'><strong>Per</strong></span> <span class='ocrx_word' id='word_1_435' title='bbox 3386 1255 3522 1310; x_wconf 89' lang='lat' dir='ltr'><strong>hanc</strong></span> <span class='ocrx_word' id='word_1_436' title='bbox 3548 1256 3753 1325; x_wconf 81' lang='lat' dir='ltr'><strong>quippe</strong></span> <span class='ocrx_word' id='word_1_437' title='bbox 3779 1260 3856 1309; x_wconf 83' lang='lat' dir='ltr'><strong>vi-</strong></span> 
     </span>
    </p>
   </div>
   <div class='ocr_carea' id='block_1_66' title="bbox 2251 1323 3853 1393">
    <p class='ocr_par' dir='ltr' id='par_1_66' title="bbox 2251 1323 3853 1393">
     <span class='ocr_line' id='line_1_66' title="bbox 2251 1323 3853 1393; baseline 0.002 -16"><span class='ocrx_word' id='word_1_438' title='bbox 2251 1323 2407 1377; x_wconf 80' lang='lat' dir='ltr'><strong>tietur</strong></span> <span class='ocrx_word' id='word_1_439' title='bbox 2428 1324 2653 1392; x_wconf 88' lang='lat' dir='ltr'><strong>justitia,</strong></span> <span class='ocrx_word' id='word_1_440' title='bbox 2678 1323 2930 1385; x_wconf 79' lang='lat' dir='ltr'><strong>cltaritas,</strong></span> <span class='ocrx_word' id='word_1_441' title='bbox 2958 1325 3068 1393; x_wconf 88' lang='lat' dir='ltr'><strong>ipse</strong></span> <span class='ocrx_word' id='word_1_442' title='bbox 3091 1325 3252 1388; x_wconf 90' lang='lat' dir='ltr'><strong>Deus,</strong></span> <span class='ocrx_word' id='word_1_443' title='bbox 3280 1326 3393 1393; x_wconf 88' lang='lat' dir='ltr'><strong>ipsa</strong></span> <span class='ocrx_word' id='word_1_444' title='bbox 3417 1323 3853 1390; x_wconf 83' lang='lat' dir='ltr'><strong>menshominis.</strong></span> 
     </span>
    </p>
   </div>
   <div class='ocr_carea' id='block_1_67' title="bbox 2249 1394 3855 1464">
    <p class='ocr_par' dir='ltr' id='par_1_67' title="bbox 2249 1394 3855 1464">
     <span class='ocr_line' id='line_1_67' title="bbox 2249 1394 3855 1464; baseline 0.003 -18"><span class='ocrx_word' id='word_1_445' title='bbox 2249 1410 2367 1464; x_wconf 73' lang='lat' dir='ltr'><strong>qum</strong></span> <span class='ocrx_word' id='word_1_446' title='bbox 2398 1396 2598 1447; x_wconf 90' lang='lat' dir='ltr'><strong>nullum</strong></span> <span class='ocrx_word' id='word_1_447' title='bbox 2631 1411 2820 1462; x_wconf 89' lang='lat' dir='ltr'><strong>corptts</strong></span> <span class='ocrx_word' id='word_1_448' title='bbox 2851 1394 3029 1454; x_wconf 89' lang='lat' dir='ltr'><strong>habet,</strong></span> <span class='ocrx_word' id='word_1_449' title='bbox 3064 1396 3261 1449; x_wconf 88' lang='lat' dir='ltr'><strong>nullam</strong></span> <span class='ocrx_word' id='word_1_450' title='bbox 3293 1397 3700 1451; x_wconf 85' lang='lat' dir='ltr'><strong>similitudinem</strong></span> <span class='ocrx_word' id='word_1_451' title='bbox 3729 1414 3855 1451; x_wconf 83' lang='lat' dir='ltr'><strong>oor-</strong></span> 
     </span>
    </p>
   </div>
   <div class='ocr_carea' id='block_1_68' title="bbox 2252 1464 3854 1533">
    <p class='ocr_par' dir='ltr' id='par_1_68' title="bbox 2252 1464 3854 1533">
     <span class='ocr_line' id='line_1_68' title="bbox 2252 1464 3854 1533; baseline 0.003 -16"><span class='ocrx_word' id='word_1_452' title='bbox 2252 1466 2415 1532; x_wconf 90' lang='lat' dir='ltr'><strong>poris.</strong></span> <span class='ocrx_word' id='word_1_453' title='bbox 2444 1466 2526 1519; x_wconf 86' lang='lat' dir='ltr'><strong>0b</strong></span> <span class='ocrx_word' id='word_1_454' title='bbox 2553 1465 2603 1518; x_wconf 92' lang='lat' dir='ltr'><strong>id</strong></span> <span class='ocrx_word' id='word_1_455' title='bbox 2631 1474 2685 1517; x_wconf 85' lang='lat' dir='ltr'><strong>et</strong></span> <span class='ocrx_word' id='word_1_456' title='bbox 2714 1476 2895 1533; x_wconf 89' lang='lat' dir='ltr'><strong>raptus</strong></span> <span class='ocrx_word' id='word_1_457' title='bbox 2923 1464 3094 1520; x_wconf 84' lang='lat' dir='ltr'><strong>fuerat</strong></span> <span class='ocrx_word' id='word_1_458' title='bbox 3118 1469 3391 1533; x_wconf 80' lang='lat' dir='ltr'><strong>apostolus</strong></span> <span class='ocrx_word' id='word_1_459' title='bbox 3420 1468 3616 1522; x_wconf 83' lang='lat' dir='ltr'><strong>Paulus</strong></span> <span class='ocrx_word' id='word_1_460' title='bbox 3655 1469 3709 1520; x_wconf 94' lang='lat' dir='ltr'><strong>in</strong></span> <span class='ocrx_word' id='word_1_461' title='bbox 3745 1482 3854 1522; x_wconf 77' lang='lat' dir='ltr'><strong>ter-</strong></span> 
     </span>
    </p>
   </div>
   <div class='ocr_carea' id='block_1_69' title="bbox 2251 1535 3853 1605">
    <p class='ocr_par' dir='ltr' id='par_1_69' title="bbox 2251 1535 3853 1605">
     <span class='ocr_line' id='line_1_69' title="bbox 2251 1535 3853 1605; baseline 0.004 -17"><span class='ocrx_word' id='word_1_462' title='bbox 2251 1537 2381 1589; x_wconf 92' lang='lat' dir='ltr'><strong>tiutn</strong></span> <span class='ocrx_word' id='word_1_463' title='bbox 2412 1535 2604 1589; x_wconf 78' lang='lat' dir='ltr'><strong>cmlttm</strong></span> <span class='ocrx_word' id='word_1_464' title='bbox 2648 1535 2713 1602; x_wconf 90' lang='lat' dir='ltr'><strong>(ll</strong></span> <span class='ocrx_word' id='word_1_465' title='bbox 2743 1536 2860 1590; x_wconf 88' lang='lat' dir='ltr'><strong>Cor.</strong></span> <span class='ocrx_word' id='word_1_466' title='bbox 2890 1552 2961 1590; x_wconf 71' lang='grc' dir='ltr'><strong>χιι</strong></span> <span class='ocrx_word' id='word_1_467' title='bbox 2982 1577 2997 1601; x_wconf 86' lang='grc'><em>,</em></span> <span class='ocrx_word' id='word_1_468' title='bbox 3022 1536 3079 1605; x_wconf 75' lang='grc'>2)</span> <span class='ocrx_word' id='word_1_469' title='bbox 3101 1577 3114 1601; x_wconf 86' lang='grc'><em>,</em></span> <span class='ocrx_word' id='word_1_470' title='bbox 3147 1538 3196 1591; x_wconf 92' lang='lat' dir='ltr'><strong>id</strong></span> <span class='ocrx_word' id='word_1_471' title='bbox 3225 1550 3306 1592; x_wconf 89' lang='lat' dir='ltr'><strong>est</strong></span> <span class='ocrx_word' id='word_1_472' title='bbox 3334 1539 3399 1592; x_wconf 94' lang='lat' dir='ltr'><strong>ad</strong></span> <span class='ocrx_word' id='word_1_473' title='bbox 3428 1539 3853 1594; x_wconf 83' lang='lat' dir='ltr'><strong>intellectualem</strong></span> 
     </span>
    </p>
   </div>
   <div class='ocr_carea' id='block_1_70' title="bbox 2248 1606 3853 1677">
    <p class='ocr_par' dir='ltr' id='par_1_70' title="bbox 2248 1606 3853 1677">
     <span class='ocr_line' id='line_1_70' title="bbox 2248 1606 3853 1677; baseline 0.005 -23"><span class='ocrx_word' id='word_1_474' title='bbox 2248 1606 2529 1677; x_wconf 82' lang='lat' dir='ltr'><strong>visionem,</strong></span> <span class='ocrx_word' id='word_1_475' title='bbox 2560 1616 2615 1659; x_wconf 89' lang='lat' dir='ltr'><strong>ut</strong></span> <span class='ocrx_word' id='word_1_476' title='bbox 2648 1607 2809 1661; x_wconf 84' lang='lat' dir='ltr'><strong>Deum</strong></span> <span class='ocrx_word' id='word_1_477' title='bbox 2843 1623 2945 1661; x_wconf 92' lang='lat' dir='ltr'><strong>non</strong></span> <span class='ocrx_word' id='word_1_478' title='bbox 2980 1623 3071 1675; x_wconf 91' lang='lat' dir='ltr'><strong>pcr</strong></span> <span class='ocrx_word' id='word_1_479' title='bbox 3096 1623 3307 1677; x_wconf 90' lang='lat' dir='ltr'><strong>corpus,</strong></span> <span class='ocrx_word' id='word_1_480' title='bbox 3339 1626 3442 1662; x_wconf 89' lang='lat' dir='ltr'><strong>non</strong></span> <span class='ocrx_word' id='word_1_481' title='bbox 3477 1625 3573 1677; x_wconf 89' lang='lat' dir='ltr'><strong>per</strong></span> <span class='ocrx_word' id='word_1_482' title='bbox 3598 1611 3853 1663; x_wconf 81' lang='lat' dir='ltr'><strong>similitu-</strong></span> 
     </span>
    </p>
   </div>
   <div class='ocr_carea' id='block_1_71' title="bbox 2247 1676 3848 1746">
    <p class='ocr_par' dir='ltr' id='par_1_71' title="bbox 2247 1676 3848 1746">
     <span class='ocr_line' id='line_1_71' title="bbox 2247 1676 3848 1746; baseline 0.005 -19"><span class='ocrx_word' id='word_1_483' title='bbox 2247 1676 2426 1731; x_wconf 84' lang='lat' dir='ltr'><strong>dinem</strong></span> <span class='ocrx_word' id='word_1_484' title='bbox 2465 1679 2737 1745; x_wconf 89' lang='lat' dir='ltr'><strong>corp0ris,</strong></span> <span class='ocrx_word' id='word_1_485' title='bbox 2780 1678 2872 1732; x_wconf 91' lang='lat' dir='ltr'><strong>scd</strong></span> <span class='ocrx_word' id='word_1_486' title='bbox 2914 1679 3054 1732; x_wconf 80' lang='lat' dir='ltr'><strong>sicut</strong></span> <span class='ocrx_word' id='word_1_487' title='bbox 3090 1690 3172 1733; x_wconf 67' lang='lat' dir='ltr'><strong>est</strong></span> <span class='ocrx_word' id='word_1_488' title='bbox 3194 1676 3321 1746; x_wconf 80' lang='lat' dir='ltr'><strong>ipsa</strong></span> <span class='ocrx_word' id='word_1_489' title='bbox 3349 1676 3547 1735; x_wconf 85' lang='lat' dir='ltr'><strong>veritas</strong></span> <span class='ocrx_word' id='word_1_490' title='bbox 3577 1692 3848 1735; x_wconf 84' lang='lat' dir='ltr'><strong>cerneret.</strong></span> 
     </span>
    </p>
   </div>
   <div class='ocr_carea' id='block_1_72' title="bbox 2248 1746 3849 1822">
    <p class='ocr_par' dir='ltr' id='par_1_72' title="bbox 2248 1746 3849 1822">
     <span class='ocr_line' id='line_1_72' title="bbox 2248 1746 3849 1822; baseline 0.002 -21"><span class='ocrx_word' id='word_1_491' title='bbox 2248 1746 2380 1801; x_wconf 80' lang='lat' dir='ltr'><strong>Tres</strong></span> <span class='ocrx_word' id='word_1_492' title='bbox 2409 1763 2536 1816; x_wconf 87' lang='lat' dir='ltr'><strong>ergo</strong></span> <span class='ocrx_word' id='word_1_493' title='bbox 2565 1750 2722 1822; x_wconf 69' lang='lat' dir='ltr'><strong>coeli,</strong></span> <span class='ocrx_word' id='word_1_494' title='bbox 2745 1751 2855 1822; x_wconf 17' lang='lat' dir='ltr'><strong>Atria</strong></span> <span class='ocrx_word' id='word_1_495' title='bbox 2896 1761 3036 1822; x_wconf 53' lang='lat' dir='ltr'><strong>sunt</strong></span> <span class='ocrx_word' id='word_1_496' title='bbox 3057 1749 3317 1803; x_wconf 88' lang='lat' dir='ltr'><strong>visiomnn</strong></span> <span class='ocrx_word' id='word_1_497' title='bbox 3348 1751 3414 1804; x_wconf 93' lang='lat' dir='ltr'><strong>de</strong></span> <span class='ocrx_word' id='word_1_498' title='bbox 3442 1754 3638 1820; x_wconf 89' lang='lat' dir='ltr'><strong>quibus</strong></span> <span class='ocrx_word' id='word_1_499' title='bbox 3668 1752 3849 1822; x_wconf 85' lang='lat' dir='ltr'><strong>loqui-</strong></span> 
     </span>
    </p>
   </div>
   <div class='ocr_carea' id='block_1_73' title="bbox 2250 1818 3851 1888">
    <p class='ocr_par' dir='ltr' id='par_1_73' title="bbox 2250 1818 3851 1888">
     <span class='ocr_line' id='line_1_73' title="bbox 2250 1818 3851 1888; baseline 0.004 -19"><span class='ocrx_word' id='word_1_500' title='bbox 2250 1834 2396 1888; x_wconf 85' lang='lat' dir='ltr'><strong>mur,</strong></span> <span class='ocrx_word' id='word_1_501' title='bbox 2426 1834 2640 1887; x_wconf 83' lang='lat' dir='ltr'><strong>genera.</strong></span> <span class='ocrx_word' id='word_1_502' title='bbox 2676 1820 2754 1872; x_wconf 87' lang='lat' dir='ltr'><strong>Ad</strong></span> <span class='ocrx_word' id='word_1_503' title='bbox 2786 1821 2883 1873; x_wconf 89' lang='lat' dir='ltr'><strong>hoc</strong></span> <span class='ocrx_word' id='word_1_504' title='bbox 2915 1818 3151 1886; x_wconf 86' lang='lat' dir='ltr'><strong>profecto</strong></span> <span class='ocrx_word' id='word_1_505' title='bbox 3179 1818 3494 1888; x_wconf 75' lang='lat' dir='ltr'><strong>pervenerat</strong></span> <span class='ocrx_word' id='word_1_506' title='bbox 3526 1818 3755 1883; x_wconf 64' lang='lat' dir='ltr'><strong>Paulus,</strong></span> <span class='ocrx_word' id='word_1_507' title='bbox 3793 1832 3851 1876; x_wconf 88' lang='lat' dir='ltr'><strong>ttt</strong></span> 
     </span>
    </p>
   </div>
   <div class='ocr_carea' id='block_1_74' title="bbox 2250 1887 3849 1961">
    <p class='ocr_par' dir='ltr' id='par_1_74' title="bbox 2250 1887 3849 1961">
     <span class='ocr_line' id='line_1_74' title="bbox 2250 1887 3849 1961; baseline 0.004 -20"><span class='ocrx_word' id='word_1_508' title='bbox 2250 1887 2414 1961; x_wconf 84' lang='lat' dir='ltr'><strong>Deum</strong></span> <span class='ocrx_word' id='word_1_509' title='bbox 2444 1890 2523 1961; x_wconf 89' lang='lat' dir='ltr'><strong>sic</strong></span> <span class='ocrx_word' id='word_1_510' title='bbox 2553 1890 2602 1942; x_wconf 88' lang='lat' dir='ltr'><strong>itt</strong></span> <span class='ocrx_word' id='word_1_511' title='bbox 2637 1890 2732 1943; x_wconf 89' lang='lat' dir='ltr'><strong>ista</strong></span> <span class='ocrx_word' id='word_1_512' title='bbox 2767 1891 2869 1943; x_wconf 89' lang='lat' dir='ltr'><strong>vita</strong></span> <span class='ocrx_word' id='word_1_513' title='bbox 2896 1890 3127 1955; x_wconf 82' lang='lat' dir='ltr'><strong>videret,</strong></span> <span class='ocrx_word' id='word_1_514' title='bbox 3162 1887 3297 1945; x_wconf 80' lang='lat' dir='ltr'><strong>Sicut</strong></span> <span class='ocrx_word' id='word_1_515' title='bbox 3333 1893 3503 1946; x_wconf 84' lang='lat' dir='ltr'><strong>sancti</strong></span> <span class='ocrx_word' id='word_1_516' title='bbox 3546 1905 3665 1961; x_wconf 90' lang='lat' dir='ltr'><strong>post</strong></span> <span class='ocrx_word' id='word_1_517' title='bbox 3706 1892 3849 1947; x_wconf 85' lang='lat' dir='ltr'><strong>hanc</strong></span> 
     </span>
    </p>
   </div>
   <div class='ocr_carea' id='block_1_75' title="bbox 2249 1960 2707 2013">
    <p class='ocr_par' dir='ltr' id='par_1_75' title="bbox 2249 1960 2707 2013">
     <span class='ocr_line' id='line_1_75' title="bbox 2249 1960 2707 2013; baseline -0.004 -1"><span class='ocrx_word' id='word_1_518' title='bbox 2249 1960 2409 2013; x_wconf 81' lang='lat' dir='ltr'><strong>vitam</strong></span> <span class='ocrx_word' id='word_1_519' title='bbox 2438 1960 2707 2013; x_wconf 89' lang='lat' dir='ltr'><strong>videbunt.</strong></span> 
     </span>
    </p>
   </div>
   <div class='ocr_carea' id='block_1_76' title="bbox 2316 2030 3845 2101">
    <p class='ocr_par' dir='ltr' id='par_1_76' title="bbox 2316 2030 3845 2101">
     <span class='ocr_line' id='line_1_76' title="bbox 2316 2030 3845 2101; baseline 0.003 -18"><span class='ocrx_word' id='word_1_520' title='bbox 2316 2030 2533 2095; x_wconf 57' lang='lat' dir='ltr'><strong>Qumsr.</strong></span> <span class='ocrx_word' id='word_1_521' title='bbox 2574 2030 2755 2085; x_wconf 86' lang='lat' dir='ltr'><strong>LXIV.</strong></span> <span class='ocrx_word' id='word_1_522' title='bbox 2799 2030 2937 2099; x_wconf 86' lang='lat' dir='ltr'><strong>Quot</strong></span> <span class='ocrx_word' id='word_1_523' title='bbox 2971 2046 3164 2100; x_wconf 86' lang='lat' dir='ltr'><strong>genera</strong></span> <span class='ocrx_word' id='word_1_524' title='bbox 3193 2041 3318 2086; x_wconf 89' lang='lat' dir='ltr'><strong>sunt</strong></span> <span class='ocrx_word' id='word_1_525' title='bbox 3350 2034 3728 2101; x_wconf 85' lang='lat' dir='ltr'><strong>Apostolatus,</strong></span> <span class='ocrx_word' id='word_1_526' title='bbox 3764 2032 3845 2088; x_wconf 80' lang='lat' dir='ltr'><strong>vel</strong></span> 
     </span>
    </p>
   </div>
   <div class='ocr_carea' id='block_1_77' title="bbox 2245 2102 3587 2172">
    <p class='ocr_par' dir='ltr' id='par_1_77' title="bbox 2245 2102 3587 2172">
     <span class='ocr_line' id='line_1_77' title="bbox 2245 2102 3587 2172; baseline 0.005 -21"><span class='ocrx_word' id='word_1_527' title='bbox 2245 2102 2401 2172; x_wconf 79' lang='lat' dir='ltr'><strong>quale</strong></span> <span class='ocrx_word' id='word_1_528' title='bbox 2430 2117 2621 2155; x_wconf 89' lang='lat' dir='ltr'><strong>nomen</strong></span> <span class='ocrx_word' id='word_1_529' title='bbox 2652 2102 2719 2155; x_wconf 91' lang='lat' dir='ltr'><strong>sit</strong></span> <span class='ocrx_word' id='word_1_530' title='bbox 2748 2104 3065 2172; x_wconf 80' lang='lat' dir='ltr'><strong>Apostolus,</strong></span> <span class='ocrx_word' id='word_1_531' title='bbox 3099 2104 3217 2156; x_wconf 87' lang='lat' dir='ltr'><strong>volo</strong></span> <span class='ocrx_word' id='word_1_532' title='bbox 3240 2119 3587 2171; x_wconf 40' lang='lat' dir='ltr'><strong>cognoscere.</strong></span> 
     </span>
    </p>
   </div>
   <div class='ocr_carea' id='block_1_78' title="bbox 2318 2170 3843 2245">
    <p class='ocr_par' dir='ltr' id='par_1_78' title="bbox 2318 2170 3843 2245">
     <span class='ocr_line' id='line_1_78' title="bbox 2318 2170 3843 2245; baseline 0.003 -22"><span class='ocrx_word' id='word_1_533' title='bbox 2318 2170 2478 2225; x_wconf 68' lang='lat' dir='ltr'><strong>lisse.</strong></span> <span class='ocrx_word' id='word_1_534' title='bbox 2507 2170 3202 2245; x_wconf 72' lang='lat' dir='ltr'><strong>Apostolusinterpretatur</strong></span> <span class='ocrx_word' id='word_1_535' title='bbox 3225 2170 3432 2228; x_wconf 61' lang='lat' dir='ltr'><strong>Missus.</strong></span> <span class='ocrx_word' id='word_1_536' title='bbox 3462 2175 3843 2245; x_wconf 83' lang='lat' dir='ltr'><strong>Apostolorum</strong></span> 
     </span>
    </p>
   </div>
   <div class='ocr_carea' id='block_1_79' title="bbox 2245 2244 3843 2313">
    <p class='ocr_par' dir='ltr' id='par_1_79' title="bbox 2245 2244 3843 2313">
     <span class='ocr_line' id='line_1_79' title="bbox 2245 2244 3843 2313; baseline 0.005 -20"><span class='ocrx_word' id='word_1_537' title='bbox 2245 2251 2368 2313; x_wconf 83' lang='lat' dir='ltr'><strong>sunt</strong></span> <span class='ocrx_word' id='word_1_538' title='bbox 2408 2258 2602 2312; x_wconf 88' lang='lat' dir='ltr'><strong>genera</strong></span> <span class='ocrx_word' id='word_1_539' title='bbox 2640 2252 2869 2313; x_wconf 88' lang='lat' dir='ltr'><strong>quatuor</strong></span> <span class='ocrx_word' id='word_1_540' title='bbox 2897 2262 2909 2295; x_wconf 92' lang='lat'><strong>:</strong></span> <span class='ocrx_word' id='word_1_541' title='bbox 2942 2260 2970 2297; x_wconf 92' lang='lat' dir='ltr'><strong>a</strong></span> <span class='ocrx_word' id='word_1_542' title='bbox 3002 2244 3144 2301; x_wconf 89' lang='lat' dir='ltr'><strong>Deo.</strong></span> <span class='ocrx_word' id='word_1_543' title='bbox 3178 2259 3280 2297; x_wconf 92' lang='lat' dir='ltr'><strong>non</strong></span> <span class='ocrx_word' id='word_1_544' title='bbox 3322 2260 3416 2313; x_wconf 90' lang='lat' dir='ltr'><strong>per</strong></span> <span class='ocrx_word' id='word_1_545' title='bbox 3458 2245 3766 2307; x_wconf 78' lang='lat' dir='ltr'><strong>hominem;</strong></span> <span class='ocrx_word' id='word_1_546' title='bbox 3811 2261 3843 2301; x_wconf 66' lang='grc' dir='ltr'>ε</span> 
     </span>
    </p>
   </div>
   <div class='ocr_carea' id='block_1_80' title="bbox 2247 2312 3841 2383">
    <p class='ocr_par' dir='ltr' id='par_1_80' title="bbox 2247 2312 3841 2383">
     <span class='ocr_line' id='line_1_80' title="bbox 2247 2312 3841 2383; baseline 0.004 -18"><span class='ocrx_word' id='word_1_547' title='bbox 2247 2312 2379 2377; x_wconf 85' lang='lat' dir='ltr'><strong>Deo,</strong></span> <span class='ocrx_word' id='word_1_548' title='bbox 2411 2314 2503 2367; x_wconf 90' lang='lat' dir='ltr'><strong>sed</strong></span> <span class='ocrx_word' id='word_1_549' title='bbox 2537 2330 2631 2382; x_wconf 91' lang='lat' dir='ltr'><strong>per</strong></span> <span class='ocrx_word' id='word_1_550' title='bbox 2660 2312 2963 2377; x_wconf 81' lang='lat' dir='ltr'><strong>hominem;</strong></span> <span class='ocrx_word' id='word_1_551' title='bbox 2998 2331 3091 2383; x_wconf 85' lang='lat' dir='ltr'><strong>per</strong></span> <span class='ocrx_word' id='word_1_552' title='bbox 3122 2317 3390 2370; x_wconf 87' lang='lat' dir='ltr'><strong>hominem</strong></span> <span class='ocrx_word' id='word_1_553' title='bbox 3421 2327 3661 2377; x_wconf 86' lang='lat' dir='ltr'><strong>tantum;</strong></span> <span class='ocrx_word' id='word_1_554' title='bbox 3694 2325 3747 2370; x_wconf 86' lang='lat' dir='ltr'><strong>ct</strong></span> <span class='ocrx_word' id='word_1_555' title='bbox 3774 2332 3841 2372; x_wconf 76' lang='lat' dir='ltr'><strong>ex</strong></span> 
     </span>
    </p>
   </div>
   <div class='ocr_carea' id='block_1_81' title="bbox 2245 2385 3843 2458">
    <p class='ocr_par' dir='ltr' id='par_1_81' title="bbox 2245 2385 3843 2458">
     <span class='ocr_line' id='line_1_81' title="bbox 2245 2385 3843 2458; baseline 0.002 -21"><span class='ocrx_word' id='word_1_556' title='bbox 2245 2398 2325 2458; x_wconf 77' lang='lat' dir='ltr'><strong>se.</strong></span> <span class='ocrx_word' id='word_1_557' title='bbox 2369 2385 2411 2458; x_wconf 86' lang='lat' dir='ltr'><strong>A</strong></span> <span class='ocrx_word' id='word_1_558' title='bbox 2449 2385 2560 2438; x_wconf 92' lang='lat' dir='ltr'><strong>Deo</strong></span> <span class='ocrx_word' id='word_1_559' title='bbox 2590 2386 2799 2458; x_wconf 75' lang='lat' dir='ltr'><strong>etenim</strong></span> <span class='ocrx_word' id='word_1_560' title='bbox 2846 2386 3039 2458; x_wconf 86' lang='lat' dir='ltr'><strong>missus</strong></span> <span class='ocrx_word' id='word_1_561' title='bbox 3077 2395 3163 2458; x_wconf 73' lang='lat' dir='ltr'><strong>est</strong></span> <span class='ocrx_word' id='word_1_562' title='bbox 3191 2386 3419 2458; x_wconf 81' lang='lat' dir='ltr'><strong>Moyses.</strong></span> <span class='ocrx_word' id='word_1_563' title='bbox 3450 2391 3490 2441; x_wconf 86' lang='lat' dir='ltr'><strong>A</strong></span> <span class='ocrx_word' id='word_1_564' title='bbox 3529 2389 3638 2441; x_wconf 89' lang='lat' dir='ltr'><strong>Deo</strong></span> <span class='ocrx_word' id='word_1_565' title='bbox 3667 2396 3721 2441; x_wconf 91' lang='lat' dir='ltr'><strong>et</strong></span> <span class='ocrx_word' id='word_1_566' title='bbox 3750 2404 3843 2455; x_wconf 87' lang='lat' dir='ltr'><strong>per</strong></span> 
     </span>
    </p>
   </div>
   <div class='ocr_carea' id='block_1_82' title="bbox 2246 2452 3840 2521">
    <p class='ocr_par' dir='ltr' id='par_1_82' title="bbox 2246 2452 3840 2521">
     <span class='ocr_line' id='line_1_82' title="bbox 2246 2452 3840 2521; baseline 0.002 -14"><span class='ocrx_word' id='word_1_567' title='bbox 2246 2452 2537 2519; x_wconf 90' lang='lat' dir='ltr'><strong>hominem,</strong></span> <span class='ocrx_word' id='word_1_568' title='bbox 2558 2455 2691 2509; x_wconf 90' lang='lat' dir='ltr'><strong>sicut</strong></span> <span class='ocrx_word' id='word_1_569' title='bbox 2710 2456 2866 2511; x_wconf 83' lang='lat' dir='ltr'><strong>Jesus</strong></span> <span class='ocrx_word' id='word_1_570' title='bbox 2887 2456 3046 2509; x_wconf 73' lang='lat' dir='ltr'><strong>Nave.</strong></span> <span class='ocrx_word' id='word_1_571' title='bbox 3073 2457 3174 2511; x_wconf 83' lang='lat' dir='ltr'><strong>Per</strong></span> <span class='ocrx_word' id='word_1_572' title='bbox 3196 2452 3463 2511; x_wconf 77' lang='lat' dir='ltr'><strong>hominem</strong></span> <span class='ocrx_word' id='word_1_573' title='bbox 3488 2467 3715 2521; x_wconf 89' lang='lat' dir='ltr'><strong>tantum,</strong></span> <span class='ocrx_word' id='word_1_574' title='bbox 3741 2452 3840 2512; x_wconf 60' lang='lat' dir='ltr'><strong>sic-</strong></span> 
     </span>
    </p>
   </div>
   <div class='ocr_carea' id='block_1_83' title="bbox 2246 2528 3838 2598">
    <p class='ocr_par' dir='ltr' id='par_1_83' title="bbox 2246 2528 3838 2598">
     <span class='ocr_line' id='line_1_83' title="bbox 2246 2528 3838 2598; baseline 0.001 -21"><span class='ocrx_word' id='word_1_575' title='bbox 2246 2533 2305 2598; x_wconf 87' lang='lat' dir='ltr'><strong>ut</strong></span> <span class='ocrx_word' id='word_1_576' title='bbox 2330 2528 2528 2598; x_wconf 84' lang='lat' dir='ltr'><strong>nostris</strong></span> <span class='ocrx_word' id='word_1_577' title='bbox 2556 2528 2883 2595; x_wconf 87' lang='lat' dir='ltr'><strong>temporibus</strong></span> <span class='ocrx_word' id='word_1_578' title='bbox 2915 2528 3063 2580; x_wconf 87' lang='lat' dir='ltr'><strong>tttulti</strong></span> <span class='ocrx_word' id='word_1_579' title='bbox 3096 2529 3273 2581; x_wconf 83' lang='lat' dir='ltr'><strong>favore</strong></span> <span class='ocrx_word' id='word_1_580' title='bbox 3312 2528 3451 2598; x_wconf 80' lang='lat' dir='ltr'><strong>vulgi</strong></span> <span class='ocrx_word' id='word_1_581' title='bbox 3495 2532 3545 2583; x_wconf 91' lang='lat' dir='ltr'><strong>in</strong></span> <span class='ocrx_word' id='word_1_582' title='bbox 3587 2529 3838 2583; x_wconf 84' lang='lat' dir='ltr'><strong>sacerdo-</strong></span> 
     </span>
    </p>
   </div>
   <div class='ocr_carea' id='block_1_84' title="bbox 2248 2597 3837 2668">
    <p class='ocr_par' dir='ltr' id='par_1_84' title="bbox 2248 2597 3837 2668">
     <span class='ocr_line' id='line_1_84' title="bbox 2248 2597 3837 2668; baseline 0.003 -20"><span class='ocrx_word' id='word_1_583' title='bbox 2248 2597 2376 2649; x_wconf 92' lang='lat' dir='ltr'><strong>tium</strong></span> <span class='ocrx_word' id='word_1_584' title='bbox 2398 2597 2674 2668; x_wconf 83' lang='lat' dir='ltr'><strong>subrogati</strong></span> <span class='ocrx_word' id='word_1_585' title='bbox 2716 2607 2859 2651; x_wconf 92' lang='lat' dir='ltr'><strong>sunt.</strong></span> <span class='ocrx_word' id='word_1_586' title='bbox 2902 2598 2982 2654; x_wconf 78' lang='lat' dir='ltr'><strong>Ex</strong></span> <span class='ocrx_word' id='word_1_587' title='bbox 3030 2613 3090 2653; x_wconf 84' lang='lat' dir='ltr'><strong>se</strong></span> <span class='ocrx_word' id='word_1_588' title='bbox 3132 2610 3345 2665; x_wconf 87' lang='lat' dir='ltr'><strong>autem,</strong></span> <span class='ocrx_word' id='word_1_589' title='bbox 3393 2597 3531 2654; x_wconf 73' lang='lat' dir='ltr'><strong>sicut</strong></span> <span class='ocrx_word' id='word_1_590' title='bbox 3574 2610 3698 2653; x_wconf 88' lang='lat' dir='ltr'><strong>sunt</strong></span> <span class='ocrx_word' id='word_1_591' title='bbox 3743 2598 3837 2668; x_wconf 85' lang='lat' dir='ltr'><strong>ipsi</strong></span> 
     </span>
    </p>
   </div>
   <div class='ocr_carea' id='block_1_85' title="bbox 2248 2666 2744 2737">
    <p class='ocr_par' dir='ltr' id='par_1_85' title="bbox 2248 2666 2744 2737">
     <span class='ocr_line' id='line_1_85' title="bbox 2248 2666 2744 2737; baseline 0.004 -19"><span class='ocrx_word' id='word_1_592' title='bbox 2248 2666 2744 2737; x_wconf 71' lang='lat' dir='ltr'><strong>psettdoproplteuc.</strong></span> 
     </span>
    </p>
   </div>
   <div class='ocr_carea' id='block_1_86' title="bbox 2316 2738 3836 2811">
    <p class='ocr_par' dir='ltr' id='par_1_86' title="bbox 2316 2738 3836 2811">
     <span class='ocr_line' id='line_1_86' title="bbox 2316 2738 3836 2811; baseline 0.001 -19"><span class='ocrx_word' id='word_1_593' title='bbox 2316 2738 2529 2803; x_wconf 73' lang='lat' dir='ltr'><strong>Qtuasr.</strong></span> <span class='ocrx_word' id='word_1_594' title='bbox 2552 2739 2714 2811; x_wconf 84' lang='lat' dir='ltr'><strong>LXV.</strong></span> <span class='ocrx_word' id='word_1_595' title='bbox 2746 2738 3025 2808; x_wconf 85' lang='lat' dir='ltr'><strong>Quomodo</strong></span> <span class='ocrx_word' id='word_1_596' title='bbox 3063 2755 3347 2810; x_wconf 92' lang='lat' dir='ltr'><strong>possumus</strong></span> <span class='ocrx_word' id='word_1_597' title='bbox 3372 2740 3511 2796; x_wconf 88' lang='lat' dir='ltr'><strong>scire</strong></span> <span class='ocrx_word' id='word_1_598' title='bbox 3537 2741 3627 2811; x_wconf 90' lang='lat' dir='ltr'><strong>qui</strong></span> <span class='ocrx_word' id='word_1_599' title='bbox 3658 2741 3836 2795; x_wconf 85' lang='lat' dir='ltr'><strong>mitta-</strong></span> 
     </span>
    </p>
   </div>
   <div class='ocr_carea' id='block_1_87' title="bbox 2248 2810 2569 2864">
    <p class='ocr_par' dir='ltr' id='par_1_87' title="bbox 2248 2810 2569 2864">
     <span class='ocr_line' id='line_1_87' title="bbox 2248 2810 2569 2864; baseline -0.003 -1"><span class='ocrx_word' id='word_1_600' title='bbox 2248 2816 2334 2863; x_wconf 90' lang='lat' dir='ltr'><strong>tur</strong></span> <span class='ocrx_word' id='word_1_601' title='bbox 2361 2824 2391 2862; x_wconf 89' lang='lat' dir='ltr'><strong>a</strong></span> <span class='ocrx_word' id='word_1_602' title='bbox 2425 2810 2569 2864; x_wconf 84' lang='lat' dir='ltr'><strong>Deo?</strong></span> 
     </span>
    </p>
   </div>
   <div class='ocr_carea' id='block_1_88' title="bbox 2319 2879 3836 2950">
    <p class='ocr_par' dir='ltr' id='par_1_88' title="bbox 2319 2879 3836 2950">
     <span class='ocr_line' id='line_1_88' title="bbox 2319 2879 3836 2950; baseline 0.003 -18"><span class='ocrx_word' id='word_1_603' title='bbox 2319 2879 2478 2933; x_wconf 72' lang='lat' dir='ltr'><strong>lisse.</strong></span> <span class='ocrx_word' id='word_1_604' title='bbox 2515 2880 2663 2934; x_wconf 91' lang='lat' dir='ltr'><strong>Illum</strong></span> <span class='ocrx_word' id='word_1_605' title='bbox 2708 2895 2971 2950; x_wconf 88' lang='lat' dir='ltr'><strong>cognosce</strong></span> <span class='ocrx_word' id='word_1_606' title='bbox 3014 2882 3235 2934; x_wconf 89' lang='lat' dir='ltr'><strong>missum</strong></span> <span class='ocrx_word' id='word_1_607' title='bbox 3279 2896 3308 2935; x_wconf 89' lang='lat' dir='ltr'><strong>a</strong></span> <span class='ocrx_word' id='word_1_608' title='bbox 3350 2882 3491 2945; x_wconf 89' lang='lat' dir='ltr'><strong>Deo,</strong></span> <span class='ocrx_word' id='word_1_609' title='bbox 3530 2898 3690 2949; x_wconf 87' lang='lat' dir='ltr'><strong>quem</strong></span> <span class='ocrx_word' id='word_1_610' title='bbox 3737 2896 3836 2936; x_wconf 88' lang='lat' dir='ltr'><strong>non</strong></span> 
     </span>
    </p>
   </div>
   <div class='ocr_carea' id='block_1_89' title="bbox 2246 2951 3836 3020">
    <p class='ocr_par' dir='ltr' id='par_1_89' title="bbox 2246 2951 3836 3020">
     <span class='ocr_line' id='line_1_89' title="bbox 2246 2951 3836 3020; baseline 0.002 -17"><span class='ocrx_word' id='word_1_611' title='bbox 2246 2965 2532 3019; x_wconf 88' lang='lat' dir='ltr'><strong>paucorum</strong></span> <span class='ocrx_word' id='word_1_612' title='bbox 2564 2951 2836 3006; x_wconf 90' lang='lat' dir='ltr'><strong>hominum</strong></span> <span class='ocrx_word' id='word_1_613' title='bbox 2872 2952 3101 3006; x_wconf 90' lang='lat' dir='ltr'><strong>laudatio</strong></span> <span class='ocrx_word' id='word_1_614' title='bbox 3143 2952 3227 3005; x_wconf 85' lang='lat' dir='ltr'><strong>vel</strong></span> <span class='ocrx_word' id='word_1_615' title='bbox 3276 2954 3448 3020; x_wconf 88' lang='lat' dir='ltr'><strong>potius</strong></span> <span class='ocrx_word' id='word_1_616' title='bbox 3481 2952 3718 3006; x_wconf 79' lang='lat' dir='ltr'><strong>adulatio</strong></span> <span class='ocrx_word' id='word_1_617' title='bbox 3747 2954 3836 3006; x_wconf 78' lang='lat' dir='ltr'><strong>eli-</strong></span> 
     </span>
    </p>
   </div>
   <div class='ocr_carea' id='block_1_90' title="bbox 2245 3020 3835 3094">
    <p class='ocr_par' dir='ltr' id='par_1_90' title="bbox 2245 3020 3835 3094">
     <span class='ocr_line' id='line_1_90' title="bbox 2245 3020 3835 3094; baseline 0.001 -21"><span class='ocrx_word' id='word_1_618' title='bbox 2245 3021 2355 3090; x_wconf 90' lang='lat' dir='ltr'><strong>git;</strong></span> <span class='ocrx_word' id='word_1_619' title='bbox 2384 3020 2477 3076; x_wconf 83' lang='lat' dir='ltr'><strong>setl</strong></span> <span class='ocrx_word' id='word_1_620' title='bbox 2502 3023 2647 3076; x_wconf 91' lang='lat' dir='ltr'><strong>illum</strong></span> <span class='ocrx_word' id='word_1_621' title='bbox 2670 3038 2827 3089; x_wconf 85' lang='lat' dir='ltr'><strong>quem</strong></span> <span class='ocrx_word' id='word_1_622' title='bbox 2856 3031 2909 3076; x_wconf 92' lang='lat' dir='ltr'><strong>et</strong></span> <span class='ocrx_word' id='word_1_623' title='bbox 2933 3023 3033 3075; x_wconf 81' lang='lat' dir='ltr'><strong>vita</strong></span> <span class='ocrx_word' id='word_1_624' title='bbox 3063 3034 3118 3077; x_wconf 86' lang='lat' dir='ltr'><strong>et</strong></span> <span class='ocrx_word' id='word_1_625' title='bbox 3141 3038 3318 3077; x_wconf 90' lang='lat' dir='ltr'><strong>mores</strong></span> <span class='ocrx_word' id='word_1_626' title='bbox 3345 3026 3527 3094; x_wconf 87' lang='lat' dir='ltr'><strong>optimi</strong></span> <span class='ocrx_word' id='word_1_627' title='bbox 3556 3036 3835 3090; x_wconf 81' lang='lat' dir='ltr'><strong>exornant,</strong></span> 
     </span>
    </p>
   </div>
   <div class='ocr_carea' id='block_1_91' title="bbox 2244 3093 3835 3163">
    <p class='ocr_par' dir='ltr' id='par_1_91' title="bbox 2244 3093 3835 3163">
     <span class='ocr_line' id='line_1_91' title="bbox 2244 3093 3835 3163; baseline 0.001 -18"><span class='ocrx_word' id='word_1_628' title='bbox 2244 3100 2300 3145; x_wconf 88' lang='lat' dir='ltr'><strong>et</strong></span> <span class='ocrx_word' id='word_1_629' title='bbox 2335 3094 2747 3160; x_wconf 88' lang='lat' dir='ltr'><strong>apostolicorum</strong></span> <span class='ocrx_word' id='word_1_630' title='bbox 2788 3094 2973 3161; x_wconf 77' lang='lat' dir='ltr'><strong>exagio</strong></span> <span class='ocrx_word' id='word_1_631' title='bbox 3006 3094 3021 3125; x_wconf 77' lang='grc'>⁸</span> <span class='ocrx_word' id='word_1_632' title='bbox 3044 3093 3416 3154; x_wconf 50' lang='lat' dir='ltr'><strong>sacerdotum,</strong></span> <span class='ocrx_word' id='word_1_633' title='bbox 3450 3095 3529 3146; x_wconf 81' lang='lat' dir='ltr'><strong>vel</strong></span> <span class='ocrx_word' id='word_1_634' title='bbox 3558 3096 3720 3147; x_wconf 90' lang='lat' dir='ltr'><strong>etiam</strong></span> <span class='ocrx_word' id='word_1_635' title='bbox 3751 3096 3835 3163; x_wconf 91' lang='lat' dir='ltr'><strong>qui</strong></span> 
     </span>
    </p>
   </div>
   <div class='ocr_carea' id='block_1_92' title="bbox 2245 3162 3833 3234">
    <p class='ocr_par' dir='ltr' id='par_1_92' title="bbox 2245 3162 3833 3234">
     <span class='ocr_line' id='line_1_92' title="bbox 2245 3162 3833 3234; baseline 0 -17"><span class='ocrx_word' id='word_1_636' title='bbox 2245 3162 2614 3217; x_wconf 82' lang='lat' dir='ltr'><strong>universorum</strong></span> <span class='ocrx_word' id='word_1_637' title='bbox 2637 3165 2954 3234; x_wconf 87' lang='lat' dir='ltr'><strong>populorum</strong></span> <span class='ocrx_word' id='word_1_638' title='bbox 2976 3164 3173 3233; x_wconf 88' lang='lat' dir='ltr'><strong>judicio</strong></span> <span class='ocrx_word' id='word_1_639' title='bbox 3195 3165 3607 3233; x_wconf 87' lang='lat' dir='ltr'><strong>comprobatur:</strong></span> <span class='ocrx_word' id='word_1_640' title='bbox 3630 3165 3717 3231; x_wconf 89' lang='lat' dir='ltr'><strong>qui</strong></span> <span class='ocrx_word' id='word_1_641' title='bbox 3738 3162 3833 3217; x_wconf 90' lang='lat' dir='ltr'><strong>non</strong></span> 
     </span>
    </p>
   </div>
   <div class='ocr_carea' id='block_1_93' title="bbox 2242 3235 3836 3304">
    <p class='ocr_par' dir='ltr' id='par_1_93' title="bbox 2242 3235 3836 3304">
     <span class='ocr_line' id='line_1_93' title="bbox 2242 3235 3836 3304; baseline 0.002 -18"><span class='ocrx_word' id='word_1_642' title='bbox 2242 3242 2447 3304; x_wconf 53' lang='lat' dir='ltr'><strong>appetit</strong></span> <span class='ocrx_word' id='word_1_643' title='bbox 2476 3250 2725 3302; x_wconf 67' lang='lat' dir='ltr'><strong>praeesse,</strong></span> <span class='ocrx_word' id='word_1_644' title='bbox 2750 3236 2837 3304; x_wconf 84' lang='lat' dir='ltr'><strong>qui</strong></span> <span class='ocrx_word' id='word_1_645' title='bbox 2866 3252 2968 3287; x_wconf 76' lang='lat' dir='ltr'><strong>non</strong></span> <span class='ocrx_word' id='word_1_646' title='bbox 3000 3235 3274 3303; x_wconf 82' lang='lat' dir='ltr'><strong>pecuniam</strong></span> <span class='ocrx_word' id='word_1_647' title='bbox 3303 3238 3394 3289; x_wconf 82' lang='lat' dir='ltr'><strong>dat</strong></span> <span class='ocrx_word' id='word_1_648' title='bbox 3422 3245 3479 3289; x_wconf 86' lang='lat' dir='ltr'><strong>ut</strong></span> <span class='ocrx_word' id='word_1_649' title='bbox 3500 3236 3836 3304; x_wconf 85' lang='lat' dir='ltr'><strong>episcopatus</strong></span> 
     </span>
    </p>
   </div>
   <div class='ocr_carea' id='block_1_94' title="bbox 2245 3300 3833 3375">
    <p class='ocr_par' dir='ltr' id='par_1_94' title="bbox 2245 3300 3833 3375">
     <span class='ocr_line' id='line_1_94' title="bbox 2245 3300 3833 3375; baseline 0.001 -19"><span class='ocrx_word' id='word_1_650' title='bbox 2245 3300 2503 3358; x_wconf 78' lang='lat' dir='ltr'><strong>honorem</strong></span> <span class='ocrx_word' id='word_1_651' title='bbox 2534 3300 2792 3374; x_wconf 67' lang='lat' dir='ltr'><strong>acquirat.</strong></span> <span class='ocrx_word' id='word_1_652' title='bbox 2833 3304 2963 3358; x_wconf 83' lang='lat' dir='ltr'><strong>Nam</strong></span> <span class='ocrx_word' id='word_1_653' title='bbox 2996 3300 3062 3359; x_wconf 83' lang='lat' dir='ltr'><strong>de</strong></span> <span class='ocrx_word' id='word_1_654' title='bbox 3094 3322 3160 3360; x_wconf 88' lang='lat' dir='ltr'><strong>eo</strong></span> <span class='ocrx_word' id='word_1_655' title='bbox 3198 3307 3285 3375; x_wconf 88' lang='lat' dir='ltr'><strong>qui</strong></span> <span class='ocrx_word' id='word_1_656' title='bbox 3331 3300 3565 3375; x_wconf 70' lang='lat' dir='ltr'><strong>pra-esse</strong></span> <span class='ocrx_word' id='word_1_657' title='bbox 3604 3300 3833 3367; x_wconf 78' lang='lat' dir='ltr'><strong>festinat,</strong></span> 
     </span>
    </p>
   </div>
   <div class='ocr_carea' id='block_1_95' title="bbox 2244 3375 3836 3446">
    <p class='ocr_par' dir='ltr' id='par_1_95' title="bbox 2244 3375 3836 3446">
     <span class='ocr_line' id='line_1_95' title="bbox 2244 3375 3836 3446; baseline 0.001 -18"><span class='ocrx_word' id='word_1_658' title='bbox 2244 3375 2458 3442; x_wconf 88' lang='lat' dir='ltr'><strong>quidam</strong></span> <span class='ocrx_word' id='word_1_659' title='bbox 2494 3383 2699 3443; x_wconf 90' lang='lat' dir='ltr'><strong>patrum</strong></span> <span class='ocrx_word' id='word_1_660' title='bbox 2743 3376 3015 3446; x_wconf 86' lang='lat' dir='ltr'><strong>eleganter</strong></span> <span class='ocrx_word' id='word_1_661' title='bbox 3053 3378 3317 3445; x_wconf 61' lang='lat' dir='ltr'><strong>expressit</strong></span> <span class='ocrx_word' id='word_1_662' title='bbox 3356 3378 3543 3432; x_wconf 89' lang='lat' dir='ltr'><strong>dicens</strong></span> <span class='ocrx_word' id='word_1_663' title='bbox 3573 3395 3587 3429; x_wconf 90' lang='lat'>:</span> <span class='ocrx_word' id='word_1_664' title='bbox 3621 3377 3762 3432; x_wconf 80' lang='lat' dir='ltr'><strong>Sciat</strong></span> <span class='ocrx_word' id='word_1_665' title='bbox 3787 3392 3836 3429; x_wconf 70' lang='lat' dir='ltr'><strong>se</strong></span> 
     </span>
    </p>
   </div>
   <div class='ocr_carea' id='block_1_96' title="bbox 2245 3447 3836 3519">
    <p class='ocr_par' dir='ltr' id='par_1_96' title="bbox 2245 3447 3836 3519">
     <span class='ocr_line' id='line_1_96' title="bbox 2245 3447 3836 3519; baseline 0.001 -22"><span class='ocrx_word' id='word_1_666' title='bbox 2245 3460 2345 3519; x_wconf 77' lang='lat' dir='ltr'><strong>non</strong></span> <span class='ocrx_word' id='word_1_667' title='bbox 2371 3462 2475 3498; x_wconf 79' lang='lat' dir='ltr'><strong>esse</strong></span> <span class='ocrx_word' id='word_1_668' title='bbox 2499 3447 2816 3519; x_wconf 59' lang='lat' dir='ltr'><strong>episcopum,</strong></span> <span class='ocrx_word' id='word_1_669' title='bbox 2842 3447 2926 3519; x_wconf 79' lang='lat' dir='ltr'><strong>qui</strong></span> <span class='ocrx_word' id='word_1_670' title='bbox 2952 3463 3167 3519; x_wconf 67' lang='lat' dir='ltr'><strong>pra-esse</strong></span> <span class='ocrx_word' id='word_1_671' title='bbox 3193 3447 3463 3519; x_wconf 70' lang='lat' dir='ltr'><strong>desiderat,</strong></span> <span class='ocrx_word' id='word_1_672' title='bbox 3486 3465 3587 3500; x_wconf 89' lang='lat' dir='ltr'><strong>non</strong></span> <span class='ocrx_word' id='word_1_673' title='bbox 3606 3449 3836 3519; x_wconf 68' lang='lat' dir='ltr'><strong>prodesse</strong></span> 
     </span>
    </p>
   </div>
   <div class='ocr_carea' id='block_1_97' title="bbox 2246 3512 3541 3588">
    <p class='ocr_par' dir='ltr' id='par_1_97' title="bbox 2246 3512 3541 3588">
     <span class='ocr_line' id='line_1_97' title="bbox 2246 3512 3541 3588; baseline 0.004 -21"><span class='ocrx_word' id='word_1_674' title='bbox 2246 3512 2595 3587; x_wconf 70' lang='lat' dir='ltr'><strong>(Augustinus,</strong></span> <span class='ocrx_word' id='word_1_675' title='bbox 2624 3512 2687 3570; x_wconf 68' lang='lat' dir='ltr'><strong>de</strong></span> <span class='ocrx_word' id='word_1_676' title='bbox 2710 3512 2862 3572; x_wconf 67' lang='lat' dir='ltr'><strong>Civil.</strong></span> <span class='ocrx_word' id='word_1_677' title='bbox 2893 3512 3006 3582; x_wconf 64' lang='lat' dir='ltr'><strong>Dei,</strong></span> <span class='ocrx_word' id='word_1_678' title='bbox 3041 3517 3127 3570; x_wconf 82' lang='lat' dir='ltr'><strong>lib.</strong></span> <span class='ocrx_word' id='word_1_679' title='bbox 3160 3517 3247 3582; x_wconf 86' lang='lat' dir='ltr'><strong>I9,</strong></span> <span class='ocrx_word' id='word_1_680' title='bbox 3279 3535 3391 3588; x_wconf 82' lang='lat' dir='ltr'><strong>cap.</strong></span> <span class='ocrx_word' id='word_1_681' title='bbox 3425 3519 3541 3586; x_wconf 80' lang='lat' dir='ltr'><strong>I9).</strong></span> 
     </span>
    </p>
   </div>
   <div class='ocr_carea' id='block_1_98' title="bbox 2308 3735 3835 3803">
    <p class='ocr_par' dir='ltr' id='par_1_98' title="bbox 2308 3735 3835 3803">
     <span class='ocr_line' id='line_1_98' title="bbox 2308 3735 3835 3803; baseline -0.001 -17"><span class='ocrx_word' id='word_1_682' title='bbox 2308 3740 2323 3771; x_wconf 88' lang='grc'>¹</span> <span class='ocrx_word' id='word_1_683' title='bbox 2352 3738 2485 3797; x_wconf 68' lang='lat' dir='ltr'><strong>mliti,</strong></span> <span class='ocrx_word' id='word_1_684' title='bbox 2513 3737 2638 3803; x_wconf 76' lang='lat' dir='ltr'><strong>actio</strong></span> <span class='ocrx_word' id='word_1_685' title='bbox 2660 3738 2982 3803; x_wconf 77' lang='lat' dir='ltr'><strong>commendat.</strong></span> <span class='ocrx_word' id='word_1_686' title='bbox 3004 3746 3060 3787; x_wconf 82' lang='lat' dir='ltr'><strong>At</strong></span> <span class='ocrx_word' id='word_1_687' title='bbox 3078 3745 3157 3787; x_wconf 74' lang='lat' dir='ltr'><strong>Ms.</strong></span> <span class='ocrx_word' id='word_1_688' title='bbox 3190 3738 3517 3803; x_wconf 78' lang='lat' dir='ltr'><strong>Corbeiensis,</strong></span> <span class='ocrx_word' id='word_1_689' title='bbox 3554 3735 3729 3803; x_wconf 63' lang='grc' dir='ltr'><strong>παρὰ)</strong></span> <span class='ocrx_word' id='word_1_690' title='bbox 3752 3750 3768 3787; x_wconf 92' lang='lat'><strong><em>:</em></strong></span> <span class='ocrx_word' id='word_1_691' title='bbox 3791 3736 3835 3785; x_wconf 87' lang='lat' dir='ltr'><strong>id</strong></span> 
     </span>
    </p>
   </div>
   <div class='ocr_carea' id='block_1_99' title="bbox 2245 3800 3387 3860">
    <p class='ocr_par' dir='ltr' id='par_1_99' title="bbox 2245 3800 3387 3860">
     <span class='ocr_line' id='line_1_99' title="bbox 2245 3800 3387 3860; baseline -0.002 -10"><span class='ocrx_word' id='word_1_692' title='bbox 2245 3808 2339 3860; x_wconf 84' lang='lat' dir='ltr'><strong>est,</strong></span> <span class='ocrx_word' id='word_1_693' title='bbox 2364 3802 2619 3860; x_wconf 85' lang='lat' dir='ltr'><strong>examine;</strong></span> <span class='ocrx_word' id='word_1_694' title='bbox 2646 3807 2697 3851; x_wconf 84' lang='lat' dir='ltr'><strong>et</strong></span> <span class='ocrx_word' id='word_1_695' title='bbox 2718 3810 2853 3850; x_wconf 85' lang='lat' dir='ltr'><strong>caret</strong></span> <span class='ocrx_word' id='word_1_696' title='bbox 2885 3801 3056 3859; x_wconf 87' lang='lat' dir='ltr'><strong>verbo,</strong></span> <span class='ocrx_word' id='word_1_697' title='bbox 3075 3800 3387 3850; x_wconf 83' lang='lat' dir='ltr'><strong>commendat.</strong></span> 
     </span>
    </p>
   </div>
   <div class='ocr_carea' id='block_1_100' title="bbox 2404 3935 2541 3942">
    <p class='ocr_par' dir='ltr' id='par_1_100' title="bbox 2404 3935 2541 3942">
     <span class='ocr_line' id='line_1_100' title="bbox 2404 3935 2541 3942; baseline -0.007 0"><span class='ocrx_word' id='word_1_698' title='bbox 2404 3935 2541 3942; x_wconf 62' lang='grc' dir='ltr'><strong>...ο</strong></span> 
     </span>
    </p>
   </div>
   <div class='ocr_carea' id='block_1_101' title="bbox 1015 3930 3755 3985">
    <p class='ocr_par' dir='ltr' id='par_1_101' title="bbox 1015 3932 3755 3983">
     <span class='ocr_line' id='line_1_101' title="bbox 1015 3933 3481 3943; baseline 0 -2"><span class='ocrx_word' id='word_1_699' title='bbox 1015 3935 1311 3943; x_wconf 42' lang='grc' dir='ltr'><strong>μΜ-..ν</strong></span> <span class='ocrx_word' id='word_1_700' title='bbox 1341 3933 2555 3943; x_wconf 63' lang='grc'><strong>,,.-.-...-..--...-....--....,-......,-...-</strong></span> <span class='ocrx_word' id='word_1_701' title='bbox 2583 3933 3218 3942; x_wconf 69' lang='lat'><strong>_..________—..</strong></span> <span class='ocrx_word' id='word_1_702' title='bbox 3475 3935 3481 3940; x_wconf 92' lang='lat'><strong>.</strong></span> 
     </span>
     <span class='ocr_line' id='line_1_102' title="bbox 1015 3932 3755 3983; baseline -0.003 -10"><span class='ocrx_word' id='word_1_703' title='bbox 1015 3932 3755 3983; x_wconf 48' lang='grc' dir='ltr'><strong>ΜΗ</strong></span> 
     </span>
     <span class='ocr_line' id='line_1_103' title="bbox 1965 3971 3531 3983; baseline -0.003 1"><span class='ocrx_word' id='word_1_704' title='bbox 1965 3971 3531 3983; x_wconf 46' lang='grc' dir='ltr'><strong>-ψ-*ψοῂ</strong></span> 
     </span>
    </p>
   </div>
   <div class='ocr_carea' id='block_1_102' title="bbox 1624 4187 2747 4262">
    <p class='ocr_par' dir='ltr' id='par_1_102' title="bbox 1624 4187 2747 4262">
     <span class='ocr_line' id='line_1_104' title="bbox 1624 4187 2747 4262; baseline 0.002 -13"><span class='ocrx_word' id='word_1_705' title='bbox 1624 4187 1706 4249; x_wconf 87' lang='lat' dir='ltr'><strong>IN</strong></span> <span class='ocrx_word' id='word_1_706' title='bbox 1751 4187 2378 4262; x_wconf 88' lang='lat' dir='ltr'><strong>SUBSEQUENTEM</strong></span> <span class='ocrx_word' id='word_1_707' title='bbox 2421 4188 2747 4251; x_wconf 80' lang='lat' dir='ltr'><strong>LIBRUM.</strong></span> 
     </span>
    </p>
   </div>
   <div class='ocr_carea' id='block_1_103' title="bbox 616 4326 3835 4401">
    <p class='ocr_par' dir='ltr' id='par_1_103' title="bbox 616 4326 3835 4401">
     <span class='ocr_line' id='line_1_105' title="bbox 616 4326 3835 4401; baseline -0 -17"><span class='ocrx_word' id='word_1_708' title='bbox 616 4328 775 4385; x_wconf 81' lang='lat' dir='ltr'><strong>Liber</strong></span> <span class='ocrx_word' id='word_1_709' title='bbox 802 4328 867 4384; x_wconf 89' lang='lat' dir='ltr'><strong>de</strong></span> <span class='ocrx_word' id='word_1_710' title='bbox 897 4327 1028 4384; x_wconf 82' lang='lat' dir='ltr'><strong>Fide</strong></span> <span class='ocrx_word' id='word_1_711' title='bbox 1058 4327 1122 4381; x_wconf 87' lang='lat' dir='ltr'><strong>ad</strong></span> <span class='ocrx_word' id='word_1_712' title='bbox 1154 4326 1367 4383; x_wconf 87' lang='lat' dir='ltr'><strong>Petrum</strong></span> <span class='ocrx_word' id='word_1_713' title='bbox 1400 4329 1538 4383; x_wconf 89' lang='lat' dir='ltr'><strong>imer</strong></span> <span class='ocrx_word' id='word_1_714' title='bbox 1563 4329 1843 4399; x_wconf 84' lang='lat' dir='ltr'><strong>Augustini</strong></span> <span class='ocrx_word' id='word_1_715' title='bbox 1872 4344 2031 4399; x_wconf 90' lang='lat' dir='ltr'><strong>opera</strong></span> <span class='ocrx_word' id='word_1_716' title='bbox 2059 4329 2186 4384; x_wconf 89' lang='lat' dir='ltr'><strong>olim</strong></span> <span class='ocrx_word' id='word_1_717' title='bbox 2219 4329 2508 4401; x_wconf 85' lang='lat' dir='ltr'><strong>impressus</strong></span> <span class='ocrx_word' id='word_1_718' title='bbox 2536 4341 2619 4387; x_wconf 91' lang='lat' dir='ltr'><strong>est</strong></span> <span class='ocrx_word' id='word_1_719' title='bbox 2645 4340 2883 4385; x_wconf 88' lang='lat' dir='ltr'><strong>veterum</strong></span> <span class='ocrx_word' id='word_1_720' title='bbox 2914 4330 3115 4400; x_wconf 90' lang='lat' dir='ltr'><strong>aliquot</strong></span> <span class='ocrx_word' id='word_1_721' title='bbox 3141 4331 3625 4401; x_wconf 87' lang='lat' dir='ltr'><strong>manuscriptorum</strong></span> <span class='ocrx_word' id='word_1_722' title='bbox 3658 4342 3835 4387; x_wconf 81' lang='lat' dir='ltr'><strong>aucto-</strong></span> 
     </span>
    </p>
   </div>
   <div class='ocr_carea' id='block_1_104' title="bbox 544 4419 3834 4497">
    <p class='ocr_par' dir='ltr' id='par_1_104' title="bbox 544 4419 3834 4497">
     <span class='ocr_line' id='line_1_106' title="bbox 544 4419 3834 4497; baseline 0.002 -21"><span class='ocrx_word' id='word_1_723' title='bbox 544 4423 719 4484; x_wconf 84' lang='lat' dir='ltr'><strong>ritate,</strong></span> <span class='ocrx_word' id='word_1_724' title='bbox 747 4422 835 4490; x_wconf 90' lang='lat' dir='ltr'><strong>qtti</strong></span> <span class='ocrx_word' id='word_1_725' title='bbox 862 4420 910 4474; x_wconf 92' lang='lat' dir='ltr'><strong>ei</strong></span> <span class='ocrx_word' id='word_1_726' title='bbox 936 4420 1228 4488; x_wconf 85' lang='lat' dir='ltr'><strong>assignant.</strong></span> <span class='ocrx_word' id='word_1_727' title='bbox 1260 4419 1454 4474; x_wconf 85' lang='lat' dir='ltr'><strong>Verum</strong></span> <span class='ocrx_word' id='word_1_728' title='bbox 1497 4435 1603 4475; x_wconf 90' lang='lat' dir='ltr'><strong>non</strong></span> <span class='ocrx_word' id='word_1_729' title='bbox 1643 4435 1765 4476; x_wconf 89' lang='lat' dir='ltr'><strong>esse</strong></span> <span class='ocrx_word' id='word_1_730' title='bbox 1807 4422 2086 4489; x_wconf 84' lang='lat' dir='ltr'><strong>Augustini</strong></span> <span class='ocrx_word' id='word_1_731' title='bbox 2127 4423 2290 4492; x_wconf 90' lang='lat' dir='ltr'><strong>probe</strong></span> <span class='ocrx_word' id='word_1_732' title='bbox 2334 4425 2650 4479; x_wconf 88' lang='lat' dir='ltr'><strong>monstravit</strong></span> <span class='ocrx_word' id='word_1_733' title='bbox 2687 4426 2941 4481; x_wconf 72' lang='lat' dir='ltr'><strong>Erasmus</strong></span> <span class='ocrx_word' id='word_1_734' title='bbox 2974 4442 3039 4481; x_wconf 82' lang='lat' dir='ltr'><strong>ex</strong></span> <span class='ocrx_word' id='word_1_735' title='bbox 3070 4427 3183 4497; x_wconf 88' lang='lat' dir='ltr'><strong>ipsa</strong></span> <span class='ocrx_word' id='word_1_736' title='bbox 3214 4426 3391 4496; x_wconf 89' lang='lat' dir='ltr'><strong>pbrasi</strong></span> <span class='ocrx_word' id='word_1_737' title='bbox 3418 4428 3649 4497; x_wconf 89' lang='lat' dir='ltr'><strong>aliisque</strong></span> <span class='ocrx_word' id='word_1_738' title='bbox 3685 4443 3834 4497; x_wconf 84' lang='lat' dir='ltr'><strong>argu-</strong></span> 
     </span>
    </p>
   </div>
   <div class='ocr_carea' id='block_1_105' title="bbox 543 4509 3833 4590">
    <p class='ocr_par' dir='ltr' id='par_1_105' title="bbox 543 4509 3833 4590">
     <span class='ocr_line' id='line_1_107' title="bbox 543 4509 3833 4590; baseline 0.001 -21"><span class='ocrx_word' id='word_1_739' title='bbox 543 4514 758 4573; x_wconf 85' lang='lat' dir='ltr'><strong>mentis,</strong></span> <span class='ocrx_word' id='word_1_740' title='bbox 786 4528 903 4582; x_wconf 80' lang='lat' dir='ltr'><strong>qua:</strong></span> <span class='ocrx_word' id='word_1_741' title='bbox 931 4510 1015 4564; x_wconf 91' lang='lat' dir='ltr'><strong>hic</strong></span> <span class='ocrx_word' id='word_1_742' title='bbox 1043 4509 1247 4566; x_wconf 87' lang='lat' dir='ltr'><strong>referre</strong></span> <span class='ocrx_word' id='word_1_743' title='bbox 1275 4510 1600 4580; x_wconf 81' lang='lat' dir='ltr'><strong>superﬂuum</strong></span> <span class='ocrx_word' id='word_1_744' title='bbox 1628 4520 1890 4580; x_wconf 87' lang='lat' dir='ltr'><strong>putamus.</strong></span> <span class='ocrx_word' id='word_1_745' title='bbox 1918 4512 2048 4567; x_wconf 88' lang='lat' dir='ltr'><strong>Nam</strong></span> <span class='ocrx_word' id='word_1_746' title='bbox 2078 4514 2402 4570; x_wconf 90' lang='lat' dir='ltr'><strong>indubitatus</strong></span> <span class='ocrx_word' id='word_1_747' title='bbox 2428 4515 2544 4587; x_wconf 89' lang='lat' dir='ltr'><strong>ejus</strong></span> <span class='ocrx_word' id='word_1_748' title='bbox 2569 4526 2755 4570; x_wconf 91' lang='lat' dir='ltr'><strong>auctor</strong></span> <span class='ocrx_word' id='word_1_749' title='bbox 2780 4532 2808 4569; x_wconf 90' lang='lat' dir='ltr'><strong>a</strong></span> <span class='ocrx_word' id='word_1_750' title='bbox 2836 4518 3050 4572; x_wconf 90' lang='lat' dir='ltr'><strong>nemine</strong></span> <span class='ocrx_word' id='word_1_751' title='bbox 3069 4518 3179 4588; x_wconf 87' lang='lat' dir='ltr'><strong>jam</strong></span> <span class='ocrx_word' id='word_1_752' title='bbox 3208 4518 3484 4588; x_wconf 87' lang='lat' dir='ltr'><strong>ignoratur</strong></span> <span class='ocrx_word' id='word_1_753' title='bbox 3509 4519 3833 4590; x_wconf 78' lang='lat' dir='ltr'><strong>Fulgentius.</strong></span> 
     </span>
    </p>
   </div>
   <div class='ocr_carea' id='block_1_106' title="bbox 544 4604 3832 4682">
    <p class='ocr_par' dir='ltr' id='par_1_106' title="bbox 544 4604 3832 4682">
     <span class='ocr_line' id='line_1_108' title="bbox 544 4604 3832 4682; baseline -0.001 -16"><span class='ocrx_word' id='word_1_754' title='bbox 544 4612 677 4666; x_wconf 92' lang='lat' dir='ltr'><strong>Iluic</strong></span> <span class='ocrx_word' id='word_1_755' title='bbox 705 4618 851 4664; x_wconf 85' lang='lat' dir='ltr'><strong>certe</strong></span> <span class='ocrx_word' id='word_1_756' title='bbox 887 4606 1078 4661; x_wconf 86' lang='lat' dir='ltr'><strong>asserit</strong></span> <span class='ocrx_word' id='word_1_757' title='bbox 1117 4606 1374 4675; x_wconf 89' lang='lat' dir='ltr'><strong>scriptura</strong></span> <span class='ocrx_word' id='word_1_758' title='bbox 1404 4604 1769 4674; x_wconf 88' lang='lat' dir='ltr'><strong>antiquissima</strong></span> <span class='ocrx_word' id='word_1_759' title='bbox 1796 4607 1997 4661; x_wconf 87' lang='lat' dir='ltr'><strong>codicis</strong></span> <span class='ocrx_word' id='word_1_760' title='bbox 2025 4607 2364 4663; x_wconf 88' lang='lat' dir='ltr'><strong>Corbeiensis</strong></span> <span class='ocrx_word' id='word_1_761' title='bbox 2394 4620 2518 4665; x_wconf 91' lang='lat' dir='ltr'><strong>ante</strong></span> <span class='ocrx_word' id='word_1_762' title='bbox 2544 4610 2690 4666; x_wconf 90' lang='lat' dir='ltr'><strong>mille</strong></span> <span class='ocrx_word' id='word_1_763' title='bbox 2716 4625 2885 4664; x_wconf 78' lang='lat' dir='ltr'><strong>annos</strong></span> <span class='ocrx_word' id='word_1_764' title='bbox 2919 4613 3156 4677; x_wconf 84' lang='lat' dir='ltr'><strong>exarati,</strong></span> <span class='ocrx_word' id='word_1_765' title='bbox 3189 4627 3307 4682; x_wconf 74' lang='lat' dir='ltr'><strong>qua:</strong></span> <span class='ocrx_word' id='word_1_766' title='bbox 3334 4612 3399 4667; x_wconf 90' lang='lat' dir='ltr'><strong>ad</strong></span> <span class='ocrx_word' id='word_1_767' title='bbox 3429 4615 3609 4682; x_wconf 92' lang='lat' dir='ltr'><strong>operis</strong></span> <span class='ocrx_word' id='word_1_768' title='bbox 3640 4615 3832 4668; x_wconf 81' lang='lat' dir='ltr'><strong>calcem</strong></span> 
     </span>
    </p>
   </div>
   <div class='ocr_carea' id='block_1_107' title="bbox 540 4694 3833 4772">
    <p class='ocr_par' dir='ltr' id='par_1_107' title="bbox 540 4694 3833 4772">
     <span class='ocr_line' id='line_1_109' title="bbox 540 4694 3833 4772; baseline -0.001 -13"><span class='ocrx_word' id='word_1_769' title='bbox 540 4703 824 4760; x_wconf 74' lang='lat' dir='ltr'><strong>exhibetur</strong></span> <span class='ocrx_word' id='word_1_770' title='bbox 853 4700 903 4754; x_wconf 91' lang='lat' dir='ltr'><strong>in</strong></span> <span class='ocrx_word' id='word_1_771' title='bbox 936 4700 1049 4753; x_wconf 75' lang='lat' dir='ltr'><strong>lucc</strong></span> <span class='ocrx_word' id='word_1_772' title='bbox 1069 4698 1228 4751; x_wconf 85' lang='lat' dir='ltr'><strong>verba</strong></span> <span class='ocrx_word' id='word_1_773' title='bbox 1253 4714 1266 4749; x_wconf 90' lang='lat'><strong>:</strong></span> <span class='ocrx_word' id='word_1_774' title='bbox 1294 4694 1553 4768; x_wconf 80' lang='lat' dir='ltr'><strong>Fulgentii</strong></span> <span class='ocrx_word' id='word_1_775' title='bbox 1575 4697 2001 4765; x_wconf 74' lang='lat' dir='ltr'><strong>episwpisancta:</strong></span> <span class='ocrx_word' id='word_1_776' title='bbox 2012 4696 2255 4753; x_wconf 77' lang='lat' dir='ltr'><strong>Ecclesia:</strong></span> <span class='ocrx_word' id='word_1_777' title='bbox 2280 4700 2542 4754; x_wconf 70' lang='lat' dir='ltr'><strong>catholica</strong></span> <span class='ocrx_word' id='word_1_778' title='bbox 2564 4698 2842 4771; x_wconf 79' lang='lat' dir='ltr'><strong>Ruspemis</strong></span> <span class='ocrx_word' id='word_1_779' title='bbox 2867 4701 2928 4754; x_wconf 85' lang='lat' dir='ltr'><strong>de</strong></span> <span class='ocrx_word' id='word_1_780' title='bbox 2952 4701 3146 4771; x_wconf 82' lang='lat' dir='ltr'><strong>Regula</strong></span> <span class='ocrx_word' id='word_1_781' title='bbox 3172 4717 3300 4755; x_wconf 78' lang='lat' dir='ltr'><strong>vera:</strong></span> <span class='ocrx_word' id='word_1_782' title='bbox 3325 4702 3447 4770; x_wconf 79' lang='lat' dir='ltr'><strong>ﬁdei</strong></span> <span class='ocrx_word' id='word_1_783' title='bbox 3468 4702 3595 4757; x_wconf 84' lang='lat' dir='ltr'><strong>liber</strong></span> <span class='ocrx_word' id='word_1_784' title='bbox 3614 4702 3833 4772; x_wconf 63' lang='lat' dir='ltr'><strong>expuit.</strong></span> 
     </span>
    </p>
   </div>
   <div class='ocr_carea' id='block_1_108' title="bbox 542 4788 3834 4867">
    <p class='ocr_par' dir='ltr' id='par_1_108' title="bbox 542 4788 3834 4867">
     <span class='ocr_line' id='line_1_110' title="bbox 542 4788 3834 4867; baseline -0.002 -17"><span class='ocrx_word' id='word_1_785' title='bbox 542 4796 722 4867; x_wconf 85' lang='lat' dir='ltr'><strong>Neque</strong></span> <span class='ocrx_word' id='word_1_786' title='bbox 748 4789 1201 4853; x_wconf 89' lang='lat' dir='ltr'><strong>contemnendus,</strong></span> <span class='ocrx_word' id='word_1_787' title='bbox 1234 4802 1536 4858; x_wconf 90' lang='lat' dir='ltr'><strong>quanquam</strong></span> <span class='ocrx_word' id='word_1_788' title='bbox 1564 4788 1729 4843; x_wconf 89' lang='lat' dir='ltr'><strong>altera</strong></span> <span class='ocrx_word' id='word_1_789' title='bbox 1759 4799 1812 4842; x_wconf 93' lang='lat' dir='ltr'><strong>et</strong></span> <span class='ocrx_word' id='word_1_790' title='bbox 1843 4790 2140 4858; x_wconf 89' lang='lat' dir='ltr'><strong>posteriore</strong></span> <span class='ocrx_word' id='word_1_791' title='bbox 2170 4807 2328 4845; x_wconf 85' lang='lat' dir='ltr'><strong>manu</strong></span> <span class='ocrx_word' id='word_1_792' title='bbox 2356 4792 2549 4846; x_wconf 88' lang='lat' dir='ltr'><strong>ibidem</strong></span> <span class='ocrx_word' id='word_1_793' title='bbox 2590 4793 2801 4847; x_wconf 89' lang='lat' dir='ltr'><strong>additus</strong></span> <span class='ocrx_word' id='word_1_794' title='bbox 2844 4794 2896 4846; x_wconf 93' lang='lat' dir='ltr'><strong>in</strong></span> <span class='ocrx_word' id='word_1_795' title='bbox 2930 4792 3103 4848; x_wconf 89' lang='lat' dir='ltr'><strong>fronte</strong></span> <span class='ocrx_word' id='word_1_796' title='bbox 3132 4794 3310 4862; x_wconf 91' lang='lat' dir='ltr'><strong>operis</strong></span> <span class='ocrx_word' id='word_1_797' title='bbox 3343 4794 3533 4848; x_wconf 90' lang='lat' dir='ltr'><strong>titulus</strong></span> <span class='ocrx_word' id='word_1_798' title='bbox 3562 4812 3576 4846; x_wconf 91' lang='lat'><strong>:</strong></span> <span class='ocrx_word' id='word_1_799' title='bbox 3610 4794 3834 4864; x_wconf 74' lang='lat' dir='ltr'><strong>Epistula</strong></span> 
     </span>
    </p>
   </div>
   <div class='ocr_carea' id='block_1_109' title="bbox 546 4877 3835 4960">
    <p class='ocr_par' dir='ltr' id='par_1_109' title="bbox 546 4877 3835 4960">
     <span class='ocr_line' id='line_1_111' title="bbox 546 4877 3835 4960; baseline -0.001 -19"><span class='ocrx_word' id='word_1_800' title='bbox 546 4884 806 4960; x_wconf 76' lang='lat' dir='ltr'><strong>Fulgentii</strong></span> <span class='ocrx_word' id='word_1_801' title='bbox 832 4883 1051 4957; x_wconf 76' lang='lat' dir='ltr'><strong>episwpi</strong></span> <span class='ocrx_word' id='word_1_802' title='bbox 1079 4882 1141 4934; x_wconf 82' lang='lat' dir='ltr'><strong>de</strong></span> <span class='ocrx_word' id='word_1_803' title='bbox 1170 4877 1298 4933; x_wconf 78' lang='lat' dir='ltr'><strong>Fide</strong></span> <span class='ocrx_word' id='word_1_804' title='bbox 1322 4880 1588 4933; x_wconf 84' lang='lat' dir='ltr'><strong>catholica.</strong></span> <span class='ocrx_word' id='word_1_805' title='bbox 1608 4879 1869 4935; x_wconf 67' lang='lat' dir='ltr'><strong>Prteterea</strong></span> <span class='ocrx_word' id='word_1_806' title='bbox 1899 4881 1997 4934; x_wconf 90' lang='lat' dir='ltr'><strong>sub</strong></span> <span class='ocrx_word' id='word_1_807' title='bbox 2026 4880 2286 4950; x_wconf 88' lang='lat' dir='ltr'><strong>Fulgentii</strong></span> <span class='ocrx_word' id='word_1_808' title='bbox 2315 4884 2531 4939; x_wconf 90' lang='lat' dir='ltr'><strong>nomine</strong></span> <span class='ocrx_word' id='word_1_809' title='bbox 2557 4884 2751 4937; x_wconf 89' lang='lat' dir='ltr'><strong>citatur</strong></span> <span class='ocrx_word' id='word_1_810' title='bbox 2780 4900 2807 4937; x_wconf 88' lang='lat' dir='ltr'><strong>a</strong></span> <span class='ocrx_word' id='word_1_811' title='bbox 2839 4885 3129 4939; x_wconf 81' lang='lat' dir='ltr'><strong>Ratramuo</strong></span> <span class='ocrx_word' id='word_1_812' title='bbox 3147 4926 3161 4948; x_wconf 90' lang='lat'><strong>,</strong></span> <span class='ocrx_word' id='word_1_813' title='bbox 3190 4886 3241 4938; x_wconf 92' lang='lat' dir='ltr'><strong>in</strong></span> <span class='ocrx_word' id='word_1_814' title='bbox 3272 4885 3405 4939; x_wconf 91' lang='lat' dir='ltr'><strong>libro</strong></span> <span class='ocrx_word' id='word_1_815' title='bbox 3429 4886 3497 4939; x_wconf 90' lang='lat' dir='ltr'><strong>de</strong></span> <span class='ocrx_word' id='word_1_816' title='bbox 3521 4884 3761 4956; x_wconf 60' lang='lat' dir='ltr'><strong>Corp-ire</strong></span> <span class='ocrx_word' id='word_1_817' title='bbox 3787 4892 3835 4937; x_wconf 75' lang='lat' dir='ltr'><strong>ct</strong></span> 
     </span>
    </p>
   </div>
   <div class='ocr_carea' id='block_1_110' title="bbox 532 4970 3832 5057">
    <p class='ocr_par' dir='ltr' id='par_1_110' title="bbox 532 4970 3832 5057">
     <span class='ocr_line' id='line_1_112' title="bbox 532 4970 3832 5057; baseline -0.002 -20"><span class='ocrx_word' id='word_1_818' title='bbox 532 4981 810 5057; x_wconf 63' lang='lat' dir='ltr'><strong>Sanguine</strong></span> <span class='ocrx_word' id='word_1_819' title='bbox 834 4976 1064 5039; x_wconf 88' lang='lat' dir='ltr'><strong>Domini.</strong></span> <span class='ocrx_word' id='word_1_820' title='bbox 1098 4972 1331 5028; x_wconf 83' lang='lat' dir='ltr'><strong>Isidorus</strong></span> <span class='ocrx_word' id='word_1_821' title='bbox 1356 4972 1515 5028; x_wconf 90' lang='lat' dir='ltr'><strong>etiam</strong></span> <span class='ocrx_word' id='word_1_822' title='bbox 1544 4970 1596 5026; x_wconf 91' lang='lat' dir='ltr'><strong>in</strong></span> <span class='ocrx_word' id='word_1_823' title='bbox 1623 4971 1896 5042; x_wconf 85' lang='lat' dir='ltr'><strong>Catalogo.</strong></span> <span class='ocrx_word' id='word_1_824' title='bbox 1926 4985 1978 5029; x_wconf 90' lang='lat' dir='ltr'><strong>et</strong></span> <span class='ocrx_word' id='word_1_825' title='bbox 2009 4974 2279 5029; x_wconf 92' lang='lat' dir='ltr'><strong>llonorius</strong></span> <span class='ocrx_word' id='word_1_826' title='bbox 2306 4977 2796 5046; x_wconf 81' lang='lat' dir='ltr'><strong>Augustodunensis</strong></span> <span class='ocrx_word' id='word_1_827' title='bbox 2828 4979 2881 5031; x_wconf 95' lang='lat' dir='ltr'><strong>in</strong></span> <span class='ocrx_word' id='word_1_828' title='bbox 2909 4976 3187 5032; x_wconf 86' lang='lat' dir='ltr'><strong>Chronicis</strong></span> <span class='ocrx_word' id='word_1_829' title='bbox 3216 4988 3477 5032; x_wconf 83' lang='lat' dir='ltr'><strong>testantur</strong></span> <span class='ocrx_word' id='word_1_830' title='bbox 3504 4978 3832 5048; x_wconf 73' lang='lat' dir='ltr'><strong>Fulgentiutn</strong></span> 
     </span>
    </p>
   </div>
   <div class='ocr_carea' id='block_1_111' title="bbox 536 5063 3834 5143">
    <p class='ocr_par' dir='ltr' id='par_1_111' title="bbox 536 5063 3834 5143">
     <span class='ocr_line' id='line_1_113' title="bbox 536 5063 3834 5143; baseline -0.002 -14"><span class='ocrx_word' id='word_1_831' title='bbox 536 5074 816 5143; x_wconf 73' lang='lat' dir='ltr'><strong>scripsisse</strong></span> <span class='ocrx_word' id='word_1_832' title='bbox 849 5070 1105 5139; x_wconf 82' lang='lat' dir='ltr'><strong>Regulam</strong></span> <span class='ocrx_word' id='word_1_833' title='bbox 1134 5080 1279 5121; x_wconf 67' lang='lat' dir='ltr'><strong>verte</strong></span> <span class='ocrx_word' id='word_1_834' title='bbox 1309 5063 1431 5120; x_wconf 76' lang='lat' dir='ltr'><strong>fidei</strong></span> <span class='ocrx_word' id='word_1_835' title='bbox 1464 5072 1561 5118; x_wconf 89' lang='lat' dir='ltr'><strong>:et</strong></span> <span class='ocrx_word' id='word_1_836' title='bbox 1586 5078 1705 5118; x_wconf 87' lang='lat' dir='ltr'><strong>eam</strong></span> <span class='ocrx_word' id='word_1_837' title='bbox 1733 5063 1987 5134; x_wconf 79' lang='lat' dir='ltr'><strong>Regulam</strong></span> <span class='ocrx_word' id='word_1_838' title='bbox 2019 5065 2087 5117; x_wconf 90' lang='lat' dir='ltr'><strong>ab</strong></span> <span class='ocrx_word' id='word_1_839' title='bbox 2126 5064 2316 5119; x_wconf 89' lang='lat' dir='ltr'><strong>eodem</strong></span> <span class='ocrx_word' id='word_1_840' title='bbox 2350 5064 2626 5135; x_wconf 81' lang='lat' dir='ltr'><strong>Fulgentio</strong></span> <span class='ocrx_word' id='word_1_841' title='bbox 2666 5068 2796 5136; x_wconf 89' lang='lat' dir='ltr'><strong>petit</strong></span> <span class='ocrx_word' id='word_1_842' title='bbox 2836 5067 3140 5121; x_wconf 87' lang='lat' dir='ltr'><strong>Ferrandus</strong></span> <span class='ocrx_word' id='word_1_843' title='bbox 3181 5067 3472 5133; x_wconf 87' lang='lat' dir='ltr'><strong>diaconus,</strong></span> <span class='ocrx_word' id='word_1_844' title='bbox 3519 5069 3573 5121; x_wconf 89' lang='lat' dir='ltr'><strong>in</strong></span> <span class='ocrx_word' id='word_1_845' title='bbox 3615 5066 3834 5136; x_wconf 80' lang='lat' dir='ltr'><strong>epistola</strong></span> 
     </span>
    </p>
   </div>
   <div class='ocr_carea' id='block_1_112' title="bbox 528 5154 3832 5233">
    <p class='ocr_par' dir='ltr' id='par_1_112' title="bbox 528 5154 3832 5233">
     <span class='ocr_line' id='line_1_114' title="bbox 528 5154 3832 5233; baseline -0.003 -12"><span class='ocrx_word' id='word_1_846' title='bbox 528 5170 680 5223; x_wconf 88' lang='lat' dir='ltr'><strong>inter</strong></span> <span class='ocrx_word' id='word_1_847' title='bbox 703 5163 1075 5233; x_wconf 86' lang='lat' dir='ltr'><strong>Fulgentianas</strong></span> <span class='ocrx_word' id='word_1_848' title='bbox 1105 5173 1253 5211; x_wconf 67' lang='lat' dir='ltr'><strong>nova:</strong></span> <span class='ocrx_word' id='word_1_849' title='bbox 1277 5155 1528 5212; x_wconf 89' lang='lat' dir='ltr'><strong>editionis</strong></span> <span class='ocrx_word' id='word_1_850' title='bbox 1554 5154 1761 5211; x_wconf 88' lang='lat' dir='ltr'><strong>decima</strong></span> <span class='ocrx_word' id='word_1_851' title='bbox 1790 5157 1961 5209; x_wconf 87' lang='lat' dir='ltr'><strong>tertia.</strong></span> <span class='ocrx_word' id='word_1_852' title='bbox 1988 5156 2381 5211; x_wconf 90' lang='lat' dir='ltr'><strong>Inscribebatur</strong></span> <span class='ocrx_word' id='word_1_853' title='bbox 2400 5158 2527 5211; x_wconf 91' lang='lat' dir='ltr'><strong>olim</strong></span> <span class='ocrx_word' id='word_1_854' title='bbox 2554 5176 2567 5211; x_wconf 92' lang='lat'>:</span> <span class='ocrx_word' id='word_1_855' title='bbox 2597 5157 2671 5211; x_wconf 84' lang='lat' dir='ltr'><strong>De</strong></span> <span class='ocrx_word' id='word_1_856' title='bbox 2693 5156 2822 5210; x_wconf 85' lang='lat' dir='ltr'><strong>Fide</strong></span> <span class='ocrx_word' id='word_1_857' title='bbox 2846 5158 2914 5209; x_wconf 87' lang='lat' dir='ltr'><strong>ad</strong></span> <span class='ocrx_word' id='word_1_858' title='bbox 2938 5157 3148 5211; x_wconf 82' lang='lat' dir='ltr'><strong>Petrum</strong></span> <span class='ocrx_word' id='word_1_859' title='bbox 3177 5159 3464 5211; x_wconf 84' lang='lat' dir='ltr'><strong>diaconum.</strong></span> <span class='ocrx_word' id='word_1_860' title='bbox 3491 5158 3598 5214; x_wconf 88' lang='lat' dir='ltr'><strong>Sed</strong></span> <span class='ocrx_word' id='word_1_861' title='bbox 3625 5159 3832 5212; x_wconf 86' lang='lat' dir='ltr'><strong>Petrum</strong></span> 
     </span>
    </p>
   </div>
   <div class='ocr_carea' id='block_1_113' title="bbox 530 5246 3835 5318">
    <p class='ocr_par' dir='ltr' id='par_1_113' title="bbox 530 5246 3835 5318">
     <span class='ocr_line' id='line_1_115' title="bbox 530 5246 3835 5318; baseline -0.003 -10"><span class='ocrx_word' id='word_1_862' title='bbox 530 5270 681 5311; x_wconf 88' lang='lat' dir='ltr'><strong>nunc</strong></span> <span class='ocrx_word' id='word_1_863' title='bbox 700 5254 860 5308; x_wconf 87' lang='lat' dir='ltr'><strong>alium</strong></span> <span class='ocrx_word' id='word_1_864' title='bbox 884 5268 913 5305; x_wconf 88' lang='lat' dir='ltr'><strong>a</strong></span> <span class='ocrx_word' id='word_1_865' title='bbox 936 5249 1347 5308; x_wconf 78' lang='lat' dir='ltr'><strong>Petro‘diacono</strong></span> <span class='ocrx_word' id='word_1_866' title='bbox 1369 5250 1455 5305; x_wconf 90' lang='lat' dir='ltr'><strong>cui</strong></span> <span class='ocrx_word' id='word_1_867' title='bbox 1483 5249 1712 5318; x_wconf 83' lang='lat' dir='ltr'><strong>scriptus</strong></span> <span class='ocrx_word' id='word_1_868' title='bbox 1736 5257 1817 5301; x_wconf 89' lang='lat' dir='ltr'><strong>est</strong></span> <span class='ocrx_word' id='word_1_869' title='bbox 1843 5246 2105 5317; x_wconf 85' lang='lat' dir='ltr'><strong>Fulgentii</strong></span> <span class='ocrx_word' id='word_1_870' title='bbox 2127 5248 2193 5301; x_wconf 92' lang='lat' dir='ltr'><strong>de</strong></span> <span class='ocrx_word' id='word_1_871' title='bbox 2217 5247 2583 5302; x_wconf 89' lang='lat' dir='ltr'><strong>lncarnatione</strong></span> <span class='ocrx_word' id='word_1_872' title='bbox 2611 5248 2765 5316; x_wconf 88' lang='lat' dir='ltr'><strong>liber,</strong></span> <span class='ocrx_word' id='word_1_873' title='bbox 2794 5247 2949 5302; x_wconf 88' lang='lat' dir='ltr'><strong>facile</strong></span> <span class='ocrx_word' id='word_1_874' title='bbox 2977 5249 3270 5312; x_wconf 86' lang='lat' dir='ltr'><strong>credimus,</strong></span> <span class='ocrx_word' id='word_1_875' title='bbox 3292 5247 3362 5301; x_wconf 88' lang='lat' dir='ltr'><strong>ob</strong></span> <span class='ocrx_word' id='word_1_876' title='bbox 3390 5250 3623 5303; x_wconf 84' lang='lat' dir='ltr'><strong>rationes</strong></span> <span class='ocrx_word' id='word_1_877' title='bbox 3653 5249 3835 5301; x_wconf 88' lang='lat' dir='ltr'><strong>allatas</strong></span> 
     </span>
    </p>
   </div>
   <div class='ocr_carea' id='block_1_114' title="bbox 534 5338 3833 5413">
    <p class='ocr_par' dir='ltr' id='par_1_114' title="bbox 534 5338 3833 5413">
     <span class='ocr_line' id='line_1_116' title="bbox 534 5338 3833 5413; baseline -0.001 -19"><span class='ocrx_word' id='word_1_878' title='bbox 534 5349 585 5397; x_wconf 75' lang='lat' dir='ltr'><strong>tu</strong></span> <span class='ocrx_word' id='word_1_879' title='bbox 624 5359 759 5398; x_wconf 80' lang='lat' dir='ltr'><strong>nova</strong></span> <span class='ocrx_word' id='word_1_880' title='bbox 787 5343 1045 5413; x_wconf 79' lang='lat' dir='ltr'><strong>Fulgentii</strong></span> <span class='ocrx_word' id='word_1_881' title='bbox 1074 5342 1329 5404; x_wconf 88' lang='lat' dir='ltr'><strong>editione,</strong></span> <span class='ocrx_word' id='word_1_882' title='bbox 1357 5356 1481 5410; x_wconf 71' lang='lat' dir='ltr'><strong>qua:</strong></span> <span class='ocrx_word' id='word_1_883' title='bbox 1506 5339 1723 5394; x_wconf 76' lang='lat' dir='ltr'><strong>Parisiis</strong></span> <span class='ocrx_word' id='word_1_884' title='bbox 1748 5353 1815 5393; x_wconf 83' lang='lat' dir='ltr'><strong>ex</strong></span> <span class='ocrx_word' id='word_1_885' title='bbox 1837 5338 2047 5392; x_wconf 80' lang='lat' dir='ltr'><strong>ofﬁcina</strong></span> <span class='ocrx_word' id='word_1_886' title='bbox 2070 5338 2340 5394; x_wconf 88' lang='lat' dir='ltr'><strong>Guillelnti</strong></span> <span class='ocrx_word' id='word_1_887' title='bbox 2367 5339 2598 5407; x_wconf 86' lang='lat' dir='ltr'><strong>Desprez</strong></span> <span class='ocrx_word' id='word_1_888' title='bbox 2622 5340 2731 5408; x_wconf 89' lang='lat' dir='ltr'><strong>jam</strong></span> <span class='ocrx_word' id='word_1_889' title='bbox 2760 5354 2900 5393; x_wconf 89' lang='lat' dir='ltr'><strong>nunc</strong></span> <span class='ocrx_word' id='word_1_890' title='bbox 2929 5340 3123 5408; x_wconf 87' lang='lat' dir='ltr'><strong>prodit,</strong></span> <span class='ocrx_word' id='word_1_891' title='bbox 3154 5340 3329 5393; x_wconf 87' lang='lat' dir='ltr'><strong>smdio</strong></span> <span class='ocrx_word' id='word_1_892' title='bbox 3357 5349 3411 5394; x_wconf 90' lang='lat' dir='ltr'><strong>et</strong></span> <span class='ocrx_word' id='word_1_893' title='bbox 3437 5342 3620 5394; x_wconf 83' lang='lat' dir='ltr'><strong>labore</strong></span> <span class='ocrx_word' id='word_1_894' title='bbox 3646 5338 3833 5395; x_wconf 81' lang='lat' dir='ltr'><strong>eruditi</strong></span> 
     </span>
    </p>
   </div>
   <div class='ocr_carea' id='block_1_115' title="bbox 539 5426 3834 5501">
    <p class='ocr_par' dir='ltr' id='par_1_115' title="bbox 539 5426 3834 5501">
     <span class='ocr_line' id='line_1_117' title="bbox 539 5426 3834 5501; baseline -0.001 -14"><span class='ocrx_word' id='word_1_895' title='bbox 539 5434 640 5487; x_wconf 83' lang='lat' dir='ltr'><strong>viri</strong></span> <span class='ocrx_word' id='word_1_896' title='bbox 668 5431 827 5495; x_wconf 72' lang='lat' dir='ltr'><strong>Lucze</strong></span> <span class='ocrx_word' id='word_1_897' title='bbox 857 5433 1134 5501; x_wconf 80' lang='lat' dir='ltr'><strong>Mangeant</strong></span> <span class='ocrx_word' id='word_1_898' title='bbox 1165 5431 1354 5485; x_wconf 74' lang='lat' dir='ltr'><strong>(llcriri</strong></span> <span class='ocrx_word' id='word_1_899' title='bbox 1391 5429 1708 5484; x_wconf 85' lang='lat' dir='ltr'><strong>Parisiensis</strong></span> <span class='ocrx_word' id='word_1_900' title='bbox 1748 5430 2051 5498; x_wconf 81' lang='lat' dir='ltr'><strong>recognita,</strong></span> <span class='ocrx_word' id='word_1_901' title='bbox 2101 5439 2254 5483; x_wconf 88' lang='lat' dir='ltr'><strong>aucta</strong></span> <span class='ocrx_word' id='word_1_902' title='bbox 2299 5440 2353 5483; x_wconf 88' lang='lat' dir='ltr'><strong>et</strong></span> <span class='ocrx_word' id='word_1_903' title='bbox 2395 5433 2669 5499; x_wconf 86' lang='lat' dir='ltr'><strong>castigata.</strong></span> <span class='ocrx_word' id='word_1_904' title='bbox 2720 5430 2830 5485; x_wconf 80' lang='lat' dir='ltr'><strong>Nec</strong></span> <span class='ocrx_word' id='word_1_905' title='bbox 2876 5431 3066 5501; x_wconf 89' lang='lat' dir='ltr'><strong>injuria</strong></span> <span class='ocrx_word' id='word_1_906' title='bbox 3113 5443 3435 5500; x_wconf 83' lang='lat' dir='ltr'><strong>expunctum</strong></span> <span class='ocrx_word' id='word_1_907' title='bbox 3486 5426 3719 5488; x_wconf 55' lang='lat' dir='ltr'><strong>e&#39;titulo</strong></span> <span class='ocrx_word' id='word_1_908' title='bbox 3760 5442 3834 5485; x_wconf 66' lang='lat' dir='ltr'><strong>est</strong></span> 
     </span>
    </p>
   </div>
   <div class='ocr_carea' id='block_1_116' title="bbox 540 5518 3832 5592">
    <p class='ocr_par' dir='ltr' id='par_1_116' title="bbox 540 5518 3832 5592">
     <span class='ocr_line' id='line_1_118' title="bbox 540 5518 3832 5592; baseline -0.001 -15"><span class='ocrx_word' id='word_1_909' title='bbox 540 5524 749 5585; x_wconf 82' lang='lat' dir='ltr'><strong>diaconi</strong></span> <span class='ocrx_word' id='word_1_910' title='bbox 779 5536 1007 5584; x_wconf 82' lang='lat' dir='ltr'><strong>nomen;</strong></span> <span class='ocrx_word' id='word_1_911' title='bbox 1038 5521 1249 5589; x_wconf 82' lang='lat' dir='ltr'><strong>quando</strong></span> <span class='ocrx_word' id='word_1_912' title='bbox 1278 5522 1420 5576; x_wconf 91' lang='lat' dir='ltr'><strong>hunc</strong></span> <span class='ocrx_word' id='word_1_913' title='bbox 1450 5523 1501 5575; x_wconf 89' lang='lat' dir='ltr'><strong>itt</strong></span> <span class='ocrx_word' id='word_1_914' title='bbox 1531 5520 1751 5575; x_wconf 73' lang='lat' dir='ltr'><strong>exordio</strong></span> <span class='ocrx_word' id='word_1_915' title='bbox 1776 5518 2086 5589; x_wconf 86' lang='lat' dir='ltr'><strong>Fulgentius</strong></span> <span class='ocrx_word' id='word_1_916' title='bbox 2120 5520 2331 5574; x_wconf 89' lang='lat' dir='ltr'><strong>Petrum</strong></span> <span class='ocrx_word' id='word_1_917' title='bbox 2361 5519 2526 5575; x_wconf 84' lang='lat' dir='ltr'><strong>filium</strong></span> <span class='ocrx_word' id='word_1_918' title='bbox 2557 5532 2707 5575; x_wconf 87' lang='lat' dir='ltr'><strong>vocat</strong></span> <span class='ocrx_word' id='word_1_919' title='bbox 2726 5564 2740 5587; x_wconf 90' lang='lat'><strong>,</strong></span> <span class='ocrx_word' id='word_1_920' title='bbox 2772 5538 2876 5575; x_wconf 88' lang='lat' dir='ltr'><strong>non</strong></span> <span class='ocrx_word' id='word_1_921' title='bbox 2895 5564 2909 5589; x_wconf 89' lang='lat'><strong>,</strong></span> <span class='ocrx_word' id='word_1_922' title='bbox 2944 5523 3017 5576; x_wconf 89' lang='lat' dir='ltr'><strong>uti</strong></span> <span class='ocrx_word' id='word_1_923' title='bbox 3047 5523 3301 5577; x_wconf 84' lang='lat' dir='ltr'><strong>diaconos</strong></span> <span class='ocrx_word' id='word_1_924' title='bbox 3328 5524 3656 5592; x_wconf 86' lang='lat' dir='ltr'><strong>compellare</strong></span> <span class='ocrx_word' id='word_1_925' title='bbox 3684 5524 3832 5588; x_wconf 80' lang='lat' dir='ltr'><strong>solet,</strong></span> 
     </span>
    </p>
   </div>
   <div class='ocr_carea' id='block_1_117' title="bbox 543 5611 3835 5684">
    <p class='ocr_par' dir='ltr' id='par_1_117' title="bbox 543 5611 3835 5684">
     <span class='ocr_line' id='line_1_119' title="bbox 543 5611 3835 5684; baseline -0.001 -15"><span class='ocrx_word' id='word_1_926' title='bbox 543 5618 765 5669; x_wconf 82' lang='lat' dir='ltr'><strong>lratrem</strong></span> <span class='ocrx_word' id='word_1_927' title='bbox 794 5623 881 5665; x_wconf 87' lang='lat' dir='ltr'><strong>aut</strong></span> <span class='ocrx_word' id='word_1_928' title='bbox 909 5614 1315 5667; x_wconf 87' lang='lat' dir='ltr'><strong>condiaconum.</strong></span> <span class='ocrx_word' id='word_1_929' title='bbox 1345 5614 1769 5682; x_wconf 70' lang='lat' dir='ltr'><strong>ltecognovimus</strong></span> <span class='ocrx_word' id='word_1_930' title='bbox 1798 5612 1899 5666; x_wconf 91' lang='lat' dir='ltr'><strong>hoc</strong></span> <span class='ocrx_word' id='word_1_931' title='bbox 1924 5628 2058 5681; x_wconf 93' lang='lat' dir='ltr'><strong>opus</strong></span> <span class='ocrx_word' id='word_1_932' title='bbox 2083 5614 2149 5665; x_wconf 89' lang='lat' dir='ltr'><strong>ad</strong></span> <span class='ocrx_word' id='word_1_933' title='bbox 2177 5611 2305 5667; x_wconf 83' lang='lat' dir='ltr'><strong>Mss.</strong></span> <span class='ocrx_word' id='word_1_934' title='bbox 2332 5612 2602 5668; x_wconf 79' lang='lat' dir='ltr'><strong>Romanos</strong></span> <span class='ocrx_word' id='word_1_935' title='bbox 2628 5614 2961 5668; x_wconf 69' lang='lat' dir='ltr'><strong>bibliotheca:</strong></span> <span class='ocrx_word' id='word_1_936' title='bbox 2987 5614 3255 5668; x_wconf 72' lang='lat' dir='ltr'><strong>Vaticana:</strong></span> <span class='ocrx_word' id='word_1_937' title='bbox 3282 5624 3531 5681; x_wconf 87' lang='lat' dir='ltr'><strong>quatuor.</strong></span> <span class='ocrx_word' id='word_1_938' title='bbox 3562 5615 3628 5668; x_wconf 87' lang='lat' dir='ltr'><strong>ad</strong></span> <span class='ocrx_word' id='word_1_939' title='bbox 3654 5614 3835 5684; x_wconf 77' lang='lat' dir='ltr'><strong>Angli-</strong></span> 
     </span>
    </p>
   </div>
   <div class='ocr_carea' id='block_1_118' title="bbox 542 5704 3837 5776">
    <p class='ocr_par' dir='ltr' id='par_1_118' title="bbox 542 5704 3837 5776">
     <span class='ocr_line' id='line_1_120' title="bbox 542 5704 3837 5776; baseline -0.002 -13"><span class='ocrx_word' id='word_1_940' title='bbox 542 5720 708 5763; x_wconf 83' lang='lat' dir='ltr'><strong>canus</strong></span> <span class='ocrx_word' id='word_1_941' title='bbox 745 5705 880 5757; x_wconf 87' lang='lat' dir='ltr'><strong>duos</strong></span> <span class='ocrx_word' id='word_1_942' title='bbox 902 5746 917 5767; x_wconf 89' lang='lat'><strong>,</strong></span> <span class='ocrx_word' id='word_1_943' title='bbox 946 5706 1009 5759; x_wconf 87' lang='lat' dir='ltr'><strong>ad</strong></span> <span class='ocrx_word' id='word_1_944' title='bbox 1040 5705 1456 5758; x_wconf 84' lang='lat' dir='ltr'><strong>vetustissimum</strong></span> <span class='ocrx_word' id='word_1_945' title='bbox 1482 5705 1860 5759; x_wconf 85' lang='lat' dir='ltr'><strong>Corbeiensem</strong></span> <span class='ocrx_word' id='word_1_946' title='bbox 1883 5747 1897 5771; x_wconf 91' lang='lat'><strong>,</strong></span> <span class='ocrx_word' id='word_1_947' title='bbox 1929 5704 1993 5758; x_wconf 87' lang='lat' dir='ltr'><strong>ad</strong></span> <span class='ocrx_word' id='word_1_948' title='bbox 2024 5705 2370 5760; x_wconf 89' lang='lat' dir='ltr'><strong>Sorbonicum</strong></span> <span class='ocrx_word' id='word_1_949' title='bbox 2393 5747 2408 5769; x_wconf 86' lang='lat'><strong>,</strong></span> <span class='ocrx_word' id='word_1_950' title='bbox 2434 5704 2801 5771; x_wconf 77' lang='lat' dir='ltr'><strong>Victorinum,</strong></span> <span class='ocrx_word' id='word_1_951' title='bbox 2832 5706 3153 5761; x_wconf 84' lang='lat' dir='ltr'><strong>Beocensem</strong></span> <span class='ocrx_word' id='word_1_952' title='bbox 3178 5748 3192 5769; x_wconf 89' lang='lat'><strong>,</strong></span> <span class='ocrx_word' id='word_1_953' title='bbox 3219 5716 3272 5762; x_wconf 89' lang='lat' dir='ltr'><strong>et</strong></span> <span class='ocrx_word' id='word_1_954' title='bbox 3299 5706 3434 5761; x_wconf 83' lang='lat' dir='ltr'><strong>alios</strong></span> <span class='ocrx_word' id='word_1_955' title='bbox 3462 5706 3754 5776; x_wconf 82' lang='lat' dir='ltr'><strong>quosdam.</strong></span> <span class='ocrx_word' id='word_1_956' title='bbox 3782 5704 3837 5759; x_wconf 85' lang='lat' dir='ltr'><strong>In</strong></span> 
     </span>
    </p>
   </div>
   <div class='ocr_carea' id='block_1_119' title="bbox 544 5795 3838 5867">
    <p class='ocr_par' dir='ltr' id='par_1_119' title="bbox 544 5795 3838 5867">
     <span class='ocr_line' id='line_1_121' title="bbox 544 5795 3838 5867; baseline 0.001 -20"><span class='ocrx_word' id='word_1_957' title='bbox 544 5795 855 5853; x_wconf 88' lang='lat' dir='ltr'><strong>Corbciensi</strong></span> <span class='ocrx_word' id='word_1_958' title='bbox 904 5806 956 5848; x_wconf 90' lang='lat' dir='ltr'><strong>et</strong></span> <span class='ocrx_word' id='word_1_959' title='bbox 998 5796 1115 5849; x_wconf 90' lang='lat' dir='ltr'><strong>aliis</strong></span> <span class='ocrx_word' id='word_1_960' title='bbox 1162 5797 1395 5849; x_wconf 88' lang='lat' dir='ltr'><strong>melioris</strong></span> <span class='ocrx_word' id='word_1_961' title='bbox 1440 5806 1577 5849; x_wconf 60' lang='lat' dir='ltr'><strong>notae</strong></span> <span class='ocrx_word' id='word_1_962' title='bbox 1624 5795 1747 5848; x_wconf 83' lang='lat' dir='ltr'><strong>Mss.</strong></span> <span class='ocrx_word' id='word_1_963' title='bbox 1794 5795 1987 5849; x_wconf 85' lang='lat' dir='ltr'><strong>desinit</strong></span> <span class='ocrx_word' id='word_1_964' title='bbox 2028 5796 2080 5849; x_wconf 91' lang='lat' dir='ltr'><strong>in</strong></span> <span class='ocrx_word' id='word_1_965' title='bbox 2124 5796 2226 5850; x_wconf 88' lang='lat' dir='ltr'><strong>line</strong></span> <span class='ocrx_word' id='word_1_966' title='bbox 2254 5798 2443 5867; x_wconf 85' lang='lat' dir='ltr'><strong>capitis</strong></span> <span class='ocrx_word' id='word_1_967' title='bbox 2467 5797 2570 5859; x_wconf 61' lang='lat' dir='ltr'><strong>di;</strong></span> <span class='ocrx_word' id='word_1_968' title='bbox 2607 5813 2778 5867; x_wconf 87' lang='lat' dir='ltr'><strong>neque</strong></span> <span class='ocrx_word' id='word_1_969' title='bbox 2806 5808 2964 5867; x_wconf 84' lang='lat' dir='ltr'><strong>caput</strong></span> <span class='ocrx_word' id='word_1_970' title='bbox 2986 5799 3053 5853; x_wconf 74' lang='grc'><strong>45</strong></span> <span class='ocrx_word' id='word_1_971' title='bbox 3076 5842 3089 5862; x_wconf 84' lang='grc'><em>,</em></span> <span class='ocrx_word' id='word_1_972' title='bbox 3123 5798 3265 5867; x_wconf 91' lang='lat' dir='ltr'><strong>quod</strong></span> <span class='ocrx_word' id='word_1_973' title='bbox 3295 5796 3512 5853; x_wconf 84' lang='lat' dir='ltr'><strong>diverso</strong></span> <span class='ocrx_word' id='word_1_974' title='bbox 3543 5799 3668 5852; x_wconf 77' lang='lat' dir='ltr'><strong>stilo</strong></span> <span class='ocrx_word' id='word_1_975' title='bbox 3694 5808 3747 5852; x_wconf 85' lang='lat' dir='ltr'><strong>ct</strong></span> <span class='ocrx_word' id='word_1_976' title='bbox 3772 5799 3838 5851; x_wconf 79' lang='lat' dir='ltr'><strong>ad</strong></span> 
     </span>
    </p>
   </div>
   <div class='ocr_carea' id='block_1_120' title="bbox 550 5885 2211 5955">
    <p class='ocr_par' dir='ltr' id='par_1_120' title="bbox 550 5885 2211 5955">
     <span class='ocr_line' id='line_1_122' title="bbox 550 5885 2211 5955; baseline -0.002 -15"><span class='ocrx_word' id='word_1_977' title='bbox 550 5889 722 5940; x_wconf 82' lang='lat' dir='ltr'><strong>virum</strong></span> <span class='ocrx_word' id='word_1_978' title='bbox 751 5885 1031 5942; x_wconf 87' lang='lat' dir='ltr'><strong>militarem</strong></span> <span class='ocrx_word' id='word_1_979' title='bbox 1062 5886 1315 5955; x_wconf 83' lang='lat' dir='ltr'><strong>scriptum</strong></span> <span class='ocrx_word' id='word_1_980' title='bbox 1346 5896 1446 5948; x_wconf 89' lang='lat' dir='ltr'><strong>cst,</strong></span> <span class='ocrx_word' id='word_1_981' title='bbox 1482 5886 1535 5938; x_wconf 91' lang='lat' dir='ltr'><strong>in</strong></span> <span class='ocrx_word' id='word_1_982' title='bbox 1566 5886 1644 5939; x_wconf 86' lang='lat' dir='ltr'><strong>cis</strong></span> <span class='ocrx_word' id='word_1_983' title='bbox 1675 5899 1896 5954; x_wconf 84' lang='lat' dir='ltr'><strong>usquam</strong></span> <span class='ocrx_word' id='word_1_984' title='bbox 1933 5888 2211 5955; x_wconf 84' lang='lat' dir='ltr'><strong>reperitur.</strong></span> 
     </span>
    </p>
   </div>
  </div>
