4018 6488
533 469 639 525 755

536 583 631 636 iiio
659 586 757 643 est,
787 573 927 648 quod
941 574 1167 648 Spiritus
1191 582 1403 628 sanctus
1427 570 1496 626 de
1528 578 1712 624 natura
1754 567 1925 624 Patris
1965 565 2104 648 Filii-

537 669 642 720 que
669 637 922 720 procedit.
973 637 1054 720 Oh
1079 645 1180 700 hoc
1220 659 1345 720 ergo
1383 653 1511 707 tres,
1551 657 1712 694 unum
1757 649 1900 695 recte
1941 637 2106 720 credi-

537 710 976 776 mus'etdicimus
1022 717 1208 780 Deum,
1236 710 1359 783 quia
1394 727 1494 766 una
1548 727 1766 782 prorsus
1818 710 2106 783 aeternitas,

537 807 643 845 una
691 789 1042 853 immensitas,
1084 801 1186 841 una
1217 781 1525 839 naturaliter
1551 781 1708 837 trium
1757 791 1839 836 est
1863 781 2111 834 divinitas

541 875 911 930 personarum.

611 931 666 987 5.
697 931 994 985 Teneamus
1037 926 1194 998 igitur
1232 925 1441 998 Patrem
1481 931 1534 998 et
1563 920 1753 976 Filium
1783 931 1835 975 et
1863 920 2117 990 Spiritum

541 1010 781 1056 sanctum
809 1015 971 1055 unum
998 994 1118 1053 esse
1148 995 1458 1072 neutraliter
1487 994 1654 1048 Deum
1683 1008 1698 1047 :
1731 1007 1901 1072 neque
1945 1001 2118 1072 tamen

544 1072 716 1139 ipsum
745 1072 954 1125 Patrem
975 1084 1094 1124 esse
1119 1067 1208 1136 qui
1228 1066 1396 1139 Filius
1411 1073 1510 1128 est,
1535 1078 1705 1131 neque
1733 1062 1923 1139 Filium
1951 1062 2121 1130 ipsum

545 1132 666 1197 esse
695 1140 784 1211 qui
813 1141 969 1196 Pater
983 1150 1108 1211 est,
1137 1132 1234 1192 nec
1257 1135 1511 1211 Spiritum
1538 1143 1774 1211 sanctum
1804 1132 1974 1211 ipsum
2004 1146 2124 1211 esse

546 1214 634 1278 qui
665 1201 821 1267 Pater
859 1218 950 1264 aut
982 1201 1147 1264 Filius
1171 1215 1272 1262 est.
1299 1201 1427 1261 'Una
1456 1203 1704 1278 est_enim
1735 1203 1902 1256 Patris
1927 1211 1980 1257 et
2004 1201 2122 1256 Filii

547 1273 602 1336 ct
625 1282 851 1352 Spiritus
875 1282 1042 1337 sancti
1063 1278 1319 1352 essen_tia,
1349 1289 1505 1346 quam
1529 1273 1886 1352 ρηιςοὲρςᾷσίαν
1910 1279 2122 1352 vocant,

549 1353 602 1406 in
633 1343 734 1421 qua
764 1368 871 1408 non
909 1360 991 1405 est
1027 1349 1165 1404 aliud
1209 1343 1393 1421 Pater,
1425 1354 1478 1400 et
1505 1343 1643 1421 aliud
1673 1343 1868 1421 Filius,
1899 1343 2123 1421 et__aliud

547 1413 777 1492 Spiritus
798 1430 1043 1483 sanctus;
1069 1417 1308 1492 quamvis
1335 1415 1681 1492 personaliter
1703 1413 2122 1492 sil_alin_s_Paler,

549 1483 683 1549 alius
715 1493 879 1549 Filius
899 1533 912 1554 ,
943 1483 1346 1558 alins'Spiritus
1376 1498 1605 1540 sanctus.
1645 1483 1795 1558 Quod
1827 1487 1978 1538 nobis
2011 1499 2123 1536 ma-

555 1566 698 1617 xime
738 1565 788 1617 in
830 1565 942 1631 ipso
976 1556 1694 1631 sanctarum;scripturarum
1735 1556 2128 1631 demonstratur

551 1633 735 1698 initio,
768 1623 861 1688 ιώῖ
884 1634 1019 1686 Deus
1047 1631 1213 1685 dit-it:
1248 1623 1518 1681 Faciamus
1555 1626 1804 1698 hominem
1845 1626 1914 1698 ad
1941 1623 2124 1698 imagif

549 1721 666 1758 nem
708 1695 755 1757 et
801 1702 1181 1756 similitudinem
1226 1710 1466 1753 nostram.
1514 1698 1643 1751 Cum
1687 1697 1827 1750 enim
1874 1695 2126 1765 singulari

551 1789 775 1829 numero
798 1773 946 1838 dicit,
975 1772 1264 1843 imaginem,
1287 1769 1699 1843 ostentlit'nnam
1723 1775 1961 1843 naturain
1985 1766 2124 1843 esse,

547 1845 616 1898 ad
645 1844 796 1914 Cujus
824 1836 1104 1913 imaginem
1136 1841 1295 1914 homo
1321 1841 1489 1914 ﬁeret.
1518 1837 1651 1914 Cum
1690 1853 1817 1892 vero
1853 1837 1976 1914 dicit
2007 1836 2126 1914 plu-

548 1907 768 1982 raliter,
791 1907 1040 1976 nostram,
1071 1911 1302 1966 ostendit
1334 1910 1579 1964 eumdem
1619 1909 1786 1962 Deum
1807 1949 1822 1972 ,
1868 1907 1934 1961 ad
1975 1908 2127 1982 cujus

552 1977 834 2055 imaginem
863 1988 1019 2039 homo
1049 1983 1230 2046 (iebat,
1264 1996 1368 2055 non
1393 1996 1562 2055 iniam
1595 1993 1714 2055 αδδς
1738 1992 2040 2055 personam.
2070 1977 2125 2032 Si

551 2047 694 2111 enim
743 2056 795 2112 in
841 2055 925 2109 illa
975 2069 1077 2108 una
1127 2061 1312 2107 natura
1337 2053 1354 2082 ι
1392 2051 1560 2104 Patris
1593 2058 1647 2103 et
1676 2048 1791 2102 Filii
1821 2058 1873 2101 et
1901 2047 2127 2118 Spiritus

549 2126 722 2181 sancti
748 2141 846 2180 una
874 2134 1018 2181 esset
1041 2137 1262 2194 persona
1280 2163 1294 2186 ,
1327 2136 1429 2175 non
1452 2120 1848 2194 diceretur,_ad_
1863 2119 2126 2194 imaginem

551 2205 808 2261 nostram;
841 2195 955 2262 Sed,
982 2187 1056 2248 ad
1080 2193 1359 2264 imaginem
1387 2205 1722 2264 meain;_nec
1743 2189 1991 2264 dixisset,
2023 2187 2128 2264 Fa-

551 2269 748 2320 ciamus
764 2259 902 2331 {sed
924 2259 950 2329 ,⁷
974 2259 1210 2320 Faciam:
1243 2263 1298 2318 Si
1325 2278 1452 2317 vero
1479 2261 1530 2316 in
1562 2261 1666 2316 illis
1695 2259 1860 2314 tribus
1887 2261 2128 2331 personis

553 2347 664 2392 tres
683 2329 864 2393 essent
885 2335 1237 2406 intelligenda:
1263 2333 1344 2388 vel
1366 2331 1646 2387 credenda:
1666 2329 1996 2406 substantiae,
2016 2345 2126 2406 non

549 2408 851 2474 diceretur,
894 2407 963 2460 ad
997 2401 1265 2477 iniaginem
1306 2412 1570 2477 nostram;
1613 2401 1735 2464 sed,
1776 2401 1842 2455 ad
1872 2401 2128 2477 imagines

551 2487 762 2535 nostras
798 2471 950 2532 :iuna
981 2471 1122 2532 enini
1153 2477 1325 2544 imago
1358 2474 1514 2528 trium
1556 2481 1858 2544 naturarum
1891 2471 2128 2544 inasqua-

550 2546 680 2603 lium
709 2564 827 2604 esse
871 2565 975 2603 non
1019 2556 1216 2617 posset.
1254 2541 1358 2600 Sed
1392 2546 1519 2599 dum
1552 2543 1619 2598 ad
1649 2558 1802 2596 unam
1843 2541 2126 2617 imaginem

551 2620 705 2674 unius
732 2618 824 2675 Dei
852 2611 1208 2674 liomo'faetus
1230 2616 1423 2671 dicitur
1442 2657 1456 2679 ,
1487 2630 1588 2668 una
1621 2622 1818 2668 sancta:
1858 2611 2129 2666 Trinitatis

550 2690 902 2745 essentialiter
921 2689 1169 2752 divinitas
1189 2688 1478 2742 intimatur.
1506 2684 1704 2739 Deinde
1719 2685 1738 2713 ¹
1760 2693 1814 2737 et
1836 2682 1988 2751 paulo
2012 2690 2130 2752 post

549 2775 649 2829 pro
677 2776 742 2816 eo
773 2760 910 2830 quod
940 2759 1080 2814 Deus
1107 2759 1351 2830 superius
1377 2756 1620 2830 dixerat,
1662 2753 1936 2830 Faciamus
1953 2753 2130 2830 _hom_i-

550 2822 664 2884 item
699 2833 766 2885 ad
792 2822 1062 2901 imaginem
1093 2840 1142 2885 et
1170 2822 1546 2901 similitudinem
1561 2834 1791 2901 nostram
1785 2841 1825 2901 ’ί
1850 2822 2127 2901 51011(ὶωί-

548 2917 673 2956 nem
695 2893 1175 2970 faetnmScriptura
1197 2898 1527 2970 narravit,nt
1543 2896 1762 2970 dicere},
1776 2893 1844 2948 Et
1859 2894 1976 2970 [egit
1997 2893 2129 2970 Deus

548 2973 840 3034 hominem;
869 2973 936 3026 ad
962 2963 1230 3041 imaginem
1255 2968 1347 3022 Dei
1373 2968 1486 3037 fecit
1515 2982 1628 3021 eum
1656 2964 1809 3037 (Gen.
1833 2981 1876 3030 ι,
1899 2963 1989 3041 26,
2011 2964 2128 3035 27).

623 3043 679 3096 6.
720 3042 865 3096 Hanc
915 3035 1226 3096 Triniiatem
1280 3035 1830 3109 personarum'atque
1875 3035 2128 3109 unitatem

548 3121 754 3166 natura!
785 3112 1038 3180 propheta
1057 3111 1219 3168 lsaias
1245 3105 1778 3180 revelatamsibinon
1809 3105 1988 3170 tacuit,
2005 3119 2128 3160 cum

547 3198 609 3237 se
638 3177 1056 3250 dicitSerapliiIn
1079 3178 1578 3250 vidisseclamantia
1607 3193 1622 3231 :
1647 3177 2126 3250 SanetusLsanctus,

547 3264 750 3307 sanctus
781 3243 1027 3307 Dominus
1058 3251 1194 3322 Deus
1213 3248 1423 3322 sabaoth
1447 3247 1598 3322 (Isai.
1629 3263 1704 3310 Vl,
1735 3243 1812 3320 5).
1847 3245 1947 3302 Ubi
1975 3260 2128 3316 pror-

548 3339 641 3377 sus
685 3325 734 3376 iu
774 3339 839 3376 eo
865 3323 1004 3392 quod
1042 3321 1235 3378 dicitur
1273 3318 1731 3392 tertio,:S_anclus,
1771 3318 2128 3392 personarum

549 3387 900 3457 Trinitatem;
946 3395 997 3448 in
1032 3408 1098 3448 eo
1126 3409 1251 3446 vero
1277 3391 1418 3460 quod
1445 3390 1638 3444 dicitur
1661 3388 1851 3451 semel,
1881 3387 2129 3460 Dominus

549 3463 691 3517 Deus
733 3464 972 3526 subaoth.
1001 3463 1195 3518 divinae
1224 3459 1428 3516 natura:
1453 3460 1821 3531 cognoscimus
1850 3459 2125 3531 unitatem.

548 3535 608 3588 in
654 3537 740 3592 illa
773 3535 929 3605 igitur
957 3543 1138 3589 sancta
1168 3533 1428 3605 Trinitate
1456 3529 1617 3605 (quod
1639 3529 1766 3605 ideo
1791 3544 1832 3605 a.
1855 3529 2007 3584 nobis
2041 3544 2130 3583 re-

620 3606 765 3667 titur,
791 3598 853 3659 ῖιι
882 3614 1061 3660 vestro
1089 3605 1235 3660 cordi
1265 3604 1285 3634 ³
1319 3598 1554 3658 tenacius
1575 3598 1862 3671 inligatur),
1892 3615 2030 3671 unus
2048 3608 2131 3654 est

593 3685 710 3731 ater
736 3675 827 3746 qui
851 3677 996 3731 soius
1025 3674 1379 3746 essentialiter
1408 3674 1476 3728 de
1504 3671 1716 3746 se_ipso
1740 3670 1904 3746 unum
1937 3670 2124 3724 Filium

546 3742 831 3816 genuit,et
860 3763 996 3802 unus
1028 3746 1191 3816 Filius
1219 3744 1310 3816 qui
1339 3744 1405 3816 de
1434 3757 1539 3816 uno
1570 3742 1727 3796 Patre
1751 3742 1894 3795 solus
1921 3750 2005 3816 est
2039 3755 2130 3816 es-

545 3811 840 3872 sentialiter
867 3827 1020 3872 natus
1044 3815 1087 3883 ⁸,
1118 3825 1169 3870 et
1198 3811 1332 3868 unus
1353 3815 1584 3885 Spiritus
1611 3811 1942 3885 sanetusqui
1982 3811 2130 3866 solus

544 3888 903 3944 essentialiter
929 3889 997 3943 de
1028 3881 1182 3942 Patre
1224 3881 1464 3956 Filioque
1509 3883 1765 3956 procedit.
1798 3881 1908 3956 Hoc
1952 3889 2128 3936 autem

546 3968 716 4015 totum
749 3975 850 4013 una
881 3973 1103 4028 persona
1131 3973 1237 4012 non
1268 3954 1468 4028 posset,
1494 3955 1546 4009 id
1572 3963 1674 4028 est,
1713 3961 1768 4028 et
1791 3954 2007 4028 gignere
2023 3967 2127 4028 se,

545 4038 602 4085 et
646 4030 790 4084 nasci
833 4022 901 4084 de
942 4045 1001 4084 se
1044 4037 1098 4083 et
1125 4022 1417 4098 procedere
1440 4026 1507 4081 de
1533 4040 1612 4098 se.
1643 4025 1776 4098 Quia
1806 4024 1965 4092 igitur
1989 4022 2130 4077 aliud

546 4109 631 4170 est
654 4100 901 4170 genuisse
949 4115 1106 4169 quam
1127 4095 1318 4170 natum
1354 4113 1504 4158 esse.
1531 4095 1910 4170 aliudque__cst
1940 4108 2129 4162 proce-

546 4163 682 4224 dere
705 4185 862 4240 quam
891 4163 1142 4239 genuisse
1168 4169 1248 4223 vel
1278 4180 1457 4222 natum
1487 4181 1637 4240 esse;
1663 4163 2003 4240 manifesth
2026 4172 2128 4240 _est

547 4233 797 4309 quoniam
842 4233 975 4295 alius
1002 4249 1086 4294 est
1127 4241 1301 4302 Pater,
1331 4240 1466 4292 alius
1498 4237 1704 4309 Filius,
1736 4235 1872 4309 alius
1900 4233 2130 4309 Spiritus

550 4305 787 4382 sanctus.
815 4311 1048 4366 Trinitas
1076 4311 1250 4378 itaque
1275 4309 1629 4382 adpers‘onas
1651 4305 1824 4361 Patris
1859 4313 1913 4359 et
1937 4305 2053 4359 Filii
2077 4313 2132 4358 et

547 4379 780 4451 Spiritus
803 4383 969 4451 sancti
1002 4384 1244 4451 refertur,
1275 4379 1451 4451 unitas
1478 4379 1542 4451 ad
1575 4387 1840 4451 naturam.

621 4450 844 4508 CAPUT
864 4451 923 4503 Il.
947 4452 1000 4505 7.
1029 4449 1330 4503 Humanitas
1347 4448 1550 4502 Christi.
1582 4445 1876 4502 Exinanitio
1898 4444 2020 4499 Filii
2035 4445 2132 4500 Dei

547 4538 664 4590 qua:
690 4522 862 4592 fuerit.
920 4520 1066 4576 Sicut
1091 4536 1218 4589 ergo
1246 4520 1535 4592 see_nndum
1567 4519 1712 4592 illam
1744 4515 2084 4592 divinitatem
2113 4557 2128 4582 ,

546 4588 651 4660 qua
683 4588 843 4646 unum
885 4604 1003 4646 sunt
1046 4588 1201 4646 Pater
1229 4599 1284 4644 et
1320 4590 1484 4643 Filius
1527 4600 1580 4642 et
1617 4588 1852 4660 Spiritus
1877 4597 2127 4649 sanctus,

547 4657 722 4733 neque
749 4664 955 4718 Patrem
985 4672 1162 4733 natum
1187 4661 1480 4733 credimus,
1506 4657 1677 4730 neque
1719 4657 1972 4733 Spiritum
2005 4673 2127 4712 san-

545 4729 714 4800 ctuin,
742 4735 834 4789 sed
861 4735 1032 4787 solum
1055 4732 1278 4797 Filium;
1307 4731 1383 4784 sic
1410 4731 1570 4786 etiam
1594 4729 1884 4800 Secundum
1913 4743 2128 4783 carnem

543 4799 718 4859 solum
751 4805 942 4859 Filium
973 4813 1153 4858 natum
1177 4801 1433 4856 catholica
1477 4801 1608 4855 lides
1641 4809 1696 4855 et
1719 4799 1889 4854 credit
1917 4809 1970 4852 et
1999 4815 2134 4868 pra:-

545 4876 704 4929 dicat.
757 4876 942 4945 Neque
983 4876 1124 4930 enim
1167 4874 1218 4928 in
1251 4874 1337 4928 illa
1383 4872 1641 4945 'l‘rinitate
1680 4870 1952 4945 pr0prium
1989 4879 2133 4945 esset

545 4949 713 5007 solius
736 4939 907 5001 Patris
931 4946 1070 5017 quod
1102 4960 1204 4998 non
1244 4953 1326 4999 est
1351 4953 1506 5017 natus
1536 4943 1649 5017 ipse
1673 4939 2000 5017 {sedentum
2045 4939 2127 4994 Fi-

546 5018 674 5070 lium
721 5018 906 5088 genuit
928 5009 960 5083 ;’
993 5014 1468 5088 neque_pr0prium
1510 5009 1678 5088 solius
1708 5011 1828 5066 Filii
1858 5009 1996 5077 quod
2027 5025 2129 5064 non

543 5085 883 5158 genuit'ipse.
916 5089 1008 5142 sed
1031 5088 1052 5119 ⁸
1078 5089 1144 5142 de
1171 5086 1343 5140 Patris
1366 5085 1599 5158 essentia
1629 5095 1785 5136 natus
1811 5091 1927 5158 est;
1958 5096 2132 5150 neque

545 5151 817 5227 preprium
843 5160 1070 5227 Spiritus
1095 5158 1260 5210 sancti
1288 5155 1550 5227 quodinec
1580 5164 1734 5209 natus
1760 5162 1842 5227 est
1867 5151 2015 5227 ipse._
2032 5166 2131 5205 nec

544 5223 746 5297 gentm.
773 5230 866 5284 sed
886 5223 1042 5284 solus
1068 5229 1136 5283 de
1165 5223 1320 5282 Patre
1347 5225 1588 5297 Filioque
1629 5223 1870 5297 procedit
1890 5223 1945 5297 °_;
1976 5224 2018 5275 si
2046 5237 2130 5297 sc-

545 5293 776 5352 cnndum
803 5301 1040 5354 divinam
1061 5299 1275 5369 quidem
1295 5293 1536 5350 naturain
1561 5296 1700 5350 Deus
1720 5296 1875 5369 Pater
1897 5293 1962 5346 de
1985 5293 2133 5346 nullo

546 5378 855 5424 nasceretur
887 5371 1014 5433 Deo,
1041 5364 1332 5424 secundum
1355 5382 1570 5420 carnem
1599 5376 1776 5420 tamen
1801 5364 1915 5432 ipse
1947 5378 2133 5416 nascc-

546 5449 696 5493 retur
717 5439 784 5493 de
811 5441 1031 5510 virgine.
1053 5440 1106 5495 Si
1130 5442 1272 5494 enim
1301 5439 1457 5492 Pater
1477 5437 1544 5492 de
1565 5437 1766 5506 virgine
1795 5442 2130 5495 nasceretur.

607 5553 626 5585 ⁴
653 5552 962 5608 Corbeler.sis
975 5558 1080 5612 Ms.,
1105 5550 1155 5602 in
1175 5563 1269 5600 una
1292 5548 1378 5600 illa
1401 5547 1621 5600 essentia.

607 5616 627 5647 '
653 5621 783 5674 ιον..
802 5612 1022 5676 denique.

545 5680 630 5787 d}
652 5669 782 5787 mur,
822 5669 939 5741 qua!
959 5675 1072 5727 ideo
1089 5687 1122 5724 a
1142 5671 1277 5725 nobis
1301 5670 1530 5737 repetitur
1551 5669 1707 5733 toties,
1739 5675 1792 5722 ut
1825 5675 1986 5721 nostro
2023 5681 2131 5720 cor-

582 5752 624 5787 i.
650 5754 680 5787 e

582 5752 624 5796 ι.
650 5748 746 5790 etc.

609 5804 628 5834 ⁸
651 5811 763 5867 tm.
782 5835 798 5861 ,
819 5797 1023 5867 genitus.

607 5868 625 5896 ⁸
653 5853 890 5922 ῆιὶιίξὲἱά
908 5863 1049 5912 solus.
1081 5860 1242 5922 Aliost.
1268 5853 1412 5922 solus,
1438 5869 1463 5905 a
1490 5865 1591 5922 uss.
1876 5915 1904 5922 __

609 5930 628 5958 ⁸
654 5917 959 5983 Corbeicnsis
985 5933 1082 5982 \ts,
1110 5919 1391 5972 immutabili
1418 5917 1680 5970 a'ternitate
1709 5917 1940 5980 procedit.

1977 453 2342 512 APPENDIX.
3675 457 3765 516 755

2225 585 2328 623 una
2361 582 2584 639 persona
2633 576 2777 625 esset
2822 567 2978 623 Pater
3007 577 3059 622 et
3109 565 3273 622 Filius
3299 584 3311 619 :
3337 567 3445 638 ipsa
3475 579 3638 626 autem
3678 590 3767 631 una

2227 655 2450 709 persona
2473 680 2488 704 ,
2517 655 2613 709 pro
2649 654 2714 694 eo
2759 639 2899 709 quod
2928 653 3032 691 non
3077 639 3142 692 de
3196 639 3334 700 Deo,
3369 640 3459 694 sed
3491 651 3676 696 tantum
3711 646 3770 701 de

2224 711 2427 780 virgine
2448 719 2775 776 nasceretur,
2793 727 2894 762 non
2921 710 3009 780 Dei
3033 709 3215 771 Filius.
3239 710 3330 764 sed
3355 721 3549 765 tantum
3567 713 3770 771 hominis

2227 778 2366 834 ﬁlius
2389 782 2647 835 Veraciter
2668 781 2953 836 diceretur.
2985 778 3100 848 ipse
3122 788 3298 834 autem
3328 780 3418 834 Dei
3442 781 3601 836 Filius
3619 785 3768 840 dieit':

2227 851 2316 924 Sic
2338 852 2473 924 Deus
2503 851 2678 924 dilexit
2703 851 2972 924 mundum,
2995 859 3051 902 ut
3090 848 3280 924 Ijilin_m
3317 867 3464 924 suum
3497 855 3773 924 unigenitum

2225 921 2386 976 duret.
2413 923 2478 976 Et
2509 923 2697 977 iterum
2723 919 2876 976 :Non
2894 922 3022 974 enim
3044 921 3176 973 misit
3210 920 3347 974 Deus
3369 921 3554 976 Filium
3575 919 3707 978 Suum
3731 928 3774 981 in

2227 993 2475 1064 mundum
2490 1005 2542 1045 ut
2556 991 3034 1064 judicetimundunt.
3054 991 3142 1064 sed
3163 1000 3215 1043 ut
3240 992 3456 1064 salvetur
3476 995 3678 1048 mundus
3701 1014 3770 1064 per

2227 1061 2683 1146 trstmihglgajtdll,
2705 1063 2792 1129 16,
2821 1061 3064 1146 Πλβςρ
3090 1062 3272 1146 beatus
3295 1063 3513 1146 dixisset
3529 1061 3740 1121 Joannes
3763 1085 3775 1122 :

2231 1082 2242 1116 Ι
2281 1082 2390 1116 sum
2426 1082 2683 1146 μοαηηιι,
2705 1082 2792 1129 ⁸11),
2821 1082 2845 1116 ‘l
2867 1082 2929 1140 Ι).
2957 1082 3064 1116 LVCC
3090 1082 3272 1115 beatus
3295 1082 3513 1117 UIXISSBI
3529 1082 3740 1121 Joannes
3763 1085 3775 1122 ἶ

2231 1082 2328 1200 ὄιιὶ
2349 1135 2511 1205 diligit
2538 1132 2843 1205 Genitorem,
2879 1133 3111 1205 diligitet
3145 1148 3277 1205 eunt
3297 1134 3384 1195 qui
3405 1144 3548 1205 natus
3571 1146 3638 1189 est
3655 1153 3712 1190 ex
3729 1154 3777 1191 eo

2229 1205 2268 1276 (Ἰ
2291 1202 2523 1268 ιιοαηξν,
2556 1203 2628 1276 l).
2657 1204 2765 1258 Nec
2811 1205 2922 1272 ipse
2961 1203 3126 1257 Filius
3173 1202 3395 1276 dixisset
3425 1222 3438 1258 :
3469 1204 3616 1258 Pater
3656 1224 3776 1261 meus

2227 1272 2383 1346 usque
2407 1276 2554 1328 modo
2575 1272 2828 1346 operatur,
2852 1283 2897 1327 et
2923 1290 3015 1344 ego
3033 1289 3211 1346 operor
3241 1272 3423 1342 (Joan.
3455 1290 3509 1338 v,
3544 1277 3649 1346 17).
3676 1278 3778 1344 Ipse

2229 1347 2369 1400 enim
2395 1347 2480 1414 qui
2509 1346 2674 1401 Filius
2702 1345 2926 1409 dicitur,
2964 1346 3006 1398 si
3056 1345 3192 1398 idetn
3233 1355 3373 1398 eSset
3401 1355 3455 1400 et
3487 1345 3657 1410 Pater,
3687 1365 3776 1402 non

2229 1415 2489 1471 veraciter
2512 1417 2602 1470 Dei
2633 1415 2797 1470 Filius
2818 1415 3102 1478 diceretur,
3131 1414 3251 1482 quia
3287 1432 3391 1468 non
3435 1417 3502 1471 de
3531 1418 3661 1483 Deo,
3696 1419 3778 1472 sed

2229 1487 2297 1542 de
2328 1487 2441 1541 Sola
2470 1488 2672 1558 virgine
2712 1498 3036 1541 nasceretur.
3071 1484 3150 1538 Ad
3193 1494 3490 1540 extremum
3546 1503 3637 1542 nec
3683 1488 3780 1558 ipse

2231 1558 2386 1612 Pater
2406 1559 2472 1611 de
2500 1559 2638 1612 etelo
2668 1567 2971 1622 testaretur,
2995 1565 3047 1610 et
3073 1572 3224 1608 suum
3265 1559 3525 1624 corporali
3553 1575 3671 1613 Voce
3701 1559 3779 1612 Fi-

2232 1629 2357 1682 lium
2388 1629 2797 1692 demonstraret,
2829 1627 3012 1682 dicens
3041 1645 3053 1679 :
3082 1624 3182 1678 Hic
3205 1639 3278 1678 est
3309 1626 3476 1682 Filius
3506 1645 3638 1683 mens
3671 1631 3781 1682 dile-

2229 1709 2360 1765 ctus,
2391 1699 2443 1752 in
2467 1716 2562 1770 quo
2583 1699 2705 1752 mihi
2729 1699 3010 1770 complacui
3031 1695 3266 1770 '(iilatth.
3287 1713 3364 1770 In,
3391 1700 3502 1769 17).
3522 1701 3782 1768 Apostolus

2230 1785 2441 1840 queque
2469 1767 2658 1824 Paulus
2684 1786 2788 1823 non
2817 1769 3049 1840 dixisset
3074 1768 3139 1822 de
3172 1767 3280 1840 Deo
3317 1767 3510 1823 Patre:
3543 1767 3636 1837 Qui
3675 1788 3780 1840 pro-

2232 1838 2342 1909 prio
2371 1839 2507 1894 Filio
2529 1840 2549 1871 ³
2578 1857 2676 1893 non
2705 1841 2940 1910 pepercit,
2963 1838 3050 1893 sed
3074 1855 3165 1908 pro
3186 1839 3328 1893 nobis
3349 1841 3576 1894 omnibus
3596 1838 3780 1895 tradidit

2231 1911 2374 1982 illum
2405 1910 2582 1982 (Rom.
2613 1927 2722 1978 \‘ttt,
2753 1910 2863 1982 3⁵2).

2301 1981 2354 2036 8.
2382 1978 2484 2036 Sed
2507 1982 2754 2052 quoniam
2787 1978 2885 2036 ista
2913 1979 3090 2052 omnia
3115 1978 3450 2052 etdivinitus
3475 1981 3540 2036 ad
3568 1992 3779 2037 nostram

2229 2049 2692 2107 doctrinam'dicta
2735 2063 2880 2116 sunt,
2908 2062 2961 2107 et
2989 2051 3110 2121 quia
3137 2049 3316 2121 divina
3347 2051 3487 2106 dicta
3531 2063 3665 2119 sunt,
3694 2057 3785 2107 uti-

2230 2137 2333 2188 que
2360 2138 2483 2178 vcra
2513 2132 2666 2190 sunt;
2707 2140 2888 2178 verum
2930 2119 3176 2190 estquod
3225 2120 3356 2192 lides
3383 2123 3636 2176 catholica
3665 2141 3784 2192 prai-

2231 2192 2393 2259 dieat,
2425 2202 2477 2248 et
2519 2194 2806 2248 secundum
2854 2194 3180 2248 divinitatem
3209 2191 3275 2247 de
3300 2193 3458 2248 Patre
3483 2191 3785 2248 natuin’esse

2231 2263 2401 2318 Solum
2434 2265 2643 2326 Filium,
2669 2275 2925 2319 aeternum
2951 2279 3070 2318 cum
3100 2261 3274 2328 Patre,
3307 2263 3673 2327 immortalem,
3701 2266 3788 2318 itii-

2232 2336 2556 2403 passibilem,
2585 2347 2742 2404 atque
2788 2332 3269 2390 incommutabilem
3302 2335 3499 2399 Deum;
3529 2345 3582 2389 et
3620 2350 3787 2390 secun-

2229 2404 2355 2458 dum
2381 2422 2593 2461 carnem
2621 2423 2723 2460 non
2747 2407 2979 2470 Patrem,
3001 2405 3094 2459 sed
3121 2404 3446 2476 unigenitum
3467 2406 3577 2476 ejus
3596 2405 3787 2472 Filium,

2230 2476 2380 2530 salva
2413 2477 2709 2532 aeternitate
2755 2492 2848 2531 sua
2881 2475 3246 2545 temporaliter
3274 2487 3456 2530 natum
3483 2475 3502 2540 ,
3543 2478 3674 2530 salva
3705 2477 3789 2529 im-

2230 2547 2572 2615 passibihtate
2592 2563 2684 2602 sua
2709 2563 2939 2617 passum,
2971 2545 3116 2601 salva
3138 2547 3534 2617 immortalitate
3552 2562 3639 2601 sua
3661 2563 3788 2600 mor.

2233 2625 2378 2698 tuum
2404 2658 2420 2684 ,
2453 2619 2596 2674 salva
2627 2616 3194 2698 incommutabilitate,
3223 2633 3324 2687 qua
3353 2616 3372 2648 "
3391 2617 3547 2698 Petis
3577 2634 3720 2698 verus
3743 2627 3789 2671 et

2230 2687 2336 2741 vita
2365 2697 2561 2744 aeterna
2591 2699 2694 2754 est,
2743 2691 3002 2745 veraciter
3025 2688 3357 2742 snseitatum.
3386 2687 3490 2754 Qui
3519 2697 3676 2742 totum
3702 2689 3784 2742 ha-

2231 2757 2320 2813 bet
2357 2774 2640 2815 commune
2685 2775 2806 2815 eum
2849 2759 3004 2814 Patre
3047 2759 3187 2826 quod
3231 2769 3465 2813 mternus
3510 2759 3789 2812 naturaliter

2230 2829 2346 2885 sine
2373 2831 2521 2896 initio
2550 2831 2760 2897 habuit;
2789 2840 2843 2885 et
2863 2829 2994 2884 nihil
3018 2829 3176 2884 habet
3201 2844 3489 2885 connnnne
3509 2846 3625 2884 cum
3654 2829 3789 2884 Patre

2230 2914 2419 2956 eorum
2447 2918 2564 2970 qua:
2591 2902 2643 2955 in
2664 2916 2814 2956 suam
2840 2915 3118 2971 personam
3144 2900 3510 2968 temporaliter
3535 2912 3684 2971 atque
3708 2899 3790 2954 bu-

2230 2971 2428 3042 miiiter
2457 2972 2546 3027 ille
2574 2982 2804 3027 aeternus
2833 2981 2992 3042 atque
3016 2971 3260 3026 excelsus
3286 2974 3515 3040 accepit.

2302 3041 2356 3096 9.
2386 3043 2591 3098 Rursus
2616 3045 2658 3098 si
2685 3059 2787 3096 non
2818 3041 3021 3113 illerqui
3050 3043 3293 3109 proprius
3317 3052 3482 3110 atque
3511 3042 3790 3110 unigenitus

2231 3112 2328 3168 Dei
2353 3113 2524 3168 Patris
2562 3113 2729 3168 Filius
2759 3121 2860 3174 est.
2886 3112 2980 3169 sed
3011 3113 3244 3181 Spiritus
3267 3125 3487 3167 sanetus
3509 3120 3792 3168 nasceretur

2232 3200 2296 3254 ex
2319 3184 2556 3254 virgine,
2597 3201 2702 3239 non
2739 3185 2909 3254 ipsum
2949 3181 3139 3237 Filium
3175 3181 3471 3254 quiifaetns
3499 3194 3579 3239 est
3606 3199 3668 3238 ex
3691 3198 3792 3236 lliu-

2230 3253 2384 3320 liere,
2408 3253 2584 3311 Tactus
2611 3256 2712 3310 sub
2758 3253 2895 3324 Lege
2919 3295 2934 3319 ,
2959 3266 3136 3308 natum
3167 3253 3236 3308 de
3273 3253 3481 3323 Spiritu
3523 3264 3698 3308 sancto
3722 3267 3795 3324 rex

2231 3325 2397 3380 Maria
2424 3327 2648 3395 virgine,
2677 3326 2728 3380 in
2749 3323 3006 3396 Symbolo
3033 3334 3333 3396 acceptum,
3365 3335 3418 3379 et
3451 3325 3611 3381 corde
3634 3323 3791 3396 adju-

2231 3397 2428 3450 stitiam
2456 3397 2732 3460 crederet,
2781 3395 2837 3451 et
2873 3411 2966 3450 ore
2994 3395 3059 3449 ad
3098 3398 3323 3449 salutem
3367 3406 3554 3450 sancta
3597 3395 3795 3450 conﬁte-

2230 3476 2378 3521 retur
2407 3468 2661 3522 Eeclesia.
2707 3467 2813 3522 Sed
2851 3477 2904 3522 et
2939 3465 2984 3520 si
3026 3466 3140 3536 ipse
3176 3467 3405 3534 Spiritus
3451 3478 3689 3531 sanctus,
3716 3463 3795 3533 qui

2232 3537 2404 3592 Patris
2441 3547 2496 3593 et
2537 3538 2655 3593 Filii
2699 3537 2930 3607 Spiritus
2976 3545 3094 3601 est,
3146 3537 3370 3591 formam
3416 3539 3562 3592 servi
3610 3537 3795 3604 accipe-

2233 3617 2331 3673 ret,
2367 3625 2472 3664 non
2523 3610 2637 3677 ipse
2681 3607 2910 3678 Spiritus
2939 3617 3155 3662 sanctus
3182 3623 3342 3677 super
3385 3622 3449 3662 se
3506 3609 3672 3677 ipsum
3706 3609 3799 3678 ho-

2232 3680 2432 3763 minem
2479 3676 2674 3736 factum
2725 3676 2780 3734 in
2831 3678 3090 3734 columbae
3147 3676 3325 3750 speCie
3395 3676 3616 3734 cmlitus
3657 3676 3799 3731 adve-

2232 3760 2389 3805 niret.

2308 3823 2393 3880 10.
2421 3822 2577 3877 Pater
2611 3823 2770 3893 igitur
2797 3822 2938 3876 Deus
2963 3820 3032 3875 de
3074 3820 3219 3893 nullo
3242 3821 3459 3893 genitus
3499 3821 3626 3893 Deo,
3653 3818 3802 3893 semel

2232 3893 2302 3948 de
2327 3909 2421 3949 sna
2469 3887 2655 3947 natura
2698 3894 2812 3947 sine
2859 3893 3008 3946 initio
3051 3887 3467 3960 genuit'Filium
3515 3892 3676 3947 Deum
3712 3887 3800 3942 sihi

2233 3966 2512 4031 a-qualem,
2546 3974 2600 4018 et
2626 3964 2812 4018 eadem
2842 3979 2943 4032 qua
2983 3963 3096 4031 ipse
3145 3963 3461 4016 naturaliter
3485 3972 3709 4016 arternns
3731 3966 3804 4032 est

2233 4029 2507 4092 divinitate
2551 4029 2893 4088 eomternnni.
2941 4029 3044 4089 Sed
3094 4033 3234 4087 idem
3285 4033 3374 4086 Dei
3408 4032 3579 4086 Filius
3603 4047 3715 4086 cum
3743 4029 3805 4083 sit

2235 4105 2373 4160 Deus
2399 4116 2630 4160 internus
2673 4115 2724 4158 et
2770 4120 2946 4169 verus,
2978 4114 3033 4159 et
3079 4118 3198 4157 cum
3231 4103 3386 4158 Patre.
3417 4104 3704 4158 secundum
3729 4100 3801 4169 dif

2232 4178 2504 4231 vinitatem
2533 4176 2843 4230 naturaliter
2869 4168 3004 4229 unus
3029 4175 3188 4239 Deus,
3213 4175 3508 4229 secundum
3559 4173 3658 4228 hoc
3680 4168 3804 4236 quod

2235 4247 2382 4312 dicit,
2416 4247 2526 4318 Ego
2567 4255 2614 4300 et
2642 4245 2810 4318 Pater
2835 4262 2992 4299 unum
3032 4262 3204 4300 sumus
3234 4244 3413 4318 (Joan.
3449 4263 3501 4309 x,
3534 4246 3652 4313 50);
3680 4243 3802 4296 idem

2235 4333 2332 4387 pro
2363 4317 2513 4373 nobis
2533 4329 2613 4372 est
2639 4317 2798 4371 homo
2826 4317 2994 4370 laetus
3017 4332 3174 4370 verus
3200 4325 3254 4370 et
3306 4317 3501 4384 plenus
3527 4334 3541 4369 :
3569 4319 3617 4368 in
3643 4329 3704 4368 eo
3727 4326 3807 4365 ve-

2237 4405 2346 4459 rus,
2379 4391 2501 4459 quia
2530 4404 2709 4442 veram
2749 4387 2908 4442 habet
2937 4387 3074 4440 Deus
3113 4387 3199 4440 ille
3227 4387 3516 4459 humanam
3548 4397 3803 4459 naturain;

2236 4458 2288 4513 in
2319 4475 2383 4514 eo
2398 4455 2536 4513 'vero
2560 4461 2766 4528 plenus,
2796 4461 2914 4528 quia
2938 4467 2990 4512 et
3013 4473 3227 4510 carnem
3257 4458 3545 4528 humanam
3569 4455 3804 4528 suscepit,

2235 4540 2288 4584 ct
2315 4526 2910 4585 animam—rationalem.
2961 4528 3104 4582 Idem
3135 4538 3311 4583 tamen
3341 4527 3659 4598 Unigenittts
3687 4526 3808 4579 Deus

2235 4602 2471 4656 secundo
2500 4601 2522 4634 ⁸
2547 4611 2700 4654 natus
2721 4610 2832 4660 est;
2862 4600 3026 4654 semel
3053 4614 3117 4652 ex
3151 4599 3327 4663 Patre,
3350 4600 3521 4654 semel
3546 4615 3609 4652 ex
3635 4605 3806 4651 matre:

2237 4684 2392 4727 natus
2419 4682 2503 4726 est
2529 4673 2670 4724 enim
2708 4671 2775 4724 de
2822 4671 2979 4725 Patre
3011 4671 3149 4723 Deus
3177 4669 3430 4736 Verbum,
3466 4682 3623 4724 natus
3651 4664 3810 4721 estde

2237 4753 2406 4798 tnatre
2439 4743 2667 4796 Verbum
2697 4756 2823 4795 caro
2848 4741 3067 4795 factum.

2309 4815 2396 4870 Η.
2433 4812 2576 4869 Unus
2601 4813 2756 4880 igitur
2781 4821 2860 4865 est
2890 4821 3045 4879 atque
3071 4809 3209 4864 idem
3242 4810 3385 4866 Deus
3413 4810 3509 4865 Dei
3541 4810 3700 4864 Filius
3727 4821 3810 4858 na-

2238 4893 2320 4938 tus
2345 4895 2468 4938 ante
2495 4886 2688 4936 smcula
2709 4924 2722 4944 ,
2752 4892 2804 4936 ct
2844 4891 2998 4935 natus
3041 4882 3093 4936 in
3121 4883 3318 4935 saeculo
3353 4899 3367 4933 :
3400 4890 3455 4935 et
3484 4894 3706 4950 utraque
3732 4890 3810 4930 na-

2239 4956 2412 5009 tivitas
2454 4955 2610 5008 unius
2652 4963 2735 5007 est
2772 4952 2887 5006 Filii
2921 4953 3049 5016 Dei;
3095 4951 3272 5006 divina
3295 4994 3310 5016 ,
3342 4951 3640 5006 secundum
3670 4962 3812 5018 quant

2235 5036 2444 5081 creator
2485 5027 2534 5078 in
2565 5025 2730 5078 forma
2766 5025 2854 5077 Dei
2882 5032 3179 5077 coaeternus
3222 5023 3362 5078 Patri
3396 5023 3540 5077 |)eus
3584 5031 3696 5081 est;
3729 5018 3816 5070 hu-

2239 5113 2416 5161 mana,
2435 5096 2724 5150 secundum
2748 5110 2904 5164 quam
2937 5094 3280 5162 semetipsum
3311 5094 3632 5147 exinaniens
3651 5104 3698 5144 et
3722 5088 3816 5164 lor:

2239 5183 2377 5220 mam
2404 5157 2548 5219 Servi
2579 5157 2862 5230 accipiens.
2889 5179 2993 5217 non
3018 5157 3190 5216 solum
3225 5166 3274 5216 in
3305 5173 3570 5231 conceptu
3607 5157 3816 5231 materni

2238 5249 2372 5291 uteri
2406 5240 2748 5303 semetipsum
2769 5278 2783 5298 ,
2817 5237 2939 5288 dum
2982 5235 3142 5288 homo
3173 5237 3321 5289 tieret
3345 5275 3359 5297 ,
3391 5235 3582 5288 eadem
3625 5230 3817 5303 servilis

2238 5307 2422 5361 formis
2451 5301 2786 5373 susceptione
2819 5305 3097 5368 formavit;
3129 5321 3313 5359 verum
3339 5305 3501 5358 etiam
3531 5306 3599 5358 de
3641 5301 3818 5358 eodem

2238 5381 2425 5433 matris
2441 5389 2591 5433 utero
2618 5380 2755 5432 idem
2783 5386 2922 5432 Deus
2938 5377 3099 5432 homo
3125 5375 3292 5431 laetus
3317 5377 3506 5442 exivit,
3525 5387 3581 5430 et
3608 5376 3658 5428 in
3673 5382 3819 5426 cruce

2304 5602 2319 5634 ι
2347 5607 2473 5650 Unus
2497 5613 2526 5649 e
2551 5599 2786 5650 Vaticanis
2803 5606 2925 5648 uss;
2949 5605 3042 5649 Nec
3064 5595 3167 5662 ipse
3193 5595 3283 5648 Dei
3317 5595 3470 5648 Filius
3495 5595 3681 5647 diceret
3701 5605 3719 5644 :
3737 5603 3822 5644 ca-

2239 5665 2362 5715 teris
2385 5662 2520 5711 libris
2540 5662 2960 5712 dissentientibus.

2303 5728 2322 5757 ’
2349 5725 2484 5782 ΕιΙὶιί,
2510 5723 2624 5786 bene
2647 5721 2930 5786 eomplaeui.
2959 5722 3123 5780 Abest,
3144 5721 3275 5780 bene,
3298 5733 3328 5786 a
3348 5729 3450 5770 uss.

2305 5788 2325 5819 ³
2351 5788 2484 5844 aditi,
2508 5785 2630 5836 Filio
2650 5784 2828 5848 suo.“
2849 5785 3062 5848 potiores
3085 5791 3187 5848 uss.
3214 5784 3455 5842 omittunt,
3481 5794 3588 5833 suo.

2304 5849 2322 5878 ⁸
2350 5857 2479 5903 ων..
2511 5844 2889 5897 immntabilitaie
2915 5861 3016 5904 sua,
3046 5844 3177 5904 quia,
3206 5855 3300 5893 etc.

2305 5913 2322 5942 ⁵
2350 5911 2478 5974 Apud
2503 5919 2609 5960 Lor.
2633 5911 2858 5959 omissum
2884 5917 3008 5969 erat,
3031 5908 3258 5960 secundo.
