4018 6524
454 449 559 508 759

371 569 382 584 ⁸
455 565 552 620 lica
575 571 816 628 creatura
845 561 1090 629 cognouit
1140 564 1189 612 et
1216 554 1400 609 adorat
1430 553 1781 629 Altissimum.

527 629 615 690 t8.
647 634 734 690 Sic
758 625 884 698 ergo
911 624 1186 699 peccatum
1218 637 1269 699 et
1314 640 1467 699 poena
1490 624 1698 699 peccati
1720 664 1746 699 ,_
1780 637 1900 690 quae
1931 636 2026 688 per

453 707 627 761 Icelus
670 692 932 769 corruptai
963 699 1200 753 mulieris
1244 692 1461 769 intravit
1489 696 1540 747 in
1587 692 1878 769 mundum,
1930 707 2026 769 per

454 774 719 832 iitviolatzn
750 763 980 840 virginis
1006 778 1212 838 partum
1237 767 1473 840 aufertur
1501 780 1529 818 a
1560 763 1777 840 mundo.
1813 763 1878 816 Et
1901 763 2024 840 quia

455 846 504 900 in
535 833 1080 911 conditiotte'geuei'is
1099 838 1313 915 humani
1348 853 1441 905 per
1469 834 1744 915 mulierem
1764 875 1776 895 ,
1809 849 1929 915 qua:
1957 833 2025 887 de

454 916 568 969 solo
591 915 703 968 viro
737 905 996 984 l'acta'eSt,
1027 910 1246 984 contigit
1268 918 1321 961 ut
1352 908 1536 984 mortis
1557 905 1780 984 _vinculo
1809 912 2018 984 tenere-

454 1002 572 1040 mur
601 985 879 1047 obstricti;
931 983 1029 1054 hoc
1061 983 1110 1035 itt
1155 975 1768 1054 ademptioneimmani
1815 975 2026 1054 generis

453 1056 627 1110 divina
662 1045 875 1108 bonitas
889 1053 1016 1120 egit,
1046 1061 1102 1106 ιιι
1132 1068 1226 1121 per
1249 1045 1435 1121 vii-tim,
1458 1047 1546 1116 qui
1574 1046 1775 1121 desoia
1804 1045 2028 1100 muliere

454 1136 609 1180 nattts
629 1137 710 1179 est
729 1167 744 1188 ,
776 1127 877 1179 vita
905 1116 1208 1177 hominibus
1235 1119 1562 1188 redderetur.
1599 1117 1706 1188 Illic
1736 1116 2019 1169 humanam

454 1207 695 1250 naturam
727 1195 1046 1263 nequissima
1073 1193 1383 1263 deceptione
1411 1189 1506 1263 sibi
1535 1187 1776 1263 diabolus
1807 1188 1856 1239 in
1904 1202 2026 1254 pec-

452 1267 558 1322 eati
583 1258 979 1321 similitudinem
1008 1258 1228 1318 sociavit
1258 1280 1269 1314 :
1303 1262 1389 1316 hic
1433 1262 1568 1313 Deus
1612 1258 1897 1326 humanam
1927 1273 2025 1310 na-

453 1346 627 1392 turam
655 1338 706 1391 in
734 1338 989 1409 unitatem
1021 1331 1552 1409 personznususeopit:
1579 1329 1667 1409 .lhi
1703 1329 1898 1409 i‘etnina
1928 1327 2019 1409 (le-

454 1420 607 1480 cepta
643 1417 759 1474 est,
806 1417 862 1460 ut
907 1400 1056 1480 fieret
1098 1405 1204 1459 ﬁlia
1244 1403 1491 1480 diaboli_:
1541 1400 1625 1453 hic
1666 1400 1816 1480 virgo
1857 1400 2024 1480 gratia

456 1472 659 1541 repleta
681 1472 762 1532 est
780 1521 794 1541 ,
829 1486 883 1531 ut
911 1475 1062 1531 fieret
1090 1487 1259 1530 mater
1277 1472 1468 1528 summi
1497 1483 1654 1539 atque
1676 1472 2026 1523 incommuta-

456 1541 581 1604 bilis
611 1548 870 1616 Unigeniti
917 1548 1024 1601 Dei.
1089 1546 1159 1600 lbi
1203 1545 1424 1614 angelus
1449 1541 1682 1616 deiectus
1713 1555 2035 1616 persuperj

455 1619 598 1690 biam
622 1660 638 1686 ,
668 1611 900 1675 seductas
938 1617 1177 1690 mulieris
1205 1611 1438 1690 animum
1464 1613 1693 1690 obtinuit
1726 1631 1736 1664 :
1775 1611 1858 1690 hic
1891 1613 2027 1690 Deus

456 1683 741 1744 humilians
766 1705 824 1744 se
853 1705 947 1758 per
971 1687 1387 1758 misericordiam
1415 1726 1444 1758 ,ν
1463 1684 1778 1758 incorrupta:
1807 1683 2026 1758 virginis

455 1770 665 1814 uterum
705 1777 772 1815 ex
803 1751 864 1814 ea
902 1761 1196 1813 nasciturus
1241 1757 1493 1825 implevit.
1547 1755 1636 1808 Dei
1680 1754 1822 1825 coitu
1865 1751 2027 1825 Filius

453 1831 611 1886 Jesus
636 1832 879 1886 Christus
904 1830 990 1899 qui
1036 1829 1086 1882 in
1122 1828 1288 1881 forma
1319 1823 1408 1879 Dei
1428 1836 1579 1888 erat;
1620 1823 1758 1894 quod
1775 1823 1801 1899 _‘
1831 1823 1930 1876 nisi
1960 1837 2028 1875 ex

455 1913 643 1973 natura
666 1902 837 1956 Patris
861 1895 1016 1956 natus
1042 1909 1218 1973 esset,
1247 1913 1368 1973 esse
1399 1913 1501 1950 non
1530 1905 1742 1973 posset;
1775 1895 1907 1973 ipse,
1940 1909 2027 1973 se-

454 1967 687 2026 cundum
713 1973 1058 2042 apostolicam
1089 1969 1382 2042 doctrinam
1403 2009 1418 2033 ,
1459 1965 2030 2042 semetipsumraginaui-

454 2045 523 2097 vit
553 2035 767 2115 formam
793 2043 925 2115 servi
943 2040 1211 2110 accipiens.
1243 2039 1486 2115 Formam
1516 2037 1826 2115 ergqservi,
1853 2035 1901 2088 id
1925 2042 2025 2099 est,

455 2105 700 2168 naturam
731 2113 869 2168 servi
916 2113 966 2166 in
998 2105 1146 2165 suam
1187 2110 1390 2180 accepit
1425 2109 1562 2180 Deus
1593 2105 1688 2180 ille
1725 2121 2027 2180 personam,

453 2196 613 2254 atque
661 2187 727 2238 ita
775 2185 1045 2256 hominum
1091 2183 1257 2235 factor
1297 2177 1726 2256 in‘similitudine
1762 2177 2031 2256 ⁸Ιιυηιξιιιιιιι

455 2248 654 2326 factus,
702 2254 872 2308 habitu
905 2265 985 2309 est
1012 2255 1240 2326 inventus
1277 2261 1330 2304 ut
1361 2251 1544 2326 homo;
1598 2249 1712 2315 ipse
1752 2248 2031 2300 hauri/tavit

454 2322 809 2396 semetipsum,
841 2330 1003 2396 frictus
1024 2325 1254 2376 obediens
1280 2337 1435 2396 usque
1463 2322 1529 2374 ad
1565 2330 1794 2384 mortem,
1826 2329 2033 2372 mortem

453 2392 812 2470 autiein'erucis
841 2392 1096 2470 (Philipp.
1129 2410 1182 2455 II,
1217 2392 1354 2470 tis)-
1426 2461 1460 2470 η
1705 2460 1716 2470 ,
1938 2458 1949 2470 .

473 2525 476 2528 ,
530 2467 615 2521 19.
649 2460 856 2522 Intente
883 2460 1193 2535 igitu'r'lianc
1222 2461 1462 2531 Apostoli
1489 2460 1806 2535 sententiam
1835 2460 2030 2535 cogita,

454 2548 514 2591 ut
541 2539 590 2592 itt
622 2555 682 2593 ea
721 2530 1010 2606 cognosces
1049 2535 1317 2606 quomodo
1352 2532 1636 2606 Dominum
1671 2532 1850 2606 Jesum
1883 2530 2037 2584 Chri-

455 2619 596 2663 stum
643 2601 888 2662 eumdcm
942 2601 1103 2660 Deum
1148 2617 1307 2674 atque
1350 2603 1617 2658 hominem
1657 2601 1882 2664 credas;
1937 2615 2034 2654 nec

452 2689 629 2734 tau-en
657 2681 708 2733 in
733 2696 798 2733 eo
829 2680 1103 2740 veritatem
1146 2677 1417 2745 utriusque
1452 2684 1652 2728 natura:
1683 2679 1732 2725 in
1776 2687 1875 2725 una
1908 2687 2032 2740 per-

448 2766 602 2813 sttna,
635 2762 719 2804 aut
745 2748 1070 2814 cmfttndas,
1108 2759 1198 2802 aut
1222 2744 1443 2800 dividas.
1493 2745 1621 2798 Cu'u
1654 2759 1780 2813 ergo
1810 2744 2035 2814 primum

451 2819 602 2876 audis
626 2821 692 2874 de
721 2822 939 2874 Domino
967 2819 1092 2872 .lesu
1114 2819 1342 2878 Christo,
1366 2816 1486 2885 quia
1513 2815 1746 2868 informa
1775 2813 1867 2867 Dei
1885 2823 1995 2885 erat
2018 2828 2033 2871 ;

451 2900 663 2958 oportet
705 2903 755 2945 te
791 2905 1079 2963 agnoscere
1103 2931 1125 2963 ,Α
1170 2884 1573 2963 tirniissiineque
1605 2896 1785 2963 tenere
1812 2925 1827 2946 ,
1865 2885 1914 2963 in
1947 2884 2037 2963 ill_o

454 2953 641 3016 lormre
672 2953 886 3017 nomine
925 2960 1214 3013 naturalom
1249 2957 1628 3027 plenitudinem
1661 2955 1857 3027 debere
1886 2953 2039 3007 intel-

454 3032 563 3100 ligi.
595 3031 647 3087 lu
672 3031 839 3097 forma
865 3032 1020 3100 igitur
1049 3030 1136 3083 Dei
1165 3025 1416 3082 Dominus
1437 3027 1592 3081 Jesns
1619 3025 1860 3100 Christus
1889 3033 2034 3086 erat;

450 3096 572 3177 quiia
599 3103 658 3177 iii
683 3113 864 3177 natura
887 3096 986 3155 ‘Dei
1027 3101 1198 3154 Patris
1233 3114 1445 3177 semper
1469 3105 1584 3151 erat
1603 3136 1618 3162 ,
1639 3096 1724 3177 ide
1750 3112 1854 3163 quo
1886 3105 2040 3177 natus

451 3167 586 3228 erat.
616 3172 785 3227 Unius
824 3179 1200 3244 ergoinatura:
1231 3185 1352 3224 cum
1385 3169 1541 3244 Patre
1570 3175 1686 3232 est,
1734 3167 2035 3244 mqttaliter-

451 3259 555 3308 que
582 3258 700 3308 cunt
724 3259 790 3297 eo
814 3236 1168 3312 sempiternus
1196 3251 1352 3312 atque
1395 3240 1688 3312 immensus
1707 3279 1721 3301 ,
1766 3236 2039 3312 aequaliter

454 3307 847 3381 ittitnortaliset
876 3307 1343 3373 incommutabilis,
1373 3309 1650 3381 :cqualitcr
1677 3307 1954 3381 invisibilis
1985 3317 2038 3361 et

454 3376 820 3438 inenarrabilis
845 3425 859 3447 ,
914 3383 1190 3450 mqnaliter
1217 3381 1386 3434 bonus
1412 3389 1465 3434 et
1505 3379 1712 3448 justus,
1762 3376 2040 3450 mqualiter

451 3455 732 3512 miseratur
755 3463 809 3508 et
845 3449 1185 3517 misericors,
1233 3451 1436 3519 patiens
1460 3459 1515 3504 et
1556 3451 1779 3503 nmltum
1826 3449 2036 3519 miseri-

451 3540 574 3598 cors
605 3535 660 3579 et
687 3540 874 3590 verax,
925 3524 1196 3598 mqitaliter
1232 3518 1378 3576 furtis
1409 3530 1463 3576 et
1501 3520 1718 3585 suavis;
1764 3518 2039 3590 aequaliter

452 3594 666 3664 sapiens
694 3603 855 3664 atque
881 3594 1233 3663 omnipotens.

475 3713 488 3718 -
516 3659 610 3720 ΞΟ.
638 3659 868 3720 Proinde
896 3665 1009 3720 huic
1031 3659 1222 3718 ornnia
1249 3679 1367 3731 qum
1396 3661 1628 3717 diximus
1657 3659 1724 3714 de
1751 3660 1888 3714 Filio
1920 3660 2033 3724 Dei,

453 3736 754 3796 firmissima
785 3735 888 3796 title
913 3737 1148 3790 retinens
1176 3736 1195 3765 ³
1229 3737 1243 3800 (
1273 3735 1393 3800 quia
1421 3734 1535 3787 hmo
1564 3732 1744 3800 utique
1774 3732 1950 3784 omnia
1981 3731 2032 3784 ιιι

451 3814 653 3876 unitate
679 3821 880 3866 natura:
919 3806 1122 3861 habens
1145 3821 1265 3859 cum
1296 3806 1470 3876 l’atre,
1519 3803 1635 3857 sine
1657 3802 1827 3876 idubio
1854 3817 2034 3876 aequa-

452 3873 518 3948 lis
565 3889 644 3938 est,
689 3878 827 3933 Patri
861 3895 873 3928 :
904 3887 1120 3948 propter
1165 3875 1303 3944 quod
1347 3885 1402 3929 et
1452 3873 1738 3948 Apostolus
1783 3873 2036 3926 continuo

449 3947 742 4019 aiijtmgens
789 3950 859 4002 ait
891 3944 918 4001 ε’
952 3946 1073 4000 Νοη
1117 3948 1348 4019 rapinam
1400 3944 1942 4019 arliitiratusesLesse
1983 3959 2037 3996 se

449 4013 690 4084 mirantem
719 4018 860 4082 Deo;
909 4033 1014 4072 non
1050 4013 1188 4072 enini
1240 4017 1439 4085 rapina:
1467 4015 1488 4046 ³
1516 4014 1614 4068 fuit
1652 4015 1736 4085 illa
1765 4013 1883 4068 Filii
1913 4029 2033 4068 cum

449 4083 608 4145 Patre
635 4089 925 4144 divinitatis
971 4089 1246 4156 inqualitas
1266 4128 1281 4154 ,
1304 4083 1422 4142 sed
1453 4083 1716 4156 naturae).
1759 4085 1920 4138 etiam
1949 4085 2034 4156 illa

447 4174 568 4228 quae
602 4169 990 4229 consequenter
1027 4155 1295 4228 stibjungit
1331 4157 1616 4229 Apostolus
1645 4155 1864 4229 dicens,
1911 4155 2034 4229 quia

446 4225 768 4297 semetipsum
785 4225 1076 4283 exinanirit
1115 4225 1327 4298 formam
1349 4227 1476 4298 servi
1497 4227 1748 4296 accipiens
1768 4267 1782 4288 ,
1809 4225 1862 4298 in
1889 4226 2034 4278 simi-

451 4296 663 4357 litudine
687 4300 945 4357 hominum
976 4296 1138 4369 factus
1157 4339 1170 4359 ,
1211 4308 1257 4351 et
1288 4297 1462 4369 habitu
1495 4299 1811 4369 inventusut
1842 4296 2034 4360 homo;

447 4379 505 4422 et
537 4371 656 4437 quia
703 4367 984 4424 humiliavit
1023 4370 1372 4437 semetipsum,
1420 4368 1584 4436 [actus
1623 4367 1854 4421 obcdiens
1880 4384 2035 4430 usque

449 4439 520 4493 ml
546 4450 754 4494 mortem
777 4481 793 4501 ,
838 4451 1044 4494 mortem
1069 4450 1234 4492 autent
1262 4439 1421 4492 crucis
1450 4453 1468 4492 :
1495 4440 1669 4491 omnia
1711 4438 1825 4490 hare
1852 4437 1917 4492 de
1945 4437 2034 4492 illo

448 4512 718 4579 unigenito
744 4510 855 4564 Deo
885 4511 974 4565 Dei
1006 4509 1138 4564 Filio
1163 4551 1178 4574 ,
1209 4509 1275 4563 de
1307 4509 1395 4562 illo
1429 4509 1600 4579 Verbo
1628 4509 1737 4564 Deo
1760 4548 1776 4574 ,
1823 4508 1889 4562 de
1913 4524 2034 4579 _quo

448 4577 579 4640 dicit
618 4582 969 4650 evangelista,
1020 4579 1084 4634 In
1117 4580 1364 4650 principio
1391 4589 1496 4632 erat
1530 4578 1775 4650 Ket'bum,
1820 4587 1874 4650 et
1912 4577 2034 4632 Ver-

450 4653 566 4705 bum
595 4661 702 4707 erat
740 4648 880 4719 apud
918 4651 1078 4704 Deum
1103 4648 1125 4714 ,'
1163 4661 1205 4703 rt
1237 4650 1375 4704 Deus
1411 4659 1516 4704 erat
1551 4648 1800 4711 Verbum;
1848 4649 1914 4703 de
1944 4650 2031 4704 illa

449 4722 544 4778 Dei
577 4722 812 4787 Virtute,
863 4723 1057 4789 Deique
1095 4721 1401 4786 Sapientia.
1449 4721 1515 4775 de
1543 4737 1641 4790 qua
1685 4719 2029 4785 lteodicitur,

451 4793 634 4852 Omnia
683 4794 735 4847 in
775 4795 1038 4856 Sapientia
1085 4793 1248 4862 fecisti
1294 4789 1461 4862 (Psal.
1501 4789 1624 4850 cui.
1655 4791 1781 4858 ‘24);
1827 4790 1894 4862 de
1942 4792 2032 4860 illo

445 4864 714 4934 Principio
743 4880 863 4924 eum
893 4879 1000 4934 quo
1033 4861 1190 4926 unum
1222 4861 1310 4934 est
1349 4863 1502 4934 Pater
1547 4863 1656 4930 ipse
1696 4861 2035 4934 principium,

445 4951 502 4990 et.
543 4935 594 4990 in
629 4931 744 5004 fquo
787 4936 885 4998 sibi
913 4931 1185 4998 comici-tio
1221 4932 1346 5002 fecit
1390 4931 1580 5001 coelum
1617 4943 1669 4986 et
1714 4943 1937 4998 terram,
1981 4932 2030 5004 id

445 5017 528 5060 est
565 5003 778 5065 omnem
822 5006 1150 5075 spiritualem
1179 5004 1618 5075 corporalemque
1649 5011 1926 5075 naturam;
1965 5003 2032 5057 de

447 5075 558 5131 beo
586 5073 874 5147 unigenito,
901 5078 990 5146 qtti
1022 5087 1099 5135 est
1129 5076 1180 5144 in
1204 5075 1320 5128 sinu
1347 5074 1557 5147 Patris.
1593 5083 1649 5126 ut
1680 5073 1822 5136 dixi,
1853 5075 2029 5127 omnia

448 5147 560 5210 lucc
611 5143 960 5216 personaliter
1006 5143 1223 5214 accipe;
1284 5143 1429 5199 salva
1489 5153 1662 5216 tamen
1703 5147 2025 5216 ra-tcrnitate,

446 5214 833 5280 immensitate,
861 5219 1282 5279 immortalitate,
1317 5214 1867 5278 incomntut'abilitate,
1898 5215 2033 5270 invi-

445 5289 693 5358 δίιιιιιιςιιο
716 5290 1004 5356 divinitatis
1031 5288 1166 5357 ejus.
1190 5283 1328 5358 Quae
1351 5288 1433 5358 ita!
1452 5287 1762 5358 naturaliter
1782 5293 1834 5358 (Li.
1854 5301 2030 5358 aequa-

449 5355 566 5430 liter
601 5354 897 5430 contundunt
927 5354 1188 5413 eum'Deo
1233 5354 1386 5430 Patre
1423 5356 1580 5430 habet
1626 5354 1764 5430 Detts
1795 5355 1956 5430 Filius
1986 5355 2027 5419 ³,

448 5438 502 5481 ιιι
544 5428 663 5481 licet
697 5428 853 5492 homo
882 5445 984 5497 pro_
1006 5430 1158 5482 nobis
1199 5429 1352 5486 fuerit
1382 5429 1639 5497 veraciter
1671 5428 1839 5492 fartus
1866 5468 1880 5489 ,
1911 5428 2026 5494 pcr-

447 5500 701 5554 tnanserit
723 5493 900 5553 tameii'
923 5493 1141 5569 zeqttalis
1174 5514 1299 5553 tero
1323 5499 1428 5553 Deo
1454 5499 1473 5528 ⁸
1503 5493 1642 5551 Patri
1665 5541 1676 5555 .
1703 5499 1770 5550 de
1799 5493 2025 5565 quona-

509 5609 525 5638 ¹
554 5607 668 5658 [aditi
693 5611 830 5671 Lor...
849 5607 980 5671 quia.
1007 5609 1292 5671 mentiatur
1313 5607 1372 5657 ad
1393 5607 1732 5671 Corbe'ien‘sem
1762 5605 1839 5656 us.

503 5673 528 5710 ι
552 5673 689 5729 aditi,
715 5669 881 5720 retine.
906 5670 1206 5730 t3a5tigantm'
1224 5671 1288 5718 ad
1312 5677 1530 5727 veteres,
1556 5669 1721 5720 libros;

509 5734 528 5810 ξ
552 5739 681 5810 ιρις.)
701 5729 1132 5810 νιςιέήιιαηιίιθιιιιιιιυ
1155 5738 1280 5795 post,
1303 5729 1387 5782 sed
1408 5737 1605 5781 natura.

507 5795 667 5844 λωιιὶ
689 5794 784 5849 alii,
820 5794 908 5844 Uri
932 5794 1098 5844 Fiiitts.
1161 5794 1169 5795 ί
1252 5829 1254 5831 .
1353 5827 1362 5833 .
1443 5835 1446 5838 ,

508 5858 731 5967 inanest,
798 5869 905 5907 retu
946 5862 1072 5912 neu,
1112 5867 1138 5904 a
1201 5861 1280 5903 tua.
1330 5853 1606 5904 Corbeiensi
1661 5863 1710 5906 et
1763 5855 1868 5905 aliis
1907 5868 2026 5905 uou-

568 5935 606 5967 in.

446 5922 606 5967 nullis.

1916 433 2278 490 APPENDIX.

3638 438 3740 494 769

2135 560 2218 623 tus
2264 558 2346 603 est
2387 559 2652 623 reruset
2682 551 2895 605 Veritas
2926 552 3102 623 Deus.
3158 551 3522 622 Semetipsum
3575 552 3736 623 igitur

2131 621 2422 674 exinanivit
2443 663 2458 685 ,
2487 622 2580 675 sed
2619 621 2681 674 de
2705 622 3017 693 plenitudine
3045 624 3155 689 ejus
3187 640 3279 677 nos
3321 621 3494 676 omnes
3525 621 3730 693 accepi-

2132 708 2241 745 mus
2270 708 2287 744 :
2318 707 2475 760 quam
2502 693 2879 760 plenitudinem
2901 693 2945 747 si
2967 695 3732 761 cxiuanitusamitteret.quod

2132 763 2198 812 de
2220 778 2278 813 ea
2310 763 2462 814 nobis
2487 764 2640 816 daret
2669 764 2850 831 utique
2884 780 2986 816 non
3013 765 3252 820 haberet.
3302 765 3504 818 Eodem
3545 777 3731 820 autem

2135 848 2239 884 non
2264 833 2518 892 habente.
2566 849 2661 887 nos
2703 835 2890 902 procul
2926 834 3087 887 dtthio
3112 836 3243 890 nihil
3275 850 3553 901 poSSemus
3584 852 3728 888 acet-

2135 919 2277 969 pere.
2327 902 2404 955 De
2432 904 2742 964 plenitudine
2760 913 2936 960 autem
2963 908 3069 974 ejus
3102 923 3192 959 nos
3217 923 3388 960 omnes
3415 907 3730 973 accepimus.

2136 975 2210 1026 lix
2251 989 2316 1027 eo
2361 976 2516 1042 igitur
2557 975 2700 1044 quod
2744 976 2894 1029 nobis
2934 976 3002 1029 de
3049 977 3375 1043 tlenitndine
3415 992 3508 1031 sua
3555 977 3730 1043 dedit,

2134 1044 2370 1098 ostendit
2392 1046 2573 1107 etiam,
2605 1060 2726 1098 cum
2757 1059 2816 1100 se
2843 1047 3136 1100 exinanivit
3160 1089 3173 1106 .
3209 1048 3594 1115 plenitudinem
3621 1064 3730 1101 non

2131 1115 2374 1169 amisisse
2414 1132 2571 1184 quam
2625 1115 2807 1169 habuit
2838 1135 2850 1170 :
2878 1118 2998 1186 quia
3050 1120 3091 1170 si
3145 1119 3526 1186 plenitudinem
3569 1135 3726 1172 satam

2130 1187 2417 1250 amitteret,
2443 1187 2569 1242 dare
2590 1187 2654 1241 de
2678 1187 2764 1240 illa
2784 1187 3086 1242 nullatenus
3107 1199 3301 1256 posset.
3330 1187 3576 1242 Formam
3597 1205 3732 1258 ergo

2131 1258 2274 1310 servi
2303 1259 2508 1327 accepit
2539 1275 2550 1310 :
2580 1273 2753 1326 neque
2786 1260 2926 1311 enim
2963 1259 3106 1312 aliud
3153 1261 3247 1314 fuit
3286 1261 3372 1313 illa
3401 1261 3494 1314 Dei
3523 1261 3728 1315 summi

2131 1327 2438 1395 cxinanitio,
2472 1329 2571 1383 nisi
2599 1328 2784 1384 [omne
2804 1330 3030 1395 servilis,
3055 1331 3106 1384 id
3133 1339 3215 1385 est
3241 1341 3442 1386 natura:
3471 1330 3729 1384 humana:

2130 1397 2388 1467 acceptio.
2982 1457 2988 1464 ,

2205 1469 2292 1522 21.
2324 1468 2558 1540 Utraque
2592 1478 2674 1524 est
2702 1470 2858 1540 igitur
2888 1469 2938 1523 in
2962 1468 3177 1525 Christo
3203 1470 3400 1536 forma,
3419 1472 3541 1542 quia
3571 1480 3729 1525 utra-

2131 1554 2235 1607 que
2261 1549 2314 1594 et
2344 1556 2467 1595 vera
2499 1551 2553 1594 et
2579 1542 2736 1611 plena
2765 1552 2848 1595 est
2891 1541 2941 1594 iu
2965 1543 3183 1596 Christo
3228 1543 3543 1596 substantia.
3598 1543 3730 1596 Ideo

2132 1622 2348 1682 sanctus
2385 1613 2708 1682 cvapgelista
2759 1613 2970 1680 plenum
3001 1627 3124 1667 eum
3161 1614 3345 1682 gratia:
3386 1625 3437 1668 et
3482 1614 3732 1667 veritatis

2136 1680 2616 1754 prmdicatiloan.
2656 1698 2714 1754 il,
2762 1683 2964 1754 1,]6.
3006 1685 3096 1750 14)
3129 1702 3141 1738 :
3169 1680 3293 1754 quia
3339 1693 3394 1738 et
3441 1685 3492 1738 in
3541 1683 3731 1738 divina

2135 1762 2320 1805 natura
2347 1793 2362 1816 ,
2409 1752 2459 1806 itt
2505 1769 2606 1822 qua
2655 1753 2795 1806 Deus
2823 1753 3028 1806 Veritas
3055 1765 3135 1807 est
3160 1752 3203 1817 ,⁷
3223 1755 3407 1818 plenus
3432 1765 3544 1818 est;
3589 1765 3646 1808 et
3674 1756 3730 1808 in

2136 1823 2384 1895 humana.
2417 1823 2466 1877 in
2494 1839 2594 1895 qua
2620 1823 2780 1895 homo
2812 1840 2970 1879 verus
3001 1823 3179 1880 Gratia
3205 1824 3373 1878 faetus
3393 1836 3471 1879 est
3491 1869 3506 1887 ,
3533 1827 3731 1895 plenus

2134 1903 2242 1965 est.
2264 1893 2316 1945 lu
2341 1895 2426 1947 illa
2462 1894 2786 1962 plenitudine
2817 1895 2955 1948 Deus
2979 1905 3059 1950 est
3083 1937 3096 1956 ,
3131 1898 3180 1950 in
3213 1895 3379 1949 forma
3412 1897 3503 1950 Dei
3536 1893 3728 1965 inqua-

2134 1964 2198 2018 iis
2234 1963 2374 2029 Deo;
2428 1965 2478 2018 in
2512 1966 2606 2018 ista
2639 1965 2963 2032 plenitudine
2993 1981 3212 2031 servus,
3261 1968 3311 2019 in
3355 1967 3522 2022 forma
3553 1963 3725 2032 servi,

2134 2034 2254 2102 quia
2285 2035 2345 2106 in,
2364 2035 2692 2089 similitudine
2728 2036 2986 2089 hominum
3012 2041 3174 2106 factus
3193 2080 3207 2101 ,
3238 2037 3408 2090 ltabitu
3439 2050 3522 2092 est
3547 2039 3730 2092 inven-

2136 2114 2215 2158 tus
2243 2115 2298 2158 ut
2327 2105 2497 2159 homo.
2536 2107 2867 2160 Exinaniens
2905 2105 3032 2176 ergo
3061 2110 3403 2176 semetipsum
3425 2151 3440 2167 .
3496 2110 3730 2162 formam

2137 2178 2273 2248 servi
2304 2177 2537 2244 accepit,
2568 2187 2624 2230 ut
2652 2180 2798 2231 tieret
2819 2193 3039 2242 servus;
3078 2179 3170 2232 sed
3211 2179 3393 2232 t‘ormze
3425 2181 3514 2232 Dei
3545 2179 3729 2248 pleni-

2138 2246 2372 2300 tudinem
2399 2263 2504 2300 non
2525 2248 2732 2313 amisit,
2762 2249 2810 2301 in
2839 2265 2939 2317 qua
2962 2264 3173 2318 semper
3200 2260 3283 2304 est
3307 2246 3733 2314 arternus'atque

2139 2318 2587 2372 incommutabilis
2629 2319 2879 2372 Dominus
2908 2335 2922 2374 :
2957 2321 3123 2374 factus
3153 2320 3445 2374 secundum
3495 2321 3729 2374 formam

2139 2389 2274 2440 servi
2302 2388 2461 2440 homo
2483 2405 2639 2442 verus
2664 2430 2679 2453 ,
2719 2389 2958 2457 ejusdem
3003 2400 3208 2444 natura:
3233 2393 3384 2457 cujus
3415 2402 3500 2446 est
3527 2393 3729 2446 ancilla

2140 2469 2346 2523 mater;
2393 2468 2447 2512 et
2487 2476 2706 2513 manens
2749 2462 2799 2514 in
2845 2459 3010 2513 forma
3045 2462 3134 2516 Dei
3171 2462 3310 2515 Deus
3336 2478 3528 2528 verus,
3576 2464 3730 2527 ejus-

2139 2529 2259 2583 dem
2304 2539 2505 2583 naturze
2532 2531 2680 2598 cujus
2705 2539 2787 2585 est
2805 2533 2962 2585 etiam
2994 2531 3246 2587 Dominus
3273 2535 3445 2586 Pater.
3479 2533 3535 2587 lu
3557 2532 3730 2587 forma

2143 2600 2235 2654 Dei
2257 2615 2376 2654 eum
2406 2602 2559 2655 Patre
2587 2612 2640 2654 et
2667 2602 2864 2670 Spiritu
2891 2613 3076 2656 sancto
3112 2618 3248 2656 unus
3271 2613 3323 2656 et
3349 2605 3496 2658 solus
3521 2605 3728 2657 forma-

2144 2680 2224 2724 tor
2245 2673 2480 2724 omnium
2507 2673 2646 2726 Deus
2670 2688 2685 2734 ;
2718 2675 3006 2726 Secundum
3039 2673 3260 2728 formam
3283 2677 3421 2729 servi
3441 2675 3592 2728 solus
3614 2677 3731 2741 ipse

2143 2757 2235 2794 sua
2268 2753 2317 2795 et
2347 2743 2520 2797 Patris
2549 2755 2599 2797 et
2629 2745 2858 2812 Spiritus
2891 2745 3057 2798 sancti
3086 2746 3393 2812 operatione
3430 2746 3726 2800 formatus:

2141 2813 2282 2877 quod
2308 2823 2518 2868 creator
2547 2825 2662 2877 est,
2699 2829 2984 2868 connnune
3022 2815 3222 2869 habens
3259 2817 3573 2870 naturaliter
3602 2833 3724 2870 cmn

2144 2883 2299 2938 Patre
2327 2893 2380 2938 et
2423 2884 2618 2951 Spiritu
2658 2896 2882 2948 sancto;
2925 2887 3064 2953 quod
3103 2900 3281 2940 autem
3329 2898 3542 2940 creatus
3571 2896 3657 2941 est
3687 2887 3728 2950 ',

2143 2954 2287 3009 solus
2317 2954 2519 3014 habens
2559 2957 2905 3023 personaliter
2937 2957 2985 3009 in
3015 2973 3073 3011 se
3099 2957 3232 3025 ipso.
3271 2956 3434 3025 Cujus
3455 2967 3512 3012 et
3534 2957 3730 3012 nativi-

2146 3035 2304 3080 tatem
2334 3026 2560 3079 futuram
2592 3027 2882 3081 seeundum
2909 3042 3157 3092 carnem,
3191 3038 3245 3083 et
3275 3038 3527 3094 mortem,
3558 3038 3611 3083 et
3640 3046 3728 3082 re-

2143 3098 2561 3154 surrectionem.
2607 3107 2764 3166 atque
2808 3098 2859 3151 in
2903 3100 3069 3151 cados
3107 3099 3477 3153 ascensionem
3523 3101 3639 3154 Lex
3675 3109 3730 3154 et

2147 3167 2425 3234 l’ropheta:
2466 3168 2820 3235 pra-nuntiare
2865 3185 3130 3238 nunquam
3172 3171 3524 3235 destiterunt,
3572 3181 3732 3238 prout

2145 3238 2257 3307 ipse
2284 3239 2654 3307 praecipiebat,
2685 3239 2994 3293 obedit-ntes
3021 3245 3037 3270 ³
3069 3251 3122 3294 et
3157 3242 3332 3296 verbis
3357 3251 3412 3296 et
3441 3241 3618 3295 factis.

2153 3363 2156 3366 ,
2213 3308 2303 3363 22.
2357 3309 2485 3362 Nam
2531 3321 2585 3362 et
2629 3310 2678 3362 in
2723 3310 2993 3365 sacrificiis
3028 3312 3322 3365 carnalium
3370 3313 3726 3377 victimarum,

2143 3395 2262 3447 qua:
2305 3379 2403 3434 sibi
2451 3379 2560 3449 ipsa
2608 3389 2788 3450 sancta
2835 3380 3104 3443 Trinitas,
3151 3398 3270 3450 qua:
3299 3399 3434 3436 unus
3477 3395 3558 3437 est
3591 3384 3732 3439 Deus

2143 3450 2278 3505 Noi‘i
2300 3460 2354 3505 et
2383 3450 2588 3504 Veteris
2617 3449 2963 3512 Testamenli,
2992 3467 3022 3506 a
3056 3449 3292 3520 patribus
3311 3455 3508 3509 nostris
3532 3455 3726 3521 praeei-

2146 3522 2322 3590 piebat
2345 3521 2552 3586 oﬂ'erri,
2601 3521 2741 3574 illius
2766 3523 3011 3575 sacrilieii
3047 3524 3445 3591 signiﬁcabatur
3477 3525 3727 3594 gratissi-

2145 3607 2288 3662 tnutn
2332 3607 2560 3653 munus,
2614 3607 2720 3661 quo
2764 3607 2859 3660 pro
2898 3594 3050 3648 nobis
3091 3609 3150 3648 se
3195 3595 3366 3662 ipsum
3411 3597 3560 3648 Solus
3590 3596 3732 3650 Deus

2144 3661 2311 3731 Filius
2359 3663 2649 3717 secundum
2689 3677 2902 3717 carnem
2947 3673 3089 3720 esset
3137 3661 3553 3720 miSericorditer
3579 3665 3731 3720 obla-

2143 3739 2314 3786 turus.
2345 3733 2462 3800 lpse
2486 3734 2627 3786 enim
2648 3775 2662 3797 ,
2703 3734 2991 3788 set-trudunt
3021 3736 3364 3804 apostolicam
3403 3737 3725 3802 doctrinam,

2143 3804 2316 3862 obtulit
2339 3805 2656 3873 semetipsum
2681 3821 2771 3872 pro
2792 3806 2931 3857 nobis
2955 3806 3257 3860 oblationem
3285 3817 3334 3860 et
3364 3808 3584 3860 hostium
3616 3806 3727 3860 Deo

2141 3874 2196 3927 in
2221 3874 2424 3928 odorem
2470 3875 2730 3928 suavitatis
2773 3874 2985 3944 (Epltes.
3017 3892 3081 3942 ν,
3114 3876 3190 3944 5).
3235 3879 3350 3942 Ipse
3394 3893 3551 3930 verus
3585 3878 3728 3932 Deus

2142 3954 2196 4000 et
2225 3961 2383 3998 verus
2404 3944 2666 4007 Pontifex,
2695 3949 2780 4014 qut
2807 3962 2900 4014 pro
2934 3946 3084 4000 nobis
3112 3962 3218 4001 non
3242 3951 3291 4001 in
3319 3952 3577 4016 sanguine
3605 3957 3724 4002 tau-

2142 4031 2322 4070 rorum
2351 4025 2406 4069 et
2427 4017 2714 4080 ltirt'orum,
2738 4019 2828 4069 sed
2861 4017 2912 4070 itt
2958 4020 3213 4084 sanguine
3241 4033 3339 4072 suo
3367 4021 3531 4072 semel
3567 4019 3732 4072 intro-

2142 4087 2239 4140 ivit
2265 4088 2314 4138 in
2342 4097 2522 4139 saneta
2552 4085 2732 4154 (Hebr.
2768 4104 2851 4151 ix,
2884 4087 2992 4154 ii).
3027 4087 3178 4155 Quod
3209 4099 3334 4143 tunc
3364 4089 3603 4156 [mittit'ex
3637 4091 3728 4144 ille

2141 4158 2471 4226 signiﬁcabat
2493 4197 2508 4221 ,
2549 4159 2784 4225 quicum
2814 4160 3069 4226 sanguine
3103 4159 3152 4212 in
3190 4170 3372 4213 sancta
3411 4170 3726 4215 sanctorum

2144 4244 2238 4298 per
2262 4243 2431 4282 annos
2459 4227 2696 4296 singulos
2729 4229 2977 4282 intrabat.
3020 4229 3119 4283 Iste
3147 4230 3304 4299 igitur
3327 4240 3441 4292 est,
3475 4231 3565 4300 qui
3590 4231 3640 4284 in
3664 4246 3727 4286 se

2143 4314 2247 4352 uno
2291 4309 2456 4352 totum
2493 4300 2762 4361 exhibuit,
2808 4300 2946 4366 quod
2983 4315 3102 4354 esse
3137 4303 3498 4355 necessarium
3537 4301 3603 4354 ad
3638 4319 3724 4357 re-

2140 4369 2460 4438 demptionis
2511 4379 2704 4438 n_ostr;n
2756 4371 2956 4423 sciebat
3001 4371 3281 4430 ell‘ectum:
3335 4371 3473 4426 idem
3519 4373 3726 4427 scilicet

2141 4427 2388 4494 sacci-dos
2417 4451 2469 4494 et
2491 4427 2806 4494 sa'criticiutn
2830 4483 2844 4502 ,
2885 4442 3022 4494 idem
3053 4442 3190 4496 Deus
3219 4427 3279 4496 etv
3301 4444 3556 4510 templum
3589 4461 3600 4495 :
3635 4459 3725 4496 sa-

2141 4511 2368 4574 cerdos,
2423 4527 2519 4585 per
2557 4527 2712 4585 quem
2756 4528 2940 4585 sumus
2967 4513 3322 4585 reconciliati;
3375 4514 3720 4585 sacriﬁcium,

2140 4598 2245 4649 quo
2275 4581 2596 4634 reconciliati
2631 4599 2642 4633 :
2675 4581 2947 4649 templum,
2975 4583 3024 4636 in
3043 4599 3148 4652 quo
3167 4584 3526 4643 reconciliati;
3561 4585 3723 4649 Deus,

2139 4652 2223 4706 cui
2266 4653 2612 4706 reconciliati.
2667 4652 2823 4706 Solus
2851 4663 3024 4706 tamen
3053 4655 3304 4708 sacerdos
3329 4697 3343 4718 ,
3376 4654 3722 4719 sacriﬁcium,

2141 4733 2196 4776 et
2233 4723 2520 4791 templum;
2553 4723 2675 4790 quia
2718 4723 2830 4778 haec
2872 4726 3047 4777 omnia
3092 4726 3230 4779 Deus
3272 4726 3570 4780 secundum
3616 4726 3724 4778 for-

2141 4809 2279 4846 mant
2307 4793 2451 4865 servi
2477 4811 2496 4865 7:
2530 4808 2632 4846 nou
2665 4804 2841 4848 autem
2884 4795 3032 4849 solus
3075 4795 3254 4860 Dens;
3300 4798 3421 4865 quia
3453 4795 3557 4849 hoc
3597 4811 3722 4850 cum

2141 4865 2300 4918 Patre
2323 4873 2377 4917 et
2395 4861 2596 4932 Spiritu
2627 4873 2812 4918 sancto
2837 4866 3126 4919 secundum
3155 4861 3381 4920 formam
3412 4865 3525 4919 Dei.

2209 4934 2694 5006 25.7Reeonciliati
2747 4951 2931 4989 smnus
2971 4937 3127 5006 igitur
3176 4953 3269 5002 per
3309 4938 3481 4990 solum
3528 4936 3721 4990 Filium

2140 5005 2427 5059 secundum
2459 5021 2708 5066 carnem,
2755 5006 2848 5059 sed
2881 5005 3005 5060 non
3025 5007 3125 5060 soli
3154 5006 3289 5061 Filio
3315 5007 3612 5061 secundum
3641 5007 3725 5061 di-

2141 5077 2435 5147 vinitatem.
2490 5075 2721 5147 Trinitas
2747 5079 2887 5130 enim
2929 5093 3026 5130 nos
3065 5077 3163 5130 sibi
3213 5079 3578 5133 reconciliavit
3626 5094 3724 5147 per

2143 5147 2244 5201 hoc
2272 5146 2412 5214 quod
2453 5148 2625 5201 solum
2661 5146 2887 5200 Verbum
2917 5162 3131 5202 carnem
3161 5149 3270 5214 ipsa
3309 5146 3544 5202 Trinitas
3575 5146 3718 5204 fecit.

2141 5217 2196 5270 In
2221 5232 2328 5286 quo
2350 5217 2429 5270 sic
2457 5218 2656 5272 veritas
2684 5218 3130 5272 incommutabilis
3162 5228 3438 5286 permanet
3476 5219 3726 5273 humanze

2138 5289 2438 5358 divina-que
2467 5302 2669 5343 na:ur:e
2691 5329 2704 5348 ,
2752 5299 2810 5341 ut
2837 5293 2974 5342 sicut
3005 5305 3124 5342 vera
3151 5306 3362 5356 semper
3389 5302 3474 5344 est
3499 5292 3620 5356 ejus
3643 5291 3726 5343 di-

2138 5360 2367 5422 vinitas,
2400 5375 2554 5423 quam
2585 5361 2652 5413 de
2690 5361 2842 5412 Patre
2888 5361 3369 5414 incommutabilem
3415 5360 3610 5420 habet.
3653 5360 3725 5416 ita

2139 5445 2263 5482 vera
2308 5445 2519 5497 seraper
2557 5440 2718 5499 atque
2765 5431 3211 5484 incommutabilis
3255 5431 3372 5498 ejus
3421 5432 3728 5486 humanitas

2139 5501 2234 5557 sit.
2253 5517 2409 5569 quam
2438 5501 2534 5553 sibi
2566 5503 2765 5553 unitam
2794 5517 2998 5554 sununa
3024 5501 3271 5556 divinitas
3299 5503 3457 5570 gerit.

2209 5572 2298 5629 24.
2331 5571 2455 5625 llaec
2484 5588 2648 5640 pauca
2673 5572 2738 5626 de
2767 5573 2867 5626 [ide
2894 5581 3090 5626 sant-tie
3117 5572 3391 5624 Trinitatis
3418 5613 3432 5637 ,
3476 5587 3598 5642 qme
3634 5587 3728 5625 so-

2203 5732 2217 5764 ι
2244 5731 2328 5781 llic
2352 5729 2468 5779 editi
2487 5729 2687 5780 addunt.
2713 5727 2918 5790 formam
2932 5727 3059 5778 servi
3078 5719 3350 5779 secundum
3363 5717 3511 5790 quam
3533 5734 3726 5778 creatus

2137 5795 2530 5859 estrglossema,
2555 5791 2681 5859 quod
2701 5792 3006 5848 abestattss.
3059 5853 3067 5859 Δ
3133 5851 3161 5859 η
3206 5843 3210 5847 _
3462 5850 3472 5859 ι
3537 5845 3541 5849 _

2143 5917 2173 5966 b
2202 5857 2220 5886 ι
2244 5850 2370 5916 {pud
2421 5861 2527 5902 Lor.
2570 5850 2797 5902 omissum
2839 5862 2976 5910 erat,
3022 5851 3318 5906 obedientes;
3344 5850 3473 5914 quod
3501 5859 3608 5902 ms.
3640 5851 3724 5904 ba.

2179 5925 2276 5966 ent.
