4106 6512
304 461 410 518 765

300 579 562 650 supplicia
601 578 867 635 sustinere
900 596 914 633 :
947 577 1034 633 ubi
1063 578 1306 634 diabolus
1332 592 1452 634 cum
1479 578 1680 648 angelis
1711 578 1822 633 suis
1851 578 1903 632 in

300 661 562 706 aeternum
592 665 812 721 arsurus
835 659 912 705 est
932 691 948 714 ,
977 651 1065 720 qui
1097 659 1151 704 et
1181 651 1382 721 primus
1407 650 1664 721 peccavit,
1695 661 1748 703 et
1776 663 1905 718 pec-

300 732 478 776 catum
511 721 694 790 primis
724 719 1030 777 hominibus
1059 719 1353 791 persuasit;
1378 720 1468 775 ubi
1497 735 1617 791 cum
1647 735 1712 774 eo
1742 721 1902 775 etiam

301 792 602 859 fornicarii,
633 791 787 847 idolis
816 790 1143 858 servientes,
1169 791 1416 856 adulteri,
1451 790 1660 855 molles,
1693 806 1904 844 mascu-

301 863 476 918 lorum
508 863 884 918 concubitores
907 903 922 926 ,
953 861 1132 929 fures,
1160 863 1327 924 avari,
1373 862 1604 926 ebriosi,
1634 861 1900 925 maledici,

299 949 547 1004 rapaces,
576 946 631 988 et
661 949 850 989 onmes
877 936 965 1004 qui
995 949 1156 1003 opera
1185 933 1365 989 carnis
1388 942 1550 1004 agunt
1583 932 1682 1004 (de
1709 931 1902 1000 quibus

300 1002 491 1059 beatus
517 1005 648 1075 dicit
672 1002 982 1074 Apostolus,
1010 1002 1130 1075 quia
1166 1020 1376 1075 regnum
1427 1002 1553 1075 Dei,
1574 1002 1673 1075 non
1721 1019 1904 1075 conse-

297 1086 516 1199 uuentur
539 1074 585 1158 .[l
615 1071 738 1130 Cor:
763 1092 837 1158 vi,
861 1075 914 1141 9,
943 1071 1032 1139 l0,
1075 1084 1125 1156 et
1151 1071 1324 1156 Galqt.
1354 1090 1407 1138 v,
1433 1071 1668 1155 1981]),
1702 1073 1901 1154 siante

319 1161 460 1199 lllllls
502 1158 624 1199 vum
665 1154 949 1199 terminum
989 1160 1019 1199 a
1058 1161 1157 1199 vus
1201 1161 1311 1199 SillS
1343 1144 1497 1198 malis
1522 1159 1764 1198 conversn
1793 1159 1898 1198 non

319 1147 460 1213 utjus
502 1143 624 1201 vita:
665 1148 949 1200 terminum
989 1160 1019 1200 a
1058 1144 1157 1199 viis
1201 1146 1311 1201 suis
1343 1144 1497 1198 malis
1522 1143 1764 1198 conversi
1793 1159 1898 1211 non

299 1215 524 1281 fuerint,
549 1218 764 1272 mternis
791 1218 997 1288 ignibus
1014 1225 1322 1288 canerentur.
1344 1213 1529 1288 Omnis
1550 1215 1690 1288 enim
1717 1213 1899 1288 homo,

297 1289 389 1355 qui
421 1288 472 1340 in
506 1289 607 1340 hoc
636 1285 831 1342 εει-ρυΙύ
866 1303 1031 1357 usque
1060 1287 1126 1341 ad
1155 1287 1313 1341 finem
1345 1286 1395 1340 in
1439 1286 1774 1357 iniquitatum
1797 1285 1899 1357 de-

299 1357 618 1413 lectatione'
647 1369 700 1413 et
726 1360 901 1413 cordis
939 1355 1289 1412 obduratione
1328 1356 1716 1427 permanserit,
1766 1355 1902 1409 sicut

299 1428 388 1482 hic
430 1447 552 1483 eum
605 1431 759 1484 noxia
808 1431 1088 1484 crimimun
1121 1425 1404 1484 delectaiio
1432 1428 1618 1495 lenuit,
1660 1425 1738 1480 sic
1777 1441 1898 1480 eum

296 1502 416 1554 sine
450 1501 554 1553 line
581 1504 900 1570 sempiterna
924 1500 1180 1556 crucialio
1204 1499 1474 1553 retinebit.

372 1572 461 1626 57.
507 1570 622 1625 Erit
663 1566 805 1625 enim
859 1573 1018 1626 etiam
1071 1572 1370 1640 iniquorum
1418 1567 1760 1640 resurrectio,
1806 1566 1900 1640 sed

297 1641 419 1696 sine
449 1643 840 1707 immutatione,
873 1658 1031 1712 quant
1077 1639 1205 1696 solis
1235 1640 1477 1712 ﬁdelibus
1503 1648 1558 1694 et
1581 1654 1670 1712 ex_
1691 1639 1792 1692 lide
1816 1639 1902 1712 ju-_-

296 1722 383 1767 ste
423 1713 722 1768 viventibus
753 1708 975 1768 daturus
1004 1724 1085 1767 est
1119 1713 1279 1768 Deus.
1313 1711 1425 1766 Hoc
1464 1717 1547 1765 est
1589 1709 1730 1763 enim
1757 1708 1901 1776 qttod

297 1783 376 1837 ait
406 1783 594 1838 beatus
622 1784 816 1838 Paulus
845 1802 858 1838 :
893 1782 1078 1838 Omnes
1103 1782 1302 1852 quidem
1324 1797 1658 1852 resurgemus,
1682 1779 1772 1852 sed
1800 1796 1901 1852 non

298 1870 474 1907 omnes
504 1853 899 1908 imniutabimur.
929 1849 1229 1909 Ostendens
1269 1861 1448 1908 autem
1468 1849 1668 1919 'justos
1719 1849 1900 1904 divino

298 1940 524 1978 numere
552 1925 979 1993 commutandos,
999 1925 1072 1980 ait
1098 1943 1113 1979 :
1145 1924 1328 1978 Etnos
1368 1921 1760 1976 immutabimur.
1793 1920 1900 1993 Ha-

301 1995 508 2050 bebunt
536 2012 666 2066 ergo
713 1996 878 2066 iniqui
916 1991 1036 2050 cum
1062 1997 1219 2064 justis
1247 1993 1694 2066 resurrectionem
1723 1991 1900 2066 carnis

297 2062 642 2122 communem
665 2108 680 2128 ,
707 2062 1090 2121 immutationis
1120 2075 1294 2120 tamen
1331 2065 1556 2134 gratiam
1595 2079 1698 2116 non
1733 2062 1898 2134 hahe-

296 2135 454 2200 hunt,
481 2153 600 2207 quae
630 2136 1020 2206 dabiturjustis
1053 2156 1068 2192 :
1104 2133 1356 2206 quoniam
1396 2151 1423 2188 a
1452 2133 1764 2207 corporibus
1803 2133 1902 2207 itn-

295 2203 513 2276 piorum
544 2223 649 2262 non
680 2203 950 2263 auferetur
979 2203 1252 2278 Corruptio
1277 2217 1330 2262 et
1356 2206 1658 2278 ignobilitas
1679 2213 1731 2258 ct
1752 2203 1902 2278 infir-

295 2275 460 2332 mitas
489 2279 540 2333 in
569 2279 761 2348 quibus
787 2275 1157 2338 seminanturi
1185 2294 1304 2347 qum
1327 2275 1396 2332 ob
1418 2277 1518 2330 hoc
1550 2284 1719 2329 morte
1739 2275 1898 2348 etiam

295 2364 411 2404 non
438 2347 843 2419 exstinguentur
866 2392 881 2416 ,
910 2360 969 2405 ut
997 2349 1124 2404 illud
1149 2349 1275 2419 juge
1315 2355 1638 2419 tormentum
1686 2347 1897 2419 corpori

293 2429 463 2487 atque
507 2415 699 2474 anima:
744 2422 813 2474 sit
860 2415 1048 2475 mortis
1091 2415 1306 2475 aeternae
1346 2417 1684 2489 supplicium.
1731 2415 1899 2489 Justaa

293 2485 432 2562 vero
457 2491 650 2545 animm
670 2531 685 2554 ,
715 2505 848 2559 quas
878 2489 964 2546 hic
994 2491 1319 2562 Redemptor
1348 2485 1486 2562 Deus
1507 2487 1670 2562 gratis
1699 2502 1765 2562 es
1796 2485 1899 2540 fide

287 2559 629 2631 justilieavit,
658 2571 713 2617 et
733 2557 1038 2631 justilicatis
1063 2557 1431 2616 hene’viventli
1457 2557 1633 2631 usuue
1657 2557 1707 2611 in
1739 2557 1896 2631 linem

295 2628 753 2757 perseverantiam
785 2632 990 2697 tribuit,
1023 2633 1076 2687 in
1097 2633 1229 2757 ipsis
1257 2630 1591 2702 corporibus.
1625 2631 1675 2682 iu
1707 2628 1899 2698 quibus

317 2702 389 2756 tie
422 2703 808 2757 iustificationis
833 2705 1058 2757 gratiam
1137 2703 1350 2757 ivinitus
1374 2709 1696 2757 acceperunt
1717 2741 1732 2757 .
1762 2707 1815 2752 et
1845 2699 1896 2753 in

317 2702 389 2756 iic
415 2703 808 2773 justiﬁcationis
833 2705 1058 2773 gratiam
1097 2699 1696 2773 divinitus'acceperunt
1717 2741 1732 2765 ,
1762 2707 1815 2752 et
1845 2699 1896 2773 in

295 2770 943 2844 quibusjustilicatte'per
975 2774 1131 2830 fidem
1153 2817 1169 2840 ,
1200 2775 1251 2828 in
1272 2773 1530 2828 charitate
1576 2770 1670 2844 Dei
1702 2770 1896 2844 proxi-

293 2840 806 2926 Iitique_'v'ixerutit,
853 2840 1034 2926 regni
1056 2846 1291 2902 caelestis
1333 2853 1529 2926 {eterna
1557 2840 1900 2926 beatitudine

293 2913 573 2985 potientur
597 2933 611 2972 :
634 2913 951 2985 gloriﬁcatis
965 2917 1124 2972 etiam
1152 2915 1464 2985 corporibus
1489 2916 1620 2983 suis,
1641 2930 1760 2986 quae
1784 2913 1899 2966 sine

291 2986 464 3040 dubio
505 2989 683 3041 carnis
721 2997 928 3052 natura,
977 3002 1134 3056 quam
1187 2987 1324 3041 Deus
1367 2987 1587 3052 creavit,
1637 2987 1899 3042 veraciter

293 3067 670 3126 permanente,
717 3075 822 3112 non
861 3059 998 3113 sicut
1025 3059 1112 3112 hic
1139 3057 1422 3124 animalia,
1467 3058 1562 3113 sed
1604 3057 1896 3127 Spiritualia

292 3137 430 3182 tunc
454 3127 743 3184 habebunt.
772 3129 1086 3184 Sanctorum
1115 3128 1256 3183 enim
1277 3129 1554 3184 seminatur
1573 3146 1757 3199 corpus
1787 3129 1899 3182 ani-

291 3199 454 3271 male,
481 3209 651 3271 surget
677 3217 862 3271 corpus
880 3200 1163 3270 spirituale.
1192 3199 1248 3253 In
1288 3200 1371 3271 his
1397 3216 1493 3270 per
1528 3201 1670 3254 illam
1700 3200 1896 3271 immuf

294 3269 584 3334 tationem,
626 3287 745 3338 qua:
768 3269 917 3326 solis
943 3271 1158 3325 dabitur
1181 3270 1364 3341 justis.
1399 3269 1718 3340 ’implebitur
1754 3269 1896 3339 quod

291 3349 552 3409 Oportere
578 3341 709 3396 dicit
751 3342 1062 3411 Apostolus.
1110 3351 1166 3412 ut
1213 3343 1540 3412 corruptibile
1579 3342 1673 3396 hoc
1715 3341 1896 3394 induat

290 3413 766 3482 incorruptionem,
795 3426 840 3466 et
867 3412 1080 3466 mortale
1123 3411 1216 3467 hoc
1251 3411 1430 3466 induat
1470 3413 1898 3466 immortalitatem

293 3481 342 3551 (l
366 3481 488 3536 Cor.
509 3481 611 3544 ’xv,
641 3484 732 3545 5|.
764 3482 856 3548 52,
879 3483 974 3554 44,
1001 3485 1112 3553 55).
1143 3484 1198 3538 In
1225 3483 1416 3554 quibus
1451 3499 1614 3540 sexus
1642 3483 1896 3537 masculi-

294 3567 425 3616 uus,
456 3554 537 3607 vel
569 3553 864 3619 femineus,
895 3553 1031 3607 sicut
1059 3553 1255 3609 eadem
1275 3569 1496 3622 corpora
1538 3563 1716 3609 creata
1748 3562 1894 3618 sunt,

293 3625 635 3695 permanebit
665 3643 678 3678 :
705 3640 930 3695 quorum
957 3625 1126 3695 gIm-ia
1166 3626 1269 3679 erit
1299 3642 1394 3692 pro
1433 3625 1691 3679 factorum
1731 3623 1900 3695 bono-

294 3711 419 3749 rum
449 3694 758 3749 divcrsitate
779 3694 1008 3748 diversa.
1045 3695 1232 3750 Omnia
1281 3704 1458 3750 tamen
1497 3710 1744 3764 corpora,
1785 3694 1897 3748 sive

293 3766 660 3823 masculorum
681 3807 695 3829 ,
726 3766 842 3820 sive
869 3765 1184 3820 feminarum
1211 3807 1226 3828 ,
1253 3780 1604 3836 quaecumque
1625 3835 1629 3836 ν
1649 3766 1700 3819 in
1731 3779 1894 3831 regno

295 3836 394 3890 illo
419 3846 618 3901 erunt,
663 3836 893 3906 gloriosa
939 3849 1141 3892 erunt:
1189 3835 1284 3891 ille
1319 3847 1495 3890 autem
1542 3835 1899 3906 judexrnovit

293 3914 554 3975 quantam
585 3904 868 3977 unicuique
905 3909 976 3962 sit
1006 3907 1228 3962 daturus
1264 3907 1482 3975 gloriam
1509 3907 1668 3976 ;quia
1718 3905 1768 3958 in
1798 3904 1898 3961 hac

293 3977 411 4031 vita
442 3993 535 4047 per
564 3977 984 4033 misericordiam
1026 3979 1190 4047 gratis
1228 3977 1571 4047 justiﬁcaudo
1619 3977 1895 4046 praevenit,

294 4063 442 4120 quos
493 4048 599 4120 illic
646 4063 741 4118 per
775 4048 1032 4118 justitiam
1075 4049 1374 4120 gloriﬁcare
1411 4048 1664 4116 disponit.

376 4119 467 4173 '58.
494 4117 729 4190 Tempus
758 4117 884 4173 vero
911 4117 1217 4188 acquirendi
1243 4121 1404 4190 vitam
1430 4128 1685 4173 aeternam
1712 4117 1764 4172 in
1797 4119 1897 4174 ista

296 4199 514 4245 tantum
536 4192 641 4244 vita
667 4191 804 4244 Deus
827 4189 1130 4245 hominibus
1142 4190 1306 4253 dedit,
1328 4189 1418 4244 ubi
1433 4190 1721 4245 volnitesse
1737 4191 1897 4244 etiam

399 4261 673 4315 nitentiam
725 4259 1070 4315 fructuosam.
1103 4259 1228 4315 Ideo
1256 4271 1433 4315 autem
1477 4262 1562 4316 hic
1589 4262 1898 4331 paenitentia

327 4339 575 4387 ‘ructuosa
603 4343 686 4387 est
706 4373 720 4396 ,
750 4333 872 4401 quia
919 4341 1091 4402 potest
1122 4332 1205 4386 hic
1245 4331 1406 4386 homo
1434 4332 1671 4401 deposita
1703 4333 1899 4387 malitia

297 4403 445 4458 bene
474 4403 652 4456 vivere
675 4443 691 4468 ,
723 4411 776 4455 et
803 4411 1002 4456 mutata
1028 4404 1298 4458 voluntate
1325 4403 1577 4470 iujnsta',
1609 4403 1796 4456 merita
1826 4405 1900 4457 si-

298 4475 417 4529 mul
448 4489 714 4542 cperaque
739 4482 965 4540 mutare,
993 4484 1045 4527 et
1069 4475 1117 4526 iu
1143 4475 1331 4528 timore
1361 4474 1453 4527 Dei
1484 4488 1544 4526 ea
1574 4488 1760 4543 gerere
1785 4490 1903 4542 qua:

345 4545 552 4598 laccant
585 4545 711 4598 Deo.
744 4543 894 4611 Quod
920 4545 1006 4614 qui
1032 4545 1082 4599 in
1115 4544 1215 4599 hac
1244 4545 1348 4598 vita
1381 4559 1483 4599 non
1515 4545 1716 4606 fecerit,
1743 4544 1905 4599 habe-

345 4561 552 4598 taceant
585 4561 711 4598 ueo.
744 4561 894 4611 uuou
920 4561 1006 4614 ιιιιι
1032 4561 1082 4599 tn
1116 4561 1215 4599 uae
1244 4561 1348 4598 vita
1381 4561 1483 4599 non
1515 4561 1716 4606 teceru,
1743 4561 1905 4599 nane-

295 4561 386 4671 Bit
435 4614 648 4685 quidem
694 4615 1058 4685 paenitentiam
1101 4616 1150 4668 in
1200 4614 1376 4669 futuro
1414 4615 1610 4669 sreculo
1651 4615 1720 4669 de
1750 4616 1905 4670 malis

298 4686 439 4748 suis,
472 4685 564 4740 sed
593 4685 970 4756 indulgentiam
995 4687 1046 4739 in
1069 4695 1355 4754 COIISpCClll
1380 4685 1471 4739 Dei
1499 4700 1602 4739 non
1634 4685 1864 4741 inveniet
1889 4705 1901 4742 :

297 4756 434 4826 quia
487 4758 588 4810 etsi
631 4755 852 4810 erit’ibi
909 4757 1154 4813 stimulus
1199 4755 1572 4825 paenitudinis,
1627 4757 1768 4810 nulla
1821 4767 1903 4811 ta-

297 4843 433 4884 men
482 4826 551 4880 ibi
597 4828 697 4880 erit.
740 4827 965 4896 amplius
1004 4828 1267 4881 correctio
1310 4827 1613 4880 voluntatis.
1643 4827 1682 4879 A
1716 4828 1906 4882 talibus

299 4898 456 4952 etiim
485 4897 556 4951 ita
578 4897 876 4966 culpabitur
898 4897 1146 4968 iniquitas
1170 4912 1264 4968 sua
1283 4939 1299 4961 ,
1326 4906 1381 4952 ιιι
1408 4897 1708 4968 nullatenus
1734 4898 1800 4950 ab
1829 4900 1907 4952 eis

300 4969 478 5040 possit
505 4968 594 5040 vel
614 4968 757 5038 diligi
788 4968 868 5022 vel
898 4967 1191 5040 desiderari
1222 4967 1446 5037 justitia.
1481 4967 1735 5040 Voluntas
1764 4970 1904 5040 enim

302 5038 500 5094 {eorum
529 5038 648 5110 talis
672 5039 795 5104 erit,
820 5048 880 5092 ut
905 5039 1096 5093 habeat
1124 5039 1176 5091 in
1219 5053 1280 5093 se
1316 5053 1527 5110 semper
1563 5038 1908 5110 malignitatis

301 5126 423 5165 sua:
449 5107 788 5178 supplicium,
820 5125 1090 5178 nunquam
1123 5118 1298 5163 tamen
1332 5109 1570 5177 recipere
1608 5107 1774 5178 possit
1810 5109 1906 5162 bo-

302 5180 492 5237 uitatis
539 5181 810 5240 allectum.
855 5180 988 5248 Quia
1031 5181 1168 5233 sicut
1197 5179 1270 5232 illi
1309 5180 1398 5247 qui
1428 5196 1549 5234 cum
1578 5180 1789 5234 Christo
1821 5196 1907 5234 περ-

301 5252 571 5320 gnabnnt,
598 5251 769 5304 tutllas
799 5253 848 5305 in
880 5267 938 5305 se
967 5251 1120 5304 make
1147 5251 1435 5304 voluntatis
1463 5252 1710 5320 reliquias
1743 5249 1907 5302 hahe-

305 5323 447 5377 huut
469 5338 491 5392 ;ﬁ
517 5322 586 5374 ita
615 5322 687 5375 illi
713 5322 803 5392 qui
828 5331 984 5376 cruul.
1015 5321 1068 5392 in
1099 5322 1356 5388 supplicio
1393 5321 1542 5392 ignis,
1569 5323 1752 5376 aeterni
1784 5336 1904 5374 cum

307 5391 534 5447 diabolo
559 5400 614 5446 et
637 5391 754 5462 ejus
778 5391 980 5462 angelis
1005 5391 1264 5462 deputati,
1293 5391 1432 5446 sicut
1459 5391 1653 5444 nullam
1685 5393 1908 5446 ulterius

312 5462 592 5516 habebunt
612 5461 872 5533 requiem,
902 5463 982 5518 sic
1006 5461 1199 5516 bonam
1222 5463 1533 5533 nullatenus
1547 5463 1742 5533 habere
1770 5471 1909 5533 pote-

310 5542 443 5588 runt
464 5531 811 5588 voluntatem.
839 5533 905 5589 Et
927 5533 1064 5587 sicut
1087 5531 1456 5587 colueredibus
1477 5532 1676 5588 Christi
1699 5531 1909 5586 dabitur

313 5602 579 5676 perfectio
603 5605 788 5675 gratiae
811 5604 877 5659 ad
905 5613 1160 5658 a-ternam
1189 5604 1442 5674 gloriam;
1471 5601 1550 5658 sic
1571 5603 1907 5657 consortibus

378 5825 396 5858 ⁸
429 5823 743 5888 Corbeiensis
767 5829 816 5888 et
839 5821 918 5874 alii
951 5831 1158 5888 quatuor
1193 5828 1323 5882 Mss,
1364 5821 1633 5876 dilectione.
1674 5829 1728 5875 Et
1765 5822 1906 5887 paulo

316 5892 446 5950 just,
465 5882 662 5950 dilectio
683 5885 849 5950 tenuit.

381 5951 400 5979 ²
431 5949 575 5997 Abest
592 5983 605 6007 ,
639 5947 818 6008 injusta
835 5982 849 6008 ,
887 5961 915 5998 a
937 5948 1215 5998 Cet-beiensi
1241 5954 1292 5998 ct
1313 5945 1419 5998 aliis
1441 5955 1645 6011 quatuor
1669 5953 1776 5998 uss.

1451 457 1653 515 LIBER
1695 459 1791 514 DE
1834 457 1992 512 FIDE
2033 459 2123 513 AD
2166 461 2461 520 PETRUM.

3500 479 3601 537 766

2013 575 2209 663 diaboli
2227 581 2520 663 cumulabit
2540 583 2651 663 ipsa
2678 584 2986 663 malignitas
3004 602 3236 663 pinnam,
3262 597 3476 663 quando
3497 615 3596 653 ex-

2012 650 2294 730 terioribus
2339 650 2572 730 deputati
2614 650 2848 730 tenebris
2881 650 3026 715 nullo
3067 650 3470 722 illustrabuntur
3507 650 3596 724 iii-

2009 721 2207 774 teriore
2237 721 2436 776 lumine
2461 724 2720 781 veritatis.

2231 791 2460 876 Proinde
2502 796 2647 850 omni
2679 797 2875 851 homini
2905 798 2956 853 in
2985 799 3085 856 hac
3123 805 3228 857 vita
3273 820 3394 862 esse
3420 818 3594 876 potest

2007 860 2557 945 utilis‘pmniteutian
2581 882 2738 945 quam
2769 883 3105 945 quocumque
3155 860 3390 945 tempore
3422 860 3595 933 ’διδῶ-(ι

2006 934 2194 1013 egenit,
2227 934 2516 1013 quamlibet
2541 934 3090 1013 _iniquus,7_quamlibet
3123 934 3376 1013 annosus,
3409 951 3455 1002 si
3482 953 3594 1005 toto

2006 1000 2168 1055 corde
2197 1000 2578 1085 rentuttiaverit
2609 1000 2837 1085 peccatis
2866 1013 3147 1085 pra-teritis
3169 1056 3182 1077 ,
3230 1026 3283 1070 et
3314 1000 3593 1085 procis—in

2005 1074 2414 1149 _conspectu_Dei
2452 1091 2555 1149 uon
2596 1074 2766 1132 solum
2798 1074 3061 1149 corporis,
3093 1074 3188 1138 sed
3232 1074 3389 1140 etiam
3417 1074 3593 1145 cordis

2007 1139 2270 1225 lacrimas
2297 1144 2508 1225 fuderit,
2557 1157 2611 1201 et
2638 1139 2910 1225 mal‘orum'
2927 1139 3148 1225 operum
3179 1139 3594 1214 ntaculasbonis

2005 1213 2258 1296 operibus
2282 1215 2486 1296 diluere
2513 1213 3059 1296 curaverit,.om_ni'u_m
3092 1235 3430 1293 peccatorum
3461 1213 3590 1283 suo?-

2005 1297 2120 1364 rum
2152 1285 2530 1364 indttlgeuti:_int
2574 1304 2695 1344 mox
2723 1290 2964 1364 habebit.
2997 1285 3108 1348 Hoc
3133 1297 3272 1350 enim
3302 1299 3454 1352 nobis
3482 1301 3590 1353 Do-

2005 1356 2180 1408 minus
2214 1356 2538 1433 prophetico
2566 1362 2824 1428 promittit
2851 1362 3084 1433 eloquio.
3119 1366 3299 1422 dicens
3326 1385 3340 1421 :
3371 1369 3432 1423 Si
3469 1387 3593 1423 con-

2003 1428 2392 1505 versa-sineris,
2407 1437 2454 1481 et
2479 1431 2821 1505 ingemueris,
2843 1428 3011 1488 salvus
3039 1437 3135 1488 eris
3168 1437 3316 1505 (Isai.
3344 1455 3468 1505 xxx,
3501 1441 3590 1504 15,

2003 1510 2102 1576 sec:
2138 1495 2322 1575 LXX).
2355 1499 2418 1552 Et
2443 1495 2558 1576 alio
2577 1501 2694 1576 loco
2723 1495 2916 1557 dicitur
2934 1523 2954 1576 γε
2987 1505 3116 1573 Fili,
3153 1495 3386 1574 peccasti,
3413 1495 3473 1562 m3
3499 1495 3590 1563 αιιὶ

1993 1569 2150 1646 jieias
2175 1569 2384 1646 iterum1
2411 1569 2499 1646 sed
2525 1580 2571 1622 et
2601 1573 2662 1626 de
2693 1575 2967 1646 prateritis
2997 1569 3285 1646 deprecare,
3319 1569 3485 1633 uttibi
3511 1582 3563 1633 di
3580 1612 3591 1620 -

2004 1637 2267 1717 mittantur
2311 1637 2496 1707 (Eccli.
2532 1657 2644 1717 axi,
2682 1637 2773 1712 1⁷).
2824 1637 3106 1717 Nunquam
3158 1637 3396 1717 peccanti
3449 1660 3592 1705 esset

2005 1707 2212 1786 indicta
2232 1724 2326 1776 pro
2349 1712 2582 1786 peccatis
2597 1707 2918 1786 deprecatio,
2939 1707 2981 1770 si
3000 1707 3303 1786 deprecanti
3323 1736 3426 1774 non
3449 1731 3592 1776 esset

2004 1777 2250 1860 remissio
2277 1777 2775 1860 concedenda._Sed
2797 1785 2956 1860 etiam
2980 1777 3289 1860 ptenitentia
3320 1792 3588 1860 peccaturi

2004 1854 2132 1928 tunc
2166 1849 2401 1928 prodest,
2432 1852 2475 1906 si
2507 1868 2622 1928 eam
2642 1849 3258 1928 inEcclesia'Catbolica
3287 1849 3436 1928 gerat
3465 1879 3476 1914 ε
3507 1862 3590 1916 cui

2005 1917 2145 1999 Deus
2172 1920 2222 1973 in
2257 1936 2482 1988 persona
2517 1922 2653 1999 beati
2701 1925 2840 1999 Petri
2890 1927 3082 1995 ligandi
3114 1917 3457 1999 solven‘diqne
3497 1933 3591 1986 tri-

2003 1988 2116 2042 bttit
2145 1999 2482 2071 potestatem.
2513 1993 2717 2071 dicens,
2749 1997 2874 2062 Qute
2900 1988 3185 2068 alligaveris
3205 2018 3356 2071 super
3374 1988 3586 2068 'terram,

2001 2072 2147 2112 erunt
2179 2061 2335 2138 ligata
2359 2072 2404 2116 et
2447 2065 2499 2138 in
2542 2061 2783 2138 castiget
2830 2084 2944 2136 quis
2967 2061 3172 2123 solveris
3199 2061 3349 2138 super
3379 2061 3585 2137 terram,

2002 2134 2342 2212 eruntsoluta
2367 2143 2412 2212 et
2442 2135 2492 2186 in
2518 2136 2655 2190 caelis
2682 2134 2893 2203 (Matth.
2933 2155 3048 2200 XVI.
3085 2141 3196 2209 l9).
3237 2134 3293 2195 In
3329 2134 3583 2212 quacum;

2001 2203 2317 2280 que-igitnr
2363 2202 2533 2280 homo
2567 2202 2723 2261 aetate
2766 2223 2949 2280 veram
2996 2202 3587 2280 peceatorum'suorutn

2003 2272 2366 2344 paenitentiam
2395 2275 2580 2344 egerit,
2625 2287 2672 2330 et
2727 2279 2886 2331 vitam
2913 2272 3063 2333 suam
3107 2282 3215 2335 Deo
3260 2282 3589 2339 illuminante

2001 2343 2316 2421 correxerit,
2347 2343 2449 2397 non
2477 2347 2769 2421 privabitur
2799 2349 3138 2420 indulgentia:
3165 2368 3386 2406 munere
3417 2369 3431 2404 :
3464 2356 3585 2421 quia

2002 2412 2158 2494 Deus,
2191 2414 2330 2494 sicut
2377 2412 2491 2483 pen
2518 2420 2827 2494 prophetarit
2861 2412 3009 2487 dicit,
3055 2436 3159 2494 nou
3205 2423 3317 2476 vult
3359 2412 3584 2477 moriem

2002 2487 2300 2559 morientis,
2323 2497 2586 2559 qunntum
2608 2489 2624 2518 ί
2655 2497 2711 2541 ut
2739 2499 3035 2544 revertatur
3059 2507 3086 2543 a
3115 2492 3194 2546 via
3222 2507 3316 2547 sua
3345 2494 3504 2559 mala,
3531 2503 3589 2548 et

2001 2552 2143 2632 vivat
2166 2552 2354 2632 anima
2373 2555 2488 2624 ejus
2517 2556 2734 2632 (Ezeclt._
2758 2575 2942 2632 χχχιιι,
2975 2563 3085 2632 H).

2071 2625 2178 2702 40._
2208 2625 2583 2702 Verumtamen
2631 2625 3120 2702 nullus__hominum
3163 2631 3322 2688 debet
3362 2632 3462 2687 sub
3490 2647 3586 2702 spe

2003 2695 2380 2773 misericordia:
2410 2697 2501 2773 Dei
2528 2739 2542 2764 ,
2573 2699 2624 2752 in
2655 2700 2766 2753 suis
2789 2699 2987 2756 diutius
3016 2719 3290 2757 remanere
3317 2695 3581 2773 peccatis;

2000 2780 2119 2844 eum
2143 2767 2301 2844 etiam
2326 2767 2377 2844 in
2420 2768 2536 2837 ipso
2566 2784 2790 2844 corpore
2815 2787 2972 2844 nemo
3001 2772 3127 2827 velit
3155 2774 3251 2826 sub
3278 2767 3369 2844 spe
3398 2767 3586 2829 futura:

2000 2837 2185 2912 sttltttis
2213 2837 2411 2912 diutius
2437 2837 2714 2912 :pgrotare.
2747 2839 2903 2896 Tales
2927 2844 3067 2897 enim
3096 2844 3182 2912 qui
3224 2837 3586 2912 tib-iniquita-

2003 2907 2142 2980 tibus
2168 2907 2277 2962 suis
2305 2909 2554 2963 recedere
2582 2911 2850 2980 ncgligunt
2873 2953 2887 2974 ,
2921 2922 2974 2967 et
3018 2907 3126 2968 sibi
3143 2914 3209 2968 de
3255 2915 3364 2969 Deo
3414 2907 3588 2968 indul-

2000 2978 2232 3054 gentiam
2263 2978 2669 3054 repromittunt,
2687 2978 3064 3052 nonnunquam
3093 2985 3160 3038 ita
3189 2985 3587 3054 praeveniantur

2002 3049 2403 3124 repentino‘llei
2447 3051 2648 3124 lurore,
2700 3063 2756 3124 ut
2800 3068 2899 3107 nec
2925 3049 3309 3110 conversionis
3353 3065 3583 3124 tempus,

2003 3135 2101 3174 nec
2142 3119 2458 3174 beneﬁcium
2507 3123 2838 3176 remissionis
2883 3124 3170 3179 inveniant.
3224 3126 3347 3181 Ideo
3399 3119 3589 3180 unum-

2000 3205 2266 3266 quemque
2276 3201 2528 3266 _nostru_nt
2557 3207 2706 3266 sacra
2732 3193 3002 3263 Scriptura
3023 3197 3250 3265 benigne
3271 3206 3583 3266 prtemouet.

1999 3259 2192 3315 dicens
2216 3279 2229 3315 :
2264 3259 2347 3315 Ne
2365 3261 2641 3318 tardaveris
2667 3259 2886 3318 converii
2910 3266 2978 3319 ad
3002 3259 3186 3330 Deum',
3211 3259 3342 3321 et'ue
3369 3265 3582 3332 differas

2000 3335 2063 3386 de
2090 3334 2172 3406 die
2187 3333 2243 3406 in
2267 3333 2418 3406 diem.
2453 3333 2632 3406 Sulmo
2658 3336 2790 3406 enim
2811 3337 2967 3390 veniet
2987 3338 3064 3390 ira
3089 3338 3218 3406 ejus,
3244 3349 3288 3391 et
3314 3339 3365 3390 in
3392 3347 3584 3406 tempo-

2000 3355 2063 3386 ae
2090 3355 2172 3386 ατε
2193 3355 2243 3386 ιη
2267 3355 2418 3386 atem.
2453 3355 2632 3388 ououo
2658 3355 2790 3389 emm
2811 3355 2967 3390 ueniet
2987 3355 3064 3390 ira
3089 3355 3116 3389 e
3143 3355 3218 3399 us,
3244 3355 3288 3391 et
3314 3355 3365 3390 in
3392 3355 3584 3406 tempo-

1999 3419 2056 3478 re
2076 3403 2309 3478 vindietaz
2333 3403 2661 3478 disperdette
2699 3405 2886 3478 (Eccli.
2919 3423 2967 3470 v,
3011 3407 3066 3473 8,
3100 3355 3180 3478 il).
3239 3409 3373 3462 Dicit
3427 3411 3588 3462 etiam

2001 3473 2186 3549 beatus
2217 3473 2390 3549 David
2425 3491 2440 3530 :
2490 3472 2660 3549 Hodie
2679 3472 2738 3549 ⁵ἐξ
2766 3493 2930 3549 vocem
2975 3472 3084 3549 ejus
3110 3472 3400 3544 audieritis,
3439 3478 3590 3532 nolite

2000 3545 2253 3618 obdurare
2269 3543 2421 3596 corda
2442 3555 2603 3618 vestra
2642 3543 2816 3618 (Psal.
2838 3543 3086 3618 xcuv,'8).
3124 3549 3220 3604 Cui
3253 3543 3434 3602 beatus
3461 3563 3594 3618 quo-

2000 3631 2102 3689 que
2131 3615 2323 3689 Paulus
2347 3615 2636 3689 cuneordat
2666 3615 2747 3669 his
2778 3618 2952 3672 verbis
2982 3637 2995 3672 :
3035 3615 3236 3682 Videte,
3283 3615 3497 3689 fratres,
3529 3635 3593 3672 ne

2003 3688 2130 3754 forte
2162 3687 2225 3736 sit
2241 3685 2292 3737 in
2325 3685 2494 3754 aliquo
2521 3696 2734 3738 vestrum
2761 3704 2847 3740 cor
2875 3689 3062 3740 malum
3090 3685 3451 3742 incredtilitatis
3473 3689 3589 3741 dis—

2000 3755 2206 3808 cedendi
2242 3771 2285 3826 a,
2329 3754 2441 3826 Deo
2459 3756 2568 3808 vivo
2598 3757 2730 3826 {sed
2757 3758 3098 3812 udltortamini
3138 3761 3460 3824 vosmetipsos
3504 3774 3593 3826 per

2001 3826 2228 3895 singulos
2245 3825 2379 3897 dies,
2408 3825 2579 3897 donec,
2598 3824 2764 3897 Hodie
2793 3831 3198 3897 cognominatur,
3228 3839 3280 3880 ut
3307 3846 3405 3880 non
3427 3824 3592 3880 obdu-

2001 3907 2139 3968 retur
2166 3896 2279 3964 quis
2303 3912 2368 3968 ea;
2393 3895 2528 3948 vobis
2553 3895 2975 3968 follociaipeccati
2996 3897 3176 3968 (Hebr.
3208 3915 3286 3963 Ill,
3321 3898 3387 3952 12
3411 3907 3457 3952 et
3477 3899 3588 3968 15).

2001 3965 2274 4038 Obdttrato
2305 3965 2465 4033 igitur
2489 3965 2650 4038 corde
2667 3967 2866 4038 Avivit’,
2901 3965 3012 4024 sive
3056 3970 3144 4038 qui
3177 3986 3281 4021 non
3324 3965 3592 4022 converti-

2005 4046 2089 4090 tur
2133 4037 2422 4106 deSperans
2477 4035 2544 4089 de
2592 4036 2916 4106 indulgentia
2963 4035 3298 4106 peccatorum
3348 4054 3589 4103 suormu,

2003 4108 2117 4178 sive
2156 4107 2246 4176 qui
2300 4108 2377 4160 sic
2413 4107 2834 4178 misericordiam
2885 4109 2975 4162 Dei
3005 4119 3218 4177 Sperat,
3251 4118 3308 4162 ut
3333 4124 3499 4178 usque
3540 4109 3590 4161 in

2005 4177 2164 4232 finem
2191 4178 2318 4278 vitaa8
2329 4177 2606 4247 praesentis
2637 4179 2688 4232 in
2709 4194 2925 4233 suorum
2942 4179 3223 4235 criminutn
3248 4177 3595 4249 perversitate

2005 4258 2271 4278 ..........,....

2004 4258 2276 4302 remaneat
2297 4258 2337 4299 ³.

2075 4319 2163 4373 Η.
2206 4317 2435 4373 Proinde
2460 4317 2740 4389 diligentes
2763 4319 3180 4375 misericordiam
3217 4320 3329 4384 Dei,
3351 4329 3596 4376 metuen-

2007 4398 2191 4458 tesque
2231 4389 2491 4458 justitiam
2513 4429 2528 4455 ,
2560 4406 2658 4445 nec
2683 4389 2748 4443 de
2777 4391 3091 4446 remissione
3132 4401 3472 4460 peccatorum
3501 4392 3595 4447 de-

2006 4475 2303 4532 speremus,
2335 4475 2431 4532 nec
2458 4476 2827 4532 remaneamus
2855 4462 2904 4515 in
2938 4462 3197 4531 peccatis:
3219 4465 3447 4517 scientes
3473 4463 3594 4532 quia

2009 4530 2093 4585 illa
2122 4531 2360 4602 otunium
2392 4530 2666 4586 hominum
2696 4531 2872 4586 debita
2900 4530 2968 4586 sit
2993 4543 3241 4587 exactura
3268 4530 3595 4602 aequitasiju~

2008 4601 2225 4656 stissimi
2247 4601 2462 4671 judieis,
2492 4617 2610 4671 qua:
2638 4617 2742 4655 non
2779 4602 3041 4657 dimiserit
3081 4601 3444 4657 misericordia
3489 4605 3598 4658 cle-

2009 4673 2323 4726 tuetttissitui
2357 4672 2746 4740 Redemptoris.
2765 4673 2912 4728 Sicut
2931 4673 3072 4728 enim
3093 4673 3452 4728 misericordia
3476 4688 3591 4726 sus-

2009 4746 2138 4812 cpit
2183 4743 2514 4812 ahsolvitque
2534 4757 2844 4806 conversos,
2869 4744 2937 4798 ita
2959 4745 3159 4810 justitia
3183 4743 3404 4812 repellet
3425 4751 3478 4795 et
3503 4758 3600 4810 pu-

2011 4815 2120 4868 niet
2147 4813 2456 4867 obduratos.
2503 4813 2736 4890 lli_suut
2778 4815 2864 4890 qui
2915 4817 3296 4890 peccant_es_in
3341 4813 3596 4890 Spiritum

2011 4893 2272 4949 sanctum,
2304 4899 2477 4953 neque
2504 4883 2555 4938 iu
2582 4882 2684 4937 hoc
2703 4885 2920 4947 sasculo,
2945 4899 3115 4953 neque
3135 4885 3184 4936 in
3214 4882 3393 4936 futuro
3411 4883 3598 4953 remis-

2011 4959 2214 5011 sionem
2242 4952 2503 5025 aceipient
2529 4964 2862 5023 peccatorum
2883 4952 3091 5020 (Matth.
3111 4969 3208 5020 xu,
3228 4952 3450 5025 51,52).
3479 4952 3599 5007 Ideo

2012 5038 2188 5080 autem
2255 5022 2484 5078 hominis
2533 5022 2712 5078 anima
2770 5025 3141 5079 intellectualis
3191 5022 3405 5092 spiritus
3469 5035 3596 5085 est,

2013 5106 2069 5150 ιιι
2096 5106 2297 5164 quterat
2320 5135 2334 5160 ,
2364 5104 2644 5164 agnoscat,
2672 5103 2830 5163 atque
2858 5094 3125 5148 discernat
3153 5102 3206 5148 et
3236 5104 3446 5164 tempus
3474 5108 3602 5162 0pc-

2013 5163 2128 5220 ruui
2152 5163 2515 5236 suortun,’pro
2530 5166 2721 5236 quibus
2747 5173 3023 5236 receptura
3051 5173 3131 5218 est
3159 5165 3208 5236 in
3231 5163 3434 5236 judicio
3451 5164 3595 5233 quod

2012 5237 2278 5289 ordinavit
2301 5234 2476 5289 divina
2499 5235 2724 5303 justitia,
2743 5245 2796 5288 et
2815 5234 3052 5304 ejusdem
3074 5235 3438 5289 retributionis
3463 5243 3597 5289 tem-

2015 5322 2133 5375 pus,
2161 5321 2267 5374 quo
2298 5322 2403 5359 non
2431 5309 2586 5359 etiam
2621 5305 2798 5358 licebit
2823 5313 2912 5357 aut
2936 5318 3095 5373 opera
3127 5315 3330 5359 mutare
3350 5347 3365 5370 ,
3394 5313 3487 5359 aut
3515 5323 3598 5360 re-

2014 5378 2322 5431 missionem
2354 5385 2692 5446 peccatorum
2723 5391 2940 5428 suorum
2972 5375 3039 5429 de
3083 5375 3259 5430 divina
3299 5376 3604 5430 miscricor-

2013 5448 2098 5502 dia
2150 5448 2352 5500 utiliter
2400 5446 2684 5515 postulare.
2718 5446 2908 5499 Cmtet‘i
2943 5461 3073 5499 vero
3114 5447 3333 5516 Spiritus
3359 5449 3597 5500 omnium

2014 5517 2322 5571 animalium
2343 5558 2356 5577 .
2383 5517 2576 5586 quibus
2619 5531 2722 5569 non
2750 5527 2831 5588 est
2862 5516 3159 5572 intellectus
3183 5559 3198 5581 ,
3227 5517 3348 5588 quia
3389 5518 3602 5586 quidam

2013 5603 2197 5643 carum
2244 5589 2310 5641 de
2350 5598 2511 5658 terra,
2558 5588 2771 5656 quidam
2803 5587 2870 5642 de
2909 5589 3060 5658 aquis
3105 5587 3363 5657 originem
3405 5589 3606 5642 ducunt

2015 5659 2104 5729 (de
2129 5659 2280 5728 aquis
2311 5657 2452 5713 enim
2481 5669 2600 5711 sunt
2622 5658 2826 5728 rcptilia
2854 5668 2910 5714 et
2932 5657 3184 5725 volatilia,
3203 5659 3271 5714 de
3303 5668 3441 5713 terra
3473 5673 3600 5712 vero

2079 5763 2098 5828 ξ
2122 5765 2186 5810 tta
2211 5772 2300 5828 sex
2328 5765 2434 5828 Mss.
2457 5765 2511 5808 ,ιι
2540 5763 2670 5820 Lov.,
2695 5765 2897 5810 mortem
2919 5758 3183 5824 peccatoris
3217 5757 3317 5810 sive
3339 5756 3604 5816 nutrientis,

2011 5821 2098 5874 sed
2119 5821 2272 5883 magis
2295 5828 2363 5879 ut,
2380 5827 2475 5870 etc.
2919 5821 2928 5824 “

2078 5888 2094 5916 ²
2118 5885 2188 5933 sic
2234 5885 2398 5947 probte
2434 5889 2563 5932 nota:
2611 5888 2715 5935 Mss.
2765 5891 2818 5934 At
2857 5891 2987 5946 Lov.,
3013 5881 3282 5934 obdurato:
3305 5879 3450 5944 igitur
3475 5879 3602 5931 ritit.

2077 5949 2096 5980 ³
2121 5953 2252 6006 Lota,
2279 5952 2574 6009 permaneat.
