  <div class='ocr_page' id='page_1' title='image "/cluster/home/n/w/nwhite01/storage/ocr_20150623/40-41/uc1.31175026811482/397.png"; bbox 0 0 4106 6556; ppageno 0'>
   <div class='ocr_carea' id='block_1_1' title="bbox 501 400 607 459">
    <p class='ocr_par' dir='ltr' id='par_1_1' title="bbox 501 400 607 459">
     <span class='ocr_line' id='line_1_1' title="bbox 501 400 607 459; baseline 0 0"><span class='ocrx_word' id='word_1_1' title='bbox 501 400 607 459; x_wconf 65' lang='grc' dir='ltr'><strong>77η</strong></span> 
     </span>
    </p>
   </div>
   <div class='ocr_carea' id='block_1_2' title="bbox 494 511 2093 583">
    <p class='ocr_par' dir='ltr' id='par_1_2' title="bbox 494 511 2093 583">
     <span class='ocr_line' id='line_1_2' title="bbox 494 511 2093 583; baseline -0.003 -14"><span class='ocrx_word' id='word_1_2' title='bbox 494 518 557 572; x_wconf 83' lang='lat' dir='ltr'><strong>in</strong></span> <span class='ocrx_word' id='word_1_3' title='bbox 598 516 755 583; x_wconf 81' lang='lat' dir='ltr'><strong>cujus</strong></span> <span class='ocrx_word' id='word_1_4' title='bbox 791 514 992 582; x_wconf 89' lang='lat' dir='ltr'><strong>judicio</strong></span> <span class='ocrx_word' id='word_1_5' title='bbox 1036 514 1151 567; x_wconf 86' lang='lat' dir='ltr'><strong>sine</strong></span> <span class='ocrx_word' id='word_1_6' title='bbox 1194 513 1502 583; x_wconf 82' lang='lat' dir='ltr'><strong>acceptione</strong></span> <span class='ocrx_word' id='word_1_7' title='bbox 1548 525 1941 583; x_wconf 78' lang='lat' dir='ltr'><strong>personarum,</strong></span> <span class='ocrx_word' id='word_1_8' title='bbox 1979 511 2093 583; x_wconf 84' lang='lat' dir='ltr'><strong>sine</strong></span> 
     </span>
    </p>
   </div>
   <div class='ocr_carea' id='block_1_3' title="bbox 501 580 2094 652">
    <p class='ocr_par' dir='ltr' id='par_1_3' title="bbox 501 580 2094 652">
     <span class='ocr_line' id='line_1_3' title="bbox 501 580 2094 652; baseline -0.003 -11"><span class='ocrx_word' id='word_1_9' title='bbox 501 580 702 641; x_wconf 79' lang='lat' dir='ltr'><strong>ambitu</strong></span> <span class='ocrx_word' id='word_1_10' title='bbox 746 580 1063 652; x_wconf 81' lang='lat' dir='ltr'><strong>potestatum</strong></span> <span class='ocrx_word' id='word_1_11' title='bbox 1092 582 1369 651; x_wconf 80' lang='lat' dir='ltr'><strong>aequaliter</strong></span> <span class='ocrx_word' id='word_1_12' title='bbox 1391 582 1772 651; x_wconf 81' lang='lat' dir='ltr'><strong>judicabuntur</strong></span> <span class='ocrx_word' id='word_1_13' title='bbox 1798 580 2003 652; x_wconf 80' lang='lat' dir='ltr'><strong>domini</strong></span> <span class='ocrx_word' id='word_1_14' title='bbox 2039 592 2094 636; x_wconf 89' lang='lat' dir='ltr'><strong>et</strong></span> 
     </span>
    </p>
   </div>
   <div class='ocr_carea' id='block_1_4' title="bbox 502 651 2095 724">
    <p class='ocr_par' dir='ltr' id='par_1_4' title="bbox 502 651 2095 724">
     <span class='ocr_line' id='line_1_4' title="bbox 502 651 2095 724; baseline -0.004 -13"><span class='ocrx_word' id='word_1_15' title='bbox 502 656 668 723; x_wconf 83' lang='lat' dir='ltr'><strong>servi,</strong></span> <span class='ocrx_word' id='word_1_16' title='bbox 702 651 855 724; x_wconf 84' lang='lat' dir='ltr'><strong>reges</strong></span> <span class='ocrx_word' id='word_1_17' title='bbox 871 663 926 708; x_wconf 89' lang='lat' dir='ltr'><strong>et</strong></span> <span class='ocrx_word' id='word_1_18' title='bbox 954 653 1170 715; x_wconf 89' lang='lat' dir='ltr'><strong>milites,</strong></span> <span class='ocrx_word' id='word_1_19' title='bbox 1198 652 1390 724; x_wconf 73' lang='lat' dir='ltr'><strong>divites</strong></span> <span class='ocrx_word' id='word_1_20' title='bbox 1410 659 1767 724; x_wconf 66' lang='lat' dir='ltr'><strong>etpauperes,</strong></span> <span class='ocrx_word' id='word_1_21' title='bbox 1796 651 2021 724; x_wconf 79' lang='lat' dir='ltr'><strong>humiles</strong></span> <span class='ocrx_word' id='word_1_22' title='bbox 2041 661 2095 724; x_wconf 84' lang='lat' dir='ltr'><strong>et</strong></span> 
     </span>
    </p>
   </div>
   <div class='ocr_carea' id='block_1_5' title="bbox 502 720 2093 789">
    <p class='ocr_par' dir='ltr' id='par_1_5' title="bbox 502 720 2093 789">
     <span class='ocr_line' id='line_1_5' title="bbox 502 720 2093 789; baseline -0.004 -8"><span class='ocrx_word' id='word_1_23' title='bbox 502 720 787 781; x_wconf 56' lang='lat' dir='ltr'><strong>sublimes:</strong></span> <span class='ocrx_word' id='word_1_24' title='bbox 813 723 910 779; x_wconf 88' lang='lat' dir='ltr'><strong>Ubi</strong></span> <span class='ocrx_word' id='word_1_25' title='bbox 944 737 1135 776; x_wconf 72' lang='lat' dir='ltr'><strong>servus</strong></span> <span class='ocrx_word' id='word_1_26' title='bbox 1159 721 1399 789; x_wconf 83' lang='lat' dir='ltr'><strong>quisquis</strong></span> <span class='ocrx_word' id='word_1_27' title='bbox 1434 720 1520 774; x_wconf 91' lang='lat' dir='ltr'><strong>hic</strong></span> <span class='ocrx_word' id='word_1_28' title='bbox 1546 720 1703 773; x_wconf 85' lang='lat' dir='ltr'><strong>fidem</strong></span> <span class='ocrx_word' id='word_1_29' title='bbox 1737 721 1829 773; x_wconf 91' lang='lat' dir='ltr'><strong>Dei</strong></span> <span class='ocrx_word' id='word_1_30' title='bbox 1872 723 1922 773; x_wconf 90' lang='lat' dir='ltr'><strong>in</strong></span> <span class='ocrx_word' id='word_1_31' title='bbox 1955 722 2093 774; x_wconf 91' lang='lat' dir='ltr'><strong>veri-</strong></span> 
     </span>
    </p>
   </div>
   <div class='ocr_carea' id='block_1_6' title="bbox 504 791 2090 861">
    <p class='ocr_par' dir='ltr' id='par_1_6' title="bbox 504 791 2090 861">
     <span class='ocr_line' id='line_1_6' title="bbox 504 791 2090 861; baseline -0.004 -11"><span class='ocrx_word' id='word_1_32' title='bbox 504 804 613 850; x_wconf 93' lang='lat' dir='ltr'><strong>tate</strong></span> <span class='ocrx_word' id='word_1_33' title='bbox 638 795 888 857; x_wconf 88' lang='lat' dir='ltr'><strong>tenuerit,</strong></span> <span class='ocrx_word' id='word_1_34' title='bbox 922 807 1086 861; x_wconf 84' lang='lat' dir='ltr'><strong>regno</strong></span> <span class='ocrx_word' id='word_1_35' title='bbox 1113 792 1344 860; x_wconf 90' lang='lat' dir='ltr'><strong>potietur</strong></span> <span class='ocrx_word' id='word_1_36' title='bbox 1372 801 1613 861; x_wconf 63' lang='lat' dir='ltr'><strong>aeterno:</strong></span> <span class='ocrx_word' id='word_1_37' title='bbox 1642 791 1887 861; x_wconf 78' lang='lat' dir='ltr'><strong>dominus</strong></span> <span class='ocrx_word' id='word_1_38' title='bbox 1914 798 2090 845; x_wconf 87' lang='lat' dir='ltr'><strong>autem</strong></span> 
     </span>
    </p>
   </div>
   <div class='ocr_carea' id='block_1_7' title="bbox 503 858 2089 931">
    <p class='ocr_par' dir='ltr' id='par_1_7' title="bbox 503 858 2089 931">
     <span class='ocr_line' id='line_1_7' title="bbox 503 858 2089 931; baseline -0.001 -15"><span class='ocrx_word' id='word_1_39' title='bbox 503 865 732 919; x_wconf 74' lang='lat' dir='ltr'><strong>infidelis</strong></span> <span class='ocrx_word' id='word_1_40' title='bbox 755 858 1083 931; x_wconf 74' lang='lat' dir='ltr'><strong>sempiterno</strong></span> <span class='ocrx_word' id='word_1_41' title='bbox 1103 858 1359 915; x_wconf 83' lang='lat' dir='ltr'><strong>exoretur</strong></span> <span class='ocrx_word' id='word_1_42' title='bbox 1385 859 1652 931; x_wconf 81' lang='lat' dir='ltr'><strong>incendio.</strong></span> <span class='ocrx_word' id='word_1_43' title='bbox 1681 858 2089 931; x_wconf 80' lang='lat' dir='ltr'><strong>Ubiservorum</strong></span> 
     </span>
    </p>
   </div>
   <div class='ocr_carea' id='block_1_8' title="bbox 503 929 2092 1008">
    <p class='ocr_par' dir='ltr' id='par_1_8' title="bbox 503 929 2092 1008">
     <span class='ocr_line' id='line_1_8' title="bbox 503 929 2092 1008; baseline -0.003 -19"><span class='ocrx_word' id='word_1_44' title='bbox 503 929 948 1008; x_wconf 71' lang='lat' dir='ltr'><strong>dominorumque</strong></span> <span class='ocrx_word' id='word_1_45' title='bbox 994 932 1228 1008; x_wconf 75' lang='lat' dir='ltr'><strong>fidelium</strong></span> <span class='ocrx_word' id='word_1_46' title='bbox 1271 944 1370 984; x_wconf 90' lang='lat' dir='ltr'><strong>nec</strong></span> <span class='ocrx_word' id='word_1_47' title='bbox 1405 930 1509 983; x_wconf 89' lang='lat' dir='ltr'><strong>vita</strong></span> <span class='ocrx_word' id='word_1_48' title='bbox 1551 929 1952 1008; x_wconf 60' lang='lat' dir='ltr'><strong>terminabiutr,</strong></span> <span class='ocrx_word' id='word_1_49' title='bbox 1992 945 2092 1008; x_wconf 78' lang='lat' dir='ltr'><strong>nec</strong></span> 
     </span>
    </p>
   </div>
   <div class='ocr_carea' id='block_1_9' title="bbox 505 999 2091 1060">
    <p class='ocr_par' dir='ltr' id='par_1_9' title="bbox 505 999 2091 1060">
     <span class='ocr_line' id='line_1_9' title="bbox 505 999 2091 1060; baseline -0.004 0"><span class='ocrx_word' id='word_1_50' title='bbox 505 1008 686 1060; x_wconf 82' lang='lat' dir='ltr'><strong>laetitia</strong></span> <span class='ocrx_word' id='word_1_51' title='bbox 732 999 980 1059; x_wconf 76' lang='lat' dir='ltr'><strong>fiuieiur:</strong></span> <span class='ocrx_word' id='word_1_52' title='bbox 1028 1001 1319 1056; x_wconf 82' lang='lat' dir='ltr'><strong>infidelium</strong></span> <span class='ocrx_word' id='word_1_53' title='bbox 1349 1015 1478 1054; x_wconf 91' lang='lat' dir='ltr'><strong>vero</strong></span> <span class='ocrx_word' id='word_1_54' title='bbox 1520 999 1632 1053; x_wconf 85' lang='lat' dir='ltr'><strong>sive</strong></span> <span class='ocrx_word' id='word_1_55' title='bbox 1671 999 1948 1053; x_wconf 72' lang='lat' dir='ltr'><strong>servor&#39;um</strong></span> <span class='ocrx_word' id='word_1_56' title='bbox 1979 1000 2091 1055; x_wconf 86' lang='lat' dir='ltr'><strong>sive</strong></span> 
     </span>
    </p>
   </div>
   <div class='ocr_carea' id='block_1_10' title="bbox 504 1069 2087 1139">
    <p class='ocr_par' dir='ltr' id='par_1_10' title="bbox 504 1069 2087 1139">
     <span class='ocr_line' id='line_1_10' title="bbox 504 1069 2087 1139; baseline -0.004 -10"><span class='ocrx_word' id='word_1_57' title='bbox 504 1076 864 1133; x_wconf 83' lang='lat' dir='ltr'><strong>dominorum,</strong></span> <span class='ocrx_word' id='word_1_58' title='bbox 885 1071 1177 1127; x_wconf 88' lang='lat' dir='ltr'><strong>secundum</strong></span> <span class='ocrx_word' id='word_1_59' title='bbox 1195 1071 1459 1125; x_wconf 89' lang='lat' dir='ltr'><strong>sermonis</strong></span> <span class='ocrx_word' id='word_1_60' title='bbox 1477 1069 1766 1139; x_wconf 79' lang='lat' dir='ltr'><strong>prophetici</strong></span> <span class='ocrx_word' id='word_1_61' title='bbox 1784 1070 2087 1136; x_wconf 80' lang='lat' dir='ltr'><strong>veritatem,</strong></span> 
     </span>
    </p>
   </div>
   <div class='ocr_carea' id='block_1_11' title="bbox 502 1141 2092 1216">
    <p class='ocr_par' dir='ltr' id='par_1_11' title="bbox 502 1141 2092 1216">
     <span class='ocr_line' id='line_1_11' title="bbox 502 1141 2092 1216; baseline -0.003 -17"><span class='ocrx_word' id='word_1_62' title='bbox 502 1145 648 1216; x_wconf 84' lang='lat' dir='ltr'><strong>Ignis</strong></span> <span class='ocrx_word' id='word_1_63' title='bbox 688 1161 859 1216; x_wconf 83' lang='lat' dir='ltr'><strong>eorum</strong></span> <span class='ocrx_word' id='word_1_64' title='bbox 893 1159 1007 1216; x_wconf 20' lang='lat' dir='ltr'><strong>Anon</strong></span> <span class='ocrx_word' id='word_1_65' title='bbox 1055 1143 1418 1216; x_wconf 62' lang='lat' dir='ltr'><strong>exstinguetur,</strong></span> <span class='ocrx_word' id='word_1_66' title='bbox 1466 1141 1733 1216; x_wconf 51' lang='lat' dir='ltr'><strong>erumnis</strong></span> <span class='ocrx_word' id='word_1_67' title='bbox 1774 1155 1949 1216; x_wconf 74' lang='lat' dir='ltr'><strong>eorum</strong></span> <span class='ocrx_word' id='word_1_68' title='bbox 1988 1156 2092 1195; x_wconf 81' lang='lat' dir='ltr'><strong>non</strong></span> 
     </span>
    </p>
   </div>
   <div class='ocr_carea' id='block_1_12' title="bbox 502 1210 2090 1285">
    <p class='ocr_par' dir='ltr' id='par_1_12' title="bbox 502 1210 2090 1285">
     <span class='ocr_line' id='line_1_12' title="bbox 502 1210 2090 1285; baseline -0.006 -15"><span class='ocrx_word' id='word_1_69' title='bbox 502 1210 742 1270; x_wconf 69' lang='lat' dir='ltr'><strong>uiorietur</strong></span> <span class='ocrx_word' id='word_1_70' title='bbox 769 1213 923 1285; x_wconf 87' lang='lat' dir='ltr'><strong>(Isai.</strong></span> <span class='ocrx_word' id='word_1_71' title='bbox 955 1227 1100 1273; x_wconf 75' lang='lat' dir='ltr'><strong>LXVI,</strong></span> <span class='ocrx_word' id='word_1_72' title='bbox 1128 1211 1243 1282; x_wconf 71' lang='lat' dir='ltr'><strong>2i).</strong></span> <span class='ocrx_word' id='word_1_73' title='bbox 1275 1210 1595 1285; x_wconf 78' lang='lat' dir='ltr'><strong>l_l_umt_enim</strong></span> <span class='ocrx_word' id='word_1_74' title='bbox 1629 1210 1793 1285; x_wconf 80' lang='lat' dir='ltr'><strong>iniqui</strong></span> <span class='ocrx_word' id='word_1_75' title='bbox 1820 1211 1871 1285; x_wconf 86' lang='lat' dir='ltr'><strong>in</strong></span> <span class='ocrx_word' id='word_1_76' title='bbox 1913 1211 2090 1280; x_wconf 86' lang='lat' dir='ltr'><strong>ignem</strong></span> 
     </span>
    </p>
   </div>
   <div class='ocr_carea' id='block_1_13' title="bbox 503 1280 1958 1353">
    <p class='ocr_par' dir='ltr' id='par_1_13' title="bbox 503 1280 1958 1353">
     <span class='ocr_line' id='line_1_13' title="bbox 503 1280 1958 1353; baseline -0.005 -13"><span class='ocrx_word' id='word_1_77' title='bbox 503 1280 787 1349; x_wconf 69' lang='lat' dir='ltr'><strong>mternum,</strong></span> <span class='ocrx_word' id='word_1_78' title='bbox 812 1285 901 1353; x_wconf 89' lang='lat' dir='ltr'><strong>qui</strong></span> <span class='ocrx_word' id='word_1_79' title='bbox 930 1292 1141 1352; x_wconf 88' lang='lat' dir='ltr'><strong>paratus</strong></span> <span class='ocrx_word' id='word_1_80' title='bbox 1165 1280 1247 1336; x_wconf 87' lang='lat' dir='ltr'><strong>est</strong></span> <span class='ocrx_word' id='word_1_81' title='bbox 1271 1280 1492 1353; x_wconf 13' lang='lat' dir='ltr'><strong>diabolo,</strong></span> <span class='ocrx_word' id='word_1_82' title='bbox 1506 1289 1566 1353; x_wconf 88' lang='lat' dir='ltr'><strong>et</strong></span> <span class='ocrx_word' id='word_1_83' title='bbox 1593 1280 1795 1353; x_wconf 74' lang='lat' dir='ltr'><strong>angelis</strong></span> <span class='ocrx_word' id='word_1_84' title='bbox 1823 1281 1958 1353; x_wconf 86' lang='lat' dir='ltr'><strong>ejus.</strong></span> 
     </span>
    </p>
   </div>
   <div class='ocr_carea' id='block_1_14' title="bbox 572 1349 2088 1420">
    <p class='ocr_par' dir='ltr' id='par_1_14' title="bbox 572 1349 2088 1420">
     <span class='ocr_line' id='line_1_14' title="bbox 572 1349 2088 1420; baseline -0.003 -10"><span class='ocrx_word' id='word_1_85' title='bbox 572 1358 625 1410; x_wconf 78' lang='grc'><strong>4.</strong></span> <span class='ocrx_word' id='word_1_86' title='bbox 655 1349 1006 1408; x_wconf 78' lang='lat' dir='ltr'><strong>Attendamus</strong></span> <span class='ocrx_word' id='word_1_87' title='bbox 1058 1360 1237 1406; x_wconf 89' lang='lat' dir='ltr'><strong>autem</strong></span> <span class='ocrx_word' id='word_1_88' title='bbox 1283 1366 1417 1420; x_wconf 90' lang='lat' dir='ltr'><strong>quos</strong></span> <span class='ocrx_word' id='word_1_89' title='bbox 1464 1352 1586 1405; x_wconf 91' lang='lat' dir='ltr'><strong>illuc</strong></span> <span class='ocrx_word' id='word_1_90' title='bbox 1624 1349 1871 1405; x_wconf 82' lang='lat' dir='ltr'><strong>Salvator</strong></span> <span class='ocrx_word' id='word_1_91' title='bbox 1918 1351 2088 1405; x_wconf 90' lang='lat' dir='ltr'><strong>ituros</strong></span> 
     </span>
    </p>
   </div>
   <div class='ocr_carea' id='block_1_15' title="bbox 504 1420 2085 1494">
    <p class='ocr_par' dir='ltr' id='par_1_15' title="bbox 504 1420 2085 1494">
     <span class='ocr_line' id='line_1_15' title="bbox 504 1420 2085 1494; baseline -0.004 -15"><span class='ocrx_word' id='word_1_92' title='bbox 504 1441 625 1480; x_wconf 83' lang='lat' dir='ltr'><strong>esse</strong></span> <span class='ocrx_word' id='word_1_93' title='bbox 654 1424 960 1494; x_wconf 73' lang='lat' dir='ltr'><strong>prmdixcrit</strong></span> <span class='ocrx_word' id='word_1_94' title='bbox 979 1440 999 1494; x_wconf 10' lang='lat'><strong>7:</strong></span> <span class='ocrx_word' id='word_1_95' title='bbox 1036 1437 1226 1489; x_wconf 90' lang='lat' dir='ltr'><strong>nempe</strong></span> <span class='ocrx_word' id='word_1_96' title='bbox 1261 1421 1381 1494; x_wconf 81' lang='lat' dir='ltr'><strong>illos</strong></span> <span class='ocrx_word' id='word_1_97' title='bbox 1402 1461 1415 1483; x_wconf 86' lang='lat'><strong>,</strong></span> <span class='ocrx_word' id='word_1_98' title='bbox 1465 1421 1661 1494; x_wconf 79' lang='lat' dir='ltr'><strong>quibus</strong></span> <span class='ocrx_word' id='word_1_99' title='bbox 1689 1420 1928 1494; x_wconf 80' lang='lat' dir='ltr'><strong>dicturus</strong></span> <span class='ocrx_word' id='word_1_100' title='bbox 1958 1430 2040 1474; x_wconf 88' lang='lat' dir='ltr'><strong>est</strong></span> <span class='ocrx_word' id='word_1_101' title='bbox 2071 1438 2085 1473; x_wconf 87' lang='lat'><strong>:</strong></span> 
     </span>
    </p>
   </div>
   <div class='ocr_carea' id='block_1_16' title="bbox 506 1491 2089 1562">
    <p class='ocr_par' dir='ltr' id='par_1_16' title="bbox 506 1491 2089 1562">
     <span class='ocr_line' id='line_1_16' title="bbox 506 1491 2089 1562; baseline -0.003 -13"><span class='ocrx_word' id='word_1_102' title='bbox 506 1491 727 1562; x_wconf 68' lang='lat' dir='ltr'><strong>Esuriui,</strong></span> <span class='ocrx_word' id='word_1_103' title='bbox 757 1504 806 1547; x_wconf 87' lang='lat' dir='ltr'><strong>et</strong></span> <span class='ocrx_word' id='word_1_104' title='bbox 831 1510 930 1546; x_wconf 87' lang='lat' dir='ltr'><strong>non</strong></span> <span class='ocrx_word' id='word_1_105' title='bbox 951 1493 1157 1546; x_wconf 76' lang='lat' dir='ltr'><strong>dedistis</strong></span> <span class='ocrx_word' id='word_1_106' title='bbox 1184 1491 1307 1544; x_wconf 86' lang='lat' dir='ltr'><strong>mihi</strong></span> <span class='ocrx_word' id='word_1_107' title='bbox 1333 1491 1640 1545; x_wconf 80' lang='lat' dir='ltr'><strong>manducare</strong></span> <span class='ocrx_word' id='word_1_108' title='bbox 1663 1507 1681 1545; x_wconf 90' lang='lat'><strong><em>:</em></strong></span> <span class='ocrx_word' id='word_1_109' title='bbox 1708 1491 1860 1553; x_wconf 82' lang='lat' dir='ltr'><strong>sitivi,</strong></span> <span class='ocrx_word' id='word_1_110' title='bbox 1883 1561 1886 1562; x_wconf 15' lang='grc' dir='ltr'><em>ν</em></span> <span class='ocrx_word' id='word_1_111' title='bbox 1907 1500 1951 1544; x_wconf 87' lang='lat' dir='ltr'><strong>et</strong></span> <span class='ocrx_word' id='word_1_112' title='bbox 1988 1508 2089 1544; x_wconf 84' lang='lat' dir='ltr'><strong>non</strong></span> 
     </span>
    </p>
   </div>
   <div class='ocr_carea' id='block_1_17' title="bbox 503 1561 2092 1631">
    <p class='ocr_par' dir='ltr' id='par_1_17' title="bbox 503 1561 2092 1631">
     <span class='ocr_line' id='line_1_17' title="bbox 503 1561 2092 1631; baseline -0.003 -11"><span class='ocrx_word' id='word_1_113' title='bbox 503 1566 709 1620; x_wconf 76' lang='lat' dir='ltr'><strong>dedistis</strong></span> <span class='ocrx_word' id='word_1_114' title='bbox 756 1564 879 1618; x_wconf 74' lang='lat' dir='ltr'><strong>milii</strong></span> <span class='ocrx_word' id='word_1_115' title='bbox 923 1562 1314 1616; x_wconf 73' lang='lat' dir='ltr'><strong>biberemudus</strong></span> <span class='ocrx_word' id='word_1_116' title='bbox 1349 1562 1446 1631; x_wconf 81' lang='lat' dir='ltr'><strong>fui,</strong></span> <span class='ocrx_word' id='word_1_117' title='bbox 1475 1571 1520 1614; x_wconf 89' lang='lat' dir='ltr'><strong>et</strong></span> <span class='ocrx_word' id='word_1_118' title='bbox 1558 1578 1658 1615; x_wconf 84' lang='lat' dir='ltr'><strong>non</strong></span> <span class='ocrx_word' id='word_1_119' title='bbox 1704 1561 1915 1614; x_wconf 78' lang='lat' dir='ltr'><strong>vestistis</strong></span> <span class='ocrx_word' id='word_1_120' title='bbox 1962 1576 2041 1613; x_wconf 82' lang='lat' dir='ltr'><strong>me</strong></span> <span class='ocrx_word' id='word_1_121' title='bbox 2072 1576 2092 1615; x_wconf 90' lang='lat'><strong><em>:</em></strong></span> 
     </span>
    </p>
   </div>
   <div class='ocr_carea' id='block_1_18' title="bbox 505 1632 2085 1705">
    <p class='ocr_par' dir='ltr' id='par_1_18' title="bbox 505 1632 2085 1705">
     <span class='ocr_line' id='line_1_18' title="bbox 505 1632 2085 1705; baseline -0.004 -16"><span class='ocrx_word' id='word_1_122' title='bbox 505 1637 709 1705; x_wconf 82' lang='lat' dir='ltr'><strong>hospes,</strong></span> <span class='ocrx_word' id='word_1_123' title='bbox 736 1646 782 1689; x_wconf 87' lang='lat' dir='ltr'><strong>et</strong></span> <span class='ocrx_word' id='word_1_124' title='bbox 802 1651 901 1687; x_wconf 87' lang='lat' dir='ltr'><strong>non</strong></span> <span class='ocrx_word' id='word_1_125' title='bbox 928 1632 1214 1705; x_wconf 67' lang='lat' dir='ltr'><strong>suscepistis</strong></span> <span class='ocrx_word' id='word_1_126' title='bbox 1238 1648 1316 1705; x_wconf 73' lang='lat' dir='ltr'><strong>me</strong></span> <span class='ocrx_word' id='word_1_127' title='bbox 1346 1648 1365 1686; x_wconf 90' lang='lat'><strong><em>:</em></strong></span> <span class='ocrx_word' id='word_1_128' title='bbox 1390 1632 1645 1705; x_wconf 75' lang='lat' dir='ltr'><strong>inﬁrmus,</strong></span> <span class='ocrx_word' id='word_1_129' title='bbox 1659 1641 1736 1705; x_wconf 76' lang='lat' dir='ltr'><strong>_et</strong></span> <span class='ocrx_word' id='word_1_130' title='bbox 1780 1632 1833 1705; x_wconf 69' lang='lat' dir='ltr'><strong>in</strong></span> <span class='ocrx_word' id='word_1_131' title='bbox 1866 1646 2085 1705; x_wconf 67' lang='lat' dir='ltr'><strong>carcere,</strong></span> 
     </span>
    </p>
   </div>
   <div class='ocr_carea' id='block_1_19' title="bbox 504 1700 2085 1773">
    <p class='ocr_par' dir='ltr' id='par_1_19' title="bbox 504 1700 2085 1773">
     <span class='ocr_line' id='line_1_19' title="bbox 504 1700 2085 1773; baseline -0.003 -15"><span class='ocrx_word' id='word_1_132' title='bbox 504 1715 551 1759; x_wconf 87' lang='lat' dir='ltr'><strong>et</strong></span> <span class='ocrx_word' id='word_1_133' title='bbox 574 1700 674 1760; x_wconf 77' lang='lat' dir='ltr'><strong>non</strong></span> <span class='ocrx_word' id='word_1_134' title='bbox 695 1700 896 1765; x_wconf 69' lang='lat' dir='ltr'><strong>uenistis</strong></span> <span class='ocrx_word' id='word_1_135' title='bbox 915 1704 983 1756; x_wconf 91' lang='lat' dir='ltr'><strong>ad</strong></span> <span class='ocrx_word' id='word_1_136' title='bbox 1012 1720 1090 1773; x_wconf 88' lang='lat' dir='ltr'><strong>me</strong></span> <span class='ocrx_word' id='word_1_137' title='bbox 1126 1701 1336 1773; x_wconf 77' lang='lat' dir='ltr'><strong>(Matth.</strong></span> <span class='ocrx_word' id='word_1_138' title='bbox 1368 1717 1492 1767; x_wconf 79' lang='lat' dir='ltr'><strong>xxv,</strong></span> <span class='ocrx_word' id='word_1_139' title='bbox 1519 1702 1741 1773; x_wconf 44' lang='grc' dir='ltr'>ιιι-45»</span> <span class='ocrx_word' id='word_1_140' title='bbox 1778 1700 1929 1773; x_wconf 83' lang='lat' dir='ltr'><strong>Quod</strong></span> <span class='ocrx_word' id='word_1_141' title='bbox 1960 1702 2003 1753; x_wconf 92' lang='lat' dir='ltr'><strong>si</strong></span> <span class='ocrx_word' id='word_1_142' title='bbox 2030 1701 2085 1773; x_wconf 82' lang='lat' dir='ltr'><strong>in</strong></span> 
     </span>
    </p>
   </div>
   <div class='ocr_carea' id='block_1_20' title="bbox 503 1770 2086 1846">
    <p class='ocr_par' dir='ltr' id='par_1_20' title="bbox 503 1770 2086 1846">
     <span class='ocr_line' id='line_1_20' title="bbox 503 1770 2086 1846; baseline -0.003 -16"><span class='ocrx_word' id='word_1_143' title='bbox 503 1776 678 1846; x_wconf 90' lang='lat' dir='ltr'><strong>ignem</strong></span> <span class='ocrx_word' id='word_1_144' title='bbox 704 1785 964 1846; x_wconf 61' lang='lat' dir='ltr'><strong>attentum</strong></span> <span class='ocrx_word' id='word_1_145' title='bbox 992 1770 1150 1846; x_wconf 83' lang='lat' dir='ltr'><strong>digne</strong></span> <span class='ocrx_word' id='word_1_146' title='bbox 1176 1772 1433 1846; x_wconf 72' lang='lat' dir='ltr'><strong>mittetur,</strong></span> <span class='ocrx_word' id='word_1_147' title='bbox 1484 1772 1582 1846; x_wconf 32' lang='lat' dir='ltr'><strong>qui.</strong></span> <span class='ocrx_word' id='word_1_148' title='bbox 1620 1770 1834 1846; x_wconf 75' lang='lat' dir='ltr'><strong>Christo</strong></span> <span class='ocrx_word' id='word_1_149' title='bbox 1880 1771 1932 1824; x_wconf 92' lang='lat' dir='ltr'><strong>in</strong></span> <span class='ocrx_word' id='word_1_150' title='bbox 1975 1770 2086 1825; x_wconf 86' lang='lat' dir='ltr'><strong>suis</strong></span> 
     </span>
    </p>
   </div>
   <div class='ocr_carea' id='block_1_21' title="bbox 505 1840 2086 1912">
    <p class='ocr_par' dir='ltr' id='par_1_21' title="bbox 505 1840 2086 1912">
     <span class='ocr_line' id='line_1_21' title="bbox 505 1840 2086 1912; baseline -0.003 -13"><span class='ocrx_word' id='word_1_151' title='bbox 505 1840 739 1900; x_wconf 77' lang='lat' dir='ltr'><strong>minimis</strong></span> <span class='ocrx_word' id='word_1_152' title='bbox 767 1844 1022 1901; x_wconf 87' lang='lat' dir='ltr'><strong>esurienti</strong></span> <span class='ocrx_word' id='word_1_153' title='bbox 1053 1840 1241 1912; x_wconf 82' lang='lat' dir='ltr'><strong>panem</strong></span> <span class='ocrx_word' id='word_1_154' title='bbox 1270 1858 1376 1896; x_wconf 89' lang='lat' dir='ltr'><strong>non</strong></span> <span class='ocrx_word' id='word_1_155' title='bbox 1403 1840 1637 1907; x_wconf 87' lang='lat' dir='ltr'><strong>dederit;</strong></span> <span class='ocrx_word' id='word_1_156' title='bbox 1679 1840 1804 1912; x_wconf 85' lang='lat' dir='ltr'><strong>quid</strong></span> <span class='ocrx_word' id='word_1_157' title='bbox 1833 1854 2086 1912; x_wconf 74' lang='lat' dir='ltr'><strong>passurus</strong></span> 
     </span>
    </p>
   </div>
   <div class='ocr_carea' id='block_1_22' title="bbox 502 1910 2087 1985">
    <p class='ocr_par' dir='ltr' id='par_1_22' title="bbox 502 1910 2087 1985">
     <span class='ocr_line' id='line_1_22' title="bbox 502 1910 2087 1985; baseline -0.004 -14"><span class='ocrx_word' id='word_1_158' title='bbox 502 1928 583 1971; x_wconf 88' lang='lat' dir='ltr'><strong>est</strong></span> <span class='ocrx_word' id='word_1_159' title='bbox 613 1915 703 1985; x_wconf 92' lang='lat' dir='ltr'><strong>qui</strong></span> <span class='ocrx_word' id='word_1_160' title='bbox 724 1916 894 1985; x_wconf 90' lang='lat' dir='ltr'><strong>ipsum</strong></span> <span class='ocrx_word' id='word_1_161' title='bbox 920 1910 1133 1985; x_wconf 77' lang='lat' dir='ltr'><strong>panem,</strong></span> <span class='ocrx_word' id='word_1_162' title='bbox 1159 1914 1245 1985; x_wconf 84' lang='lat' dir='ltr'><strong>qui</strong></span> <span class='ocrx_word' id='word_1_163' title='bbox 1272 1912 1510 1985; x_wconf 47' lang='lat' dir='ltr'><strong>definio</strong></span> <span class='ocrx_word' id='word_1_164' title='bbox 1526 1911 1817 1985; x_wconf 78' lang='lat' dir='ltr'><strong>descendit,</strong></span> <span class='ocrx_word' id='word_1_165' title='bbox 1860 1910 1961 1965; x_wconf 84' lang='lat' dir='ltr'><strong>sibi</strong></span> <span class='ocrx_word' id='word_1_166' title='bbox 1991 1925 2087 1985; x_wconf 82' lang='lat' dir='ltr'><strong>per</strong></span> 
     </span>
    </p>
   </div>
   <div class='ocr_carea' id='block_1_23' title="bbox 503 1981 2088 2050">
    <p class='ocr_par' dir='ltr' id='par_1_23' title="bbox 503 1981 2088 2050">
     <span class='ocr_line' id='line_1_23' title="bbox 503 1981 2088 2050; baseline -0.004 -10"><span class='ocrx_word' id='word_1_167' title='bbox 503 1981 834 2041; x_wconf 79' lang='lat' dir='ltr'><strong>inﬁdelitatis</strong></span> <span class='ocrx_word' id='word_1_168' title='bbox 857 1985 1040 2047; x_wconf 89' lang='lat' dir='ltr'><strong>vitium</strong></span> <span class='ocrx_word' id='word_1_169' title='bbox 1063 1982 1293 2037; x_wconf 79' lang='lat' dir='ltr'><strong>adimit?</strong></span> <span class='ocrx_word' id='word_1_170' title='bbox 1332 1982 1401 2037; x_wconf 86' lang='lat' dir='ltr'><strong>Et</strong></span> <span class='ocrx_word' id='word_1_171' title='bbox 1439 1982 1553 2036; x_wconf 91' lang='lat' dir='ltr'><strong>siin</strong></span> <span class='ocrx_word' id='word_1_172' title='bbox 1583 1981 1813 2036; x_wconf 88' lang='lat' dir='ltr'><strong>flammis</strong></span> <span class='ocrx_word' id='word_1_173' title='bbox 1841 1981 2088 2050; x_wconf 84' lang='lat' dir='ltr'><strong>perenni-</strong></span> 
     </span>
    </p>
   </div>
   <div class='ocr_carea' id='block_1_24' title="bbox 506 2051 2085 2124">
    <p class='ocr_par' dir='ltr' id='par_1_24' title="bbox 506 2051 2085 2124">
     <span class='ocr_line' id='line_1_24' title="bbox 506 2051 2085 2124; baseline -0.004 -13"><span class='ocrx_word' id='word_1_174' title='bbox 506 2056 605 2111; x_wconf 89' lang='lat' dir='ltr'><strong>bus</strong></span> <span class='ocrx_word' id='word_1_175' title='bbox 629 2067 904 2119; x_wconf 81' lang='lat' dir='ltr'><strong>exoretur,</strong></span> <span class='ocrx_word' id='word_1_176' title='bbox 951 2055 1041 2124; x_wconf 90' lang='lat' dir='ltr'><strong>qui</strong></span> <span class='ocrx_word' id='word_1_177' title='bbox 1073 2053 1300 2124; x_wconf 81' lang='lat' dir='ltr'><strong>Christo</strong></span> <span class='ocrx_word' id='word_1_178' title='bbox 1347 2054 1397 2124; x_wconf 89' lang='lat' dir='ltr'><strong>in</strong></span> <span class='ocrx_word' id='word_1_179' title='bbox 1442 2052 1558 2124; x_wconf 86' lang='lat' dir='ltr'><strong>suis</strong></span> <span class='ocrx_word' id='word_1_180' title='bbox 1605 2052 1846 2124; x_wconf 83' lang='lat' dir='ltr'><strong>minimis</strong></span> <span class='ocrx_word' id='word_1_181' title='bbox 1888 2051 2085 2124; x_wconf 72' lang='lat' dir='ltr'><strong>sitienti</strong></span> 
     </span>
    </p>
   </div>
   <div class='ocr_carea' id='block_1_25' title="bbox 506 2120 2082 2196">
    <p class='ocr_par' dir='ltr' id='par_1_25' title="bbox 506 2120 2082 2196">
     <span class='ocr_line' id='line_1_25' title="bbox 506 2120 2082 2196; baseline -0.004 -16"><span class='ocrx_word' id='word_1_182' title='bbox 506 2126 726 2181; x_wconf 86' lang='lat' dir='ltr'><strong>calicem</strong></span> <span class='ocrx_word' id='word_1_183' title='bbox 754 2141 905 2196; x_wconf 62' lang='lat' dir='ltr'><strong>aqua;</strong></span> <span class='ocrx_word' id='word_1_184' title='bbox 932 2120 1135 2193; x_wconf 62' lang='lat' dir='ltr'><strong>frigida:</strong></span> <span class='ocrx_word' id='word_1_185' title='bbox 1161 2138 1265 2196; x_wconf 76' lang='lat' dir='ltr'><strong>non</strong></span> <span class='ocrx_word' id='word_1_186' title='bbox 1287 2123 1516 2196; x_wconf 77' lang='lat' dir='ltr'><strong>tribuit;</strong></span> <span class='ocrx_word' id='word_1_187' title='bbox 1560 2122 1687 2192; x_wconf 91' lang='lat' dir='ltr'><strong>quid</strong></span> <span class='ocrx_word' id='word_1_188' title='bbox 1719 2122 1807 2176; x_wconf 90' lang='lat' dir='ltr'><strong>ille</strong></span> <span class='ocrx_word' id='word_1_189' title='bbox 1834 2120 2082 2196; x_wconf 58' lang='lat' dir='ltr'><strong>patietur,</strong></span> 
     </span>
    </p>
   </div>
   <div class='ocr_carea' id='block_1_26' title="bbox 509 2192 2083 2266">
    <p class='ocr_par' dir='ltr' id='par_1_26' title="bbox 509 2192 2083 2266">
     <span class='ocr_line' id='line_1_26' title="bbox 509 2192 2083 2266; baseline -0.004 -16"><span class='ocrx_word' id='word_1_190' title='bbox 509 2197 599 2266; x_wconf 86' lang='lat' dir='ltr'><strong>qui</strong></span> <span class='ocrx_word' id='word_1_191' title='bbox 629 2192 845 2252; x_wconf 77' lang='lat' dir='ltr'><strong>renatus</strong></span> <span class='ocrx_word' id='word_1_192' title='bbox 871 2210 933 2251; x_wconf 80' lang='lat' dir='ltr'><strong>ex</strong></span> <span class='ocrx_word' id='word_1_193' title='bbox 961 2192 1096 2264; x_wconf 85' lang='lat' dir='ltr'><strong>aqua</strong></span> <span class='ocrx_word' id='word_1_194' title='bbox 1120 2202 1178 2249; x_wconf 90' lang='lat' dir='ltr'><strong>et</strong></span> <span class='ocrx_word' id='word_1_195' title='bbox 1209 2193 1408 2264; x_wconf 86' lang='lat' dir='ltr'><strong>Spiritu</strong></span> <span class='ocrx_word' id='word_1_196' title='bbox 1442 2202 1649 2260; x_wconf 87' lang='lat' dir='ltr'><strong>sancto,</strong></span> <span class='ocrx_word' id='word_1_197' title='bbox 1692 2201 1934 2247; x_wconf 88' lang='lat' dir='ltr'><strong>sanctum</strong></span> <span class='ocrx_word' id='word_1_198' title='bbox 1978 2192 2083 2245; x_wconf 85' lang='lat' dir='ltr'><strong>Ba-</strong></span> 
     </span>
    </p>
   </div>
   <div class='ocr_carea' id='block_1_27' title="bbox 1954 392 2316 447">
    <p class='ocr_par' dir='ltr' id='par_1_27' title="bbox 1954 392 2316 447">
     <span class='ocr_line' id='line_1_27' title="bbox 1954 392 2316 447; baseline -0.006 0"><span class='ocrx_word' id='word_1_199' title='bbox 1954 392 2316 447; x_wconf 73' lang='lat' dir='ltr'><strong>APPENDIX.</strong></span> 
     </span>
    </p>
   </div>
   <div class='ocr_carea' id='block_1_28' title="bbox 3678 400 3784 456">
    <p class='ocr_par' dir='ltr' id='par_1_28' title="bbox 3678 400 3784 456">
     <span class='ocr_line' id='line_1_28' title="bbox 3678 400 3784 456; baseline -0.038 0"><span class='ocrx_word' id='word_1_200' title='bbox 3678 400 3784 456; x_wconf 67' lang='lat'><strong>780</strong></span> 
     </span>
    </p>
   </div>
   <div class='ocr_carea' id='block_1_29' title="bbox 2201 508 3785 580">
    <p class='ocr_par' dir='ltr' id='par_1_29' title="bbox 2201 508 3785 580">
     <span class='ocr_line' id='line_1_29' title="bbox 2201 508 3785 580; baseline 0.006 -17"><span class='ocrx_word' id='word_1_201' title='bbox 2201 509 2393 580; x_wconf 91' lang='lat' dir='ltr'><strong>ptisma</strong></span> <span class='ocrx_word' id='word_1_202' title='bbox 2417 509 2468 563; x_wconf 92' lang='lat' dir='ltr'><strong>in</strong></span> <span class='ocrx_word' id='word_1_203' title='bbox 2490 524 2548 563; x_wconf 84' lang='lat' dir='ltr'><strong>se</strong></span> <span class='ocrx_word' id='word_1_204' title='bbox 2576 509 2768 563; x_wconf 86' lang='lat' dir='ltr'><strong>iterare</strong></span> <span class='ocrx_word' id='word_1_205' title='bbox 2795 510 3073 578; x_wconf 85' lang='lat' dir='ltr'><strong>permittit,</strong></span> <span class='ocrx_word' id='word_1_206' title='bbox 3092 508 3232 579; x_wconf 81' lang='lat' dir='ltr'><strong>quod</strong></span> <span class='ocrx_word' id='word_1_207' title='bbox 3260 508 3326 566; x_wconf 90' lang='lat' dir='ltr'><strong>ad</strong></span> <span class='ocrx_word' id='word_1_208' title='bbox 3351 510 3580 568; x_wconf 83' lang='lat' dir='ltr'><strong>salutem</strong></span> <span class='ocrx_word' id='word_1_209' title='bbox 3614 520 3785 573; x_wconf 91' lang='lat' dir='ltr'><strong>semel</strong></span> 
     </span>
    </p>
   </div>
   <div class='ocr_carea' id='block_1_30' title="bbox 2198 580 3788 654">
    <p class='ocr_par' dir='ltr' id='par_1_30' title="bbox 2198 580 3788 654">
     <span class='ocr_line' id='line_1_30' title="bbox 2198 580 3788 654; baseline 0.004 -21"><span class='ocrx_word' id='word_1_210' title='bbox 2198 580 2346 654; x_wconf 60' lang='grc' dir='ltr'><strong>ςιθᾲ</strong></span> <span class='ocrx_word' id='word_1_211' title='bbox 2385 590 2777 654; x_wconf 76' lang='lat' dir='ltr'><strong>sacramentum</strong></span> <span class='ocrx_word' id='word_1_212' title='bbox 2824 592 3023 633; x_wconf 62' lang='lat' dir='ltr'><strong>sanctae</strong></span> <span class='ocrx_word' id='word_1_213' title='bbox 3063 582 3507 654; x_wconf 79' lang='lat' dir='ltr'><strong>regenerationis</strong></span> <span class='ocrx_word' id='word_1_214' title='bbox 3533 587 3788 654; x_wconf 86' lang='lat' dir='ltr'><strong>accepit?</strong></span> 
     </span>
    </p>
   </div>
   <div class='ocr_carea' id='block_1_31' title="bbox 2201 649 3786 719">
    <p class='ocr_par' dir='ltr' id='par_1_31' title="bbox 2201 649 3786 719">
     <span class='ocr_line' id='line_1_31' title="bbox 2201 649 3786 719; baseline 0.004 -15"><span class='ocrx_word' id='word_1_215' title='bbox 2201 650 2268 704; x_wconf 89' lang='lat' dir='ltr'><strong>Et</strong></span> <span class='ocrx_word' id='word_1_216' title='bbox 2304 649 2349 702; x_wconf 91' lang='lat' dir='ltr'><strong>si</strong></span> <span class='ocrx_word' id='word_1_217' title='bbox 2404 649 2552 703; x_wconf 91' lang='lat' dir='ltr'><strong>illum</strong></span> <span class='ocrx_word' id='word_1_218' title='bbox 2593 649 2859 719; x_wconf 82' lang='lat' dir='ltr'><strong>credimus</strong></span> <span class='ocrx_word' id='word_1_219' title='bbox 2904 652 3225 719; x_wconf 87' lang='lat' dir='ltr'><strong>p-rennibus</strong></span> <span class='ocrx_word' id='word_1_220' title='bbox 3269 651 3605 708; x_wconf 87' lang='lat' dir='ltr'><strong>subdendum</strong></span> <span class='ocrx_word' id='word_1_221' title='bbox 3662 649 3786 712; x_wconf 79' lang='lat' dir='ltr'><strong>esse</strong></span> 
     </span>
    </p>
   </div>
   <div class='ocr_carea' id='block_1_32' title="bbox 2200 718 3776 791">
    <p class='ocr_par' dir='ltr' id='par_1_32' title="bbox 2200 718 3776 791">
     <span class='ocr_line' id='line_1_32' title="bbox 2200 718 3776 791; baseline 0.004 -18"><span class='ocrx_word' id='word_1_222' title='bbox 2200 720 2497 791; x_wconf 87' lang='lat' dir='ltr'><strong>tormentis,</strong></span> <span class='ocrx_word' id='word_1_223' title='bbox 2526 719 2616 787; x_wconf 89' lang='lat' dir='ltr'><strong>qui</strong></span> <span class='ocrx_word' id='word_1_224' title='bbox 2638 718 2916 791; x_wconf 75' lang='lat' dir='ltr'><strong>Christum</strong></span> <span class='ocrx_word' id='word_1_225' title='bbox 2948 720 2998 773; x_wconf 91' lang='lat' dir='ltr'><strong>in</strong></span> <span class='ocrx_word' id='word_1_226' title='bbox 3031 722 3143 774; x_wconf 87' lang='lat' dir='ltr'><strong>suis</strong></span> <span class='ocrx_word' id='word_1_227' title='bbox 3170 721 3406 774; x_wconf 90' lang='lat' dir='ltr'><strong>minimis</strong></span> <span class='ocrx_word' id='word_1_228' title='bbox 3438 726 3776 791; x_wconf 75' lang='lat' dir='ltr'><strong>peregrinum</strong></span> 
     </span>
    </p>
   </div>
   <div class='ocr_carea' id='block_1_33' title="bbox 2197 789 3779 861">
    <p class='ocr_par' dir='ltr' id='par_1_33' title="bbox 2197 789 3779 861">
     <span class='ocr_line' id='line_1_33' title="bbox 2197 789 3779 861; baseline 0.004 -18"><span class='ocrx_word' id='word_1_229' title='bbox 2197 790 2429 857; x_wconf 90' lang='lat' dir='ltr'><strong>hospitio</strong></span> <span class='ocrx_word' id='word_1_230' title='bbox 2457 789 2955 861; x_wconf 61' lang='lat' dir='ltr'><strong>negligitcliaritate</strong></span> <span class='ocrx_word' id='word_1_231' title='bbox 2979 792 3284 861; x_wconf 83' lang='lat' dir='ltr'><strong>suscipere;</strong></span> <span class='ocrx_word' id='word_1_232' title='bbox 3333 789 3459 861; x_wconf 87' lang='lat' dir='ltr'><strong>quid</strong></span> <span class='ocrx_word' id='word_1_233' title='bbox 3500 789 3779 861; x_wconf 82' lang='lat' dir='ltr'><strong>passurum</strong></span> 
     </span>
    </p>
   </div>
   <div class='ocr_carea' id='block_1_34' title="bbox 2197 859 3789 928">
    <p class='ocr_par' dir='ltr' id='par_1_34' title="bbox 2197 859 3789 928">
     <span class='ocr_line' id='line_1_34' title="bbox 2197 859 3789 928; baseline 0.004 -14"><span class='ocrx_word' id='word_1_234' title='bbox 2197 875 2257 914; x_wconf 89' lang='lat' dir='ltr'><strong>se</strong></span> <span class='ocrx_word' id='word_1_235' title='bbox 2296 861 2579 928; x_wconf 86' lang='lat' dir='ltr'><strong>putaverit,</strong></span> <span class='ocrx_word' id='word_1_236' title='bbox 2612 860 2701 926; x_wconf 90' lang='lat' dir='ltr'><strong>qui</strong></span> <span class='ocrx_word' id='word_1_237' title='bbox 2753 859 3037 914; x_wconf 90' lang='lat' dir='ltr'><strong>Dominum</strong></span> <span class='ocrx_word' id='word_1_238' title='bbox 3085 859 3362 915; x_wconf 85' lang='lat' dir='ltr'><strong>Christum</strong></span> <span class='ocrx_word' id='word_1_239' title='bbox 3411 862 3479 917; x_wconf 90' lang='lat' dir='ltr'><strong>de</strong></span> <span class='ocrx_word' id='word_1_240' title='bbox 3503 859 3666 919; x_wconf 86' lang='lat' dir='ltr'><strong>domo</strong></span> <span class='ocrx_word' id='word_1_241' title='bbox 3707 868 3789 921; x_wconf 88' lang='lat' dir='ltr'><strong>sui</strong></span> 
     </span>
    </p>
   </div>
   <div class='ocr_carea' id='block_1_35' title="bbox 2196 930 3785 1001">
    <p class='ocr_par' dir='ltr' id='par_1_35' title="bbox 2196 930 3785 1001">
     <span class='ocr_line' id='line_1_35' title="bbox 2196 930 3785 1001; baseline 0.004 -19"><span class='ocrx_word' id='word_1_242' title='bbox 2196 931 2375 1001; x_wconf 73' lang='lat' dir='ltr'><strong>cordis</strong></span> <span class='ocrx_word' id='word_1_243' title='bbox 2403 930 2713 1001; x_wconf 79' lang='lat' dir='ltr'><strong>excludens,</strong></span> <span class='ocrx_word' id='word_1_244' title='bbox 2746 939 2801 984; x_wconf 93' lang='lat' dir='ltr'><strong>et</strong></span> <span class='ocrx_word' id='word_1_245' title='bbox 2830 931 3100 984; x_wconf 89' lang='lat' dir='ltr'><strong>diabolum</strong></span> <span class='ocrx_word' id='word_1_246' title='bbox 3130 933 3179 983; x_wconf 92' lang='lat' dir='ltr'><strong>in</strong></span> <span class='ocrx_word' id='word_1_247' title='bbox 3208 946 3265 985; x_wconf 90' lang='lat' dir='ltr'><strong>se</strong></span> <span class='ocrx_word' id='word_1_248' title='bbox 3285 948 3424 988; x_wconf 59' lang='grc' dir='ltr'><strong>(δέρω</strong></span> <span class='ocrx_word' id='word_1_249' title='bbox 3458 949 3675 1001; x_wconf 87' lang='lat' dir='ltr'><strong>prorsus</strong></span> <span class='ocrx_word' id='word_1_250' title='bbox 3704 936 3785 989; x_wconf 88' lang='lat' dir='ltr'><strong>in-</strong></span> 
     </span>
    </p>
   </div>
   <div class='ocr_carea' id='block_1_36' title="bbox 2198 1000 3791 1071">
    <p class='ocr_par' dir='ltr' id='par_1_36' title="bbox 2198 1000 3791 1071">
     <span class='ocr_line' id='line_1_36' title="bbox 2198 1000 3791 1071; baseline 0.004 -18"><span class='ocrx_word' id='word_1_251' title='bbox 2198 1000 2452 1071; x_wconf 79' lang='lat' dir='ltr'><strong>fidelitate</strong></span> <span class='ocrx_word' id='word_1_252' title='bbox 2490 1000 2772 1071; x_wconf 76' lang='lat' dir='ltr'><strong>recipiens,</strong></span> <span class='ocrx_word' id='word_1_253' title='bbox 2811 1000 2879 1054; x_wconf 88' lang='lat' dir='ltr'><strong>de</strong></span> <span class='ocrx_word' id='word_1_254' title='bbox 2906 1009 3087 1054; x_wconf 90' lang='lat' dir='ltr'><strong>sancta</strong></span> <span class='ocrx_word' id='word_1_255' title='bbox 3122 1002 3377 1068; x_wconf 85' lang='lat' dir='ltr'><strong>Ecclesia,</strong></span> <span class='ocrx_word' id='word_1_256' title='bbox 3417 1000 3535 1071; x_wconf 71' lang='lat' dir='ltr'><strong>qua:</strong></span> <span class='ocrx_word' id='word_1_257' title='bbox 3573 1015 3656 1058; x_wconf 91' lang='lat' dir='ltr'><strong>est</strong></span> <span class='ocrx_word' id='word_1_258' title='bbox 3698 1020 3791 1060; x_wconf 89' lang='lat' dir='ltr'><strong>co-</strong></span> 
     </span>
    </p>
   </div>
   <div class='ocr_carea' id='block_1_37' title="bbox 2195 1070 3789 1141">
    <p class='ocr_par' dir='ltr' id='par_1_37' title="bbox 2195 1070 3789 1141">
     <span class='ocr_line' id='line_1_37' title="bbox 2195 1070 3789 1141; baseline 0.003 -17"><span class='ocrx_word' id='word_1_259' title='bbox 2195 1070 2376 1125; x_wconf 90' lang='lat' dir='ltr'><strong>lumna</strong></span> <span class='ocrx_word' id='word_1_260' title='bbox 2400 1081 2452 1141; x_wconf 87' lang='lat' dir='ltr'><strong>et</strong></span> <span class='ocrx_word' id='word_1_261' title='bbox 2479 1070 2868 1124; x_wconf 84' lang='lat' dir='ltr'><strong>firmamentum</strong></span> <span class='ocrx_word' id='word_1_262' title='bbox 2907 1071 3141 1125; x_wconf 88' lang='lat' dir='ltr'><strong>veritatis</strong></span> <span class='ocrx_word' id='word_1_263' title='bbox 3167 1072 3207 1141; x_wconf 91' lang='grc' dir='ltr'><strong>(Ι</strong></span> <span class='ocrx_word' id='word_1_264' title='bbox 3230 1071 3364 1125; x_wconf 87' lang='lat' dir='ltr'><strong>Tim.</strong></span> <span class='ocrx_word' id='word_1_265' title='bbox 3400 1070 3476 1136; x_wconf 84' lang='lat' dir='ltr'><strong>ni,</strong></span> <span class='ocrx_word' id='word_1_266' title='bbox 3508 1074 3623 1141; x_wconf 78' lang='grc'><strong>15),</strong></span> <span class='ocrx_word' id='word_1_267' title='bbox 3676 1076 3789 1130; x_wconf 64' lang='lat' dir='ltr'><strong>ha:-</strong></span> 
     </span>
    </p>
   </div>
   <div class='ocr_carea' id='block_1_38' title="bbox 2194 1140 3789 1215">
    <p class='ocr_par' dir='ltr' id='par_1_38' title="bbox 2194 1140 3789 1215">
     <span class='ocr_line' id='line_1_38' title="bbox 2194 1140 3789 1215; baseline 0.003 -21"><span class='ocrx_word' id='word_1_268' title='bbox 2194 1142 2358 1215; x_wconf 75' lang='lat' dir='ltr'><strong>retica</strong></span> <span class='ocrx_word' id='word_1_269' title='bbox 2383 1140 2776 1215; x_wconf 76' lang='lat' dir='ltr'><strong>circumventus</strong></span> <span class='ocrx_word' id='word_1_270' title='bbox 2805 1141 3033 1196; x_wconf 82' lang='lat' dir='ltr'><strong>falsitate</strong></span> <span class='ocrx_word' id='word_1_271' title='bbox 3054 1140 3393 1215; x_wconf 81' lang='lat' dir='ltr'><strong>discesserit?</strong></span> <span class='ocrx_word' id='word_1_272' title='bbox 3422 1144 3551 1215; x_wconf 83' lang='lat' dir='ltr'><strong>Etsi</strong></span> <span class='ocrx_word' id='word_1_273' title='bbox 3580 1140 3666 1199; x_wconf 84' lang='lat' dir='ltr'><strong>ille</strong></span> <span class='ocrx_word' id='word_1_274' title='bbox 3697 1146 3789 1215; x_wconf 89' lang='lat' dir='ltr'><strong>qui</strong></span> 
     </span>
    </p>
   </div>
   <div class='ocr_carea' id='block_1_39' title="bbox 2195 1210 3786 1281">
    <p class='ocr_par' dir='ltr' id='par_1_39' title="bbox 2195 1210 3786 1281">
     <span class='ocr_line' id='line_1_39' title="bbox 2195 1210 3786 1281; baseline 0.004 -17"><span class='ocrx_word' id='word_1_275' title='bbox 2195 1211 2436 1264; x_wconf 86' lang='lat' dir='ltr'><strong>inﬁrmos</strong></span> <span class='ocrx_word' id='word_1_276' title='bbox 2466 1219 2625 1277; x_wconf 87' lang='lat' dir='ltr'><strong>atque</strong></span> <span class='ocrx_word' id='word_1_277' title='bbox 2648 1210 2700 1263; x_wconf 93' lang='lat' dir='ltr'><strong>in</strong></span> <span class='ocrx_word' id='word_1_278' title='bbox 2725 1226 2943 1266; x_wconf 86' lang='lat' dir='ltr'><strong>carcere</strong></span> <span class='ocrx_word' id='word_1_279' title='bbox 2961 1212 3165 1281; x_wconf 87' lang='lat' dir='ltr'><strong>positos</strong></span> <span class='ocrx_word' id='word_1_280' title='bbox 3196 1212 3424 1266; x_wconf 86' lang='lat' dir='ltr'><strong>famulos</strong></span> <span class='ocrx_word' id='word_1_281' title='bbox 3450 1213 3649 1268; x_wconf 84' lang='lat' dir='ltr'><strong>Christi</strong></span> <span class='ocrx_word' id='word_1_282' title='bbox 3679 1210 3786 1271; x_wconf 77' lang='lat' dir='ltr'><strong>non</strong></span> 
     </span>
    </p>
   </div>
   <div class='ocr_carea' id='block_1_40' title="bbox 2194 1281 3788 1352">
    <p class='ocr_par' dir='ltr' id='par_1_40' title="bbox 2194 1281 3788 1352">
     <span class='ocr_line' id='line_1_40' title="bbox 2194 1281 3788 1352; baseline 0.003 -17"><span class='ocrx_word' id='word_1_283' title='bbox 2194 1282 2390 1352; x_wconf 88' lang='lat' dir='ltr'><strong>visitat,</strong></span> <span class='ocrx_word' id='word_1_284' title='bbox 2439 1281 2545 1352; x_wconf 83' lang='lat' dir='ltr'><strong>igni</strong></span> <span class='ocrx_word' id='word_1_285' title='bbox 2580 1281 2863 1349; x_wconf 87' lang='lat' dir='ltr'><strong>deputatur</strong></span> <span class='ocrx_word' id='word_1_286' title='bbox 2896 1283 3258 1352; x_wconf 89' lang='lat' dir='ltr'><strong>sempiterno;</strong></span> <span class='ocrx_word' id='word_1_287' title='bbox 3310 1283 3437 1352; x_wconf 89' lang='lat' dir='ltr'><strong>quid</strong></span> <span class='ocrx_word' id='word_1_288' title='bbox 3481 1285 3583 1338; x_wconf 91' lang='lat' dir='ltr'><strong>illis</strong></span> <span class='ocrx_word' id='word_1_289' title='bbox 3628 1288 3788 1340; x_wconf 56' lang='lat' dir='ltr'><strong>retri;</strong></span> 
     </span>
    </p>
   </div>
   <div class='ocr_carea' id='block_1_41' title="bbox 2193 1350 3785 1422">
    <p class='ocr_par' dir='ltr' id='par_1_41' title="bbox 2193 1350 3785 1422">
     <span class='ocr_line' id='line_1_41' title="bbox 2193 1350 3785 1422; baseline 0.003 -17"><span class='ocrx_word' id='word_1_290' title='bbox 2193 1351 2461 1405; x_wconf 89' lang='lat' dir='ltr'><strong>buendum</strong></span> <span class='ocrx_word' id='word_1_291' title='bbox 2492 1350 2751 1422; x_wconf 77' lang='lat' dir='ltr'><strong>dicemus,</strong></span> <span class='ocrx_word' id='word_1_292' title='bbox 2776 1352 2863 1420; x_wconf 88' lang='lat' dir='ltr'><strong>qui</strong></span> <span class='ocrx_word' id='word_1_293' title='bbox 2897 1352 2989 1406; x_wconf 90' lang='lat' dir='ltr'><strong>Dei</strong></span> <span class='ocrx_word' id='word_1_294' title='bbox 3010 1350 3257 1415; x_wconf 89' lang='lat' dir='ltr'><strong>famulos,</strong></span> <span class='ocrx_word' id='word_1_295' title='bbox 3301 1350 3573 1422; x_wconf 84' lang='lat' dir='ltr'><strong>inquibus</strong></span> <span class='ocrx_word' id='word_1_296' title='bbox 3610 1356 3785 1411; x_wconf 78' lang='lat' dir='ltr'><strong>solam</strong></span> 
     </span>
    </p>
   </div>
   <div class='ocr_carea' id='block_1_42' title="bbox 2194 1420 3783 1492">
    <p class='ocr_par' dir='ltr' id='par_1_42' title="bbox 2194 1420 3783 1492">
     <span class='ocr_line' id='line_1_42' title="bbox 2194 1420 3783 1492; baseline 0.003 -18"><span class='ocrx_word' id='word_1_297' title='bbox 2194 1430 2584 1492; x_wconf 86' lang='lat' dir='ltr'><strong>persequuntur</strong></span> <span class='ocrx_word' id='word_1_298' title='bbox 2605 1420 2724 1492; x_wconf 82' lang='lat' dir='ltr'><strong>fidei</strong></span> <span class='ocrx_word' id='word_1_299' title='bbox 2749 1422 3050 1489; x_wconf 80' lang='lat' dir='ltr'><strong>veritatem,</strong></span> <span class='ocrx_word' id='word_1_300' title='bbox 3081 1432 3171 1475; x_wconf 90' lang='lat' dir='ltr'><strong>aut</strong></span> <span class='ocrx_word' id='word_1_301' title='bbox 3201 1420 3448 1492; x_wconf 79' lang='lat' dir='ltr'><strong>squalore</strong></span> <span class='ocrx_word' id='word_1_302' title='bbox 3475 1438 3783 1490; x_wconf 88' lang='lat' dir='ltr'><strong>carcerum,</strong></span> 
     </span>
    </p>
   </div>
   <div class='ocr_carea' id='block_1_43' title="bbox 2192 1491 3788 1563">
    <p class='ocr_par' dir='ltr' id='par_1_43' title="bbox 2192 1491 3788 1563">
     <span class='ocr_line' id='line_1_43' title="bbox 2192 1491 3788 1563; baseline 0.005 -20"><span class='ocrx_word' id='word_1_303' title='bbox 2192 1491 2631 1563; x_wconf 75' lang='lat' dir='ltr'><strong>autexsiliornm</strong></span> <span class='ocrx_word' id='word_1_304' title='bbox 2661 1491 3032 1563; x_wconf 79' lang='lat' dir='ltr'><strong>deportatione</strong></span> <span class='ocrx_word' id='word_1_305' title='bbox 3068 1491 3331 1548; x_wconf 86' lang='lat' dir='ltr'><strong>violenter</strong></span> <span class='ocrx_word' id='word_1_306' title='bbox 3366 1492 3644 1563; x_wconf 81' lang='lat' dir='ltr'><strong>affligunt?</strong></span> <span class='ocrx_word' id='word_1_307' title='bbox 3681 1496 3788 1551; x_wconf 91' lang='lat' dir='ltr'><strong>Sed</strong></span> 
     </span>
    </p>
   </div>
   <div class='ocr_carea' id='block_1_44' title="bbox 2193 1561 3788 1627">
    <p class='ocr_par' dir='ltr' id='par_1_44' title="bbox 2193 1561 3788 1627">
     <span class='ocr_line' id='line_1_44' title="bbox 2193 1561 3788 1627; baseline 0.004 -13"><span class='ocrx_word' id='word_1_308' title='bbox 2193 1562 2245 1614; x_wconf 92' lang='lat' dir='ltr'><strong>in</strong></span> <span class='ocrx_word' id='word_1_309' title='bbox 2289 1561 2373 1615; x_wconf 90' lang='lat' dir='ltr'><strong>his</strong></span> <span class='ocrx_word' id='word_1_310' title='bbox 2401 1562 2650 1615; x_wconf 85' lang='lat' dir='ltr'><strong>omnibus</strong></span> <span class='ocrx_word' id='word_1_311' title='bbox 2682 1561 2805 1615; x_wconf 91' lang='lat' dir='ltr'><strong>licet</strong></span> <span class='ocrx_word' id='word_1_312' title='bbox 2854 1562 3095 1617; x_wconf 81' lang='lat' dir='ltr'><strong>infideles</strong></span> <span class='ocrx_word' id='word_1_313' title='bbox 3124 1563 3367 1627; x_wconf 70' lang='lat' dir='ltr'><strong>saeviant,</strong></span> <span class='ocrx_word' id='word_1_314' title='bbox 3422 1561 3560 1617; x_wconf 80' lang='lat' dir='ltr'><strong>Deus</strong></span> <span class='ocrx_word' id='word_1_315' title='bbox 3608 1574 3788 1621; x_wconf 84' lang='lat' dir='ltr'><strong>tamen</strong></span> 
     </span>
    </p>
   </div>
   <div class='ocr_carea' id='block_1_45' title="bbox 2191 1632 3789 1690">
    <p class='ocr_par' dir='ltr' id='par_1_45' title="bbox 2191 1632 3789 1690">
     <span class='ocr_line' id='line_1_45' title="bbox 2191 1632 3789 1690; baseline 0.003 -4"><span class='ocrx_word' id='word_1_316' title='bbox 2191 1632 2303 1686; x_wconf 90' lang='lat' dir='ltr'><strong>suis</strong></span> <span class='ocrx_word' id='word_1_317' title='bbox 2332 1633 2582 1686; x_wconf 84' lang='lat' dir='ltr'><strong>auxilium</strong></span> <span class='ocrx_word' id='word_1_318' title='bbox 2625 1632 3010 1685; x_wconf 89' lang='lat' dir='ltr'><strong>subministrat.</strong></span> <span class='ocrx_word' id='word_1_319' title='bbox 3040 1634 3107 1686; x_wconf 85' lang='lat' dir='ltr'><strong>Et</strong></span> <span class='ocrx_word' id='word_1_320' title='bbox 3133 1632 3259 1687; x_wconf 89' lang='lat' dir='ltr'><strong>dum</strong></span> <span class='ocrx_word' id='word_1_321' title='bbox 3306 1634 3507 1688; x_wconf 89' lang='lat' dir='ltr'><strong>inimici</strong></span> <span class='ocrx_word' id='word_1_322' title='bbox 3549 1634 3673 1689; x_wconf 87' lang='lat' dir='ltr'><strong>fidei</strong></span> <span class='ocrx_word' id='word_1_323' title='bbox 3698 1647 3789 1690; x_wconf 90' lang='lat' dir='ltr'><strong>aut</strong></span> 
     </span>
    </p>
   </div>
   <div class='ocr_carea' id='block_1_46' title="bbox 2191 1701 3789 1774">
    <p class='ocr_par' dir='ltr' id='par_1_46' title="bbox 2191 1701 3789 1774">
     <span class='ocr_line' id='line_1_46' title="bbox 2191 1701 3789 1774; baseline 0.004 -19"><span class='ocrx_word' id='word_1_324' title='bbox 2191 1701 2380 1774; x_wconf 86' lang='lat' dir='ltr'><strong>callida</strong></span> <span class='ocrx_word' id='word_1_325' title='bbox 2401 1717 2665 1774; x_wconf 81' lang='lat' dir='ltr'><strong>quemque</strong></span> <span class='ocrx_word' id='word_1_326' title='bbox 2683 1702 3013 1774; x_wconf 83' lang='lat' dir='ltr'><strong>seductione,</strong></span> <span class='ocrx_word' id='word_1_327' title='bbox 3052 1713 3144 1774; x_wconf 86' lang='lat' dir='ltr'><strong>aut</strong></span> <span class='ocrx_word' id='word_1_328' title='bbox 3168 1703 3398 1757; x_wconf 90' lang='lat' dir='ltr'><strong>violenta</strong></span> <span class='ocrx_word' id='word_1_329' title='bbox 3422 1705 3789 1774; x_wconf 88' lang='lat' dir='ltr'><strong>compulsione</strong></span> 
     </span>
    </p>
   </div>
   <div class='ocr_carea' id='block_1_47' title="bbox 2191 1772 3784 1844">
    <p class='ocr_par' dir='ltr' id='par_1_47' title="bbox 2191 1772 3784 1844">
     <span class='ocr_line' id='line_1_47' title="bbox 2191 1772 3784 1844; baseline 0.003 -19"><span class='ocrx_word' id='word_1_330' title='bbox 2191 1772 2414 1844; x_wconf 81' lang='lat' dir='ltr'><strong>cupiunt</strong></span> <span class='ocrx_word' id='word_1_331' title='bbox 2439 1772 2751 1844; x_wconf 88' lang='lat' dir='ltr'><strong>depravare,</strong></span> <span class='ocrx_word' id='word_1_332' title='bbox 2774 1772 3026 1844; x_wconf 10' lang='lat' dir='ltr'><strong>itlhristus</strong></span> <span class='ocrx_word' id='word_1_333' title='bbox 3051 1773 3140 1842; x_wconf 90' lang='lat' dir='ltr'><strong>qui</strong></span> <span class='ocrx_word' id='word_1_334' title='bbox 3168 1782 3251 1827; x_wconf 88' lang='lat' dir='ltr'><strong>est</strong></span> <span class='ocrx_word' id='word_1_335' title='bbox 3279 1773 3457 1827; x_wconf 87' lang='lat' dir='ltr'><strong>Virtus</strong></span> <span class='ocrx_word' id='word_1_336' title='bbox 3484 1772 3784 1844; x_wconf 48' lang='lat' dir='ltr'><strong>et&#39;Sapien-</strong></span> 
     </span>
    </p>
   </div>
   <div class='ocr_carea' id='block_1_48' title="bbox 2192 1841 3779 1913">
    <p class='ocr_par' dir='ltr' id='par_1_48' title="bbox 2192 1841 3779 1913">
     <span class='ocr_line' id='line_1_48' title="bbox 2192 1841 3779 1913; baseline 0.003 -18"><span class='ocrx_word' id='word_1_337' title='bbox 2192 1841 2261 1913; x_wconf 80' lang='lat' dir='ltr'><strong>tia</strong></span> <span class='ocrx_word' id='word_1_338' title='bbox 2293 1843 2404 1913; x_wconf 82' lang='lat' dir='ltr'><strong>Dei,</strong></span> <span class='ocrx_word' id='word_1_339' title='bbox 2440 1843 2691 1895; x_wconf 87' lang='lat' dir='ltr'><strong>virtutem</strong></span> <span class='ocrx_word' id='word_1_340' title='bbox 2721 1841 2924 1907; x_wconf 89' lang='lat' dir='ltr'><strong>tribuit,</strong></span> <span class='ocrx_word' id='word_1_341' title='bbox 2954 1851 3013 1913; x_wconf 89' lang='lat' dir='ltr'><strong>ut</strong></span> <span class='ocrx_word' id='word_1_342' title='bbox 3040 1841 3329 1913; x_wconf 65' lang='lat' dir='ltr'><strong>mortiferae</strong></span> <span class='ocrx_word' id='word_1_343' title='bbox 3359 1841 3779 1913; x_wconf 53' lang='lat' dir='ltr'><strong>suasionis&#39;pro-</strong></span> 
     </span>
    </p>
   </div>
   <div class='ocr_carea' id='block_1_49' title="bbox 2189 1912 3786 1979">
    <p class='ocr_par' dir='ltr' id='par_1_49' title="bbox 2189 1912 3786 1979">
     <span class='ocr_line' id='line_1_49' title="bbox 2189 1912 3786 1979; baseline 0.003 -14"><span class='ocrx_word' id='word_1_344' title='bbox 2189 1912 2350 1965; x_wconf 84' lang='lat' dir='ltr'><strong>missa</strong></span> <span class='ocrx_word' id='word_1_345' title='bbox 2368 1912 2684 1979; x_wconf 80' lang='lat' dir='ltr'><strong>despiciant,</strong></span> <span class='ocrx_word' id='word_1_346' title='bbox 2721 1922 2777 1967; x_wconf 93' lang='lat' dir='ltr'><strong>et</strong></span> <span class='ocrx_word' id='word_1_347' title='bbox 2799 1912 3096 1967; x_wconf 85' lang='lat' dir='ltr'><strong>terroribus</strong></span> <span class='ocrx_word' id='word_1_348' title='bbox 3127 1912 3375 1967; x_wconf 89' lang='lat' dir='ltr'><strong>humanis</strong></span> <span class='ocrx_word' id='word_1_349' title='bbox 3404 1916 3597 1969; x_wconf 86' lang='lat' dir='ltr'><strong>robore</strong></span> <span class='ocrx_word' id='word_1_350' title='bbox 3622 1912 3786 1971; x_wconf 89' lang='lat' dir='ltr'><strong>divini</strong></span> 
     </span>
    </p>
   </div>
   <div class='ocr_carea' id='block_1_50' title="bbox 2191 1982 3786 2041">
    <p class='ocr_par' dir='ltr' id='par_1_50' title="bbox 2191 1982 3786 2041">
     <span class='ocr_line' id='line_1_50' title="bbox 2191 1982 3786 2041; baseline 0.003 -6"><span class='ocrx_word' id='word_1_351' title='bbox 2191 1982 2397 2036; x_wconf 87' lang='lat' dir='ltr'><strong>timoris</strong></span> <span class='ocrx_word' id='word_1_352' title='bbox 2420 1982 2682 2036; x_wconf 90' lang='lat' dir='ltr'><strong>obsistant</strong></span> <span class='ocrx_word' id='word_1_353' title='bbox 2714 1998 2727 2034; x_wconf 89' lang='lat'>:</span> <span class='ocrx_word' id='word_1_354' title='bbox 2763 1992 2965 2036; x_wconf 90' lang='lat' dir='ltr'><strong>tantum</strong></span> <span class='ocrx_word' id='word_1_355' title='bbox 2994 1991 3077 2037; x_wconf 87' lang='lat' dir='ltr'><strong>est</strong></span> <span class='ocrx_word' id='word_1_356' title='bbox 3114 1993 3171 2037; x_wconf 91' lang='lat' dir='ltr'><strong>ut</strong></span> <span class='ocrx_word' id='word_1_357' title='bbox 3196 1984 3442 2037; x_wconf 88' lang='lat' dir='ltr'><strong>voluntas</strong></span> <span class='ocrx_word' id='word_1_358' title='bbox 3480 2000 3586 2039; x_wconf 91' lang='lat' dir='ltr'><strong>non</strong></span> <span class='ocrx_word' id='word_1_359' title='bbox 3630 2001 3786 2041; x_wconf 87' lang='lat' dir='ltr'><strong>aver-</strong></span> 
     </span>
    </p>
   </div>
   <div class='ocr_carea' id='block_1_51' title="bbox 2190 2052 3786 2123">
    <p class='ocr_par' dir='ltr' id='par_1_51' title="bbox 2190 2052 3786 2123">
     <span class='ocr_line' id='line_1_51' title="bbox 2190 2052 3786 2123; baseline 0.003 -18"><span class='ocrx_word' id='word_1_360' title='bbox 2190 2060 2332 2106; x_wconf 90' lang='lat' dir='ltr'><strong>tatur</strong></span> <span class='ocrx_word' id='word_1_361' title='bbox 2359 2066 2389 2105; x_wconf 89' lang='lat' dir='ltr'><strong>a</strong></span> <span class='ocrx_word' id='word_1_362' title='bbox 2419 2053 2548 2118; x_wconf 90' lang='lat' dir='ltr'><strong>Deo,</strong></span> <span class='ocrx_word' id='word_1_363' title='bbox 2583 2061 2639 2106; x_wconf 91' lang='lat' dir='ltr'><strong>et</strong></span> <span class='ocrx_word' id='word_1_364' title='bbox 2660 2052 2779 2123; x_wconf 88' lang='lat' dir='ltr'><strong>fidei</strong></span> <span class='ocrx_word' id='word_1_365' title='bbox 2807 2054 3034 2123; x_wconf 74' lang='lat' dir='ltr'><strong>prtemio</strong></span> <span class='ocrx_word' id='word_1_366' title='bbox 3077 2054 3328 2121; x_wconf 87' lang='lat' dir='ltr'><strong>potiatur.</strong></span> <span class='ocrx_word' id='word_1_367' title='bbox 3375 2053 3491 2122; x_wconf 88' lang='lat' dir='ltr'><strong>Ipsa</strong></span> <span class='ocrx_word' id='word_1_368' title='bbox 3536 2066 3618 2111; x_wconf 88' lang='lat' dir='ltr'><strong>est</strong></span> <span class='ocrx_word' id='word_1_369' title='bbox 3643 2058 3786 2110; x_wconf 88' lang='lat' dir='ltr'><strong>enim</strong></span> 
     </span>
    </p>
   </div>
   <div class='ocr_carea' id='block_1_52' title="bbox 2188 2122 3789 2193">
    <p class='ocr_par' dir='ltr' id='par_1_52' title="bbox 2188 2122 3789 2193">
     <span class='ocr_line' id='line_1_52' title="bbox 2188 2122 3789 2193; baseline 0.003 -17"><span class='ocrx_word' id='word_1_370' title='bbox 2188 2122 2276 2176; x_wconf 89' lang='lat' dir='ltr'><strong>cui</strong></span> <span class='ocrx_word' id='word_1_371' title='bbox 2317 2131 2405 2175; x_wconf 89' lang='lat' dir='ltr'><strong>aut</strong></span> <span class='ocrx_word' id='word_1_372' title='bbox 2442 2122 2878 2193; x_wconf 75' lang='lat' dir='ltr'><strong>proinlidelitate</strong></span> <span class='ocrx_word' id='word_1_373' title='bbox 2926 2122 3181 2193; x_wconf 84' lang='lat' dir='ltr'><strong>infligitur</strong></span> <span class='ocrx_word' id='word_1_374' title='bbox 3234 2134 3433 2179; x_wconf 66' lang='lat' dir='ltr'><strong>interna</strong></span> <span class='ocrx_word' id='word_1_375' title='bbox 3468 2140 3647 2193; x_wconf 65' lang='lat' dir='ltr'><strong>paena,</strong></span> <span class='ocrx_word' id='word_1_376' title='bbox 3696 2136 3789 2181; x_wconf 85' lang='lat' dir='ltr'><strong>aut</strong></span> 
     </span>
    </p>
   </div>
   <div class='ocr_carea' id='block_1_53' title="bbox 2190 2138 3519 2263">
    <p class='ocr_par' dir='ltr' id='par_1_53' title="bbox 2190 2138 3519 2263">
     <span class='ocr_line' id='line_1_53' title="bbox 2190 2138 3519 2245; baseline 0.002 -69"><span class='ocrx_word' id='word_1_377' title='bbox 2190 2138 2276 2176; x_wconf 70' lang='grc' dir='ltr'><strong>θυι</strong></span> <span class='ocrx_word' id='word_1_378' title='bbox 2317 2138 2405 2175; x_wconf 78' lang='lat' dir='ltr'><strong>alll</strong></span> <span class='ocrx_word' id='word_1_379' title='bbox 2442 2138 2539 2245; x_wconf 59' lang='lat' dir='ltr'><strong>Ero</strong></span> <span class='ocrx_word' id='word_1_380' title='bbox 2566 2138 2878 2177; x_wconf 86' lang='lat' dir='ltr'><strong>tunaemate</strong></span> <span class='ocrx_word' id='word_1_381' title='bbox 2926 2138 3181 2193; x_wconf 71' lang='grc' dir='ltr'>ιιιιιιειιιη</span> <span class='ocrx_word' id='word_1_382' title='bbox 3234 2138 3433 2179; x_wconf 65' lang='lat' dir='ltr'><strong>aaterna</strong></span> <span class='ocrx_word' id='word_1_383' title='bbox 3468 2140 3519 2193; x_wconf 84' lang='lat' dir='ltr'><strong>pt</strong></span> 
     </span>
     <span class='ocr_line' id='line_1_54' title="bbox 2190 2191 3519 2263; baseline 0.002 -16"><span class='ocrx_word' id='word_1_384' title='bbox 2190 2201 2414 2247; x_wconf 63' lang='lat' dir='ltr'><strong>servatae</strong></span> <span class='ocrx_word' id='word_1_385' title='bbox 2479 2191 2567 2247; x_wconf 91' lang='lat' dir='ltr'><strong>dei</strong></span> <span class='ocrx_word' id='word_1_386' title='bbox 2595 2208 2802 2248; x_wconf 86' lang='lat' dir='ltr'><strong>merces</strong></span> <span class='ocrx_word' id='word_1_387' title='bbox 2828 2194 2934 2248; x_wconf 85' lang='lat' dir='ltr'><strong>erit</strong></span> <span class='ocrx_word' id='word_1_388' title='bbox 2962 2195 3288 2263; x_wconf 83' lang='lat' dir='ltr'><strong>sempiterna</strong></span> <span class='ocrx_word' id='word_1_389' title='bbox 3320 2195 3519 2249; x_wconf 69' lang='lat' dir='ltr'><strong>laetitia.</strong></span> 
     </span>
    </p>
   </div>
   <div class='ocr_carea' id='block_1_54' title="bbox 1629 2364 2667 2545">
    <p class='ocr_par' dir='ltr' id='par_1_54' title="bbox 1629 2364 2667 2545">
     <span class='ocr_line' id='line_1_55' title="bbox 1629 2364 2667 2545; baseline 0.005 -5"><span class='ocrx_word' id='word_1_390' title='bbox 1629 2364 2667 2545; x_wconf 80' lang='lat' dir='ltr'><strong>ADMONITIO</strong></span> 
     </span>
    </p>
   </div>
   <div class='ocr_carea' id='block_1_55' title="bbox 1434 2598 2847 2665">
    <p class='ocr_par' dir='ltr' id='par_1_55' title="bbox 1434 2598 2847 2665">
     <span class='ocr_line' id='line_1_56' title="bbox 1434 2598 2847 2665; baseline 0 -2"><span class='ocrx_word' id='word_1_391' title='bbox 1434 2600 1517 2663; x_wconf 87' lang='lat' dir='ltr'><strong>IN</strong></span> <span class='ocrx_word' id='word_1_392' title='bbox 1558 2599 1863 2663; x_wconf 81' lang='lat' dir='ltr'><strong>LIBRUM</strong></span> <span class='ocrx_word' id='word_1_393' title='bbox 1903 2600 2011 2661; x_wconf 93' lang='lat' dir='ltr'><strong>DE</strong></span> <span class='ocrx_word' id='word_1_394' title='bbox 2052 2598 2363 2664; x_wconf 82' lang='lat' dir='ltr'><strong>SPIRITU</strong></span> <span class='ocrx_word' id='word_1_395' title='bbox 2414 2601 2521 2663; x_wconf 91' lang='lat' dir='ltr'><strong>ET</strong></span> <span class='ocrx_word' id='word_1_396' title='bbox 2564 2601 2847 2665; x_wconf 81' lang='lat' dir='ltr'><strong>ANIMA.</strong></span> 
     </span>
    </p>
   </div>
   <div class='ocr_carea' id='block_1_56' title="bbox 569 2721 3787 2801">
    <p class='ocr_par' dir='ltr' id='par_1_56' title="bbox 569 2721 3787 2801">
     <span class='ocr_line' id='line_1_57' title="bbox 569 2721 3787 2801; baseline 0.002 -18"><span class='ocrx_word' id='word_1_397' title='bbox 569 2727 715 2797; x_wconf 88' lang='lat' dir='ltr'><strong>Opus</strong></span> <span class='ocrx_word' id='word_1_398' title='bbox 734 2725 855 2791; x_wconf 90' lang='lat' dir='ltr'><strong>hoc,</strong></span> <span class='ocrx_word' id='word_1_399' title='bbox 886 2722 1333 2796; x_wconf 88' lang='lat' dir='ltr'><strong>quemadmodum</strong></span> <span class='ocrx_word' id='word_1_400' title='bbox 1360 2721 1613 2778; x_wconf 87' lang='lat' dir='ltr'><strong>Erasmus</strong></span> <span class='ocrx_word' id='word_1_401' title='bbox 1642 2721 1806 2793; x_wconf 89' lang='lat' dir='ltr'><strong>probe</strong></span> <span class='ocrx_word' id='word_1_402' title='bbox 1832 2722 2109 2791; x_wconf 90' lang='lat' dir='ltr'><strong>judicavit,</strong></span> <span class='ocrx_word' id='word_1_403' title='bbox 2138 2721 2371 2777; x_wconf 88' lang='lat' dir='ltr'><strong>hominis</strong></span> <span class='ocrx_word' id='word_1_404' title='bbox 2392 2732 2475 2779; x_wconf 89' lang='lat' dir='ltr'><strong>est</strong></span> <span class='ocrx_word' id='word_1_405' title='bbox 2504 2725 2663 2779; x_wconf 76' lang='lat' dir='ltr'><strong>varia:</strong></span> <span class='ocrx_word' id='word_1_406' title='bbox 2696 2726 2981 2797; x_wconf 62' lang='lat' dir='ltr'><strong>multaeque</strong></span> <span class='ocrx_word' id='word_1_407' title='bbox 3021 2728 3284 2797; x_wconf 90' lang='lat' dir='ltr'><strong>lectionis,</strong></span> <span class='ocrx_word' id='word_1_408' title='bbox 3329 2730 3382 2785; x_wconf 91' lang='lat' dir='ltr'><strong>in</strong></span> <span class='ocrx_word' id='word_1_409' title='bbox 3413 2745 3520 2801; x_wconf 92' lang='lat' dir='ltr'><strong>quo</strong></span> <span class='ocrx_word' id='word_1_410' title='bbox 3548 2746 3655 2787; x_wconf 91' lang='lat' dir='ltr'><strong>non</strong></span> <span class='ocrx_word' id='word_1_411' title='bbox 3686 2734 3787 2788; x_wconf 87' lang='lat' dir='ltr'><strong>ali-</strong></span> 
     </span>
    </p>
   </div>
   <div class='ocr_carea' id='block_1_57' title="bbox 500 2812 3789 2892">
    <p class='ocr_par' dir='ltr' id='par_1_57' title="bbox 500 2812 3789 2892">
     <span class='ocr_line' id='line_1_58' title="bbox 500 2812 3789 2892; baseline 0.002 -21"><span class='ocrx_word' id='word_1_412' title='bbox 500 2819 624 2892; x_wconf 84' lang='lat' dir='ltr'><strong>quid</strong></span> <span class='ocrx_word' id='word_1_413' title='bbox 679 2816 808 2873; x_wconf 87' lang='lat' dir='ltr'><strong>artis</strong></span> <span class='ocrx_word' id='word_1_414' title='bbox 845 2816 1026 2872; x_wconf 90' lang='lat' dir='ltr'><strong>videas</strong></span> <span class='ocrx_word' id='word_1_415' title='bbox 1068 2823 1161 2871; x_wconf 91' lang='lat' dir='ltr'><strong>aut</strong></span> <span class='ocrx_word' id='word_1_416' title='bbox 1205 2813 1426 2886; x_wconf 83' lang='lat' dir='ltr'><strong>ingenii,</strong></span> <span class='ocrx_word' id='word_1_417' title='bbox 1471 2813 1567 2870; x_wconf 91' lang='lat' dir='ltr'><strong>sed</strong></span> <span class='ocrx_word' id='word_1_418' title='bbox 1594 2814 1746 2884; x_wconf 90' lang='lat' dir='ltr'><strong>quasi</strong></span> <span class='ocrx_word' id='word_1_419' title='bbox 1792 2827 2010 2868; x_wconf 89' lang='lat' dir='ltr'><strong>arenam</strong></span> <span class='ocrx_word' id='word_1_420' title='bbox 2050 2812 2168 2868; x_wconf 90' lang='lat' dir='ltr'><strong>sine</strong></span> <span class='ocrx_word' id='word_1_421' title='bbox 2213 2814 2379 2876; x_wconf 87' lang='lat' dir='ltr'><strong>calce,</strong></span> <span class='ocrx_word' id='word_1_422' title='bbox 2409 2813 2550 2870; x_wconf 88' lang='lat' dir='ltr'><strong>dicta</strong></span> <span class='ocrx_word' id='word_1_423' title='bbox 2582 2824 2786 2871; x_wconf 92' lang='lat' dir='ltr'><strong>tantum</strong></span> <span class='ocrx_word' id='word_1_424' title='bbox 2821 2826 2875 2872; x_wconf 92' lang='lat' dir='ltr'><strong>et</strong></span> <span class='ocrx_word' id='word_1_425' title='bbox 2915 2819 3243 2876; x_wconf 88' lang='lat' dir='ltr'><strong>collectanea</strong></span> <span class='ocrx_word' id='word_1_426' title='bbox 3289 2836 3357 2876; x_wconf 79' lang='lat' dir='ltr'><strong>ex</strong></span> <span class='ocrx_word' id='word_1_427' title='bbox 3384 2821 3613 2878; x_wconf 83' lang='lat' dir='ltr'><strong>diversis</strong></span> <span class='ocrx_word' id='word_1_428' title='bbox 3654 2824 3789 2879; x_wconf 86' lang='lat' dir='ltr'><strong>locis</strong></span> 
     </span>
    </p>
   </div>
   <div class='ocr_carea' id='block_1_58' title="bbox 501 2902 3784 2981">
    <p class='ocr_par' dir='ltr' id='par_1_58' title="bbox 501 2902 3784 2981">
     <span class='ocr_line' id='line_1_59' title="bbox 501 2902 3784 2981; baseline 0.001 -17"><span class='ocrx_word' id='word_1_429' title='bbox 501 2909 768 2979; x_wconf 75' lang='lat' dir='ltr'><strong>exscripta</strong></span> <span class='ocrx_word' id='word_1_430' title='bbox 808 2922 913 2962; x_wconf 79' lang='lat' dir='ltr'><strong>:ex</strong></span> <span class='ocrx_word' id='word_1_431' title='bbox 959 2904 1257 2975; x_wconf 77' lang='lat' dir='ltr'><strong>Augustino</strong></span> <span class='ocrx_word' id='word_1_432' title='bbox 1299 2904 1521 2966; x_wconf 91' lang='lat' dir='ltr'><strong>scilicet,</strong></span> <span class='ocrx_word' id='word_1_433' title='bbox 1574 2919 1640 2958; x_wconf 80' lang='lat' dir='ltr'><strong>ex</strong></span> <span class='ocrx_word' id='word_1_434' title='bbox 1670 2902 1985 2968; x_wconf 87' lang='lat' dir='ltr'><strong>Gennadio,</strong></span> <span class='ocrx_word' id='word_1_435' title='bbox 2018 2902 2264 2970; x_wconf 86' lang='lat' dir='ltr'><strong>Boethio,</strong></span> <span class='ocrx_word' id='word_1_436' title='bbox 2305 2904 2647 2972; x_wconf 88' lang='lat' dir='ltr'><strong>Cassiodoro,</strong></span> <span class='ocrx_word' id='word_1_437' title='bbox 2692 2906 2896 2961; x_wconf 91' lang='lat' dir='ltr'><strong>Isidoro</strong></span> <span class='ocrx_word' id='word_1_438' title='bbox 2943 2908 3264 2978; x_wconf 77' lang='lat' dir='ltr'><strong>lliSpalensi,</strong></span> <span class='ocrx_word' id='word_1_439' title='bbox 3316 2911 3481 2977; x_wconf 87' lang='lat' dir='ltr'><strong>Beda,</strong></span> <span class='ocrx_word' id='word_1_440' title='bbox 3533 2913 3784 2981; x_wconf 89' lang='lat' dir='ltr'><strong>Alcuino,</strong></span> 
     </span>
    </p>
   </div>
   <div class='ocr_carea' id='block_1_59' title="bbox 503 2992 3787 3071">
    <p class='ocr_par' dir='ltr' id='par_1_59' title="bbox 503 2992 3787 3071">
     <span class='ocr_line' id='line_1_60' title="bbox 503 2992 3787 3071; baseline 0.003 -17"><span class='ocrx_word' id='word_1_441' title='bbox 503 3001 724 3071; x_wconf 87' lang='lat' dir='ltr'><strong>llngone</strong></span> <span class='ocrx_word' id='word_1_442' title='bbox 778 2998 1075 3064; x_wconf 70' lang='lat' dir='ltr'><strong>Victorino,</strong></span> <span class='ocrx_word' id='word_1_443' title='bbox 1127 2994 1401 3051; x_wconf 86' lang='lat' dir='ltr'><strong>Bernardo</strong></span> <span class='ocrx_word' id='word_1_444' title='bbox 1428 3036 1443 3061; x_wconf 93' lang='lat'><strong>,</strong></span> <span class='ocrx_word' id='word_1_445' title='bbox 1492 2992 1674 3048; x_wconf 85' lang='lat' dir='ltr'><strong>Isaaco</strong></span> <span class='ocrx_word' id='word_1_446' title='bbox 1700 2992 1949 3049; x_wconf 88' lang='lat' dir='ltr'><strong>Stellensi</strong></span> <span class='ocrx_word' id='word_1_447' title='bbox 2000 2993 2212 3059; x_wconf 89' lang='lat' dir='ltr'><strong>abbate,</strong></span> <span class='ocrx_word' id='word_1_448' title='bbox 2259 3003 2365 3049; x_wconf 89' lang='lat' dir='ltr'><strong>etc.</strong></span> <span class='ocrx_word' id='word_1_449' title='bbox 2419 2995 2652 3052; x_wconf 85' lang='lat' dir='ltr'><strong>Joannes</strong></span> <span class='ocrx_word' id='word_1_450' title='bbox 2694 2998 3020 3055; x_wconf 84' lang='lat' dir='ltr'><strong>Trithemius</strong></span> <span class='ocrx_word' id='word_1_451' title='bbox 3046 3002 3211 3057; x_wconf 87' lang='lat' dir='ltr'><strong>abbas</strong></span> <span class='ocrx_word' id='word_1_452' title='bbox 3255 3015 3501 3061; x_wconf 87' lang='lat' dir='ltr'><strong>recenset</strong></span> <span class='ocrx_word' id='word_1_453' title='bbox 3535 3007 3677 3063; x_wconf 91' lang='lat' dir='ltr'><strong>hunc</strong></span> <span class='ocrx_word' id='word_1_454' title='bbox 3722 3008 3787 3062; x_wconf 80' lang='lat' dir='ltr'><strong>li-</strong></span> 
     </span>
    </p>
   </div>
   <div class='ocr_carea' id='block_1_60' title="bbox 502 3082 3787 3158">
    <p class='ocr_par' dir='ltr' id='par_1_60' title="bbox 502 3082 3787 3158">
     <span class='ocr_line' id='line_1_61' title="bbox 502 3082 3787 3158; baseline 0.002 -14"><span class='ocrx_word' id='word_1_455' title='bbox 502 3091 652 3145; x_wconf 88' lang='lat' dir='ltr'><strong>brum</strong></span> <span class='ocrx_word' id='word_1_456' title='bbox 673 3090 727 3143; x_wconf 91' lang='lat' dir='ltr'><strong>in</strong></span> <span class='ocrx_word' id='word_1_457' title='bbox 757 3087 1005 3158; x_wconf 83' lang='lat' dir='ltr'><strong>catalogo</strong></span> <span class='ocrx_word' id='word_1_458' title='bbox 1038 3085 1465 3141; x_wconf 86' lang='lat' dir='ltr'><strong>lucubrationum</strong></span> <span class='ocrx_word' id='word_1_459' title='bbox 1490 3082 1724 3153; x_wconf 83' lang='lat' dir='ltr'><strong>llugonis</strong></span> <span class='ocrx_word' id='word_1_460' title='bbox 1746 3098 1776 3137; x_wconf 91' lang='lat' dir='ltr'><strong>a</strong></span> <span class='ocrx_word' id='word_1_461' title='bbox 1804 3091 1991 3138; x_wconf 89' lang='lat' dir='ltr'><strong>sancto</strong></span> <span class='ocrx_word' id='word_1_462' title='bbox 2017 3084 2248 3139; x_wconf 83' lang='lat' dir='ltr'><strong>Victore.</strong></span> <span class='ocrx_word' id='word_1_463' title='bbox 2271 3084 2381 3139; x_wconf 91' lang='lat' dir='ltr'><strong>Sub</strong></span> <span class='ocrx_word' id='word_1_464' title='bbox 2408 3085 2646 3153; x_wconf 85' lang='lat' dir='ltr'><strong>ejusdem</strong></span> <span class='ocrx_word' id='word_1_465' title='bbox 2687 3088 2903 3145; x_wconf 89' lang='lat' dir='ltr'><strong>nomine</strong></span> <span class='ocrx_word' id='word_1_466' title='bbox 2929 3091 3059 3145; x_wconf 88' lang='lat' dir='ltr'><strong>citat</strong></span> <span class='ocrx_word' id='word_1_467' title='bbox 3079 3090 3390 3149; x_wconf 84' lang='lat' dir='ltr'><strong>Vincentius</strong></span> <span class='ocrx_word' id='word_1_468' title='bbox 3424 3094 3787 3151; x_wconf 87' lang='lat' dir='ltr'><strong>Bellovaceu-</strong></span> 
     </span>
    </p>
   </div>
   <div class='ocr_carea' id='block_1_61' title="bbox 501 3173 3769 3255">
    <p class='ocr_par' dir='ltr' id='par_1_61' title="bbox 501 3173 3769 3255">
     <span class='ocr_line' id='line_1_62' title="bbox 501 3173 3769 3255; baseline -0.002 -18"><span class='ocrx_word' id='word_1_469' title='bbox 501 3183 578 3237; x_wconf 83' lang='lat' dir='ltr'><strong>sis</strong></span> <span class='ocrx_word' id='word_1_470' title='bbox 605 3182 661 3236; x_wconf 92' lang='lat' dir='ltr'><strong>in</strong></span> <span class='ocrx_word' id='word_1_471' title='bbox 689 3178 924 3250; x_wconf 80' lang='lat' dir='ltr'><strong>Speculo</strong></span> <span class='ocrx_word' id='word_1_472' title='bbox 951 3175 1216 3240; x_wconf 87' lang='lat' dir='ltr'><strong>Naturali,</strong></span> <span class='ocrx_word' id='word_1_473' title='bbox 1247 3175 1343 3229; x_wconf 90' lang='lat' dir='ltr'><strong>lib.</strong></span> <span class='ocrx_word' id='word_1_474' title='bbox 1372 3175 1445 3230; x_wconf 68' lang='lat'><strong>25</strong></span> <span class='ocrx_word' id='word_1_475' title='bbox 1472 3183 1525 3229; x_wconf 92' lang='lat' dir='ltr'><strong>ct</strong></span> <span class='ocrx_word' id='word_1_476' title='bbox 1545 3173 1616 3229; x_wconf 70' lang='grc'><strong>25</strong></span> <span class='ocrx_word' id='word_1_477' title='bbox 1640 3174 1859 3244; x_wconf 89' lang='lat' dir='ltr'><strong>passim,</strong></span> <span class='ocrx_word' id='word_1_478' title='bbox 1881 3189 1943 3229; x_wconf 89' lang='lat' dir='ltr'><strong>ac</strong></span> <span class='ocrx_word' id='word_1_479' title='bbox 1971 3174 2062 3229; x_wconf 90' lang='lat' dir='ltr'><strong>lib.</strong></span> <span class='ocrx_word' id='word_1_480' title='bbox 2093 3174 2183 3241; x_wconf 71' lang='grc'><strong>24,</strong></span> <span class='ocrx_word' id='word_1_481' title='bbox 2211 3190 2329 3245; x_wconf 85' lang='lat' dir='ltr'><strong>cap.</strong></span> <span class='ocrx_word' id='word_1_482' title='bbox 2357 3178 2409 3240; x_wconf 81' lang='grc'><strong>1,</strong></span> <span class='ocrx_word' id='word_1_483' title='bbox 2441 3176 2531 3231; x_wconf 89' lang='lat' dir='ltr'><strong>lib.</strong></span> <span class='ocrx_word' id='word_1_484' title='bbox 2558 3176 2650 3245; x_wconf 72' lang='lat'><strong>27,</strong></span> <span class='ocrx_word' id='word_1_485' title='bbox 2681 3194 2800 3249; x_wconf 85' lang='lat' dir='ltr'><strong>cap.</strong></span> <span class='ocrx_word' id='word_1_486' title='bbox 2835 3181 2923 3236; x_wconf 76' lang='lat'><strong>75.</strong></span> <span class='ocrx_word' id='word_1_487' title='bbox 2956 3181 3218 3238; x_wconf 69' lang='lat' dir='ltr'><strong>Prazterea</strong></span> <span class='ocrx_word' id='word_1_488' title='bbox 3242 3185 3296 3239; x_wconf 92' lang='lat' dir='ltr'><strong>in</strong></span> <span class='ocrx_word' id='word_1_489' title='bbox 3324 3182 3555 3255; x_wconf 89' lang='lat' dir='ltr'><strong>Speculo</strong></span> <span class='ocrx_word' id='word_1_490' title='bbox 3582 3188 3769 3242; x_wconf 88' lang='lat' dir='ltr'><strong>Histo-</strong></span> 
     </span>
    </p>
   </div>
   <div class='ocr_carea' id='block_1_62' title="bbox 500 3264 3781 3348">
    <p class='ocr_par' dir='ltr' id='par_1_62' title="bbox 500 3264 3781 3348">
     <span class='ocr_line' id='line_1_63' title="bbox 500 3264 3781 3348; baseline 0.002 -19"><span class='ocrx_word' id='word_1_491' title='bbox 500 3274 640 3338; x_wconf 84' lang='lat' dir='ltr'><strong>riali,</strong></span> <span class='ocrx_word' id='word_1_492' title='bbox 672 3272 766 3326; x_wconf 92' lang='lat' dir='ltr'><strong>lib.</strong></span> <span class='ocrx_word' id='word_1_493' title='bbox 800 3270 888 3337; x_wconf 75' lang='lat'><strong>18,</strong></span> <span class='ocrx_word' id='word_1_494' title='bbox 909 3284 1029 3340; x_wconf 87' lang='lat' dir='ltr'><strong>cap.</strong></span> <span class='ocrx_word' id='word_1_495' title='bbox 1057 3268 1148 3334; x_wconf 82' lang='grc'><strong>55,</strong></span> <span class='ocrx_word' id='word_1_496' title='bbox 1179 3265 1270 3321; x_wconf 91' lang='lat' dir='ltr'><strong>ubi</strong></span> <span class='ocrx_word' id='word_1_497' title='bbox 1299 3265 1614 3336; x_wconf 90' lang='lat' dir='ltr'><strong>opusculum</strong></span> <span class='ocrx_word' id='word_1_498' title='bbox 1648 3264 1787 3319; x_wconf 88' lang='lat' dir='ltr'><strong>istud</strong></span> <span class='ocrx_word' id='word_1_499' title='bbox 1823 3266 2003 3320; x_wconf 86' lang='lat' dir='ltr'><strong>stilum</strong></span> <span class='ocrx_word' id='word_1_500' title='bbox 2040 3265 2344 3337; x_wconf 80' lang='lat' dir='ltr'><strong>Augustini,</strong></span> <span class='ocrx_word' id='word_1_501' title='bbox 2399 3268 2483 3321; x_wconf 89' lang='lat' dir='ltr'><strong>cui</strong></span> <span class='ocrx_word' id='word_1_502' title='bbox 2522 3283 2551 3322; x_wconf 91' lang='lat' dir='ltr'><strong>a</strong></span> <span class='ocrx_word' id='word_1_503' title='bbox 2597 3271 2868 3326; x_wconf 90' lang='lat' dir='ltr'><strong>nonnullis</strong></span> <span class='ocrx_word' id='word_1_504' title='bbox 2916 3272 3266 3343; x_wconf 86' lang='lat' dir='ltr'><strong>tribuebatur,</strong></span> <span class='ocrx_word' id='word_1_505' title='bbox 3324 3276 3547 3333; x_wconf 90' lang='lat' dir='ltr'><strong>minime</strong></span> <span class='ocrx_word' id='word_1_506' title='bbox 3588 3291 3781 3348; x_wconf 86' lang='lat' dir='ltr'><strong>sapere</strong></span> 
     </span>
    </p>
   </div>
   <div class='ocr_carea' id='block_1_63' title="bbox 499 3355 3783 3437">
    <p class='ocr_par' dir='ltr' id='par_1_63' title="bbox 499 3355 3783 3437">
     <span class='ocr_line' id='line_1_64' title="bbox 499 3355 3783 3437; baseline -0.003 -18"><span class='ocrx_word' id='word_1_507' title='bbox 499 3362 831 3429; x_wconf 85' lang='lat' dir='ltr'><strong>observavit,</strong></span> <span class='ocrx_word' id='word_1_508' title='bbox 852 3360 1019 3415; x_wconf 87' lang='lat' dir='ltr'><strong>videri</strong></span> <span class='ocrx_word' id='word_1_509' title='bbox 1050 3359 1152 3414; x_wconf 89' lang='lat' dir='ltr'><strong>sibi</strong></span> <span class='ocrx_word' id='word_1_510' title='bbox 1174 3358 1250 3413; x_wconf 92' lang='lat' dir='ltr'><strong>ait</strong></span> <span class='ocrx_word' id='word_1_511' title='bbox 1276 3372 1340 3412; x_wconf 86' lang='lat' dir='ltr'><strong>ex</strong></span> <span class='ocrx_word' id='word_1_512' title='bbox 1368 3355 1606 3427; x_wconf 87' lang='lat' dir='ltr'><strong>ejusdem</strong></span> <span class='ocrx_word' id='word_1_513' title='bbox 1639 3355 1787 3411; x_wconf 89' lang='lat' dir='ltr'><strong>libris</strong></span> <span class='ocrx_word' id='word_1_514' title='bbox 1818 3364 2146 3425; x_wconf 79' lang='lat' dir='ltr'><strong>excerptum,</strong></span> <span class='ocrx_word' id='word_1_515' title='bbox 2192 3367 2431 3423; x_wconf 88' lang='lat' dir='ltr'><strong>auctore,</strong></span> <span class='ocrx_word' id='word_1_516' title='bbox 2466 3359 2539 3412; x_wconf 88' lang='lat' dir='ltr'><strong>uti</strong></span> <span class='ocrx_word' id='word_1_517' title='bbox 2573 3358 2858 3426; x_wconf 81' lang='lat' dir='ltr'><strong>ferebatur,</strong></span> <span class='ocrx_word' id='word_1_518' title='bbox 2906 3364 3165 3434; x_wconf 83' lang='lat' dir='ltr'><strong>magistro</strong></span> <span class='ocrx_word' id='word_1_519' title='bbox 3215 3365 3439 3437; x_wconf 81' lang='lat' dir='ltr'><strong>Hugone</strong></span> <span class='ocrx_word' id='word_1_520' title='bbox 3489 3367 3783 3422; x_wconf 69' lang='lat' dir='ltr'><strong>Victorino,</strong></span> 
     </span>
    </p>
   </div>
   <div class='ocr_carea' id='block_1_64' title="bbox 501 3444 3778 3527">
    <p class='ocr_par' dir='ltr' id='par_1_64' title="bbox 501 3444 3778 3527">
     <span class='ocr_line' id='line_1_65' title="bbox 501 3444 3778 3527; baseline 0.002 -20"><span class='ocrx_word' id='word_1_521' title='bbox 501 3454 644 3508; x_wconf 91' lang='lat' dir='ltr'><strong>Inter</strong></span> <span class='ocrx_word' id='word_1_522' title='bbox 688 3449 943 3521; x_wconf 87' lang='lat' dir='ltr'><strong>Opuscnla</strong></span> <span class='ocrx_word' id='word_1_523' title='bbox 983 3449 1199 3509; x_wconf 80' lang='lat' dir='ltr'><strong>demum</strong></span> <span class='ocrx_word' id='word_1_524' title='bbox 1228 3446 1689 3518; x_wconf 83' lang='lat' dir='ltr'><strong>llugonisvulgata</strong></span> <span class='ocrx_word' id='word_1_525' title='bbox 1711 3444 2014 3511; x_wconf 77' lang='lat' dir='ltr'><strong>exhibetur,</strong></span> <span class='ocrx_word' id='word_1_526' title='bbox 2059 3455 2246 3517; x_wconf 81' lang='lat' dir='ltr'><strong>estque</strong></span> <span class='ocrx_word' id='word_1_527' title='bbox 2296 3448 2364 3501; x_wconf 86' lang='lat' dir='ltr'><strong>ibi</strong></span> <span class='ocrx_word' id='word_1_528' title='bbox 2407 3449 2543 3504; x_wconf 86' lang='lat' dir='ltr'><strong>liber</strong></span> <span class='ocrx_word' id='word_1_529' title='bbox 2573 3448 2641 3505; x_wconf 88' lang='lat' dir='ltr'><strong>de</strong></span> <span class='ocrx_word' id='word_1_530' title='bbox 2673 3451 2864 3506; x_wconf 82' lang='lat' dir='ltr'><strong>Anima</strong></span> <span class='ocrx_word' id='word_1_531' title='bbox 2912 3455 3201 3522; x_wconf 87' lang='lat' dir='ltr'><strong>secundus,</strong></span> <span class='ocrx_word' id='word_1_532' title='bbox 3248 3454 3421 3527; x_wconf 87' lang='lat' dir='ltr'><strong>ipsius</strong></span> <span class='ocrx_word' id='word_1_533' title='bbox 3452 3459 3673 3514; x_wconf 88' lang='lat' dir='ltr'><strong>nomine</strong></span> <span class='ocrx_word' id='word_1_534' title='bbox 3722 3459 3778 3514; x_wconf 84' lang='lat' dir='ltr'><strong>in</strong></span> 
     </span>
    </p>
   </div>
   <div class='ocr_carea' id='block_1_65' title="bbox 502 3537 3786 3615">
    <p class='ocr_par' dir='ltr' id='par_1_65' title="bbox 502 3537 3786 3615">
     <span class='ocr_line' id='line_1_66' title="bbox 502 3537 3786 3615; baseline 0.002 -16"><span class='ocrx_word' id='word_1_535' title='bbox 502 3544 782 3600; x_wconf 89' lang='lat' dir='ltr'><strong>Victorino</strong></span> <span class='ocrx_word' id='word_1_536' title='bbox 833 3540 933 3595; x_wconf 72' lang='lat' dir='ltr'><strong>bis.</strong></span> <span class='ocrx_word' id='word_1_537' title='bbox 966 3548 1315 3611; x_wconf 65' lang='lat' dir='ltr'><strong>praanotatus.</strong></span> <span class='ocrx_word' id='word_1_538' title='bbox 1360 3539 1608 3592; x_wconf 83' lang='lat' dir='ltr'><strong>Attamen</strong></span> <span class='ocrx_word' id='word_1_539' title='bbox 1638 3544 1886 3607; x_wconf 79' lang='lat' dir='ltr'><strong>excerpta</strong></span> <span class='ocrx_word' id='word_1_540' title='bbox 1933 3552 2053 3607; x_wconf 70' lang='lat' dir='ltr'><strong>qua:</strong></span> <span class='ocrx_word' id='word_1_541' title='bbox 2095 3537 2148 3591; x_wconf 92' lang='lat' dir='ltr'><strong>in</strong></span> <span class='ocrx_word' id='word_1_542' title='bbox 2194 3553 2259 3593; x_wconf 90' lang='lat' dir='ltr'><strong>eo</strong></span> <span class='ocrx_word' id='word_1_543' title='bbox 2304 3539 2528 3608; x_wconf 91' lang='lat' dir='ltr'><strong>plurima</strong></span> <span class='ocrx_word' id='word_1_544' title='bbox 2560 3556 2625 3595; x_wconf 80' lang='lat' dir='ltr'><strong>ex</strong></span> <span class='ocrx_word' id='word_1_545' title='bbox 2658 3541 2823 3612; x_wconf 90' lang='lat' dir='ltr'><strong>ipsius</strong></span> <span class='ocrx_word' id='word_1_546' title='bbox 2863 3544 3104 3615; x_wconf 75' lang='lat' dir='ltr'><strong>llngonis</strong></span> <span class='ocrx_word' id='word_1_547' title='bbox 3141 3548 3289 3603; x_wconf 87' lang='lat' dir='ltr'><strong>libris</strong></span> <span class='ocrx_word' id='word_1_548' title='bbox 3334 3559 3622 3604; x_wconf 85' lang='lat' dir='ltr'><strong>occurrunt</strong></span> <span class='ocrx_word' id='word_1_549' title='bbox 3667 3565 3786 3604; x_wconf 90' lang='lat' dir='ltr'><strong>cum</strong></span> 
     </span>
    </p>
   </div>
   <div class='ocr_carea' id='block_1_66' title="bbox 495 3627 3785 3709">
    <p class='ocr_par' dir='ltr' id='par_1_66' title="bbox 495 3627 3785 3709">
     <span class='ocr_line' id='line_1_67' title="bbox 495 3627 3785 3709; baseline 0.002 -20"><span class='ocrx_word' id='word_1_550' title='bbox 495 3634 692 3705; x_wconf 89' lang='lat' dir='ltr'><strong>insigni</strong></span> <span class='ocrx_word' id='word_1_551' title='bbox 731 3632 1118 3688; x_wconf 87' lang='lat' dir='ltr'><strong>sententiarum</strong></span> <span class='ocrx_word' id='word_1_552' title='bbox 1148 3627 1459 3694; x_wconf 84' lang='lat' dir='ltr'><strong>mutatione,</strong></span> <span class='ocrx_word' id='word_1_553' title='bbox 1507 3636 1781 3682; x_wconf 87' lang='lat' dir='ltr'><strong>auctorem</strong></span> <span class='ocrx_word' id='word_1_554' title='bbox 1810 3629 1993 3697; x_wconf 85' lang='lat' dir='ltr'><strong>cperis</strong></span> <span class='ocrx_word' id='word_1_555' title='bbox 2033 3642 2275 3697; x_wconf 77' lang='lat' dir='ltr'><strong>quzerere</strong></span> <span class='ocrx_word' id='word_1_556' title='bbox 2303 3629 2466 3683; x_wconf 89' lang='lat' dir='ltr'><strong>alium</strong></span> <span class='ocrx_word' id='word_1_557' title='bbox 2506 3641 2720 3701; x_wconf 84' lang='lat' dir='ltr'><strong>cogunt.</strong></span> <span class='ocrx_word' id='word_1_558' title='bbox 2760 3633 2994 3690; x_wconf 87' lang='lat' dir='ltr'><strong>Thomas</strong></span> <span class='ocrx_word' id='word_1_559' title='bbox 3042 3637 3278 3707; x_wconf 84' lang='lat' dir='ltr'><strong>Aquinas</strong></span> <span class='ocrx_word' id='word_1_560' title='bbox 3316 3639 3368 3693; x_wconf 91' lang='lat' dir='ltr'><strong>in</strong></span> <span class='ocrx_word' id='word_1_561' title='bbox 3395 3649 3588 3709; x_wconf 71' lang='lat' dir='ltr'><strong>qumst.</strong></span> <span class='ocrx_word' id='word_1_562' title='bbox 3631 3642 3785 3695; x_wconf 82' lang='lat' dir='ltr'><strong>unica</strong></span> 
     </span>
    </p>
   </div>
   <div class='ocr_carea' id='block_1_67' title="bbox 496 3708 3782 3789">
    <p class='ocr_par' dir='ltr' id='par_1_67' title="bbox 496 3708 3782 3789">
     <span class='ocr_line' id='line_1_68' title="bbox 496 3708 3782 3789; baseline 0.003 -10"><span class='ocrx_word' id='word_1_563' title='bbox 496 3725 565 3780; x_wconf 89' lang='lat' dir='ltr'><strong>de</strong></span> <span class='ocrx_word' id='word_1_564' title='bbox 591 3708 803 3789; x_wconf 87' lang='lat' dir='ltr'><strong>Anima,</strong></span> <span class='ocrx_word' id='word_1_565' title='bbox 842 3732 946 3776; x_wconf 85' lang='lat' dir='ltr'><strong>art.</strong></span> <span class='ocrx_word' id='word_1_566' title='bbox 973 3721 1062 3787; x_wconf 76' lang='grc'><strong>12,</strong></span> <span class='ocrx_word' id='word_1_567' title='bbox 1091 3719 1158 3774; x_wconf 90' lang='lat' dir='ltr'><strong>ad</strong></span> <span class='ocrx_word' id='word_1_568' title='bbox 1187 3720 1237 3786; x_wconf 83' lang='lat' dir='ltr'><strong>l,</strong></span> <span class='ocrx_word' id='word_1_569' title='bbox 1269 3732 1537 3789; x_wconf 87' lang='lat' dir='ltr'><strong>anonymo</strong></span> <span class='ocrx_word' id='word_1_570' title='bbox 1562 3717 1771 3772; x_wconf 89' lang='lat' dir='ltr'><strong>cuidam</strong></span> <span class='ocrx_word' id='word_1_571' title='bbox 1821 3717 2195 3773; x_wconf 82' lang='lat' dir='ltr'><strong>Cisterciensis</strong></span> <span class='ocrx_word' id='word_1_572' title='bbox 2239 3720 2442 3775; x_wconf 85' lang='lat' dir='ltr'><strong>ordinis</strong></span> <span class='ocrx_word' id='word_1_573' title='bbox 2470 3722 2601 3776; x_wconf 85' lang='lat' dir='ltr'><strong>illud</strong></span> <span class='ocrx_word' id='word_1_574' title='bbox 2650 3723 2925 3781; x_wconf 90' lang='lat' dir='ltr'><strong>adscribit.</strong></span> <span class='ocrx_word' id='word_1_575' title='bbox 2974 3728 3129 3784; x_wconf 77' lang='lat' dir='ltr'><strong>llunc</strong></span> <span class='ocrx_word' id='word_1_576' title='bbox 3175 3745 3275 3785; x_wconf 88' lang='lat' dir='ltr'><strong>nos</strong></span> <span class='ocrx_word' id='word_1_577' title='bbox 3315 3708 3607 3787; x_wconf 63' lang='lat' dir='ltr'><strong>Al&#39;cherum</strong></span> <span class='ocrx_word' id='word_1_578' title='bbox 3661 3748 3782 3788; x_wconf 86' lang='lat' dir='ltr'><strong>esse</strong></span> 
     </span>
    </p>
   </div>
   <div class='ocr_carea' id='block_1_68' title="bbox 500 3806 3785 3893">
    <p class='ocr_par' dir='ltr' id='par_1_68' title="bbox 500 3806 3785 3893">
     <span class='ocr_line' id='line_1_69' title="bbox 500 3806 3785 3893; baseline 0.002 -23"><span class='ocrx_word' id='word_1_579' title='bbox 500 3815 853 3885; x_wconf 73' lang='lat' dir='ltr'><strong>suspicamur,</strong></span> <span class='ocrx_word' id='word_1_580' title='bbox 884 3812 972 3869; x_wconf 91' lang='lat' dir='ltr'><strong>cui</strong></span> <span class='ocrx_word' id='word_1_581' title='bbox 1002 3810 1255 3865; x_wconf 81' lang='lat' dir='ltr'><strong>familiari</strong></span> <span class='ocrx_word' id='word_1_582' title='bbox 1285 3826 1387 3863; x_wconf 89' lang='lat' dir='ltr'><strong>suo</strong></span> <span class='ocrx_word' id='word_1_583' title='bbox 1408 3807 1555 3863; x_wconf 81' lang='lat' dir='ltr'><strong>Isaac</strong></span> <span class='ocrx_word' id='word_1_584' title='bbox 1582 3808 1746 3862; x_wconf 88' lang='lat' dir='ltr'><strong>abbas</strong></span> <span class='ocrx_word' id='word_1_585' title='bbox 1767 3806 2049 3863; x_wconf 87' lang='lat' dir='ltr'><strong>Stellensis</strong></span> <span class='ocrx_word' id='word_1_586' title='bbox 2076 3823 2107 3863; x_wconf 90' lang='lat' dir='ltr'><strong>e</strong></span> <span class='ocrx_word' id='word_1_587' title='bbox 2134 3808 2473 3866; x_wconf 88' lang='lat' dir='ltr'><strong>Cisterciensi</strong></span> <span class='ocrx_word' id='word_1_588' title='bbox 2506 3813 2698 3867; x_wconf 89' lang='lat' dir='ltr'><strong>familia</strong></span> <span class='ocrx_word' id='word_1_589' title='bbox 2730 3816 3009 3884; x_wconf 90' lang='lat' dir='ltr'><strong>epistolam</strong></span> <span class='ocrx_word' id='word_1_590' title='bbox 3040 3818 3108 3874; x_wconf 88' lang='lat' dir='ltr'><strong>de</strong></span> <span class='ocrx_word' id='word_1_591' title='bbox 3134 3821 3318 3875; x_wconf 83' lang='lat' dir='ltr'><strong>Anima</strong></span> <span class='ocrx_word' id='word_1_592' title='bbox 3349 3822 3583 3893; x_wconf 88' lang='lat' dir='ltr'><strong>scripsit,</strong></span> <span class='ocrx_word' id='word_1_593' title='bbox 3627 3838 3785 3893; x_wconf 57' lang='lat' dir='ltr'><strong>roga.</strong></span> 
     </span>
    </p>
   </div>
   <div class='ocr_carea' id='block_1_69' title="bbox 503 3898 3787 3983">
    <p class='ocr_par' dir='ltr' id='par_1_69' title="bbox 503 3898 3787 3983">
     <span class='ocr_line' id='line_1_70' title="bbox 503 3898 3787 3983; baseline 0.001 -21"><span class='ocrx_word' id='word_1_594' title='bbox 503 3918 587 3962; x_wconf 90' lang='lat' dir='ltr'><strong>tus</strong></span> <span class='ocrx_word' id='word_1_595' title='bbox 609 3906 857 3961; x_wconf 88' lang='lat' dir='ltr'><strong>nimirum</strong></span> <span class='ocrx_word' id='word_1_596' title='bbox 885 3904 955 3959; x_wconf 90' lang='lat' dir='ltr'><strong>ab</strong></span> <span class='ocrx_word' id='word_1_597' title='bbox 982 3903 1235 3969; x_wconf 83' lang='lat' dir='ltr'><strong>Alchero,</strong></span> <span class='ocrx_word' id='word_1_598' title='bbox 1268 3900 1355 3971; x_wconf 91' lang='lat' dir='ltr'><strong>qui</strong></span> <span class='ocrx_word' id='word_1_599' title='bbox 1383 3900 1557 3970; x_wconf 87' lang='lat' dir='ltr'><strong>ipsum</strong></span> <span class='ocrx_word' id='word_1_600' title='bbox 1587 3900 1654 3953; x_wconf 92' lang='lat' dir='ltr'><strong>de</strong></span> <span class='ocrx_word' id='word_1_601' title='bbox 1673 3898 1775 3954; x_wconf 91' lang='lat' dir='ltr'><strong>hoc</strong></span> <span class='ocrx_word' id='word_1_602' title='bbox 1802 3907 2118 3969; x_wconf 81' lang='lat' dir='ltr'><strong>argumento</strong></span> <span class='ocrx_word' id='word_1_603' title='bbox 2147 3898 2505 3969; x_wconf 87' lang='lat' dir='ltr'><strong>disputantem</strong></span> <span class='ocrx_word' id='word_1_604' title='bbox 2530 3903 2581 3956; x_wconf 93' lang='lat' dir='ltr'><strong>in</strong></span> <span class='ocrx_word' id='word_1_605' title='bbox 2614 3904 2898 3962; x_wconf 90' lang='lat' dir='ltr'><strong>collatione</strong></span> <span class='ocrx_word' id='word_1_606' title='bbox 2934 3908 3197 3975; x_wconf 87' lang='lat' dir='ltr'><strong>audierat,</strong></span> <span class='ocrx_word' id='word_1_607' title='bbox 3245 3919 3303 3966; x_wconf 93' lang='lat' dir='ltr'><strong>ut</strong></span> <span class='ocrx_word' id='word_1_608' title='bbox 3350 3926 3409 3967; x_wconf 91' lang='lat' dir='ltr'><strong>se</strong></span> <span class='ocrx_word' id='word_1_609' title='bbox 3443 3913 3643 3983; x_wconf 87' lang='lat' dir='ltr'><strong>aliquid</strong></span> <span class='ocrx_word' id='word_1_610' title='bbox 3674 3928 3787 3966; x_wconf 88' lang='lat' dir='ltr'><strong>am-</strong></span> 
     </span>
    </p>
   </div>
   <div class='ocr_carea' id='block_1_70' title="bbox 507 3988 3781 4074">
    <p class='ocr_par' dir='ltr' id='par_1_70' title="bbox 507 3988 3781 4074">
     <span class='ocr_line' id='line_1_71' title="bbox 507 3988 3781 4074; baseline 0.002 -30"><span class='ocrx_word' id='word_1_611' title='bbox 507 3997 645 4068; x_wconf 77' lang='lat' dir='ltr'><strong>plius</strong></span> <span class='ocrx_word' id='word_1_612' title='bbox 670 3996 737 4052; x_wconf 89' lang='lat' dir='ltr'><strong>de</strong></span> <span class='ocrx_word' id='word_1_613' title='bbox 766 3994 960 4050; x_wconf 75' lang='lat' dir='ltr'><strong>animm</strong></span> <span class='ocrx_word' id='word_1_614' title='bbox 989 3992 1246 4057; x_wconf 77' lang='lat' dir='ltr'><strong>essentia,</strong></span> <span class='ocrx_word' id='word_1_615' title='bbox 1279 3999 1334 4045; x_wconf 91' lang='lat' dir='ltr'><strong>et</strong></span> <span class='ocrx_word' id='word_1_616' title='bbox 1358 3988 1558 4044; x_wconf 85' lang='lat' dir='ltr'><strong>viribus</strong></span> <span class='ocrx_word' id='word_1_617' title='bbox 1584 3988 1854 4044; x_wconf 86' lang='lat' dir='ltr'><strong>edoceret.</strong></span> <span class='ocrx_word' id='word_1_618' title='bbox 1903 3990 2189 4043; x_wconf 80' lang='lat' dir='ltr'><strong>Enimvero</strong></span> <span class='ocrx_word' id='word_1_619' title='bbox 2219 3989 2270 4043; x_wconf 90' lang='lat' dir='ltr'><strong>in</strong></span> <span class='ocrx_word' id='word_1_620' title='bbox 2300 3991 2635 4049; x_wconf 77' lang='lat' dir='ltr'><strong>bibliotheca:</strong></span> <span class='ocrx_word' id='word_1_621' title='bbox 2663 3995 3035 4054; x_wconf 87' lang='lat' dir='ltr'><strong>Cisterciensis</strong></span> <span class='ocrx_word' id='word_1_622' title='bbox 3065 4012 3207 4056; x_wconf 92' lang='lat' dir='ltr'><strong>tomo</strong></span> <span class='ocrx_word' id='word_1_623' title='bbox 3235 4002 3289 4070; x_wconf 91' lang='lat'><strong>6,</strong></span> <span class='ocrx_word' id='word_1_624' title='bbox 3323 4013 3444 4073; x_wconf 86' lang='lat' dir='ltr'><strong>post</strong></span> <span class='ocrx_word' id='word_1_625' title='bbox 3472 4006 3781 4074; x_wconf 66' lang='lat' dir='ltr'><strong>prmdicmm</strong></span> 
     </span>
    </p>
   </div>
   <div class='ocr_carea' id='block_1_71' title="bbox 495 4080 3785 4166">
    <p class='ocr_par' dir='ltr' id='par_1_71' title="bbox 495 4080 3785 4166">
     <span class='ocr_line' id='line_1_72' title="bbox 495 4080 3785 4166; baseline 0.002 -21"><span class='ocrx_word' id='word_1_626' title='bbox 495 4088 777 4160; x_wconf 89' lang='lat' dir='ltr'><strong>epistolam</strong></span> <span class='ocrx_word' id='word_1_627' title='bbox 811 4086 1053 4157; x_wconf 80' lang='lat' dir='ltr'><strong>proxime</strong></span> <span class='ocrx_word' id='word_1_628' title='bbox 1081 4082 1426 4152; x_wconf 79' lang='lat' dir='ltr'><strong>subjungitur</strong></span> <span class='ocrx_word' id='word_1_629' title='bbox 1457 4081 1593 4136; x_wconf 89' lang='lat' dir='ltr'><strong>liber</strong></span> <span class='ocrx_word' id='word_1_630' title='bbox 1615 4081 1717 4135; x_wconf 88' lang='lat' dir='ltr'><strong>iste</strong></span> <span class='ocrx_word' id='word_1_631' title='bbox 1743 4080 1811 4135; x_wconf 88' lang='lat' dir='ltr'><strong>de</strong></span> <span class='ocrx_word' id='word_1_632' title='bbox 1837 4081 2035 4150; x_wconf 88' lang='lat' dir='ltr'><strong>Spiritu</strong></span> <span class='ocrx_word' id='word_1_633' title='bbox 2067 4090 2123 4135; x_wconf 90' lang='lat' dir='ltr'><strong>et</strong></span> <span class='ocrx_word' id='word_1_634' title='bbox 2157 4082 2347 4136; x_wconf 87' lang='lat' dir='ltr'><strong>Anima</strong></span> <span class='ocrx_word' id='word_1_635' title='bbox 2378 4098 2498 4137; x_wconf 92' lang='lat' dir='ltr'><strong>cum</strong></span> <span class='ocrx_word' id='word_1_636' title='bbox 2530 4084 2629 4140; x_wconf 90' lang='lat' dir='ltr'><strong>hac</strong></span> <span class='ocrx_word' id='word_1_637' title='bbox 2670 4086 3018 4158; x_wconf 86' lang='lat' dir='ltr'><strong>inscriptione</strong></span> <span class='ocrx_word' id='word_1_638' title='bbox 3056 4107 3285 4149; x_wconf 78' lang='lat' dir='ltr'><strong>excusus</strong></span> <span class='ocrx_word' id='word_1_639' title='bbox 3319 4112 3331 4148; x_wconf 88' lang='lat'><strong>:</strong></span> <span class='ocrx_word' id='word_1_640' title='bbox 3365 4113 3386 4146; x_wconf 76' lang='grc' dir='ltr'><strong>ι</strong></span> <span class='ocrx_word' id='word_1_641' title='bbox 3428 4096 3677 4166; x_wconf 88' lang='lat' dir='ltr'><strong>Ejusdem</strong></span> <span class='ocrx_word' id='word_1_642' title='bbox 3725 4098 3785 4151; x_wconf 81' lang='grc' dir='ltr'><strong>Β.</strong></span> 
     </span>
    </p>
   </div>
   <div class='ocr_carea' id='block_1_72' title="bbox 499 4172 3782 4257">
    <p class='ocr_par' dir='ltr' id='par_1_72' title="bbox 499 4172 3782 4257">
     <span class='ocr_line' id='line_1_73' title="bbox 499 4172 3782 4257; baseline 0.001 -21"><span class='ocrx_word' id='word_1_643' title='bbox 499 4182 647 4236; x_wconf 86' lang='lat' dir='ltr'><strong>Isaac</strong></span> <span class='ocrx_word' id='word_1_644' title='bbox 665 4180 875 4236; x_wconf 88' lang='lat' dir='ltr'><strong>abbatis</strong></span> <span class='ocrx_word' id='word_1_645' title='bbox 906 4177 975 4234; x_wconf 87' lang='lat' dir='ltr'><strong>de</strong></span> <span class='ocrx_word' id='word_1_646' title='bbox 999 4175 1186 4240; x_wconf 88' lang='lat' dir='ltr'><strong>Stella,</strong></span> <span class='ocrx_word' id='word_1_647' title='bbox 1218 4190 1313 4229; x_wconf 89' lang='lat' dir='ltr'><strong>seu</strong></span> <span class='ocrx_word' id='word_1_648' title='bbox 1336 4182 1394 4227; x_wconf 90' lang='lat' dir='ltr'><strong>ut</strong></span> <span class='ocrx_word' id='word_1_649' title='bbox 1425 4173 1523 4243; x_wconf 89' lang='lat' dir='ltr'><strong>ipsi</strong></span> <span class='ocrx_word' id='word_1_650' title='bbox 1566 4172 1863 4226; x_wconf 86' lang='lat' dir='ltr'><strong>inscribere</strong></span> <span class='ocrx_word' id='word_1_651' title='bbox 1893 4172 2115 4241; x_wconf 85' lang='lat' dir='ltr'><strong>placuit,</strong></span> <span class='ocrx_word' id='word_1_652' title='bbox 2153 4172 2366 4227; x_wconf 82' lang='lat' dir='ltr'><strong>Alcheri</strong></span> <span class='ocrx_word' id='word_1_653' title='bbox 2401 4173 2468 4229; x_wconf 90' lang='lat' dir='ltr'><strong>de</strong></span> <span class='ocrx_word' id='word_1_654' title='bbox 2491 4176 2683 4230; x_wconf 79' lang='lat' dir='ltr'><strong>Anima</strong></span> <span class='ocrx_word' id='word_1_655' title='bbox 2715 4177 2867 4233; x_wconf 91' lang='lat' dir='ltr'><strong>liber.</strong></span> <span class='ocrx_word' id='word_1_656' title='bbox 2894 4197 2914 4232; x_wconf 78' lang='grc' dir='ltr'><strong>ι</strong></span> <span class='ocrx_word' id='word_1_657' title='bbox 2971 4181 3138 4250; x_wconf 84' lang='lat' dir='ltr'><strong>Hujus</strong></span> <span class='ocrx_word' id='word_1_658' title='bbox 3177 4199 3371 4255; x_wconf 89' lang='lat' dir='ltr'><strong>nempe</strong></span> <span class='ocrx_word' id='word_1_659' title='bbox 3418 4186 3782 4257; x_wconf 88' lang='lat' dir='ltr'><strong>inscriptionis</strong></span> 
     </span>
    </p>
   </div>
   <div class='ocr_carea' id='block_1_73' title="bbox 500 4263 3781 4348">
    <p class='ocr_par' dir='ltr' id='par_1_73' title="bbox 500 4263 3781 4348">
     <span class='ocr_line' id='line_1_74' title="bbox 500 4263 3781 4348; baseline 0.002 -20"><span class='ocrx_word' id='word_1_660' title='bbox 500 4288 622 4345; x_wconf 87' lang='lat' dir='ltr'><strong>pars</strong></span> <span class='ocrx_word' id='word_1_661' title='bbox 651 4268 913 4343; x_wconf 82' lang='lat' dir='ltr'><strong>posterior</strong></span> <span class='ocrx_word' id='word_1_662' title='bbox 951 4283 1100 4332; x_wconf 89' lang='lat' dir='ltr'><strong>vera,</strong></span> <span class='ocrx_word' id='word_1_663' title='bbox 1131 4267 1277 4335; x_wconf 91' lang='lat' dir='ltr'><strong>prior</strong></span> <span class='ocrx_word' id='word_1_664' title='bbox 1301 4263 1433 4319; x_wconf 87' lang='lat' dir='ltr'><strong>falsa</strong></span> <span class='ocrx_word' id='word_1_665' title='bbox 1458 4264 1649 4318; x_wconf 86' lang='lat' dir='ltr'><strong>merito</strong></span> <span class='ocrx_word' id='word_1_666' title='bbox 1675 4263 1943 4317; x_wconf 88' lang='lat' dir='ltr'><strong>videbitur</strong></span> <span class='ocrx_word' id='word_1_667' title='bbox 1975 4281 1988 4316; x_wconf 91' lang='lat'>:</span> <span class='ocrx_word' id='word_1_668' title='bbox 2024 4264 2322 4331; x_wconf 65' lang='lat' dir='ltr'><strong>praesertim</strong></span> <span class='ocrx_word' id='word_1_669' title='bbox 2352 4265 2472 4334; x_wconf 90' lang='lat' dir='ltr'><strong>quia</strong></span> <span class='ocrx_word' id='word_1_670' title='bbox 2502 4265 2737 4335; x_wconf 79' lang='lat' dir='ltr'><strong>Epistula</strong></span> <span class='ocrx_word' id='word_1_671' title='bbox 2777 4269 2985 4327; x_wconf 88' lang='lat' dir='ltr'><strong>abbatis</strong></span> <span class='ocrx_word' id='word_1_672' title='bbox 3031 4273 3179 4328; x_wconf 91' lang='lat' dir='ltr'><strong>lsaae</strong></span> <span class='ocrx_word' id='word_1_673' title='bbox 3232 4277 3519 4340; x_wconf 80' lang='lat' dir='ltr'><strong>maximam</strong></span> <span class='ocrx_word' id='word_1_674' title='bbox 3574 4288 3781 4348; x_wconf 88' lang='lat' dir='ltr'><strong>partem</strong></span> 
     </span>
    </p>
   </div>
   <div class='ocr_carea' id='block_1_74' title="bbox 502 4353 3788 4437">
    <p class='ocr_par' dir='ltr' id='par_1_74' title="bbox 502 4353 3788 4437">
     <span class='ocr_line' id='line_1_75' title="bbox 502 4353 3788 4437; baseline 0.001 -13"><span class='ocrx_word' id='word_1_675' title='bbox 502 4367 640 4424; x_wconf 90' lang='lat' dir='ltr'><strong>libro</strong></span> <span class='ocrx_word' id='word_1_676' title='bbox 670 4365 796 4420; x_wconf 90' lang='lat' dir='ltr'><strong>huic</strong></span> <span class='ocrx_word' id='word_1_677' title='bbox 822 4378 850 4416; x_wconf 92' lang='lat' dir='ltr'><strong>a</strong></span> <span class='ocrx_word' id='word_1_678' title='bbox 871 4361 1158 4417; x_wconf 86' lang='lat' dir='ltr'><strong>collectore</strong></span> <span class='ocrx_word' id='word_1_679' title='bbox 1187 4360 1384 4412; x_wconf 86' lang='lat' dir='ltr'><strong>inserta</strong></span> <span class='ocrx_word' id='word_1_680' title='bbox 1411 4364 1513 4411; x_wconf 89' lang='lat' dir='ltr'><strong>est.</strong></span> <span class='ocrx_word' id='word_1_681' title='bbox 1543 4355 1803 4409; x_wconf 87' lang='lat' dir='ltr'><strong>Alcherus</strong></span> <span class='ocrx_word' id='word_1_682' title='bbox 1832 4369 1994 4424; x_wconf 89' lang='lat' dir='ltr'><strong>porro</strong></span> <span class='ocrx_word' id='word_1_683' title='bbox 2030 4353 2438 4411; x_wconf 87' lang='lat' dir='ltr'><strong>Clarevallensis</strong></span> <span class='ocrx_word' id='word_1_684' title='bbox 2466 4359 2760 4414; x_wconf 82' lang='lat' dir='ltr'><strong>monachus</strong></span> <span class='ocrx_word' id='word_1_685' title='bbox 2784 4362 2923 4432; x_wconf 85' lang='lat' dir='ltr'><strong>apud</strong></span> <span class='ocrx_word' id='word_1_686' title='bbox 2950 4364 3321 4433; x_wconf 89' lang='lat' dir='ltr'><strong>Possevinum,</strong></span> <span class='ocrx_word' id='word_1_687' title='bbox 3341 4370 3393 4422; x_wconf 91' lang='lat' dir='ltr'><strong>in</strong></span> <span class='ocrx_word' id='word_1_688' title='bbox 3422 4368 3592 4437; x_wconf 89' lang='lat' dir='ltr'><strong>Isaac,</strong></span> <span class='ocrx_word' id='word_1_689' title='bbox 3624 4373 3788 4428; x_wconf 89' lang='lat' dir='ltr'><strong>fuisse</strong></span> 
     </span>
    </p>
   </div>
   <div class='ocr_carea' id='block_1_75' title="bbox 500 4445 3788 4533">
    <p class='ocr_par' dir='ltr' id='par_1_75' title="bbox 500 4445 3788 4533">
     <span class='ocr_line' id='line_1_76' title="bbox 500 4445 3788 4533; baseline 0.003 -23"><span class='ocrx_word' id='word_1_690' title='bbox 500 4458 728 4525; x_wconf 74' lang='lat' dir='ltr'><strong>legitur;</strong></span> <span class='ocrx_word' id='word_1_691' title='bbox 759 4456 841 4508; x_wconf 91' lang='lat' dir='ltr'><strong>vir</strong></span> <span class='ocrx_word' id='word_1_692' title='bbox 867 4450 1106 4507; x_wconf 84' lang='lat' dir='ltr'><strong>discendi</strong></span> <span class='ocrx_word' id='word_1_693' title='bbox 1136 4448 1408 4503; x_wconf 89' lang='lat' dir='ltr'><strong>studiosus</strong></span> <span class='ocrx_word' id='word_1_694' title='bbox 1430 4455 1484 4501; x_wconf 91' lang='lat' dir='ltr'><strong>et</strong></span> <span class='ocrx_word' id='word_1_695' title='bbox 1528 4446 1580 4499; x_wconf 93' lang='lat' dir='ltr'><strong>in</strong></span> <span class='ocrx_word' id='word_1_696' title='bbox 1602 4445 1817 4516; x_wconf 85' lang='lat' dir='ltr'><strong>physica</strong></span> <span class='ocrx_word' id='word_1_697' title='bbox 1862 4446 2125 4509; x_wconf 86' lang='lat' dir='ltr'><strong>eminens,</strong></span> <span class='ocrx_word' id='word_1_698' title='bbox 2172 4455 2306 4501; x_wconf 87' lang='lat' dir='ltr'><strong>teste</strong></span> <span class='ocrx_word' id='word_1_699' title='bbox 2344 4448 2522 4503; x_wconf 87' lang='lat' dir='ltr'><strong>Isaaeo</strong></span> <span class='ocrx_word' id='word_1_700' title='bbox 2543 4450 2594 4504; x_wconf 92' lang='lat' dir='ltr'><strong>in</strong></span> <span class='ocrx_word' id='word_1_701' title='bbox 2624 4452 2875 4520; x_wconf 76' lang='lat' dir='ltr'><strong>prmdicta</strong></span> <span class='ocrx_word' id='word_1_702' title='bbox 2907 4455 2972 4509; x_wconf 90' lang='lat' dir='ltr'><strong>ad</strong></span> <span class='ocrx_word' id='word_1_703' title='bbox 3019 4457 3305 4513; x_wconf 85' lang='lat' dir='ltr'><strong>Alcherum</strong></span> <span class='ocrx_word' id='word_1_704' title='bbox 3355 4462 3599 4529; x_wconf 88' lang='lat' dir='ltr'><strong>epistola.</strong></span> <span class='ocrx_word' id='word_1_705' title='bbox 3639 4463 3788 4533; x_wconf 89' lang='lat' dir='ltr'><strong>Opus</strong></span> 
     </span>
    </p>
   </div>
   <div class='ocr_carea' id='block_1_76' title="bbox 499 4536 3783 4620">
    <p class='ocr_par' dir='ltr' id='par_1_76' title="bbox 499 4536 3783 4620">
     <span class='ocr_line' id='line_1_77' title="bbox 499 4536 3783 4620; baseline 0.002 -19"><span class='ocrx_word' id='word_1_706' title='bbox 499 4548 819 4601; x_wconf 84' lang='lat' dir='ltr'><strong>contulimus</strong></span> <span class='ocrx_word' id='word_1_707' title='bbox 841 4559 961 4599; x_wconf 89' lang='lat' dir='ltr'><strong>eum</strong></span> <span class='ocrx_word' id='word_1_708' title='bbox 993 4541 1116 4595; x_wconf 77' lang='lat' dir='ltr'><strong>Mss.</strong></span> <span class='ocrx_word' id='word_1_709' title='bbox 1147 4538 1402 4593; x_wconf 79' lang='lat' dir='ltr'><strong>Romanis</strong></span> <span class='ocrx_word' id='word_1_710' title='bbox 1432 4536 1767 4590; x_wconf 75' lang='lat' dir='ltr'><strong>bibliotheca:</strong></span> <span class='ocrx_word' id='word_1_711' title='bbox 1796 4536 2065 4591; x_wconf 66' lang='lat' dir='ltr'><strong>Vaticana:</strong></span> <span class='ocrx_word' id='word_1_712' title='bbox 2094 4547 2344 4606; x_wconf 88' lang='lat' dir='ltr'><strong>quatuor,</strong></span> <span class='ocrx_word' id='word_1_713' title='bbox 2375 4553 2497 4594; x_wconf 88' lang='lat' dir='ltr'><strong>cum</strong></span> <span class='ocrx_word' id='word_1_714' title='bbox 2526 4557 2631 4596; x_wconf 91' lang='lat' dir='ltr'><strong>uno</strong></span> <span class='ocrx_word' id='word_1_715' title='bbox 2658 4559 2723 4598; x_wconf 83' lang='lat' dir='ltr'><strong>ex</strong></span> <span class='ocrx_word' id='word_1_716' title='bbox 2760 4545 2970 4601; x_wconf 86' lang='lat' dir='ltr'><strong>abbatia</strong></span> <span class='ocrx_word' id='word_1_717' title='bbox 3009 4547 3065 4603; x_wconf 90' lang='lat' dir='ltr'><strong>S.</strong></span> <span class='ocrx_word' id='word_1_718' title='bbox 3093 4550 3331 4606; x_wconf 83' lang='lat' dir='ltr'><strong>Medardi</strong></span> <span class='ocrx_word' id='word_1_719' title='bbox 3379 4552 3783 4620; x_wconf 89' lang='lat' dir='ltr'><strong>Suessionensi,</strong></span> 
     </span>
    </p>
   </div>
   <div class='ocr_carea' id='block_1_77' title="bbox 505 4626 1524 4701">
    <p class='ocr_par' dir='ltr' id='par_1_77' title="bbox 505 4626 1524 4701">
     <span class='ocr_line' id='line_1_78' title="bbox 505 4626 1524 4701; baseline -0.015 -7"><span class='ocrx_word' id='word_1_720' title='bbox 505 4656 626 4694; x_wconf 86' lang='lat' dir='ltr'><strong>cum</strong></span> <span class='ocrx_word' id='word_1_721' title='bbox 661 4635 952 4701; x_wconf 82' lang='lat' dir='ltr'><strong>Victorino,</strong></span> <span class='ocrx_word' id='word_1_722' title='bbox 979 4630 1278 4689; x_wconf 89' lang='lat' dir='ltr'><strong>Sorbonico</strong></span> <span class='ocrx_word' id='word_1_723' title='bbox 1303 4638 1356 4682; x_wconf 90' lang='lat' dir='ltr'><strong>et</strong></span> <span class='ocrx_word' id='word_1_724' title='bbox 1385 4626 1524 4680; x_wconf 90' lang='lat' dir='ltr'><strong>aliis.</strong></span> 
     </span>
    </p>
   </div>
   <div class='ocr_carea' id='block_1_78' title="bbox 902 4851 3288 5037">
    <p class='ocr_par' dir='ltr' id='par_1_78' title="bbox 902 4851 3288 5037">
     <span class='ocr_line' id='line_1_79' title="bbox 902 4851 3288 5037; baseline 0.004 -38"><span class='ocrx_word' id='word_1_725' title='bbox 902 4854 1262 5037; x_wconf 90' lang='lat' dir='ltr'><strong>_DE</strong></span> <span class='ocrx_word' id='word_1_726' title='bbox 1379 4851 2168 4999; x_wconf 85' lang='lat' dir='ltr'><strong>SPIRITU</strong></span> <span class='ocrx_word' id='word_1_727' title='bbox 2289 4854 2535 4997; x_wconf 89' lang='lat' dir='ltr'><strong>ET</strong></span> <span class='ocrx_word' id='word_1_728' title='bbox 2663 4863 3288 5011; x_wconf 89' lang='lat' dir='ltr'><strong>ANlMA</strong></span> 
     </span>
    </p>
   </div>
   <div class='ocr_carea' id='block_1_79' title="bbox 1629 5076 2647 5191">
    <p class='ocr_par' dir='ltr' id='par_1_79' title="bbox 1629 5076 2647 5191">
     <span class='ocr_line' id='line_1_80' title="bbox 1629 5076 2647 5191; baseline 0.007 -6"><span class='ocrx_word' id='word_1_729' title='bbox 1629 5076 2114 5186; x_wconf 84' lang='lat' dir='ltr'><strong>LIBER</strong></span> <span class='ocrx_word' id='word_1_730' title='bbox 2205 5077 2647 5191; x_wconf 81' lang='lat' dir='ltr'><strong>UNU&#39;S.</strong></span> 
     </span>
    </p>
   </div>
   <div class='ocr_carea' id='block_1_80' title="bbox 515 4760 3782 4796">
    <p class='ocr_par' dir='ltr' id='par_1_80' title="bbox 515 4760 3782 4796">
     <span class='ocr_line' id='line_1_81' title="bbox 515 4760 3782 4796; baseline 0 -12"><span class='ocrx_word' id='word_1_731' title='bbox 515 4760 3782 4796; x_wconf 47' lang='grc' dir='ltr'>Μ</span> 
     </span>
    </p>
   </div>
   <div class='ocr_carea' id='block_1_81' title="bbox 1781 5277 2505 5320">
    <p class='ocr_par' dir='ltr' id='par_1_81' title="bbox 1781 5277 2505 5320">
     <span class='ocr_line' id='line_1_82' title="bbox 1781 5277 2505 5320; baseline 0.004 -3"><span class='ocrx_word' id='word_1_732' title='bbox 1781 5277 2505 5320; x_wconf 62' lang='lat' dir='ltr'><strong>dmum</strong></span> 
     </span>
    </p>
   </div>
   <div class='ocr_carea' id='block_1_82' title="bbox 574 5418 3783 5546">
    <p class='ocr_par' dir='ltr' id='par_1_82' title="bbox 574 5418 3783 5546">
     <span class='ocr_line' id='line_1_83' title="bbox 574 5418 3783 5546; baseline 0.007 -65"><span class='ocrx_word' id='word_1_733' title='bbox 574 5428 871 5481; x_wconf 69' lang='lat' dir='ltr'><strong>I&#39;ttm-‘A&#39;l&#39;lo.</strong></span> <span class='ocrx_word' id='word_1_734' title='bbox 912 5426 989 5498; x_wconf 81' lang='grc' dir='ltr'><strong>(α)</strong></span> <span class='ocrx_word' id='word_1_735' title='bbox 1026 5426 1286 5506; x_wconf 75' lang='lat' dir='ltr'><strong>Quoniam</strong></span> <span class='ocrx_word' id='word_1_736' title='bbox 1313 5424 1512 5478; x_wconf 86' lang='lat' dir='ltr'><strong>dictum</strong></span> <span class='ocrx_word' id='word_1_737' title='bbox 1537 5431 1620 5479; x_wconf 88' lang='lat' dir='ltr'><strong>est</strong></span> <span class='ocrx_word' id='word_1_738' title='bbox 1646 5420 1777 5478; x_wconf 87' lang='lat' dir='ltr'><strong>mihi</strong></span> <span class='ocrx_word' id='word_1_739' title='bbox 1802 5429 1862 5479; x_wconf 85' lang='lat' dir='ltr'><strong>ut</strong></span> <span class='ocrx_word' id='word_1_740' title='bbox 1887 5434 1975 5477; x_wconf 84' lang='lat' dir='ltr'><strong>me</strong></span> <span class='ocrx_word' id='word_1_741' title='bbox 2000 5418 2088 5489; x_wconf 82' lang='lat' dir='ltr'><strong>ip—</strong></span> <span class='ocrx_word' id='word_1_742' title='bbox 2195 5434 2303 5546; x_wconf 58' lang='lat'><strong>320</strong></span> <span class='ocrx_word' id='word_1_743' title='bbox 2328 5427 2581 5479; x_wconf 86' lang='lat' dir='ltr'><strong>naturalia</strong></span> <span class='ocrx_word' id='word_1_744' title='bbox 2606 5437 2712 5483; x_wconf 85' lang='lat' dir='ltr'><strong>tam</strong></span> <span class='ocrx_word' id='word_1_745' title='bbox 2738 5433 2917 5488; x_wconf 88' lang='lat' dir='ltr'><strong>subtili</strong></span> <span class='ocrx_word' id='word_1_746' title='bbox 2943 5435 3279 5507; x_wconf 81' lang='lat' dir='ltr'><strong>indagatione</strong></span> <span class='ocrx_word' id='word_1_747' title='bbox 3305 5441 3705 5513; x_wconf 77' lang='lat' dir='ltr'><strong>investigamus,</strong></span> <span class='ocrx_word' id='word_1_748' title='bbox 3730 5456 3783 5501; x_wconf 90' lang='lat' dir='ltr'><strong>et</strong></span> 
     </span>
     <span class='ocr_line' id='line_1_84' title="bbox 576 5496 3783 5546; baseline 0 0"><span class='ocrx_word' id='word_1_749' title='bbox 576 5514 624 5546; x_wconf 84' lang='grc' dir='ltr'><strong>ιιι</strong></span> <span class='ocrx_word' id='word_1_750' title='bbox 652 5511 986 5546; x_wconf 72' lang='lat' dir='ltr'><strong>cognoscam.</strong></span> <span class='ocrx_word' id='word_1_751' title='bbox 1016 5504 1282 5546; x_wconf 82' lang='lat' dir='ltr'><strong>sustinere</strong></span> <span class='ocrx_word' id='word_1_752' title='bbox 1307 5508 1411 5546; x_wconf 92' lang='lat' dir='ltr'><strong>non</strong></span> <span class='ocrx_word' id='word_1_753' title='bbox 1436 5507 1651 5546; x_wconf 87' lang='lat' dir='ltr'><strong>nossum</strong></span> <span class='ocrx_word' id='word_1_754' title='bbox 1676 5503 1733 5545; x_wconf 91' lang='lat' dir='ltr'><strong>ut</strong></span> <span class='ocrx_word' id='word_1_755' title='bbox 1754 5507 1842 5546; x_wconf 88' lang='lat' dir='ltr'><strong>me</strong></span> <span class='ocrx_word' id='word_1_756' title='bbox 1867 5496 2089 5545; x_wconf 87' lang='lat' dir='ltr'><strong>habeam</strong></span> <span class='ocrx_word' id='word_1_757' title='bbox 2307 5496 2422 5546; x_wconf 75' lang='lat' dir='ltr'><strong>imo</strong></span> <span class='ocrx_word' id='word_1_758' title='bbox 2464 5514 2671 5546; x_wconf 77' lang='lat' dir='ltr'><strong>mimum</strong></span> <span class='ocrx_word' id='word_1_759' title='bbox 2711 5502 2969 5546; x_wconf 71' lang='grc' dir='ltr'><strong>(ἶνρειιηιιρ</strong></span> <span class='ocrx_word' id='word_1_760' title='bbox 3006 5518 3193 5546; x_wconf 72' lang='grc' dir='ltr'>ηηρηιη</span> <span class='ocrx_word' id='word_1_761' title='bbox 3227 5520 3333 5546; x_wconf 73' lang='grc' dir='ltr'><strong>..πη</strong></span> <span class='ocrx_word' id='word_1_762' title='bbox 3365 5514 3610 5546; x_wconf 66' lang='grc' dir='ltr'><strong>οηιιιςνηι..</strong></span> <span class='ocrx_word' id='word_1_763' title='bbox 3643 5519 3783 5546; x_wconf 57' lang='grc' dir='ltr'><strong>..-ε-η</strong></span> 
     </span>
    </p>
   </div>
   <div class='ocr_carea' id='block_1_83' title="bbox 508 5495 3784 5572">
    <p class='ocr_par' dir='ltr' id='par_1_83' title="bbox 508 5495 3784 5572">
     <span class='ocr_line' id='line_1_85' title="bbox 508 5495 3784 5572; baseline -0.005 -23"><span class='ocrx_word' id='word_1_764' title='bbox 508 5512 624 5572; x_wconf 72' lang='lat' dir='ltr'><strong>sum</strong></span> <span class='ocrx_word' id='word_1_765' title='bbox 652 5495 986 5572; x_wconf 72' lang='lat' dir='ltr'><strong>cognoscam,</strong></span> <span class='ocrx_word' id='word_1_766' title='bbox 1016 5495 1282 5549; x_wconf 90' lang='lat' dir='ltr'><strong>sustinere</strong></span> <span class='ocrx_word' id='word_1_767' title='bbox 1307 5508 1411 5547; x_wconf 92' lang='lat' dir='ltr'><strong>non</strong></span> <span class='ocrx_word' id='word_1_768' title='bbox 1436 5503 1733 5572; x_wconf 71' lang='lat' dir='ltr'><strong>possumut</strong></span> <span class='ocrx_word' id='word_1_769' title='bbox 1754 5507 1842 5572; x_wconf 77' lang='lat' dir='ltr'><strong>me</strong></span> <span class='ocrx_word' id='word_1_770' title='bbox 1867 5496 2089 5572; x_wconf 81' lang='lat' dir='ltr'><strong>habeam</strong></span> <span class='ocrx_word' id='word_1_771' title='bbox 2196 5495 2267 5572; x_wconf 77' lang='lat' dir='ltr'><strong>de</strong></span> <span class='ocrx_word' id='word_1_772' title='bbox 2305 5496 2422 5572; x_wconf 65' lang='lat' dir='ltr'><strong>ipso</strong></span> <span class='ocrx_word' id='word_1_773' title='bbox 2464 5514 2671 5572; x_wconf 52' lang='grc' dir='ltr'>ριιοηης</span> <span class='ocrx_word' id='word_1_774' title='bbox 2711 5502 2969 5559; x_wconf 62' lang='grc' dir='ltr'><strong>ενθειοτο</strong></span> <span class='ocrx_word' id='word_1_775' title='bbox 3006 5495 3193 5562; x_wconf 55' lang='lat' dir='ltr'><strong>&quot;of,er</strong></span> <span class='ocrx_word' id='word_1_776' title='bbox 3227 5520 3333 5565; x_wconf 54' lang='lat' dir='ltr'><strong>tam</strong></span> <span class='ocrx_word' id='word_1_777' title='bbox 3364 5495 3784 5572; x_wconf 42' lang='grc' dir='ltr'><strong>ᾠδῆς,ςῇσὲἱῆ</strong></span> 
     </span>
    </p>
   </div>
   <div class='ocr_carea' id='block_1_84' title="bbox 507 5563 3779 5655">
    <p class='ocr_par' dir='ltr' id='par_1_84' title="bbox 507 5563 3779 5655">
     <span class='ocr_line' id='line_1_86' title="bbox 507 5563 3779 5655; baseline 0.007 -35"><span class='ocrx_word' id='word_1_778' title='bbox 507 5565 1083 5655; x_wconf 34' lang='grc' dir='ltr'><strong>ἱιιςοβςιὶιιυΡιἈΜηεηει</strong></span> <span class='ocrx_word' id='word_1_779' title='bbox 1113 5576 1372 5655; x_wconf 39' lang='lat' dir='ltr'><strong>Ausim-que.</strong></span> <span class='ocrx_word' id='word_1_780' title='bbox 1403 5572 1489 5617; x_wconf 89' lang='lat' dir='ltr'><strong>est</strong></span> <span class='ocrx_word' id='word_1_781' title='bbox 1526 5563 1845 5655; x_wconf 67' lang='lat' dir='ltr'><strong>negligentia</strong></span> <span class='ocrx_word' id='word_1_782' title='bbox 1889 5567 2099 5655; x_wconf 70' lang='lat' dir='ltr'><strong>nescire</strong></span> <span class='ocrx_word' id='word_1_783' title='bbox 2205 5563 2599 5655; x_wconf 51' lang='lat' dir='ltr'><strong>desideramus:</strong></span> <span class='ocrx_word' id='word_1_784' title='bbox 2624 5569 2738 5625; x_wconf 89' lang='lat' dir='ltr'><strong>Non</strong></span> <span class='ocrx_word' id='word_1_785' title='bbox 2766 5583 2848 5626; x_wconf 89' lang='lat' dir='ltr'><strong>est</strong></span> <span class='ocrx_word' id='word_1_786' title='bbox 2876 5590 2962 5629; x_wconf 92' lang='lat' dir='ltr'><strong>res</strong></span> <span class='ocrx_word' id='word_1_787' title='bbox 2989 5563 3292 5647; x_wconf 83' lang='lat' dir='ltr'><strong>peregrina,</strong></span> <span class='ocrx_word' id='word_1_788' title='bbox 3316 5563 3610 5653; x_wconf 64' lang='lat' dir='ltr'><strong>hééiiiiilg&#39;é</strong></span> 
     </span>
    </p>
   </div>
   <div class='ocr_carea' id='block_1_85' title="bbox 514 5632 3779 5725">
    <p class='ocr_par' dir='ltr' id='par_1_85' title="bbox 514 5632 3779 5725">
     <span class='ocr_line' id='line_1_87' title="bbox 514 5632 3779 5725; baseline 0.007 -36"><span class='ocrx_word' id='word_1_789' title='bbox 514 5632 653 5705; x_wconf 69' lang='lat' dir='ltr'><strong>quiti</strong></span> <span class='ocrx_word' id='word_1_790' title='bbox 672 5632 802 5687; x_wconf 92' lang='lat' dir='ltr'><strong>illud</strong></span> <span class='ocrx_word' id='word_1_791' title='bbox 832 5634 919 5698; x_wconf 90' lang='lat' dir='ltr'><strong>sit,</strong></span> <span class='ocrx_word' id='word_1_792' title='bbox 947 5647 1052 5702; x_wconf 91' lang='lat' dir='ltr'><strong>quo</strong></span> <span class='ocrx_word' id='word_1_793' title='bbox 1079 5632 1316 5686; x_wconf 77' lang='lat' dir='ltr'><strong>ctelestia</strong></span> <span class='ocrx_word' id='word_1_794' title='bbox 1359 5641 1462 5685; x_wconf 91' lang='lat' dir='ltr'><strong>tam</strong></span> <span class='ocrx_word' id='word_1_795' title='bbox 1499 5632 1761 5701; x_wconf 89' lang='lat' dir='ltr'><strong>profunde</strong></span> <span class='ocrx_word' id='word_1_796' title='bbox 1786 5635 2104 5712; x_wconf 81' lang='lat' dir='ltr'><strong>cogitamus,</strong></span> <span class='ocrx_word' id='word_1_797' title='bbox 2216 5638 2379 5693; x_wconf 85' lang='lat' dir='ltr'><strong>renda</strong></span> <span class='ocrx_word' id='word_1_798' title='bbox 2407 5639 2653 5696; x_wconf 88' lang='lat' dir='ltr'><strong>:animus</strong></span> <span class='ocrx_word' id='word_1_799' title='bbox 2677 5652 2758 5696; x_wconf 90' lang='lat' dir='ltr'><strong>est</strong></span> <span class='ocrx_word' id='word_1_800' title='bbox 2781 5658 2887 5712; x_wconf 90' lang='lat' dir='ltr'><strong>quo</strong></span> <span class='ocrx_word' id='word_1_801' title='bbox 2912 5632 3009 5700; x_wconf 77' lang='lat' dir='ltr'><strong>ista</strong></span> <span class='ocrx_word' id='word_1_802' title='bbox 3033 5632 3285 5718; x_wconf 62' lang='lat' dir='ltr'><strong>sapimus:</strong></span> <span class='ocrx_word' id='word_1_803' title='bbox 3315 5632 3419 5707; x_wconf 78' lang='lat' dir='ltr'><strong>Sed</strong></span> <span class='ocrx_word' id='word_1_804' title='bbox 3446 5632 3779 5725; x_wconf 57' lang='lat' dir='ltr'><strong>ié&#39;ii‘iﬁe‘r&#39;iiii-</strong></span> 
     </span>
    </p>
   </div>
   <div class='ocr_carea' id='block_1_86' title="bbox 565 5760 3781 5853">
    <p class='ocr_par' dir='ltr' id='par_1_86' title="bbox 565 5760 3781 5853">
     <span class='ocr_line' id='line_1_88' title="bbox 565 5760 3781 5853; baseline 0 0"><span class='ocrx_word' id='word_1_805' title='bbox 565 5760 2608 5853; x_wconf 41' lang='grc' dir='ltr'><strong>ςεὶέἒέῌυιῗξὶέίῇἰὒὲἓῗὲίξδλξῗτέἶὲᾳ.ἶέἠῗε.ἷῗξξ²οᾚὲηὲἓίέἷξΞῐὲἑηέὶιε-εὲῐῗιὲίέξξῐεειῑιιθ</strong></span> <span class='ocrx_word' id='word_1_806' title='bbox 2638 5777 2737 5853; x_wconf 47' lang='lat' dir='ltr'><strong>ipsa</strong></span> <span class='ocrx_word' id='word_1_807' title='bbox 2762 5779 2967 5853; x_wconf 59' lang='lat' dir='ltr'><strong>sar-“&quot;13</strong></span> <span class='ocrx_word' id='word_1_808' title='bbox 2989 5783 3297 5853; x_wconf 65' lang='grc' dir='ltr'><strong>ίράίαινίωιιξ</strong></span> <span class='ocrx_word' id='word_1_809' title='bbox 3322 5785 3470 5853; x_wconf 73' lang='lat' dir='ltr'><strong>libros</strong></span> <span class='ocrx_word' id='word_1_810' title='bbox 3506 5803 3569 5853; x_wconf 70' lang='lat' dir='ltr'><strong>cx</strong></span> <span class='ocrx_word' id='word_1_811' title='bbox 3603 5792 3781 5853; x_wconf 68' lang='lat' dir='ltr'><strong>quibus</strong></span> 
     </span>
    </p>
   </div>
   <div class='ocr_carea' id='block_1_87' title="bbox 502 5820 3741 5902">
    <p class='ocr_par' dir='ltr' id='par_1_87' title="bbox 502 5820 3741 5902">
     <span class='ocr_line' id='line_1_89' title="bbox 502 5820 3741 5902; baseline 0.006 -24"><span class='ocrx_word' id='word_1_812' title='bbox 502 5820 789 5878; x_wconf 69' lang='lat' dir='ltr'><strong>hauriuntur</strong></span> <span class='ocrx_word' id='word_1_813' title='bbox 812 5823 912 5872; x_wconf 88' lang='lat' dir='ltr'><strong>loca</strong></span> <span class='ocrx_word' id='word_1_814' title='bbox 931 5836 1039 5885; x_wconf 66' lang='lat' dir='ltr'><strong>quae</strong></span> <span class='ocrx_word' id='word_1_815' title='bbox 1057 5830 1203 5873; x_wconf 87' lang='lat' dir='ltr'><strong>totam</strong></span> <span class='ocrx_word' id='word_1_816' title='bbox 1226 5820 1478 5882; x_wconf 87' lang='lat' dir='ltr'><strong>aliquando</strong></span> <span class='ocrx_word' id='word_1_817' title='bbox 1498 5824 1695 5889; x_wconf 63' lang='lat' dir='ltr'><strong>capituli</strong></span> <span class='ocrx_word' id='word_1_818' title='bbox 1714 5827 1895 5876; x_wconf 89' lang='lat' dir='ltr'><strong>seriem</strong></span> <span class='ocrx_word' id='word_1_819' title='bbox 1918 5820 2197 5895; x_wconf 74' lang='lat' dir='ltr'><strong>coniiciunt,</strong></span> <span class='ocrx_word' id='word_1_820' title='bbox 2210 5820 3313 5899; x_wconf 37' lang='lat' dir='ltr'><strong>maximam-3piatis};&#39;ziiiéiafﬁéﬁié&#39;iiiis</strong></span> 
     </span>
    </p>
   </div>
   <div class='ocr_carea' id='block_1_88' title="bbox 3276 5915 3314 5955">
    <p class='ocr_par' dir='ltr' id='par_1_88' title="bbox 3276 5915 3314 5955">
     <span class='ocr_line' id='line_1_90' title="bbox 3276 5915 3314 5955; baseline 0 0"><span class='ocrx_word' id='word_1_821' title='bbox 3276 5915 3314 5955; x_wconf 75' lang='grc' dir='ltr'><strong>ιι</strong></span> 
     </span>
    </p>
   </div>
  </div>
