4106 6514
362 462 466 519 785

361 576 559 632 ('rcSt'il
586 585 641 631 et
667 574 954 631 humanam
999 576 1224 632 formam
1265 577 1317 632 in
1348 586 1500 632 utero
1525 578 1745 648 recipit,
1779 577 1955 647 prius-

363 664 523 719 quam
544 648 784 719 animam
812 649 1124 703 rationalem
1147 649 1383 718 recipiat.
1397 648 1539 704 Sicut
1555 649 1713 702 etiam
1730 648 1955 719 virgulta

364 718 418 773 et
442 718 639 773 herbas
663 719 778 771 sine
804 719 1009 772 anitna‘
1034 719 1237 773 moveri
1262 730 1316 774 et
1343 720 1730 775 incrementum
1763 718 1959 773 habere

366 790 630 843 videmus.
678 789 877 858 Duplex
916 799 998 844 est
1039 790 1252 859 quidem
1292 790 1399 844 vita
1444 789 1665 853 animae;
1710 789 1812 843 alia
1854 804 1958 858 qua

362 861 495 914 vivit
523 861 585 931 in,
604 874 785 923 carne,
819 869 873 913 et
896 860 997 913 alia
1023 875 1128 931 qua
1158 859 1287 914 vivit
1313 861 1363 913 in
1395 861 1524 914 Deo.
1554 859 1672 915 Duo
1696 859 1959 929 siquidem

366 935 419 984 in
448 930 664 984 homine
692 944 885 985 sensus
911 930 1064 995 sunt,
1098 945 1236 985 unus
1264 931 1516 997 interior,
1558 940 1612 985 et
1641 945 1778 985 unus
1804 937 1957 985 exte-

364 1002 477 1055 rior
495 1042 511 1065 ,
557 1011 613 1054 et
642 1008 861 1070 uterque
884 1001 1084 1055 bonum
1112 1016 1263 1055 suum
1298 1001 1455 1057 habet
1482 1001 1535 1054 in
1573 1016 1678 1071 quo
1704 999 1955 1071 reficitur.

364 1071 570 1127 Sensus
597 1072 818 1125 interior
839 1071 1076 1126 reficitur
1098 1072 1149 1125 in
1170 1070 1617 1141 contemplatione
1646 1070 1956 1141 divinitatis,

366 1156 562 1196 sensus
591 1143 827 1196 exterior
857 1142 908 1195 in
938 1140 1401 1211 contemplatione
1425 1142 1789 1211 humanitatis.
1822 1140 1956 1194 Pro-

366 1224 554 1294 pterea
578 1213 718 1294 enini
750 1212 888 1294 Deus
917 1210 1273 1294 homo_factus
1292 1221 1399 1294 est,
1418 1221 1479 1294 ιιι
1495 1221 1663 1293 totum
1687 1210 1957 1294 homineni

368 1279 421 1337 in
451 1299 513 1337 se
542 1282 868 1337 boatilicaret
891 1324 907 1348 ,
951 1293 1004 1338 et
1030 1292 1137 1336 tota
1160 1282 1438 1338 conversio
1466 1282 1697 1337 hominis
1724 1289 1867 1336 esset
1890 1279 1959 1334 ad

366 1355 544 1422 ipsum
564 1394 580 1420 ,
608 1361 663 1407 et
687 1362 806 1431 _tota_
826 1353 1040 1431 dilectio
1065 1352 1295 1407 hominis
1321 1363 1463 1408 esset
1506 1354 1557 1408 in
1599 1353 1715 1421 ipso
1733 1394 1747 1416 ,
1777 1365 1957 1431 cuine

364 1438 531 1478 sensu
556 1423 733 1478 carnis
761 1423 1030 1477 videretur
1060 1438 1154 1492 per
1178 1439 1417 1489 carnem,
1445 1434 1500 1478 et
1522 1438 1552 1477 a
1576 1438 1739 1478 sensu
1766 1423 1960 1475 mentis

365 1494 644 1548 videretur
667 1509 761 1562 per
785 1493 1078 1548 divinitatis
1099 1493 1622 1563 contemplationem.
1653 1492 1761 1547 lloc
1780 1502 1957 1563 autem

367 1574 484 1619 erat
514 1573 683 1618 totum
712 1564 909 1619 bonum
942 1564 1204 1627 hominis,
1238 1573 1294 1619 ut
1318 1562 1429 1620 sive
1459 1563 1833 1633 ingrederetur:
1847 1562 1960 1617 sive

366 1634 754 1703 egrederetur,
797 1650 988 1704 pascua
1033 1635 1084 1690 in
1132 1635 1329 1690 factore
1358 1649 1455 1689 suo
1484 1631 1747 1689 inveniret
1772 1631 1956 1704 (Joan.

373 1702 433 1767 x7,
462 1705 557 1775 9);
592 1719 783 1772 pascua
800 1702 944 1760 'foris
971 1706 1022 1759 in
1050 1720 1211 1760 carne
1238 1705 1548 1771 Salvatoris,
1576 1714 1629 1759 et
1656 1718 1849 1774 pascua
1874 1702 1959 1757 itt-

367 1785 456 1828 tus
485 1776 537 1828 in
564 1775 841 1830 divinitate
870 1775 1157 1831 Creatoris.
1200 1775 1314 1831 Hoc
1357 1775 1554 1830 bonum
1594 1790 1843 1843 magnum
1870 1788 1960 1828 se-

365 1854 552 1927 cutum
583 1854 667 1900 est
690 1847 922 1927 malum;
965 1846 1623 1927 quoniampcrditobono
1646 1845 1787 1916 quod
1816 1845 1961 1927 intus

364 1923 523 1980 erat,
552 1930 767 1986 egressa
799 1925 883 1971 est
906 1913 1083 1971 anima
1113 1913 1181 1971 ad
1224 1913 1363 1971 bona
1406 1916 1581 1971 aliena
1602 1958 1618 1981 ,
1664 1913 1787 1985 qua:
1833 1913 1963 1986 foris

365 1995 554 2050 erant;
592 1984 651 2040 et
691 1996 900 2055 pactum
930 1987 1052 2041 fecit
1095 2002 1215 2043 cum
1259 1984 1701 2043 delectationibus
1743 1984 1961 2048 saeculi,

370 2056 715 2126 requiescens
735 2072 895 2127 super
924 2057 1063 2123 illas,
1094 2074 1198 2112 non
1221 2057 1501 2112 attendens
1524 2056 1819 2112 absentiam
1838 2055 1962 2127 boni

366 2125 462 2199 sui
484 2125 869 2199 intc_rioris,_eo
904 2128 1046 2199 quod
1071 2128 1465 2184 consolationes
1488 2142 1613 2183 suas
1637 2135 1882 2199 cerneret
1906 2125 1961 2180 in

370 2197 531 2251 bonis
554 2197 758 2251 alienis.
782 2196 1065 2252 Nam'cum
1094 2199 1326 2254 exterior
1355 2214 1543 2253 sensus
1571 2197 1798 2251 carnalis
1818 2196 1963 2251 bono

371 2282 477 2339 suo
499 2268 681 2329 utitur,
703 2268 924 2339 interior
944 2283 1133 2323 sensus
1154 2272 1347 2324 mentis
1366 2267 1518 2339 quasi
1536 2268 1825 2339 obdormit.
1840 2266 1961 2339 Non

366 2338 517 2420 enim
543 2338 831 2420 cognoscit
844 2339 982 2393 bona
1004 2340 1509 2420 interiorissensns,
1525 2339 1614 2420 qui
1632 2338 1964 2420 iucunditate

369 2408 637 2481 honorum
666 2410 989 2481 exteriorum
1010 2411 1237 2479 capitur.
1262 2408 1394 2465 Nam
1421 2410 1509 2481 qui
1542 2408 1593 2481 in
1623 2423 1787 2481 carne
1812 2408 1959 2475 vivit,

369 2478 426 2532 in
458 2492 621 2533 carne
643 2480 842 2545 sentit,
888 2489 942 2536 et
986 2478 1201 2536 doleres
1238 2481 1417 2535 carnis
1439 2478 1597 2549 'fugit
1623 2480 1676 2533 in
1706 2488 1962 2549 quantum

370 2558 572 2622 potest,
617 2550 836 2604 vulnera
879 2560 1062 2622 autem
1108 2551 1301 2606 anima:
1341 2565 1562 2622 prorsus
1603 2550 1831 2622 ignorat,
1864 2563 1966 2622 nec

373 2619 698 2673 medicinam
725 2621 915 2690 quaarit
943 2622 995 2676 in
1024 2623 1120 2676 eis.
1150 2623 1280 2676 Cum
1326 2619 1505 2677 autem
1536 2619 1775 2675 mortuus
1804 2619 1967 2675 fuerit

370 2701 565 2761 sensus
586 2691 780 2745 animae
804 2734 817 2754 ,
855 2707 961 2761 quo
997 2694 1127 2746 vivit
1152 2693 1203 2746 in
1233 2707 1415 2759 carne,
1448 2701 1575 2746 tunc
1600 2690 1853 2746 vivificari
1884 2692 1966 2744 in-

370 2760 539 2833 eiuiet
574 2775 769 2833 sensus
814 2760 932 2827 ille,
980 2779 1085 2833 quo
1124 2763 1286 2818 sentit
1331 2763 1698 2832 semetipsum,
1742 2771 1797 2817 et
1838 2771 1967 2816 tunc

381 2829 519 2883 sciet
555 2830 771 2903 dolores
814 2848 961 2897 suos,
999 2829 1062 2889 et
1103 2834 1304 2888 sentire
1351 2829 1567 2903 incipiet
1605 2832 1825 2887 vulnera
1870 2847 1967 2886 sua

374 2909 527 2986 ianto
555 2902 766 2986 gravius
792 2916 990 2986 quanio
1029 2903 1265 2986 propius.
1314 2902 1478 2975 Magis
1500 2903 1641 2986 enim
1668 2904 1964 2986 obestnia-

378 2970 489 3023 lum
514 2971 775 3046 quodest
808 2970 981 3046 inagis
1024 2970 1288 3040 vicinum;
1332 2970 1596 3046 et'magis
1625 2974 1844 3045 prodest
1871 2972 1967 3028 bo-

374 3055 506 3093 num
537 3042 678 3111 quod
710 3044 877 3115 magis
906 3042 988 3100 est
1016 3046 1279 3100 intimum.

448 3133 676 3210 CnPli'i‘
705 3133 797 3210 _X.
862 3134 1114 3210 Spiritus:
1140 3135 1217 3210 (ιι)
1246 3136 1476 3210 Spiritus
1536 3136 1731 3193 dicitur
1758 3207 1766 3210 _
1789 3134 1981 3190 multis.

378 3205 575 3279 modis.
607 3205 1071 3279 Diciturinamque
1086 3205 1315 3279 Spiritus
1356 3208 1525 3273 Deus,
1554 3218 1610 3262 et
1634 3223 1726 3263 aer
1756 3207 1884 3268 iste,
1915 3216 1971 3260 et

377 3278 539 3332 ﬂatus
576 3275 716 3331 aeris
745 3276 835 3345 qui
873 3292 904 3331 a
945 3275 1396 3346 c‘orde‘receptns
1430 3291 1485 3333 et
1530 3279 1652 3333 inde
1676 3293 1770 3347 per
1798 3287 1967 3331 totum

377 3361 578 3415 corpus
603 3347 832 3401 emissus
860 3349 1163 3402 mortalium
1188 3350 1348 3403 vitam
1374 3350 1500 3404 ﬂatu
1522 3349 1825 3404 necessario
1842 3363 1972 3402 con-

381 3419 540 3472 tinet.
570 3416 674 3488 lste
700 3426 875 3471 tamen
906 3418 1123 3487 spiritus
1144 3420 1480 3488 jure’anima
1509 3419 1614 3474 dici
1644 3434 1748 3472 non
1765 3428 1965 3488 potest,

378 3488 506 3557 quia
542 3487 683 3558 aeris
710 3490 964 3543 varietate
990 3487 1322 3545 dissolvitur.
1362 3490 1562 3545 Dicitur
1599 3487 1818 3558 spiritus
1850 3491 1969 3544 ani-

382 3556 495 3622 ma,
525 3558 640 3629 sive
666 3556 917 3629 hominis,
946 3560 1059 3614 sive
1088 3562 1315 3629 pecoris.
1350 3560 1552 3615 Dicitur
1574 3556 1791 3629 spiritus
1819 3576 1972 3618 mens

382 3628 809 3700 rationalis,_ubi
835 3638 919 3683 est
943 3628 1184 3699 quaedam
1225 3630 1454 3686 scintilla
1492 3628 1741 3700 tanquam
1785 3632 1971 3688 oculu's

381 3699 595 3771 animae,
644 3698 710 3771 ad
750 3714 909 3769 quem
958 3698 1186 3770 pertinet
1232 3700 1447 3771 imago'
1490 3709 1545 3756 et
1579 3698 1809 3770 cognitio
1853 3703 1962 3758 Dei.

382 3769 584 3842 Oculus
620 3770 811 3822 anima:
852 3779 936 3825 est
959 3769 1109 3826 mens
1133 3771 1202 3826 ab
1227 3769 1373 3826 omni
1397 3772 1639 3841 corporis
1655 3769 1783 3842 labe
1807 3788 1935 3842 pura
1952 3815 1968 3841 ,

386 3839 586 3893 mentis
614 3849 864 3908 aspectus
893 3851 976 3895 est
1006 3842 1159 3905 ratio,
1195 3839 1508 3897 intellectus
1526 3842 1678 3895 visio.
1710 3839 1831 3896 Tria
1860 3839 1972 3897 haec

383 3910 536 3963 omni
562 3909 754 3981 animae
780 3913 1080 3967 necessaria
1106 3922 1231 3966 sunt
1255 3931 1266 3965 :
1292 3921 1349 3967 ttt
1371 3927 1533 3967 sanos
1552 3914 1734 3967 oculos
1756 3912 1969 3981 habeat,

387 3989 445 4033 nt
484 3980 739 4049 aspiciat,
780 3991 838 4034 ut
880 3982 1076 4037 videat.
1117 3982 1292 4037 Sanos
1330 3983 1515 4037 oculos
1563 3983 1745 4043 habet.
1785 3999 1906 4038 cum
1941 3980 1971 4039 a

388 4050 696 4123 mortalium
741 4052 1121 4123 cupiditatibus
1162 4063 1246 4107 est
1288 4063 1506 4123 purgata
1544 4062 1702 4119 atque
1742 4064 1971 4110 remota.

388 4120 629 4194 Aspicit,
656 4136 780 4194 cum
812 4120 878 4175 in
911 4123 1003 4177 Dei
1048 4124 1246 4179 lumine
1282 4120 1748 4194 contemplationis
1791 4126 1975 4181 oculos

390 4190 524 4259 figit.
570 4190 765 4265 Videt,
823 4207 943 4265 cum
998 4194 1050 4247 in
1091 4195 1178 4249 illa
1226 4190 1674 4264 contemplatione
1715 4196 1976 4265 conspicit

388 4271 589 4330 quanta
618 4262 724 4315 sint
751 4264 938 4331 gaudia
958 4305 973 4330 ,
1006 4274 1199 4333 quanta
1232 4262 1653 4334 laetitia—quanta
1677 4262 1935 4322 securitas
1955 4308 1971 4332 ,

388 4341 587 4406 quanta
614 4334 875 4388 serenitas
901 4374 917 4398 ,
951 4344 1005 4388 ct
1030 4345 1225 4403 quanta
1250 4335 1576 4406 jucunditas.
1606 4337 1819 4392 Sanitas
1848 4335 1977 4393 facit

392 4402 539 4456 illam
566 4417 846 4469 securam,
874 4402 1123 4472 aspectus
1164 4402 1392 4471 rectam,
1422 4407 1556 4460 visio
1583 4407 1811 4462 beatam.
1843 4409 1975 4462 Cum

389 4474 536 4526 enim
576 4472 737 4547 fuerit
770 4475 837 4547 ab
874 4478 1017 4529 omni
1062 4476 1193 4531 faece
1236 4477 1401 4532 libera
1430 4478 1757 4547 maculisque
1779 4478 1972 4545 diluta,

391 4556 521 4616 utne
560 4544 893 4616 sedenique
937 4546 990 4599 in
1034 4561 1092 4600 se
1134 4548 1245 4616 ipsa
1288 4547 1638 4602 libentiSsime
1672 4544 1881 4614 tenet",
1925 4558 1981 4604 et

392 4613 526 4667 nihil
551 4614 649 4668 sibi
690 4616 915 4691 metuit,
947 4625 1040 4691 aut
1065 4613 1299 4691 ulla_sua
1328 4618 1481 4691 culpa
1509 4618 1813 4691 quidquam
1831 4613 1979 4691 angi-

392 4692 604 4757 tur:_et
645 4694 767 4757 tunc
815 4686 1014 4756 ingenti
1058 4687 1285 4757 quadam
1342 4700 1393 4743 et
1422 4686 1739 4745 incredibili
1789 4686 1979 4746 fiducia

392 4754 567 4829 pergit
590 4756 651 4829 in
700 4754 889 4821 Deum,
930 4757 981 4811 id
1022 4754 1121 4823 esi,
1168 4760 1219 4812 in
1269 4759 1437 4829 ipsam
1475 4761 1979 4829 contemplationem

392 4825 665 4902 veritatis;
708 4838 979 4902 aspectum
1010 4825 1301 4902 _siquidem'
1334 4840 1539 4902 rectum
1581 4825 1822 4901 sequitur
1868 4833 1982 4902 ipsa

389 4896 531 4949 visio
556 4896 673 4963 Dei,
704 4899 794 4966 qui
819 4907 905 4972 est
933 4898 1052 4972 linis
1071 4896 1356 4972 aSpectus.
1386 4901 1487 4972 Sic
1519 4896 1695 4956 anima
1724 4901 1871 4972 prius
1889 4896 1985 4956 'sa-

392 4975 574 5042 natur,
607 4976 789 5042 sanata
819 4968 1191 5042 introducitur,
1225 4970 1525 5025 introducta
1553 4968 1830 5026 relic-itur“.
1859 4973 1982 5042 Spi-

392 5038 534 5091 ritus
571 5039 732 5091 etiam
762 5047 855 5109 est
878 5040 1119 5108 quaadam
1157 5042 1239 5095 vis
1267 5042 1457 5095 animae
1479 5082 1493 5107 ,
1525 5052 1705 5097 mente
1731 5038 1982 5109 inferior,

393 5108 485 5194 ubi
529 5108 885 5189 corporalium
936 5125 1115 5164 rerum
1164 5112 1541 5194 similitudines
1587 5108 1983 5194 exprimuntur.

394 5178 505 5253 Nec
535 5179 646 5253 ipse
670 5179 888 5253 spiritus
913 5196 1108 5249 corpus
1132 5192 1234 5249 est,
1267 5182 1359 5236 sed
1389 5184 1599 5251 corpori
1628 5178 1837 5238 similis.
1857 5185 1986 5253 Quae

394 5251 541 5303 enim
568 5249 757 5319 spiritu
785 5251 1061 5317 videntur,
1092 5267 1197 5307 non
1227 5264 1351 5307 sunt
1377 5249 1673 5323 corporalia
1697 5296 1712 5322 ,
1743 5255 1835 5311 sed
1866 5249 1988 5311 cor—

460 5472 480 5540 ξ
517 5477 626 5540 Mss.
651 5470 973 5540 ttedardensis
994 5473 1143 5537 addit,
1166 5473 1347 5525 scilicet
1386 5471 1624 5525 rationali.

460 5534 482 5564 ί
519 5532 707 5595 Aliquot
730 5534 1014 5595 Mss.,°vitae.

462 5596 485 5626 ³
518 5594 656 5658 Editi,
679 5594 975 5658 inulginatio.

462 5659 484 5685 ⁸
519 5656 633 5704 [Ἀιιὶ
651 5692 664 5714 ,
690 5654 1019 5708 liberalissime
1042 5664 1183 5709 tenet.

464 5718 485 5786 If
520 5722 601 5786 iis.
633 5720 961 5786 :\_l_edai't_lc_ttsis
983 5720 1143 5786 additi,
1166 5720 1349 5786 scilicet
1372 5735 1457 5786 per
1481 5720 1785 5786 stridentium.

463 5778 536 5839 (ιι)
558 5784 619 5827 Ex
646 5779 732 5845 ιιι).
760 5781 819 5831 1:2
839 5781 904 5845 de
927 5789 1042 5845 ceu.
1067 5778 1137 5831 ad
1162 5785 1285 5841 Litt.,
1445 5788 1504 5845 7,
1538 5778 1627 5843 '25;
1671 5799 1732 5833 ex
1766 5786 1847 5833 lib.
1875 5786 1891 5832 l
1917 5791 1997 5833 So-

400 5838 615 5949 bloéiqcac.
638 5842 778 5935 6,)nn.
802 5843 877 5905 1‘2,
911 5844 981 5905 l3,
1004 5853 1055 5893 et
1072 5859 1133 5894 ex
1157 5838 1296 5908 HugI,
1328 5848 1408 5896 lib.
1435 5838 1501 5897 de
1522 5838 1825 5898 sacramento
1844 5848 1992 5906 Fidei,

400 5916 448 5949 ιι.
507 5937 520 5949 .
606 5918 649 5949 ιι.
678 5916 722 5949 :..

400 5916 448 5963 ιι.
473 5915 520 5961 υ,
545 5915 649 5964 cap.
678 5915 722 5952 2.

1490 464 1689 519 LIBER
1731 465 1815 518 DE
1853 463 2119 520 SPllllTU
2164 464 2248 519 ET
2288 465 2521 523 ANIMA.

3547 476 3648 531 780

2101 576 2335 657 oralibus
2374 576 2586 657 similia.
2636 577 2822 657 Facies
2860 581 3120 657 siquidem
3153 583 3461 657 hominiset
3490 580 3640 640 nobis

2084 650 2360 701 'orinsecus
2386 656 2507 701 nota
2528 657 2628 714 est,
2660 659 2716 704 et
2745 650 2795 703 in
2824 650 3078 707 memoria
3110 664 3291 709 nostra
3321 655 3480 711 habet
3509 657 3642 710 ima-

2062 733 2237 794 ginem
2279 734 2462 794 suam“,
2501 717 2889 794 incorporalem
2918 723 3129 791 quidem
3155 766 3171 791 ,
3203 726 3295 779 sed
3325 726 3536 794 corpori
3570 726 3641 779 si-

2064 785 2462 864 tniieni._Mntttli
2499 785 2710 859 quoque
2736 785 3167 864 istiusmirahilis
3197 785 3556 864 pulchritudo,
3588 806 3645 850 et

2062 857 2218 928 nobis
2259 856 2389 912 foris
2430 856 2639 928 praesto
2662 869 2777 925 est,
2809 871 2863 916 et
2888 862 2938 915 in
2966 856 3221 919 memoria
3263 875 3445 920 nostra
3486 865 3644 919 habet

2063 927 2348 1005 imaginem
2376 927 2527 1005 suam
2549 969 2564 993 ,
2609 929 2995 1005 incorporalem
3024 934 3237 1004 quidem
3258 976 3273 1000 ,
3310 936 3403 990 sed
3433 933 3645 1005 corpori

2062 997 2313 1062 similem,
2342 999 2407 1052 ad
2435 1014 2594 1067 quam
2626 997 2951 1057 recurrimus
2970 997 3090 1057 cuin
3117 997 3312 1059 clausis
3337 1006 3505 1060 oculis
3525 997 3656 1059 eam

2062 1068 2376 1143 Cogitamus.
2409 1069 2561 1143 Quod
2608 1070 2760 1143 enim
2790 1082 2874 1127 est
2913 1073 2981 1127 ad
3025 1075 3265 1143 corporis
3291 1091 3506 1129 sensum
3551 1076 3655 1128 ali-

2063 1137 2207 1206 quod
2239 1152 2434 1206 corpus
2466 1140 2517 1193 in
2545 1140 2663 1194 loco
2682 1180 2698 1205 ,
2748 1141 2849 1197 hoc
2876 1153 2959 1198 est
2984 1144 3052 1197 ad
3077 1137 3240 1198 animi
3266 1147 3432 1201 aciem
3462 1145 3651 1200 simili-

2066 1207 2193 1282 tudo
2243 1210 2484 1282 corporis
2544 1210 2599 1263 in
2662 1213 2917 1282 memoria
2951 1231 2965 1265 :
2996 1223 3052 1269 et
3107 1214 3251 1282 quod
3296 1225 3379 1270 est
3426 1216 3667 1269 intentio

2066 1278 2351 1355 voluntatis
2372 1279 2435 1355 ad
2460 1294 2654 1355 corpus
2678 1281 2851 1355 visum
2878 1278 3244 1355 visionemque
3269 1284 3661 1354 copulandam,

2066 1347 2167 1429 hoc
2208 1358 2292 1430 est
2334 1350 2522 1405 eadem
2558 1347 2794 1431 intentio
2840 1354 3127 1431 voluntatis
3157 1347 3244 1409 'ad
3290 1347 3652 1431 populandam

2066 1425 2353 1491 imaginem
2381 1425 2654 1491 corporis,
2700 1438 2819 1491 qua:
2861 1432 2944 1479 est
2984 1425 3036 1478 in
3080 1425 3336 1479 memoria
3364 1435 3419 1481 et
3447 1426 3671 1479 visione

2064 1490 2368 1566 cogitantis.
2402 1490 2743 1566 llle_spir_itus
2769 1493 2963 1548 dicitur
2992 1493 3162 1566 factus
3186 1495 3252 1549 ad
3284 1495 3569 1566 imaginem
3596 1505 3654 1549 et

2064 1560 2465 1635 similitudinem
2490 1561 2608 1635 Dei,
2627 1561 2678 1635 in
2694 1578 2802 1635 quo
2818 1574 2900 1619 est
2919 1565 3151 1635 cognitio
3170 1560 3418 1622 veritatis
3427 1577 3479 1621 et
3499 1581 3656 1619 amor

2064 1629 2296 1706 vir_tut_is.
2322 1631 2505 1706 imago
2535 1629 2796 1706 siquidem
2836 1643 2919 1690 est
2944 1629 3012 1688 in'
3031 1636 3355 1706 cognitione,
3383 1647 3439 1692 et
3462 1635 3654 1690 simili-

2068 1698 2196 1773 tudo
2222 1700 2275 1755 in
2303 1698 2613 1773 dilectione.
2640 1701 2819 1773 Imago
2841 1746 2858 1771 ,
2889 1706 3011 1773 quia
3039 1698 3315 1761 rationalis
3330 1698 3351 1771 ς’
3377 1716 3432 1761 et
3458 1706 3663 1760 simili-

2068 1769 2225 1845 _tudo,
2266 1772 2388 1845 quia
2414 1772 2722 1845 spiritualis.
2754 1769 2940 1845 Haeret
2976 1776 3241 1845 siquidem
3269 1769 3478 1831 veritati
3506 1776 3665 1830 nulla.

2067 1839 2384 1916 interposna
2412 1839 2728 1916 substantia.
2773 1839 3055 1901 Rationale
3092 1848 3363 1901 nostrum‘
3386 1887 3401 1911 ,
3437 1861 3543 1916 quo
3571 1861 3657 1900 ra-

2068 1911 2404 1986 iiocinamur,
2420 1912 2782 1986 intelligimus,
2801 1923 2857 1970 et
2869 1916 3124 1984 sapimus,
3144 1917 3388 1986 spiritum
3406 1911 3663 1972 dicimus.

2070 1979 2223 2055 lianc
2246 1993 2423 2055 autem
2461 1979 2706 2055 spiritum
2735 1979 3024 2055 Apostolus
3050 1979 3281 2042 mentem
3314 1996 3505 2053 vocat,
3532 2002 3664 2042 cum

2066 2050 2215 2129 dicit,
2246 2050 2585 2129 Renovantini
2602 2050 2988 2129 epiritit‘mentig
3010 2067 3188 2111 vestra:
3208 2057 3423 2129 (Ephes.
3444 2050 3518 2121 tv,
3534 2056 3655 2129 23);

2067 2120 2119 2175 id
2147 2133 2251 2186 est,
2283 2120 2647 2196 mente,inihil
2672 2126 2815 2180 enim
2842 2126 2986 2181 aliud
3024 2136 3108 2182 est
3152 2120 3374 2196 spiritus
3422 2120 3654 2189 mentis,

2066 2207 2225 2262 quam
2256 2209 2411 2249 mens
2433 2211 2446 2248 :
2467 2194 2606 2250 sicut
2627 2210 2821 2266 corpus
2845 2196 3043 2263 carnis,
3071 2194 3203 2253 nihil
3224 2197 3367 2254 aliud
3387 2209 3470 2255 est
3496 2212 3658 2269 quam

2066 2278 2213 2317 caro.

2136 2332 2363 2405 CAPUT
2418 2334 2539 2405 Χιε
2574 2334 2719 2390 Mens
2770 2337 2904 2391 unde
2956 2337 3111 2391 dicta.
3171 2337 3425 2405 Differam
3479 2353 3655 2393 sensus

2067 2404 2464 2480 etiniaginatio.
2504 2403 2766 2480 D_i_m_ensio
2802 2403 3318 2480 animeSapientia.
3349 2408 3653 2480 Prudentia.

2071 2472 2143 2544 (τι)
2169 2472 2318 2545 Mens
2339 2483 2515 2529 autem
2533 2475 2724 2530 dicitur
2751 2491 2782 2530 a
2810 2490 2958 2545 μήνη.
2982 2472 3122 2540 Μήνῆ
3146 2488 3323 2534 autem
3345 2478 3552 2543 Graece,
3578 2479 3658 2532 la-

2071 2542 2178 2598 tine
2207 2542 2400 2598 dicitur
2426 2545 2568 2599 luna.
2599 2547 2664 2600 Et
2690 2542 2829 2602 sicut
2856 2549 2978 2602 luna
3004 2550 3197 2604 crescit
3219 2557 3274 2603 et
3297 2542 3579 2613 decrescit,
3605 2558 3662 2603 et

2069 2615 2214 2689 varia
2238 2614 2602 2689 vicissitudine
2623 2625 2876 2684 mutatur,
2900 2620 2953 2672 in
2978 2618 3026 2672 id
3049 2628 3227 2674 tamen
3248 2619 3389 2689 quod
3415 2618 3512 2673 fuit
3530 2633 3663 2689 qua-

2069 2685 2190 2739 dam
2219 2684 2450 2754 perfecta
2481 2687 2715 2743 novitate
2740 2702 2797 2742 se
2823 2689 3053 2743 restituit
3081 2706 3095 2744 :
3125 2691 3203 2744 sic
3228 2684 3381 2746 mens
3406 2684 3664 2743 nunc'ca«

2072 2766 2164 2826 put
2192 2756 2416 2810 summis
2446 2757 2650 2823 inserit,
2679 2772 2820 2812 nunc
2844 2758 3043 2813 decidit
3065 2760 3117 2813 in
3143 2759 3346 2826 infima,
3375 2774 3516 2815 nunc
3542 2773 3663 2814 sese

2070 2824 2309 2899 referens
2337 2826 2438 2899 sibi
2460 2827 2825 2899 ',_verisfalsa
2856 2829 3158 2899 redarguit;
3191 2824 3350 2884 modo
3377 2829 3443 2883 ad
3472 2844 3566 2884 cor

2068 2897 2198 2950 ralia
2227 2897 2455 2964 regenda
2485 2896 2804 2964 deﬂectitur,
2836 2899 2996 2953 modo
3019 2896 3234 2955 teternis
3259 2899 3552 2955 rationibus
3568 2896 3663 2954 itt-

2071 2967 2358 3039 Spiciendis
2381 2967 2462 3021 vel
2491 2968 2831 3022 consulendis
2857 2969 3193 3028 adhzerescit.
3225 2970 3376 3026 Ratio
3400 2969 3663 3039 siquidem

2072 3045 2155 3108 est
2189 3037 2380 3108 mentis
2416 3047 2663 3107 aspectus
2692 3053 2797 3108 quo
2826 3039 3023 3093 bonum
3056 3049 3113 3096 et
3145 3041 3341 3100 malum
3370 3037 3665 3106 discernit,

2073 3107 2295 3192 virtutes
2319 3107 2485 3188 eligit,
2514 3107 2786 3177 Deumque
2807 3109 2995 3192 diligit.
3021 3111 3557 3192 biensnuivei‘sorum
3576 3124 3666 3191 ca—

2075 3192 2207 3246 pax,
2238 3186 2294 3250 et
2318 3178 2556 3250 omnium
2588 3195 2766 3250 rerum
2802 3178 3147 3250 similitudine
3177 3180 3421 3250 insignita
3443 3222 3456 3244 ,
3486 3179 3667 3234 omnia

2074 3262 2195 3320 esse
2226 3247 2438 3320 diciiur,
2456 3249 2680 3320 naturali
2709 3249 2935 3317 quadam
2975 3252 3210 3320 potentia
3235 3247 3304 3306 ρι’
3328 3250 3555 3305 naturali
3580 3250 3666 3320 di-

2072 3318 2295 3390 gnitate.
2336 3318 2539 3373 Idcirco
2559 3319 2867 3390 invisibiles
2903 3318 3081 3375 rerum
3116 3335 3306 3377 causas
3344 3336 3441 3390 per
3469 3319 3669 3375 intelli-

2074 3388 2306 3457 gentiam
2336 3388 2772 3459 comprebendit,
2806 3399 2860 3445 et
2887 3390 3124 3446 visibiles
3155 3388 3441 3447 actualium
3470 3390 3670 3444 formas

2076 3472 2174 3527 per
2201 3474 2456 3531 sensuum
2484 3461 2760 3528 passiones
2782 3460 3002 3529 colligit.
3031 3462 3096 3515 Et
3121 3463 3235 3517 sive
3266 3476 3359 3531 per
3387 3474 3578 3531 sensus
3601 3460 3669 3531 ad

2074 3528 2347 3601 sensibilia
2376 3538 2563 3595 exeat,
2596 3531 2833 3601 siveper
2860 3528 3353 3601 intelligentiam—ad
3385 3529 3670 3586 invisibilia

2074 3599 2349 3683 ascendat,
2371 3614 2549 3683 rerum
2572 3599 2946 3683 similitudines
2968 3599 3112 3683 a-d'se
3140 3604 3305 3683 ipsam
3328 3601 3511 3683 trahit,
3536 3616 3674 3683 praef

2075 3669 2245 3750 sentia
2272 3670 2829 3750 cognoscit,_abse_ittia
2856 3671 3121 3750 intelligii,
3152 3669 3329 3750 ignota
3355 3669 3594 3750 inquirit,
3616 3680 3673 3726 et

2076 3738 2129 3793 in
2160 3738 2388 3794 inventis
2410 3748 2671 3794 versatur.
2700 3740 2976 3796 Rationale
3000 3738 3055 3796 et
3082 3738 3443 3796 intellectuale
3467 3741 3668 3807 lumen,

2115 3824 2182 3880 no
2216 3810 2630 3880 ratiocinamur,
2670 3810 3015 3880 intelligimus
3040 3820 3096 3866 et
3131 3812 3402 3880 sapimus,
3434 3820 3669 3865 mentem

2115 3824 2182 3862 no
2216 3824 2630 3874 ratiocinamur,
2670 3824 3015 3880 intelligimus
3040 3824 3096 3866 et
3131 3826 3402 3880 sapimus,
3434 3824 3669 3865 mentem

2076 3824 2331 3942 dicimus,
2360 3894 2478 3949 qua:
2505 3879 2574 3933 ita
2604 3879 2740 3934 facta
2766 3888 2849 3934 est
2876 3880 2941 3935 ad
2974 3882 3256 3950 imaginem
3289 3882 3408 3945 Dei,
3440 3888 3497 3936 ut
3525 3880 3672 3935 nulla

2077 3949 2388 4020 interposita
2431 3958 2615 4020 natura
2664 3951 2732 4005 ab
2775 3950 2886 4019 ipsa
2936 3952 3160 4007 veritate
3201 3951 3478 4007 formetur.
3523 3950 3674 4005 Mens

2076 4019 2307 4075 enimet
2331 4035 2397 4075 eo
2419 4019 2563 4091 dicta
2579 4028 2663 4076 est
2683 4021 2824 4089 quod
2846 4021 3078 4076 emineat
3103 4022 3154 4075 in
3180 4022 3357 4077 anima
3384 4039 3397 4072 :
3424 4031 3673 4091 pmstan-

2080 4090 2184 4144 tior
2220 4090 2481 4162 siquidem
2519 4090 2600 4144 vis
2635 4093 2827 4162 animai
2855 4101 2971 4159 est,
3000 4106 3028 4145 a
3059 4106 3163 4162 qua
3198 4090 3437 4162 procedit
3472 4091 3671 4146 intelli-

2078 4162 2275 4233 gentia.
2308 4161 2412 4216 Per
2440 4161 2839 4233 intelligentiam
2875 4163 3054 4233 utique
3077 4161 3249 4230 ipsam
3279 4164 3555 4218 veritatem
3587 4163 3672 4215 in-

2082 4231 2299 4303 telligit,
2330 4246 2424 4300 per
2452 4231 2765 4300 sapientiam
2796 4231 2985 4303 diligitI
3023 4232 3291 4303 Sapientia
3330 4248 3561 4303 namque
3590 4240 3675 4287 est

2080 4316 2239 4375 amori
2256 4302 2384 4375 boni
2405 4303 2518 4357 sive
2543 4316 2707 4375 sapor
2728 4303 2875 4375 boni,
2898 4302 2928 4357 ἐι
2953 4318 3145 4374 sapore
3169 4303 3431 4375 siquidem
3456 4302 3673 4375 dicitur.

2080 4372 2272 4456 Mentis
2291 4373 2425 4456 visio
2444 4372 2889 4456 estinteliigentia
2909 4389 2925 4439 ;
2949 4372 3153 4456 gustus,
3176 4372 3434 4456 sapientia
3456 4383 3556 4456 est.
3581 4373 3675 4456 Illa

2082 4443 2495 4513 contemplatur,
2526 4443 2625 4497 ista
2648 4442 2973 4498 delectatur:
2990 4444 3123 4500 Cum
3147 4446 3214 4500 ab
3242 4442 3584 4501 inferioribus
3608 4442 3676 4497 ad

2082 4514 2357 4586 superiora
2369 4514 2622 4586 volumus
2638 4514 2947 4586 ascendere,
2972 4517 3120 4586 prius
3139 4517 3369 4570 occurrit
3388 4515 3542 4569 nobis
3563 4530 3678 4569 sen-

2083 4597 2196 4642 sus.
2224 4583 2419 4639 deinde
2447 4584 2774 4655 imaginatio,
2802 4583 2988 4655 postea
3010 4586 3168 4651 ratio,
3196 4586 3498 4641 intellectus
3518 4594 3573 4639 et
3597 4586 3677 4637 in-

2085 4655 2398 4723 telligentia,
2420 4664 2475 4708 et
2496 4655 2547 4726 in
2570 4669 2780 4709 summo
2801 4665 2881 4710 est
2904 4656 3184 4726 sapientia.
3207 4658 3425 4711 Summa
3449 4668 3678 4722 namque

2086 4726 2348 4796 sapientia
2381 4726 2493 4796 ipse
2521 4725 2666 4796 Deus
2694 4734 2796 4780 est.
2824 4725 3095 4796 Sapientia
3119 4727 3352 4781 hominis
3376 4735 3460 4780 est
3484 4726 3677 4793 pietas,

2087 4795 2138 4848 id
2168 4804 2250 4849 est
2269 4836 2285 4860 ,
2313 4795 2487 4850 cultus
2513 4795 2629 4850 Dei.
2657 4796 2857 4851 Sensus
2887 4812 2948 4851 ea
2982 4798 3064 4851 vis
3088 4798 3281 4852 animae
3302 4804 3414 4862 est,
3439 4810 3558 4866 quze
3588 4809 3677 4848 re-

2088 4881 2206 4919 rum
2226 4881 2610 4947 corporearum
2636 4881 2923 4947 corporeas
2946 4866 3168 4947 percipit
3183 4867 3204 4899 ⁸
3226 4866 3425 4921 formas
3447 4880 3681 4934 priesen-

2091 4946 2190 4991 tes.
2226 4936 2534 5008 Imaginatio
2558 4946 2641 4991 est
2666 4952 2728 4990 ea
2760 4937 2841 5008 vis
2873 4936 3107 5008 animai,
3129 4952 3249 5008 quae
3275 4951 3456 4991 rerum
3489 4949 3683 5008 θοι-ρο·-

2090 5022 2302 5061 rearum
2325 5004 2612 5075 corporeas
2638 5007 2862 5078 percipit
2888 5006 3107 5072 formas,
3134 5004 3230 5062 sed
3255 5008 3529 5078 absentes.
3549 5004 3683 5078 Sen-

2090 5092 2183 5129 sus
2220 5074 2450 5146 namque
2487 5074 2684 5131 formas
2724 5074 3038 5131 in‘matcria
3084 5078 3332 5146 percipit,
3377 5074 3684 5144 imaginatio

2091 5158 2239 5201 extra
2265 5145 2543 5202 materiam
2573 5164 2587 5202 :
2612 5157 2665 5201 et
2691 5162 2753 5201 ea
2783 5148 2862 5200 vis
2887 5162 3006 5216 qua:
3032 5145 3267 5202 exterius
3291 5145 3538 5209 formata,
3561 5160 3684 5199 sen-

2091 5232 2183 5271 sus
2206 5217 2418 5280 dicitur,
2439 5216 2627 5271 eadem
2655 5232 2821 5286 usque
2846 5218 2912 5269 ad
2942 5218 3184 5270 intimutn
3208 5216 3470 5282 traducta,
3500 5216 3687 5286 imagi-

2095 5287 2240 5342 natio
2270 5297 2514 5341 vocatur.
2544 5286 2856 5356 ltnaginatio
2888 5302 3114 5355 namque
3141 5287 3207 5341 de
3231 5303 3391 5342 sensu
3418 5287 3608 5351 oritur,
3631 5294 3713 5341 et.

2095 5357 2387 5412 secundum
2409 5357 2525 5427 ejus
2550 5357 2891 5412 diversitates
2914 5359 3079 5426 ipsius
3098 5373 3309 5427 quoque
3334 5366 3417 5413 est
3441 5357 3684 5411 variatio.
3710 5408 3713 5409 ν

2095 5428 2257 5484 Multa
2306 5426 2451 5484 videt
2491 5428 2668 5483 anima
2712 5428 3017 5483 carnalibus
3059 5426 3271 5498 oculis,
3319 5428 3483 5483 multa
3526 5426 3722 5485 etiam;

2166 5602 2181 5634 ι
2218 5597 2437 5650 Nonnulli
2460 5605 2588 5657 Mss,
2611 5595 2849 5648 Rationale
2872 5611 2983 5649 vero
3004 5605 3235 5651 nostrum.

2165 5662 2187 5730 ἓ
2221 5661 2597 5730 ωῖιὶνέηῖθνεηεο
2779 5719 2791 5730 .
2832 5719 2841 5730 .

2169 5724 2190 5755 ³
2224 5723 2342 5773 Fditi
2366 5723 2443 5771 hic
2464 5732 2514 5772 et
2532 5734 2664 5781 mox,
2683 5723 2879 5785 recipit.

2166 5785 2245 5847 (ni
2270 5790 2333 5832 Ex
2352 5784 2644 5847 Cassiodoro,
2663 5783 2728 5833 de
2748 5782 2907 5833 Anima
2926 5822 2938 5844 ,
2966 5797 3102 5847 capp.
3134 5787 3177 5843 l,
3207 5786 3235 5835 7
3256 5799 3269 5843 ;
3306 5792 3431 5833 Isaac
3452 5796 3512 5847 ex
3538 5782 3709 5847 Stella

2118 5862 2177 5932 ex
2206 5846 2415 5932 “agnito
2434 5846 2499 5895 de
2524 5847 2706 5897 unione
2730 5859 2830 5909 cor;
2846 5848 2944 5896 oris
2962 5855 3011 5897 et
3028 5844 3247 5910 spiritus,
3278 5844 3580 5897 et-Micellau-
3610 5844 3695 5897 lib.

2120 5912 2246 5969 Litt.
2281 5912 2381 5958 io‘J.
