4106 6492
462 383 584 458 787,

467 498 788 563 phantastica
833 491 1475 567 itnagtnatione‘concipit
1513 507 1539 567 Ξ
1570 497 1623 542 01
1665 487 1874 567 ubique
1896 487 2044 555 quasi

469 557 773 622 diffunditur
796 567 834 625 ί,
867 557 1126 626 movetur,
1157 557 1482 630 erigitur.iet
1508 559 1763 612 fluctuare
1793 557 2002 630 videtur
2031 573 2042 607 :

465 653 567 691 non
599 655 626 690 a
658 652 715 690 se
743 634 1162 708 egrediengsed
1192 627 1553 698 iii—semetipsa
1579 639 1825 708 tanquam
1856 627 1908 708 in
1933 644 2048 708 11111-

463 722 564 776 μιο
595 697 906 779 percurrens
933 697 1478 779 spatiopet-vagatur;
1504 709 1554 752 et
1582 699 1820 779 notrexit
1843 697 2040 779 adilia,

461 769 554 832 sed
584 769 894 829 tractatibus
921 769 1030 830 suis
1056 769 1154 828 sibi
1186 774 1268 826 illa
1297 769 1662 833 reprmsentat.
1691 769 1855 820 11111101
1880 769 2045 835 siqni-

459 847 578 900 dem
611 848 662 898 iu
695 861 753 899 se
780 847 928 914 quasi
956 844 1235 910 quamdam
1270 841 1630 914 latitudinem,
1661 838 2041 906 longitudinem

457 926 510 968 et
551 911 903 988 altitudinem.
941 915 1075 988 Nam
1110 931 1203 982 per
1235 913 1545 988 charitatetn
1585 911 1744 988 1101101
1776 918 1829 962 01
1858 922 2044 988 (nones

459 988 558 1038 sibi
590 987 772 1040 lidelcs
801 980 1200 1054 complectitur;
1240 999 1333 1051 per
1368 980 1763 1054 meditationem
1796 980 2040 1030 universa

459 1073 578 1124 quae
607 1074 634 1107 a
670 1050 936 1124 principio
964 1056 1143 1108 mundi
1175 1050 1342 1121 usque
1371 1053 1623 1124 adfinem
1661 1050 1796 1102 Deus
1826 1059 2044 1117 propter

459 1121 684 1179 salutem
708 1121 941 1179 nostram
965 1137 1212 1192 operatus
1237 1134 1318 1177 est
1343 1121 1657 1182 meditatur;
1684 1135 1778 1188 per
1799 1129 2041 1192 contem-

460 1198 745 1264 plationem
785 1213 904 1264 quia
946 1190 1151 1249 sursum
1196 1204 1317 1247 sunt
1356 1192 1590 1246 coelestia
1631 1190 2038 1255 contemplatur.

461 1265 615 1318 ltatio
642 1276 723 1318 est
748 1282 809 1320 ea
839 1268 916 1319 vis
943 1268 1151 1320 animze.
1181 1281 1299 1332 qua:
1328 1277 1505 1315 rerum
1536 1274 1912 1332 Corporcarum
1943 1275 2038 1310 na-

460 1346 624 1399 turas,
657 1336 870 1393 formas.
906 1329 1249 1397 differentias,
1285 1333 1494 1409 propria
1521 1340 1572 1382 et
1597 1329 1884 1382 accidentia
1915 1345 2035 1409 per:

458 1406 586 1472 cipit
619 1425 631 1460 :
659 1407 832 1460 omnia
869 1408 1196 1470 incorporea,
1229 1403 1321 1457 sed
1354 1418 1456 1455 non
1487 1411 1635 1454 extra
1664 1415 1907 1472 corpora,
1940 1403 2037 1450 nisi

459 1476 663 1529 ratione
683 1477 1040 1529 subsistentia.
1067 1474 1336 1528 Abstrahit
1357 1474 1494 1525 cnim
1519 1487 1548 1523 a
1570 1471 1900 1538 corporibus.
1921 1484 2038 1536 111110

458 1544 744 1598 fundantur
773 1548 821 1598 in
853 1547 1182 1615 corpm'ihus,
1215 1559 1317 1596 non
1349 1544 1576 1602 actione,
1605 1540 1698 1593 sed
1729 1540 2034 1615 considera:

459 1617 620 1674 tione.
651 1616 844 1669 Natura
875 1609 1100 1684 namque
1127 1615 1290 1682 ipsius
1315 1611 1867 1684 corporisisecundum
1896 1609 2035 1678 quod

456 1701 616 1760 otntte
655 1703 846 1754 corpus
881 1703 1071 1754 corpus
1108 1695 1223 1750 est,
1261 1684 1458 1736 nullum
1483 1683 2033 1760 mugire-corpus.est.

459 1751 844 1831 intellectusea
876 1758 952 1831 vis
978 1751 1169 1808 animm
1195 1763 1296 1831 est,
1332 1768 1451 1823 qua:
1481 1751 1761 1806 invisibilia
1795 1751 2034 1831 percipit,

454 1825 590 1878 sicut
616 1828 866 1896 Angelos,
894 1827 1184 1890 dmmones,
1213 1826 1437 1896 animas,
1468 1832 1521 1877 et
1549 1837 1759 1876 omnem
1790 1825 2032 1896 Spintum

452 1891 1090 1966 creatumilntelligentia
1127 1911 1188 1948 ea
1224 1896 1303 1966 vis
1331 1894 1814 1966 animie_est,_qn:e
1844 1891 2033 1943 imme-

451 1965 593 2020 diate
629 1961 944 2035 Sttpponitui‘
987 1968 1093 2021 Iteo
1123 1983 1137 2020 :
1164 1965 1335 2019 cernit
1374 1961 1644 2035 siquidem
1663 1963 1842 2035 ipsum
1884 1976 2033 2035 sum-

452 2051 596 2088 mum
624 2031 804 2090 verum
831 2047 885 2090 et
922 2052 1045 2090 vere
1081 2035 1588 2089 incommutabilem.
1619 2032 1707 2086 Sic
1737 2031 1893 2098 igitur
1920 2031 2034 2084 ani-

453 2120 535 2176 ma
580 2121 736 2159 sensu
782 2107 1000 2176 percipit
1039 2120 1295 2174 corpora,
1336 2103 1710 2172 imaginatione
1747 2115 2029 2176 corporum

451 2172 855 2239 similitudines,
902 2172 1109 2231 ratione
1138 2172 1428 2242 corporum
1475 2182 1722 2232 naturas,
1762 2172 2030 2224 intellectu

449 2245 692 2312 spiritum
730 2257 1003 2309 creatum,
1047 2246 1384 2313 intelligentia
1428 2245 1670 2310 Spiritum
1718 2242 2027 2294 incrcatum.

452 2315 515 2367 Et
538 2317 790 2393 quidquid
826 2332 1013 2393 sensus
1049 2317 1294 2393 percipit,
1322 2315 1627 2393 imaginatio
1661 2321 2026 2393 repraasentat,

446 2383 700 2462 cogitatio
729 2389 954 2462 format,
985 2383 1252 2462 ingenium
1283 2386 1594 2462 investigat,
1627 2383 1764 2462 ratio
1791 2383 2025 2462 judicat,

447 2453 702 2511 memoria
723 2467 918 2522 servat,
943 2453 1239 2511 intellectus
1260 2465 1488 2523 separat,
1514 2453 1855 2521 i:.telligentia
1877 2468 2026 2505 com-

449 2528 746 2591 prehendit,
778 2537 833 2582 et
860 2528 924 2582 ad
954 2528 1351 2581 meditationem
1388 2525 1499 2579 sive
1527 2524 2025 2590 Contemplationem

443 2595 674 2650 adducit.
701 2597 969 2663 Ingenium
995 2607 1080 2652 est
1104 2598 1182 2651 vis
1202 2613 1263 2650 ea
1290 2595 1501 2657 animae,
1525 2594 1636 2647 sive
1661 2593 1902 2658 intentio,
1925 2609 2024 2661 qua

443 2666 617 2718 anima
645 2683 703 2722 se
728 2668 964 2722 extendit
989 2677 1042 2722 et
1070 2668 1318 2722 exercet'
1343 2666 1409 2718 ad
1437 2663 1822 2731 incognitarum
1849 2665 2028 2731 cogni-

445 2735 664 2807 tionem.
694 2737 964 2807 Ingenium
1002 2738 1262 2807 siquidem
1301 2735 1533 2807 exquirit
1563 2734 1824 2807 incognita
1847 2774 1860 2796 ,
1893 2735 2026 2807 ratio

441 2805 697 2860 discernit
718 2802 952 2874 iuventa,
977 2802 1232 2860 meinoria
1255 2802 1496 2859 recondit
1514 2803 1768 2874 judieata,
1792 2812 1844 2874 et
1868 2802 2027 2874 offert

441 2875 614 2929 adhuc
645 2871 950 2946 judicandaL
982 2878 1069 2932 Sic
1101 2879 1158 2930 lit
1195 2889 1447 2929 ascensus
1479 2874 1562 2946 ab_
1585 2871 1921 2946 inferioribus
1957 2873 2023 2925 ad

439 2941 716 3013 superiora
741 2988 754 3009 ,
794 2957 850 3000 et
890 2947 994 3000 ima
1032 2963 1061 3000 a
1095 2946 1318 3000 summis
1360 2943 1678 3011 dependent.
1723 2941 2024 3013 Intellectus

440 3011 670 3085 namque
689 3015 930 3084 qttmdam
955 3019 1126 3085 imago
1147 3025 1201 3068 et
1227 3014 1515 3085 similitudo
1537 3011 1898 3085 intelligentia:
1918 3023 2019 3085 est,

439 3082 944 3152 ratio'intellcctus,
977 3082 1198 3140 rationis
1233 3082 2020 3154 [11100108110111118111111118.-ουί

438 3156 597 3208 etiam
619 3151 1184 3224 supremumeorporis
1205 3151 1417 3222 corpus,
1444 3153 1494 3206 id
1516 3161 1616 3224 est,
1642 3151 1776 3220 ignis
1795 3151 2020 3221 quadam

437 3224 784 3280 similitudine
804 3223 1061 3295 jungitur,
1081 3234 1135 3280 et
1155 3224 1258 3293 igni
1281 3239 1395 3286 aer,
1419 3223 1776 3295 0100111111011,
1800 3230 2022 3295 et_aqu:e

440 3303 602 3348 terra.
627 3292 828 3348 Sensus
852 3292 1102 3349 informat
1127 3292 1573 3362 imaginationem.
1604 3292 1906 3360 imaginatio
1935 3307 2022 3346 ra-

441 3364 660 3430 tionem,
686 3365 911 3434 facitque
931 3366 1066 3420 ratio
1089 3361 1362 3418 scientiam
1385 3365 1498 3417 sive
1514 3361 1869 3434 prudentiam.
1893 3362 2024 3416 Rur-

437 3448 554 3487 sum
578 3435 766 3488 rationi
791 3433 1077 3490 occurrens
1097 3435 1268 3487 divina
1292 3434 1589 3503 prudentia,
1613 3433 1861 3503 informat
1877 3447 2016 3494 eam,

435 3511 493 3557 et
521 3504 645 3558 facit
679 3505 1078 3570 intelligentiam
1116 3505 1230 3558 sive
1264 3502 1598 3572 sapientiam.
1629 3502 1724 3555 Est
1763 3503 1937 3569 itaque
1968 3503 2017 3557 in

436 3575 641 3645 ratione
669 3576 918 3645 quiddam
947 3575 1011 3629 ad
1041 3589 1271 3641 superna
1297 3571 1350 3628 et
1371 3575 1610 3645 coalestia
1638 3571 1939 3645 intendens,
1967 3583 2020 3627 et

439 3643 490 3696 id
520 3643 713 3715 dicitur
737 3647 1028 3715 sapientia;
1059 3653 1114 3715 et
1137 3653 1225 3715 est
1259 3644 1506 3712 quiddam
1537 3643 1601 3715 ad
1639 3643 1942 3715 transitoria
1965 3653 2020 3696 et

435 3713 630 3768 caduca
665 3711 983 3785 respiciens.
1017 3723 1071 3769 et
1101 3713 1151 3768 id
1180 3711 1399 3768 vocatur
1433 3713 1732 3785 prudentia.
1766 3711 2019 3785 llmcduo

433 3799 498 3836 ex
530 3786 732 3840 ratione
754 3783 898 3849 80111,
929 3796 982 3840 et
1005 3787 1056 3839 in
1087 3786 1289 3839 ratione
1312 3784 1631 3838 consistunt.
1663 3783 1731 3836 Et
1751 3783 1936 3835 dividit
1960 3797 2019 3836 se

433 3855 568 3907 ratio
597 3856 644 3908 in
673 3856 798 3921 duo,
823 3858 1022 3911 scilicet
1049 3857 1099 3909 in
1126 3870 1368 3910 seorsum
1395 3862 1450 3908 et
1472 3853 1719 3908 deorsum
1746 3867 1758 3904 :
1783 3867 2011 3917 sursum,

434 3924 488 3976 in
513 3926 861 3994 sapientiam;
891 3928 1162 3993 deorsum,
1192 3927 1242 3979 in
1276 3925 1642 3994 prudentiam;
1673 3924 1820 3992 quasi
1853 3924 1906 3976 in
1935 3925 2014 3976 vi-

433 4009 550 4046 rum
581 4007 633 4049 et
662 3998 958 4061 mulierem,
989 4005 1046 4050 ut
1077 3997 1158 4050 vir
1185 3997 1252 4050 sit
1281 3996 1524 4063 superior
1546 4003 1599 4048 et
1627 4003 1793 4057 regat,
1826 3995 2018 4048 mulier

433 4063 654 4119 inferior
679 4078 733 4119 et
770 4077 998 4136 regatur.
1034 4065 1184 4122 Unde
1215 4066 1412 4120 dictum
1447 4075 1529 4117 est
1546 4083 1576 4136 ε
1607 4064 1788 4136 Melior
1815 4075 1887 4117 est
1913 4065 2016 4136 ini-

431 4136 596 4208 quitas
622 4137 716 4208 viri
733 4177 750 4201 ,
775 4134 926 4208 quam
951 4137 1264 4208 benefaciens
1292 4137 1470 4208 mulier
1501 4137 1519 4208 (
1531 4134 1828 4208 Ecquam
1848 4175 1862 4197 ,
1896 4135 2012 4204 14).

434 4203 620 4258 Melior
643 4203 899 4274 siquidem
921 4203 1110 4276 estqui
1139 4223 1232 4275 per
1249 4207 1470 4260 caeleste
1491 4205 1809 4276 desiderium
1836 4203 2018 4276 accen-

434 4290 544 4339 sus,
579 4273 792 4330 carnem
824 4273 1121 4331 necessaria
1142 4273 1308 4331 etiam
1339 4277 1385 4330 ei
1420 4274 1780 4328 subtrahendo
1804 4273 2011 4343 afﬂigit,

433 4359 589 4409 quam
612 4345 702 4414 qui
730 4361 824 4414 per
845 4349 1112 4400 carnalem
1137 4345 1383 4401 affectum
1413 4345 1699 4414 resolutus,
1725 4359 1820 4412 per
1838 4345 2014 4399 omnia

433 4428 552 4482 quae
577 4413 857 4470 commoda
883 4425 1006 4470 sunt
1030 4417 1078 4470 ei
1106 4417 1412 4470 satisfacere
1439 4413 1729 4468 contendit.

504 4483 728 4540 CAPUT
765 4485 878 4539 Xll.
909 4486 1100 4540 Sensus
1119 4496 1162 4539 et
1179 4487 1290 4556 ejus
1319 4501 1465 4554 Opus.
1499 4485 1580 4553 (α)
1623 4482 1824 4556 sensus
1863 4484 2015 4554 juva-

435 4563 522 4607 tur
545 4556 810 4616 exterius;
862 4557 984 4624 quia
1011 4554 1209 4610 oculus
1230 4556 1424 4616 carnis,
1465 4554 1708 4623 quamvis
1734 4571 1797 4608 ex
1826 4564 2012 4610 natura

435 4624 739 4679 facultatem
773 4626 985 4680 videndi
1034 4625 1248 4690 habeat,
1289 4640 1558 4693 nunquam
1589 4633 1762 4677 tamen
1812 4640 1906 4693 per
1955 4643 2012 4681 se

429 4697 778 4765 consequitur
804 4697 1085 4758 visionem,
1111 4712 1207 4751 nec
1238 4696 1382 4748 auris
1402 4694 1638 4748 auditum
1667 4695 1770 4748 nisi
1812 4711 1875 4748 ex
1921 4696 2012 4750 be-

431 4768 622 4819 01111οἰ0
667 4767 948 4822 exterioris
1001 4766 1136 4820 lucis
1175 4775 1229 4819 et
1275 4766 1412 4818 soni.
1459 4765 1766 4833 lmaginatio
1797 4765 2012 4831 juvatur

429 4837 662 4891 exterius
680 4837 730 4898 ³;
750 4837 872 4906 quia
901 4853 965 4891 ex
992 4837 1332 4891 sensibilibus
1347 4837 1663 4906 concipitur.
1683 4835 1976 4904 Ratiojnva
1991 4867 2006 4876 -

432 4915 516 4976 tur
561 4905 818 4973 interius;
867 4908 986 4976 quia
1044 4909 1143 4961 etsi
1184 4908 1399 4976 spiritus
1445 4905 1719 4960 rationalis
1757 4922 1821 4960 ex
1866 4907 2010 4960 dono

431 4975 698 5032 Creatoris
727 4975 915 5033 habilis
939 4987 1023 5033 est
1055 4977 1132 5032 ad.
1147 4976 1573 5045 cognoscendum
1602 4991 1784 5029 verum
1812 4987 1864 5029 et
1891 4977 2008 5030 dili-

428 5049 656 5112 gendum
687 5049 902 5115 bonum,
931 5059 1106 5103 tamen
1145 5049 1245 5102 nisi
1275 5047 1545 5102 interioris
1564 5047 1696 5100 lucis
1722 5047 1870 5102 radio
1897 5049 2008 5102 fue-

427 5117 498 5169 rit
529 5117 773 5186 perfusus
798 5128 852 5174 et
880 5120 1058 5174 calore
1086 5134 1394 5179 succensus,
1429 5133 1695 5185 nunquam
1726 5119 2009 5187 consequi-

429 5195 515 5259 tur
555 5190 829 5259 sapientia:
867 5192 1225 5259 cognitionem
1272 5189 1357 5243 vel
1409 5189 1684 5242 charitatis
1735 5189 2004 5242 affectum.

427 5254 793 5328 intellectuset
812 5254 1150 5328 inteliigentia
1168 5261 1420 5328 juvantnr
1432 5259 1703 5328 superius;
1728 5261 1847 5328 quia
1867 5260 2009 5313 Deus

431 5325 568 5400 ignis
593 5337 648 5380 et
673 5328 760 5382 lux
798 5340 876 5383 est
921 5325 1139 5400 (1301111.
1171 5325 1212 5391 1,
1259 5331 1336 5394 5).
1367 5331 1479 5383 Lux
1499 5325 1638 5395 ergo
1663 5325 2005 5398 splendorem

428 5398 679 5451 cmittens
719 5413 785 5452 ex
826 5415 906 5467 se,
933 5398 1092 5469 quem
1134 5401 1331 5455 retinet
1374 5401 1428 5453 in
1457 5415 1536 5467 se,
1566 5402 1826 5455 illuminat
1846 5401 2002 5455 intel-

491 5574 507 5602 ¹
547 5579 672 5630 Mss,
697 5567 1004 5634 distenditur.
1016 5631 1027 5634 _
1188 5630 1194 5634 _

491 5635 510 5664 ²
547 5634 697 5689 Alias,
719 5631 932 5696 exserit;
952 5631 1029 5696 vel
1049 5666 1072 5696 ,_
1087 5631 1296 5696 excitat._

493 5697 510 5727 ³
548 5702 593 5743 111
621 5703 702 5742 ts.:
736 5692 1018 5754 tmaginatio
1045 5691 1244 5752 juvatur
1279 5691 1494 5752 interius.
1519 5699 1594 5740 Er.
1623 5693 1768 5752 Lugd.
1808 5698 1904 5740 Ven
1956 5702 2006 5744 et

429 5764 535 5804 Iuv.
560 5760 713 5806 Set'tttt
737 5769 918 5805 smnus.
986 5761 1043 5803 11.

491 5822 562 5878 tu)
583 5827 642 5867 t’ix
669 5821 794 5871 lsaac
821 5818 1353 5879 Stellensi,etttugone
1375 5828 1422 5861 in
1446 5827 1550 5874 cap.
1582 5817 1600 5865 1
1630 5822 1759 5872 Luc”
1786 5819 1830 5871 ᾖ,
1869 5822 1932 5866 17,

1905 374 2125 427 ΑΡΡΕΝ
2137 373 2270 428 DIX.

3637 381 3739 438 733

2159 486 2426 557 ligentiam
2457 485 2521 538 ad
2539 487 2894 554 Cognitionem
2911 487 3164 542 veritatis.
3196 487 3470 557 lgnisvero
3495 491 3732 546 calorem

2153 556 2222 609 de
2258 571 2316 610 se
2342 557 2608 620 emittens,
2630 558 2721 609 sed
2754 572 2858 610 non
2880 559 3148 623 amittens,
3181 556 3734 615 inflammatalfectum

2154 626 2218 678 ad
2249 641 2486 679 amorem
2514 626 2738 678 virtutis.
2776 628 2841 681 Et
2868 629 3005 682 sicut
3047 629 3214 683 solem
3245 646 3346 682 non
3380 631 3522 684 videt
3547 635 3733 686 oculus

2154 697 2253 749 nisi
2303 697 2354 749 in
2407 696 2605 750 lumine
2643 696 2803 760 solis;
2836 699 2912 751 sic
2945 715 3126 752 verum
3157 715 3218 753 ac
3259 700 3492 753 divinum
3551 702 3731 757 lumen

2153 782 2258 838 non
2283 768 2476 838 poterit
2500 766 2839 838 intelligentia
2871 768 3050 822 videre
3083 769 3180 822 nisi
3206 770 3254 822 in
3289 771 3453 838 ipsius
3502 771 3728 827 lumine.

2152 835 2390 900 Domine,
2431 837 2602 903 inquit
2645 837 2919 904 propheta,
2960 839 3013 891 in
3035 840 3222 892 lumine
3242 835 3327 892 tuo
3356 841 3728 896 videbimust

2152 923 2261 958 men
2287 906 2455 975 (Psal.
2481 922 2642 969 xxxv,
2672 908 2784 976 10).
2807 907 2939 962 Cum
2958 909 3098 962 enim
3129 911 3350 963 mortale
3374 911 3472 964 hoc
3499 913 3730 968 indm-rit

2152 977 2634 1038 immortalitatem,
2661 987 2715 1047 et
2744 980 3088 1047 corruptibile
3131 979 3232 1034 hoc
3272 981 3498 1035 induerit
3548 983 3725 1036 incor-

2149 1047 2546 1120 ruptibilitatem
2578 1046 2759 1120 (l‘Cor.
2785 1063 2884 1120 xv,
2909 1046 3024 1118 ⁷51),
3063 1061 3187 1103 tunc
3227 1063 3402 1104 mente
3431 1052 3629 1120 pariter
3670 1066 3726 1107 et

2147 1131 2372 1185 corpore
2411 1117 2710 1186 spirituales
2740 1117 2933 1185 eﬂ'ecti,
2981 1117 3271 1173 Secundum
3316 1117 3583 1174 modulum
3618 1139 3717 1176 no-

2146 1198 2314 1242 strum
2357 1203 2451 1256 per
2481 1187 2675 1242 mentis
2702 1187 3139 1242 illtnninatitmem
3176 1194 3351 1244 omnia
3385 1193 3636 1253 sciemus,
3666 1202 3724 1246 et

2147 1273 2243 1330 per
2266 1259 2514 1330 corporis
2531 1258 2946 1330 incorruptibilis
2974 1261 3238 1314 levitatem
3267 1262 3459 1328 ubique
3486 1277 3604 1315 esse
3629 1279 3722 1330 po-

2145 1328 2386 1401 terimus.
2425 1327 2729 1382 Volabimus
2751 1337 2926 1401 mente
2964 1345 3057 1397 per
3081 1327 3600 1401 contemplationem,
3625 1327 3720 1384 vo-

2144 1398 2370 1452 labimus
2398 1407 2450 1452 et
2479 1413 2703 1466 corpore
2734 1413 2828 1466 per
2857 1398 3323 1468 incorruptionem.
3352 1402 3721 1458 DiSCt‘l‘llt'llillS

2145 1478 2320 1522 mente
2343 1509 2358 1532 ,
2409 1469 2772 1522 discernemus
2796 1478 2848 1522 et
2876 1485 3101 1538 corpore
3124 1512 3137 1533 ,
3189 1486 3308 1526 cum
3340 1487 3526 1525 sensus
3552 1476 3717 1526 no~tri

2142 1539 2384 1606 corporei
2417 1547 2686 1592 vertentur
2715 1539 2766 1591 in
2798 1542 3077 1605 rationem,
3110 1542 3240 1594 ratio
3272 1543 3323 1594 in
3370 1542 3714 1608 intellectum,

2144 1607 2442 1680 intellectus
2489 1609 2551 1680 ini,
2592 1609 3021 1678 intelligentiam,
3068 1611 3408 1680 intelligentia
3455 1612 3509 1664 in
3550 1607 3714 1666 Deum

2143 1679 2490 1750 mutabitur}.
2522 1679 2944 1750 Settsurvisihilia
2976 1679 3356 1750 percipiuntur,
3383 1683 3433 1735 in
3461 1683 3716 1748 imagina-

2142 1752 2283 1820 tione
2311 1749 2648 1802 mntinentnr
2670 1749 2950 1804 visibilium
2974 1749 3228 1820 imagines
3248 1762 3301 1806 et
3320 1752 3712 1819 similitudines,

2139 1819 2202 1870 ad
2232 1820 2484 1872 rationem
2507 1822 2772 1887 pertinent
2801 1819 3095 1874 visibilium
3109 1824 3339 1875 rationes
3368 1833 3420 1876 et
3446 1821 3710 1876 definitio-

2138 1899 2312 1959 neset
2340 1889 2677 1942 invisibilium
2706 1889 3157 1959 investigationes,
3189 1892 3256 1945 ad
3303 1893 3624 1946 intellectum
3655 1901 3709 1946 et

2137 1957 2531 2026 intelligentiam
2558 1969 2798 2027 spectant
2825 1957 3172 2028 spiritualium
3191 1972 3242 2016 et
3263 1961 3558 2016 divinormn
3575 1980 3710 2015 com-

2137 2029 2518 2098 prehensiones
2563 2040 2616 2082 et
2676 2033 3166 2098 centemplationes.
3218 2032 3417 2086 Sensus
3469 2047 3597 2086 vero
3659 2043 3712 2087 et

2137 2097 2442 2168 imaginatio
2467 2099 2533 2152 ad
2565 2101 2820 2154 rationem
2848 2097 2951 2154 non
2979 2103 3288 2165 ascendunt,
3323 2102 3416 2156 sed
3455 2102 3584 2156 infra
3627 2119 3711 2156 re-

2136 2180 2410 2241 manentes
2435 2185 2552 2241 eam
2583 2171 2914 2237 aliquatenus
2933 2171 3194 2226 deducere
3217 2181 3454 2241 possunt,
3479 2182 3533 2226 et
3560 2175 3708 2241 quasi

2133 2254 2162 2290 a
2196 2240 2350 2308 lovge
2370 2238 2610 2311 quatdam
2641 2241 2941 2311 ostendere,
2969 2243 3031 2295 ad
3059 2258 3176 2311 qua:
3204 2238 3305 2295 non
3337 2252 3554 2311 possunt
3579 2238 3708 2311 iper-

2132 2312 2336 2363 venire.
2367 2309 2536 2365 Simili
2562 2310 2786 2378 quadam
2823 2309 3162 2378 proltortione
3188 2309 3508 2367 intellectum
3538 2309 3596 2366 et
3631 2314 3708 2365 in-

2134 2380 2475 2449 telligentiam
2505 2383 2639 2433 ratio
2660 2381 2848 2448 juvare
2870 2390 3062 2449 potest,
3091 2383 3182 2436 sed
3212 2383 3276 2436 ad
3305 2392 3498 2436 statum
3523 2398 3707 2437 eorum

2134 2465 2237 2522 non
2266 2452 2406 2522 valet
2426 2450 2735 2514 ascendere,
2759 2452 3007 2520 quoniam
3039 2463 3208 2506 metas
3231 2467 3356 2506 snas
3383 2463 3433 2506 et
3467 2454 3710 2522 proprios

2132 2520 2470 2593 tineshabet,
2495 2535 2627 2589 quos
2653 2522 3029 2576 transcendere
3051 2539 3154 2576 non
3179 2531 3371 2593 potest.
3401 2520 3624 2578 Sensum
3656 2533 3709 2577 et

2131 2589 2562 2660 imaginationem
2601 2605 2721 2644 cum
2771 2593 2978 2645 caneris
3019 2589 3333 2647 anittialibtts
3372 2608 3706 2647 communem

2132 2660 2388 2714 habemus
2420 2677 2435 2714 :
2469 2661 2651 2714 vident
2675 2661 2934 2729 siquidem
2969 2663 3212 2720 visibilia.
3241 2672 3295 2717 et
3341 2664 3572 2716 visorum
3611 2678 3698 2716 re-

2129 2731 2432 2784 cordantur.
2467 2731 2521 2783 In
2550 2731 3032 2800 quibusrknnetiam
3052 2735 3293 2787 sensibus
3307 2748 3401 2786 nos
3420 2744 3704 2798 superant:

2127 2802 2376 2872 quoniam
2402 2801 2603 2870 justum
2631 2800 2726 2854 fuit
2755 2809 2812 2854 ut
2834 2801 2998 2855 brutis
3039 2803 3378 2866 animalibus,
3410 2804 3599 2872 quibus
3631 2804 3706 2858 nil

2128 2869 2358 2924 dandum
2390 2869 2504 2925 erat
2530 2872 2580 2924 in
2605 2872 2900 2935 intellectu,
2929 2872 3128 2941 aliquid
3146 2874 3380 2942 amplius
3405 2869 3622 2926 daretur
3653 2875 3705 2927 in

2128 2954 2310 2994 sensu.
2336 2943 2402 2994 Et
2423 2957 2454 2994 e
2476 2943 2746 2996 contrario
2771 2952 2920 2995 tanto
2941 2945 3112 3008 major
3140 2945 3430 2997 necessitas
3457 2944 3707 2998 indicitur

2128 3009 2327 3082 homini
2358 3012 2667 3064 exercendae
2693 3013 2930 3077 rationis,
2949 3021 3146 3081 quanto
3168 3014 3421 3082 majorem
3439 3013 3704 3068 defectum

2127 3081 2324 3152 patitur
2349 3083 2731 3152 sensualitatis.
2767 3082 2919 3136 Ratio
2948 3093 3125 3138 autem
3162 3081 3286 3138 inde
3317 3085 3518 3152 incipit,
3561 3083 3704 3138 unde

2125 3150 2322 3219 aliquid
2360 3151 2609 3215 occurrit,
2644 3152 2784 3221 quod
2830 3152 2982 3206 nobis
3006 3168 3126 3208 cum
3154 3150 3472 3209 animalibus
3497 3169 3602 3207 non
3635 3155 3707 3209 sit

2125 3235 2426 3292 commune.
2443 3223 2693 3288 Qumdam
2711 3236 2840 3290 ergo
2856 3235 2979 3276 sunt
3001 3223 3132 3277 infra
3156 3225 3438 3288 rationem,
3460 3225 3704 3292 0111011100

2121 3292 2268 3359 jtuta
2299 3291 2580 3356 rationem,
2613 3292 2853 3359 qua-dam
2876 3308 3035 3362 supra
3063 3300 3342 3348 rationem.
3375 3291 3511 3347 Infra
3541 3296 3705 3347 ratio-

2125 3377 2255 3432 nem
2273 3372 2394 3415 sunt
2423 3378 2543 3431 quae
2567 3377 2725 3417 sensu
2745 3363 3086 3432 percipimus,
3111 3364 3246 3418 sicut
3273 3365 3403 3418 dura
3423 3374 3478 3419 et
3501 3365 3701 3430 mollia,

2123 3423 2293 3502 calida
2330 3441 2382 3486 et
2407 3423 2615 3500 frigida,
2647 3423 2870 3486 candida
2893 3423 2951 3487 et
2978 3423 3158 3502 nigra,
3189 3434 3365 3489 dulcia
3402 3444 3458 3490 et
3499 3423 3701 3488 amara;

2122 3501 2280 3556 Juxta
2321 3502 2596 3573 rationem
2651 3513 2777 3556 sunt
2826 3513 2880 3557 et
2936 3501 3114 3571 pervia
3163 3505 3385 3567 rationi,
3435 3520 3553 3573 quae
3613 3521 3704 3559 ra-

2125 3573 2266 3624 tione
2293 3572 2630 3641 percipimus.
2650 3574 2785 3627 sicut
2814 3573 3089 3628 commoda
3117 3584 3170 3626 et
3196 3572 3551 3639 incommoda,
3577 3590 3703 3628 vera

2123 3651 2176 3696 et
2226 3641 2376 3706 falsa,
2403 3641 2542 3710 justa
2579 3653 2630 3696 et
2653 3643 2870 3710 injusta.
2904 3644 3059 3698 Ratio
3083 3645 3341 3712 siquidem
3372 3655 3454 3698 est
3483 3645 3700 3712 quidam

2122 3712 2284 3765 animi
2313 3723 2507 3778 motus,
2531 3713 2701 3768 visum
2727 3715 2746 3744 ³
2779 3716 2971 3768 mentis
2995 3729 3214 3779 acuens,
3247 3731 3476 3782 veraque
3501 3731 3530 3768 a
3558 3715 3702 3769 falsis

2123 3782 2470 3851 distinguens.
2507 3782 2676 3852 Supra
2710 3784 2969 3838 rationem
2998 3793 3255 3853 suntquae
3283 3801 3380 3840 nec
3407 3787 3705 3838 sensusdo-

2122 3861 2227 3920 cet,
2261 3867 2360 3906 nec
2410 3853 2544 3906 ratio
2589 3855 2893 3919 persuadet,
2936 3854 3032 3908 sed
3061 3865 3152 3908 aut
3178 3856 3358 3908 divina
3383 3855 3702 3910 revelatione

2121 3922 2677 3992 Comprehenduntur,
2716 3934 2804 3978 aut
2831 3924 3132 3986 divinarum
3163 3927 3556 3993 Scripturarum
3608 3941 3704 3978 au-

2121 3995 2365 4046 ctoritate
2392 3994 2700 4058 creduntur,
2757 3995 2893 4048 sicut
2919 3995 3090 4049 Deum
3146 3996 3195 4048 in
3252 4011 3356 4050 una
3405 3996 3702 4050 substantia

2123 4065 2338 4122 trinum,
2383 4073 2435 4115 et
2471 4065 2522 4116 in
2557 4065 2724 4117 tribus
2767 4065 3010 4132 personis
3057 4066 3476 4120 substantialiter
3515 4081 3700 4120 unum.

2124 4134 2266 4187 Dens
2292 4134 2551 4202 siquidem
2581 4143 2662 4187 est
2688 4150 2864 4188 rerum
2893 4135 3229 4200 universitas,
3272 4137 3341 4190 ita
3385 4136 3526 4204 quod
3557 4138 3702 4190 nulla

2121 4203 2486 4269 singularum:
2521 4214 2574 4257 et
2617 4205 2736 4258 ideo
2782 4205 3014 4259 motibus
3043 4207 3262 4260 rationis
3300 4203 3414 4260 non
3434 4206 3698 4275 subjacet,

2120 4275 2241 4344 quia
2265 4277 2409 4344 ratio
2431 4284 2640 4344 nonest
2667 4275 2766 4328 nisi
2799 4275 2864 4329 de
2894 4291 2952 4330 re
2980 4276 3175 4344 aliqua.

2189 4345 2272 4398 CA
2284 4343 2578 4416 PUT__Xlll.
2598 4345 2794 4398 Auimw
2819 4343 3335 4413 deﬁnitio.iActiones.
3359 4345 3700 4416 Simplicitas.

2119 4413 2384 4486 Potentiaz.
2418 4413 2558 4468 Vires
2597 4415 2699 4485 (α).
2732 4417 2921 4470 Anima
2947 4427 3028 4470 est
3054 4419 3270 4486 Spiritus
3298 4413 3698 4481 intellectualis,

2118 4485 2414 4548 rationalis,
2460 4500 2674 4553 semper
2709 4486 2908 4548 vivens,
2964 4485 3176 4554 semper
3224 4488 3275 4540 in
3318 4497 3497 4552 motu,
3546 4487 3702 4542 bane:

2117 4557 2376 4624 ntalzeque
2423 4557 2711 4609 voluntatis
2739 4572 2905 4624 capax
2936 4573 2948 4608 :
2983 4558 3273 4611 secundum
3319 4557 3699 4624 benignitatem

2115 4625 2386 4680 Creatoris
2411 4635 2570 4695 atque
2607 4627 2898 4680 secundum
2937 4628 3016 4681 sui
3047 4629 3227 4697 operis
3253 4629 3484 4680 officium
3539 4629 3701 4681 variis

2116 4707 2451 4766 nuncupatur
2479 4697 2802 4750 noniinibus.
2831 4698 3034 4751 Dicitur
3087 4713 3317 4767 namque
3344 4698 3540 4762 anima,
3571 4697 3698 4750 dum

2115 4777 2354 4834 vegetat;
2405 4768 2654 4834 spiritus,
2699 4767 2824 4820 dum
2869 4769 3296 4836 contemplatur:
3327 4785 3540 4833 sensus,
3571 4767 3699 4822 dum

2116 4840 2312 4908 sentit;
2357 4839 2586 4900 aninms,
2633 4837 2759 4890 dum
2807 4840 2976 4907 sapit;
3019 4839 3144 4891 dmn
3187 4839 3452 4908 intelligit,
3508 4854 3699 4901 mens;

2114 4907 2239 4961 dum
2263 4907 2537 4971 discernit,
2568 4909 2732 4970 ratio;
2751 4908 2873 4960 dum
2905 4909 3232 4968 recordatur,
3259 4907 3544 4972 memoria;
3571 4908 3700 4962 dum

2114 4981 2399 5040 0008011111,
2424 4978 2688 5032 voluntas.
2721 4979 2820 5032 Ista
2850 4987 3024 5032 tamen
3055 4995 3163 5033 non
3188 4980 3440 5033 dill'erunt
3483 4981 3533 5032 in
3565 4980 3698 5033 sub-

2115 5047 2791 5120 stantia,quemadmodum
2817 5049 2868 5102 in
2893 5050 3224 5116 nominibus;
3253 5052 3503 5119 quoniam
3517 5050 3697 5104 omnia

2179 5201 2195 5233 ί
2233 5201 2315 5250 llic
2350 5207 2432 5249 1118.
2472 5199 2798 5262 Medardeusis
2838 5201 2988 5250 habet
3025 5201 3281 5262 iiitenecta
3318 5201 3484 5250 isthzec
3507 5201 3697 5251 verba:

2114 5262 2406 5330 (laudamus
2453 5275 2596 5330 super
2632 5260 2788 5320 illud,
2842 5272 3065 5330 Numero,
3116 5260 3336 5330 pendere
3365 5270 3408 5310 et
3456 5276 3702 5314 mensura.

2116 5333 2336 5373 Mensura
2356 5323 2476 5372 inest
2511 5323 2686 5372 anima:
2708 5325 2970 5385 secundum
3002 5323 3139 5372 suum
3167 5323 3511 5385 capacitatem;
3540 5337 3702 5374 nume-

2116 5399 2199 5434 rus
2232 5393 2406 5441 autent,
2433 5389 2696 5433 secundum
2721 5383 2891 5434 ririuut
2914 5383 3247 5446 0111111101ηηί
3281 5385 3701 5446 numerositatem;

2115 5447 2319 5510 penum,
2345 5448 2606 5510 secundum
2625 5446 2888 5510 appetitum
2912 5447 2968 5510 in
2990 5445 3045 5496 id
3060 5450 3202 5510 quod
3226 5447 3444 5510 attendit.
3474 5455 3524 5495 Et
3550 5445 3700 5510 omnia

2115 5507 2276 5558 anima
2301 5507 2544 5556 rationalis
2571 5507 2721 5555 tribus
2743 5507 2980 5568 pctentiis,
2999 5507 3199 5565 scilicet,
3217 5507 3462 5568 memoria,
3486 5508 3698 5560 comitio.

2117 5573 2349 5632 voluntate
2381 5569 2626 5628 subsistit;
2650 5570 2819 5632 quibus
2861 5582 3020 5632 capax
3060 5577 3128 5619 est
3161 5567 3349 5619 muneri
3389 5583 3628 5619 mensura:
3660 5582 3702 5620 rt

2116 5633 2283 5695 pendet
2299 5631 2356 5680 iv.

2182 5695 2200 5724 ³
2236 5694 2420 5752 Aliquot
2443 5698 2572 5748 Mss"
2597 5704 2801 5740 sensum.
3524 5741 3530 5748 ,

2178 5755 2249 5816 (0)
2299 5754 2548 5816 Α10011108,
2593 5752 2656 5798 de
2681 5754 2872 5816 natione
2903 5763 3078 5801 ammte
3096 5767 3109 5816 ;
3135 5761 3268 5815 ungo
3299 5754 3457 5804 Erudit
3518 5753 3700 5806 didasc.

2121 5814 2202 5864 lib.
2230 5812 2276 5875 Ξ,
2300 5830 2402 5878 cap.
2429 5813 2480 5870 5.
2498 5812 2841 5863 etlsaaca‘tcil.
