4106 6570
382 455 500 508 78'3-

384 570 482 622 ista
512 581 614 621 una
643 566 816 622 anima
838 573 920 634 est
944 581 956 616 :
982 560 1331 634 proprietates
1360 560 1572 634 quidem
1602 560 1850 621 diversaa,
1871 559 1966 614 sed

381 638 615 692 essentia
659 652 780 689 una.
817 632 870 687 in
909 632 1095 701 Spiritu
1127 640 1301 685 tamen
1341 639 1393 684 et
1419 631 1594 684 anima
1638 638 1828 701 potest
1845 645 1970 684 esse

381 707 709 768 ilitl‘erentia;
761 704 881 773 quia
911 699 1084 756 omnis
1125 702 1298 755 anima
1326 710 1424 773 est_
1459 702 1696 773 spiritus,
1737 699 1831 754 sed
1863 716 1970 773 non

381 779 559 832 omnis
586 770 801 844 spiritus
827 777 1120 828 estanitna.
1144 773 1365 844 Anima:
1395 771 1631 844 duplices
1659 778 1783 824 sunt
1805 770 1969 824 actio-

385 863 502 902 nes.
540 841 657 901 Alio
708 859 938 913 namque
967 843 1190 898 consilio
1219 842 1438 910 erigitur
1486 842 1553 895 ad
1591 841 1779 913 Deum,
1810 850 1971 913 at_quo

383 919 490 970 alio
517 918 802 970 inclinatur
827 908 892 968 ad
919 929 1158 968 carnem.
1191 908 1479 967 lnclinatur
1507 919 1685 965 autem
1711 910 1808 964 sic.
1836 908 1968 964 (lum

381 988 453 1044 sit
481 987 695 1042 subtilis
719 997 773 1040 et
798 984 1100 1042 invisibilis,
1133 982 1297 1036 videri
1340 997 1444 1035 non
1498 988 1695 1048 potest.
1745 979 1838 1034 sed
1871 995 1969 1049 per

384 1059 650 1127 potentias
695 1071 822 1110 suas
848 1070 908 1110 se
949 1053 1188 1127 extendit
1216 1062 1269 1109 et
1295 1052 1559 1127 ostendit.
1586 1051 1691 1127 Per
1716 1051 1967 1118 concupi-

383 1121 723 1183 scibilitatem
763 1140 992 1195 namque
1015 1124 1235 1195 appetit,
1256 1139 1350 1192 per
1389 1121 1804 1195 irascibilitaietti
1833 1136 1965 1195 cou-

383 1199 594 1263 tetnnit,
627 1213 720 1265 per
751 1190 1163 1265 rationalita'temi
1197 1190 1336 1265 inter
1365 1202 1652 1265 utrumque
1687 1190 1964 1265 discernit.

381 1268 515 1322 Tota
564 1261 756 1322 animae
797 1266 1024 1320 essentia
1072 1265 1124 1318 in
1155 1264 1237 1318 his
1282 1263 1533 1330 potentiis
1563 1261 1673 1315 Suis
1699 1261 1963 1330 consistit,

381 1354 482 1394 nec
503 1354 612 1419 per
621 1345 813 1419 partes
827 1335 1096 1419 dividitur2
1120 1349 1240 1419 cum
1261 1329 1484 1419 Simplex
1508 1334 1578 1386 sit
1593 1344 1646 1419 ei
1665 1329 1931 1419 individua
1949 1348 1962 1384 :

379 1419 433 1462 et
473 1403 527 1461 si
567 1403 850 1475 aliquando
881 1415 1058 1474 partes
1086 1404 1281 1458 habere
1321 1403 1516 1475 dicitur
1544 1403 1749 1475 ratione
1782 1403 1966 1475 potius

377 1471 760 1541 similitudinis,
807 1471 964 1543 quam
991 1477 1212 1528 veritate
1240 1473 1641 1541 compositionis
1671 1471 1966 1543 intelligen-

375 1549 504 1602 dum
537 1561 636 1604 est.
670 1541 901 1615 Simplex
928 1545 1218 1615 substantia
1247 1543 1540 1607 estanima,
1565 1541 1964 1615 necaliud,__ne_c

378 1620 559 1672 minus
581 1626 663 1672 est
691 1610 826 1671 ratio
855 1617 905 1669 in
931 1613 1223 1670 substantia
1255 1629 1411 1683 quam
1435 1615 1629 1675 anima;
1661 1626 1757 1665 nec
1794 1610 1957 1676 aliud,

377 1704 480 1766 nec
511 1689 794 1766 minus_est
816 1685 1146 1766 irascibilitas
1165 1684 1246 1738 vel
1264 1683 1754 1766 _coucupiscibilita_s
1800 1696 1962 1766 quam

371 1759 586 1812 anima:
616 1758 709 1812 sed
747 1772 850 1810 una
879 1756 1169 1824 eademque
1197 1751 1496 1824 substantia?
1538 1751 1828 1824 secundum
1877 1751 1961 1806 di-

375 1843 564 1883 versas
593 1829 854 1895 potentias
881 1823 1095 1880 diversa
1120 1824 1341 1895 sortitur
1356 1823 1628 1895 vocabula.
1651 1823 1757 1876 Has
1780 1830 1962 1895 poten-

375 1901 481 1952 tias
513 1891 670 1953 habet
695 1907 979 1966 antequam
1009 1894 1220 1966 corpori
1243 1893 1550 1966 misceatur.
1577 1891 1856 1966 Nat_urales
1882 1893 1959 1945 si-

370 1969 588 2035 quidem
617 1978 738 2022 suut
767 1963 964 2032 ei,_nec
984 1963 1276 2035 aliudsunt
1303 1980 1461 2035 quam
1493 1965 1625 2033 ipsa.
1650 1963 1781 2016 Tota
1809 1977 1958 2035 nam-

371 2031 482 2107 que
511 2039 703 2092 anima:
733 2037 1024 2091 substantia
1039 2035 1099 2107 in
1134 2034 1219 2107 his
1240 2031 1406 2087 tribus
1436 2031 1587 2107 plena
1622 2042 1678 2107 e_t_
1704 2031 1956 2107 perfecta

369 2103 639 2170 consistit,
672 2107 720 2162 id
740 2117 840 2171 est,
867 2107 916 2160 in
949 2105 1328 2167 rationalitate,
1357 2103 1867 2173 concupiscibilitate
1903 2112 1956 2157 et

369 2177 754 2241 irascibilitate,
786 2177 934 2247 quasi
965 2175 1190 2245 quadam
1212 2189 1306 2229 sua
1335 2171 1565 2247 trinitate
1579 2181 1676 2247 ;_et
1705 2171 1955 2247 totaihtec

370 2250 584 2302 trinitas
623 2256 706 2303 est
755 2243 996 2316 quzedani
1040 2247 1234 2299 animae
1265 2246 1556 2316 unitas,_et
1591 2244 1703 2312 ipsa
1751 2243 1948 2316 anima.

372 2320 516 2373 Deus
543 2328 625 2372 est
652 2311 830 2372 omnia
857 2332 974 2383 sua,
1029 2325 1084 2370 et
1131 2316 1308 2369 anima
1336 2313 1578 2385 quaadam
1614 2311 1741 2385 sua.
1784 2311 1954 2368 Habet

364 2387 633 2458 siquidem
655 2389 936 2458 naturalia,
969 2394 1023 2441 et
1050 2386 1162 2455 ipsa
1188 2382 1371 2458 omnia
1392 2394 1490 2440 est.
1508 2382 1775 2458 _I_’o_tenti:n
1796 2398 1950 2458 nam-

364 2453 475 2527 que
496 2458 611 2528 ejus
639 2469 692 2513 et
721 2459 860 2513 vires
887 2456 1041 2528 idem
1055 2453 1178 2510 sunt
1198 2455 1338 2524 quod
1361 2455 1675 2528 ipsa.llabet
1702 2453 1950 2507 acciden-

365 2524 595 2596 t'alia,'et
615 2528 726 2598 ipsa
759 2543 861 2582 non
886 2536 986 2583 est.
1017 2526 1140 2583 Sua:
1159 2527 1301 2598 vires
1328 2534 1433 2598 est,
1458 2539 1569 2579 suae
1598 2524 1823 2577 virtutes
1844 2539 1950 2598 non

363 2609 473 2653 est.
504 2593 648 2652 ’Non'
693 2599 836 2652 enim
885 2607 967 2653 est
1003 2612 1096 2651 sua
1122 2597 1420 2666 prudentia,
1452 2609 1546 2648 sua
1579 2593 1947 2664 temperantia,

361 2684 464 2722 sua
492 2667 769 2734 fortitudo,
800 2683 894 2722 sua
919 2667 1145 2737 justitia.
1168 2667 1427 2721 Potentiae
1454 2666 1644 2737 anima;
1672 2673 1947 2737 suntlhra-

363 2739 670 2804 tionalitas,
722 2733 1244 2808 cancupiscibilitas,
1297 2744 1351 2791 et
1390 2734 1767 2808 irascibil_itas:_
1792 2733 1948 2788 Vires

361 2819 509 2870 sunt,
538 2823 747 2876 sensus,
781 2804 1103 2879 imaginatio,
1130 2807 1284 2871 ratio,
1310 2804 1944 2879 memoria,_inteilectus,

362 2873 741 2948 intelligentia.
786 2873 1043 2934 Poténtiae
1095 2887 1273 2932 tamen
1303 2883 1530 2947 possunt
1556 2873 1659 2930 dici
1699 2875 1861 2941 vires,
1894 2883 1950 2928 et

359 2950 506 3004 vires
536 2950 804 3017 potentian

435 3013 662 3075 CAPUT
700 3018 840 3074 XIV.
887 3017 1084 3072 Anima:
1137 3027 1185 3071 et
1236 3017 1462 3086 corporis
1517 3015 1758 3069 amicitia.
1817 3013 1951 3086 Cone

351 3091 666 3161 junctiones_
701 3099 800 3161 tres
815 3089 996 3161 imirie.
1059 3085 1491 3161 Quod__corporis
1550 3087 1762 3161 bonum,
1809 3085 1951 3161 quod

361 3155 570 3214 animm.
600 3158 677 3230 (a)
707 3159 1032 3226 Quibusdam
1068 3155 1425 3230 affectibus'e}
1452 3156 1679 3227 quadam
1718 3155 1947 3230 amicitia

356 3234 538 3284 anima
577 3225 788 3299 corpori
817 3230 1176 3298 coniungitur,
1217 3225 1509 3299 secundum
1556 3241 1714 3299 quam
1763 3225 1949 3279 amici-

358 3301 490 3354 tiam
513 3297 1092 3355 nemo'carnem’suam
1113 3299 1236 3354 odio
1265 3298 1442 3352 habet.
1471 3297 1679 3351 Sociata
1721 3310 1948 3365 namque

358 3371 465 3435 illi,
500 3371 624 3425 licet
653 3371 770 3440 ejus
798 3371 1053 3440 societate
1081 3377 1460 3439 prargravetur,
1487 3367 1739 3421 ineffabili
1769 3375 1944 3440 tamen

358 3440 671 3495 conditione
685 3435 874 3511 'di'ligit
903 3439 1052 3504 illud;
1078 3435 1222 3511 amat
1245 3453 1516 3511 carcerem
1539 3451 1716 3511 suum,
1748 3445 1803 3490 et
1825 3435 1946 3490 ideo

357 3511 528 3564 libera
553 3526 671 3566 esse
717 3507 822 3566 non
865 3518 1061 3578 potest.
1109 3509 1390 3563 Dolor-ibus
1435 3510 1552 3577 ejus
1600 3507 1948 3561 vehementer

355 3581 609 3635 aflicitnr.
636 3580 906 3634 Formidat
930 3580 1226 3642 interitum,
1257 3594 1375 3648 qua:
1396 3578 1533 3631 mori
1587 3593 1692 3631 non
1746 3584 1942 3648 potest.

356 3651 535 3704 Timet
561 3650 822 3705 delectum
849 3666 967 3719 quae
997 3666 1094 3717 per
1131 3645 1374 3702 naturam
1397 3663 1502 3702 non
1549 3656 1732 3719 potest
1750 3645 1948 3719 defice-

358 3736 440 3776 re.
467 3720 754 3775 Oculorum
783 3716 1088 3789 depascitur
1129 3719 1491 3789 speculatione
1511 3760 1525 3783 ,
1556 3716 1944 3789 sonorisdele-

353 3799 535 3845 ctatur
581 3786 871 3855 anditibus,
912 3786 1242 3844 suavissimis
1286 3787 1606 3856 jucundatnr
1647 3786 1940 3852 odoribus,

359 3862 506 3932 larga
530 3862 834 3931 epulatione
866 3860 1120 3915 reﬁcitur.
1168 3859 1236 3912 Et
1262 3860 1385 3913 licet
1412 3858 1495 3912 his
1523 3857 1682 3932 reb__u_s_
1711 3856 1941 3932 nullate:

358 3926 468 3984 nus
497 3926 610 4000 ipsa
657 3940 856 3994 utatur,
898 3932 1043 4000 gravi
1081 3940 1257 3984 tamen
1305 3944 1535 3984 interere
1580 3926 1853 4000 afﬂigitur,
1891 3927 1940 4000 si

355 3997 757 4055 subtrahantur.
781 3997 923 4056 llinc
943 4002 1100 4055 etiam
1131 4015 1507 4068 nonnunquam
1537 3998 1832 4068 subrepunt
1855 3997 1935 4068 vi-

357 4074 426 4124 tia
452 4073 718 4127 contraria
749 4071 961 4136 rationi,
989 4072 1111 4126 dum
1157 4073 1334 4124 anima
1362 4067 1557 4123 dilecto
1598 4067 1808 4137 corpori
1860 4067 1942 4121 in-

352 4143 659 4212 dulgentius
681 4141 1022 4203 remittendo,
1051 4143 1222 4195 locutn
1252 4140 1490 4212 noscitur
1528 4137 1789 4212 praebere
1808 4151 1939 4206 pec-

351 4207 495 4266 cato.
531 4213 632 4267 Per
661 4228 851 4267 sensus
871 4227 1083 4282 quoque
1130 4209 1470 4282 progreditur
1521 4207 1697 4262 anima
1727 4207 1793 4262 ad
1821 4221 1941 4262 cor-

352 4299 453 4350 pus
483 4283 803 4337 movendum
821 4280 1298 4337 efvivilicandum.
1331 4280 1533 4334 Novem
1563 4293 1793 4350 namque
1813 4287 1940 4333 sunt

353 4349 614 4406 foramina
647 4355 698 4406 in
723 4353 955 4408 humano
983 4367 1206 4421 corpore
1226 4393 1241 4417 ,
1265 4351 1458 4417 quibus
1489 4349 1796 4421 secundum
1845 4363 1940 4402 na-

355 4423 582 4478 turalem
606 4419 1116 4492 contemperantiam
1164 4421 1336 4476 inﬂuit
1361 4430 1415 4475 et
1444 4419 1614 4492 efﬂuit
1641 4434 1803 4476 omne
1826 4435 1938 4492 quo

351 4492 491 4545 idem
520 4509 717 4564 corpus
743 4490 1019 4564 vegetatur
1044 4505 1097 4547 et
1127 4492 1512 4564 regiturLSunt
1540 4491 1699 4544 etiam
1734 4490 1938 4544 utrius-

347 4579 454 4632 que
478 4561 721 4633 quaadam
753 4561 1230 4631 similia,corporis
1279 4561 1482 4617 scilicet
1529 4568 1939 4633 supremum,_et

349 4631 569 4699 spiritus
597 4634 886 4698 infirmum,
920 4634 973 4688 in
1003 4634 1194 4705 quibus
1239 4634 1356 4705 sine
1404 4642 1719 4705 naturarum
1750 4631 1936 4705 confu-

345 4705 520 4769 sione,
550 4705 820 4774 personali
858 4701 1037 4759 tamen
1068 4703 1264 4759 unione
1316 4703 1470 4774 facile
1525 4701 1770 4774 connecti
1810 4715 1933 4774 pos-

346 4784 492 4827 sunt.
519 4772 724 4829 Similia
754 4775 895 4828 enim
947 4774 1212 4828 similibus
1261 4773 1513 4844 gaudent.
1546 4772 1728 4841 Itaque
1757 4772 1935 4826 anima

344 4860 464 4911 qua:
494 4860 619 4899 vere
667 4846 884 4914 spiritus
909 4854 1012 4911 est,
1043 4854 1095 4900 et
1137 4861 1262 4899 caro
1289 4859 1408 4913 qum
1444 4858 1572 4898 vere
1605 4857 1800 4911 corpus
1819 4850 1932 4914 est,

345 4916 400 4967 in
421 4915 534 4969 suis
559 4912 985 4970 extremitatibus
1016 4915 1167 4969 facile
1212 4924 1266 4969 et
1308 4912 1696 4969 Vcenvenienter
1743 4912 1936 4966 uniun-

348 4995 458 5052 tur,
489 4985 539 5039 id
568 4994 670 5051 est,
706 4987 760 5040 in
791 4987 1124 5055 phantastico
1165 4987 1358 5039 animae
1384 5026 1399 5051 ,
1430 4985 1572 5054 quod
1601 4999 1798 5052 corpus
1829 4998 1933 5037 non

341 5065 448 5119 est,
478 5055 572 5110 sed
594 5057 772 5127 isimile
792 5059 1004 5127 corpori
1031 5073 1046 5123 ;
1075 5067 1151 5127 fet
1204 5057 1550 5127 sensualitate
1589 5055 1766 5108 carnis
1814 5069 1935 5122 qua:

341 5130 456 5180 fere
477 5126 694 5196 spiritus
727 5128 864 5190 est',
895 5126 1016 5196 quia
1041 5126 1158 5181 sine
1200 5128 1376 5180 anima
1427 5126 1542 5180 ﬁeri
1577 5141 1684 5178 non
1735 5132 1932 5193 potest.

339 5197 494 5268 Sicut
537 5198 680 5251 enim
724 5211 1030 5268 supremum
1076 5197 1289 5264 animte,
1325 5196 1376 5250 id
1422 5205 1531 5260 est,
1585 5196 1933 5268 intelligentia

335 5267 635 5339 sivemens
658 5266 941 5339 imaginem
968 5277 1023 5323 et
1054 5268 1456 5322 similitudinem
1501 5266 1634 5336 gerit
1658 5267 1739 5320 sui
1769 5281 1932 5339 supe-

341 5337 521 5401 rioris,
548 5338 598 5391 id
622 5349 704 5393 est
726 5336 838 5404 Dei,
875 5339 1014 5394 unde
1041 5351 1094 5394 et
1123 5339 1240 5408 ejus
1269 5339 1568 5406 susceptiva
1585 5351 1713 5408 esse
1737 5336 1928 5404 potuit,

334 5417 390 5461 ct
414 5408 480 5462 ad
514 5409 768 5464 unionem
805 5407 1330 5478 personalem’ctiam
1357 5449 1371 5470 .
1420 5407 1635 5476 quando
1670 5408 1784 5476 ipse
1835 5423 1931 5460 vo-

338 5479 465 5546 luit,
500 5480 702 5550 absque
726 5480 832 5535 ulla
864 5481 1227 5537 demutatione
1250 5489 1457 5534 natura:
1476 5478 1576 5532 fuit
1607 5487 1878 5547 assumpta
1913 5495 1928 5532 :

1832 5623 1923 5633 —-..._,

396 5663 414 5738 ξ
453 5669 554 5738 prio
576 5670 704 5738 διεςε,
723 5677 832 5738 (pta:
847 5663 1045 5738 spiritus
1066 5679 1322 5738 corporeus
1342 5674 1430 5719 est.

394 5723 468 5785 (a)
491 5727 697 5791 {fassiod
717 5723 783 5791 de
799 5723 977 5791 Anima,
996 5740 1133 5791 capp.
1151 5723 1251 5789 1,5;
1269 5736 1395 5779 Isaac
1409 5727 1543 5780 Stell.
1569 5728 1634 5778 de
1653 5727 1924 5791 Aleherum;

331 5786 622 5853 "ugoylijk?
641 5790 817 5853 lifudit.
843 5786 1020 5853 didase.
1045 5786 1149 5853 cap.
1176 5794 1223 5841 ὅ.
1241 5786 1313 5840 id.
1340 5793 1421 5841 lib.
1451 5793 1471 5841 l
1499 5792 1562 5840 de
1586 5800 1807 5845 Sacram,
1827 5790 1925 5853 pii,

329 5860 467 5908 tam).
505 5849 554 5905 δ,
587 5851 717 5912 5,6;
744 5851 807 5899 Id.
837 5849 1226 5913 rttiscellanflib.
1278 5855 1322 5913 1,
1366 5857 1437 5904 tit.
1485 5853 1590 5913 1-22,
1623 5854 1730 5911 120;
1759 5849 1836 5899 m.’
1863 5851 1927 5898 de

330 5889 554 5962 ςῖιυίὼίὲ
587 5889 807 5977 “satin”
835 5889 1102 5979 ιίῦῗὲἶᾝ
1136 5889 1226 5966 (ἶὲ
1245 5889 1730 5967 δὺἰωὶἱὶἑιιίξῖἰίῑιὶὲῗῖ
1749 5889 1924 5975 ἐξὲξ-η’ἱὶ

1453 447 1653 502 LIBER
1695 447 1780 500 DE
1820 446 2086 502 SPllllTU
2129 446 2217 502 ET
2257 447 2488 504 ANIMA.

3563 455 3681 510 τε)οα

2085 560 2163 615 sic
2177 565 2720 637 supremumcarnis,
2751 563 2800 621 id
2823 573 2934 629 est,
2965 565 3282 637 sensualitas
3323 567 3516 622 animae
3567 583 3663 637 ge—

2085 630 2628 705 renssimilitudinem
2656 633 2722 687 ad
2776 635 3108 705 personalem
3152 637 3404 690 unionem
3431 637 3546 705 ejus
3568 630 3664 690 Es-

2083 701 2307 754 sentiatn
2337 701 2608 770 suscipere
2632 701 2821 771 potest.
2854 703 2963 759 Nec
3005 706 3142 760 istud
3176 707 3366 760 mirum
3410 701 3512 771 est,
3539 722 3661 762 eum

2080 771 2242 846 etiam
2266 772 2329 846 in_
2344 785 2504 846 sensu
2530 781 2584 846 et
2605 775 2860 846 memoria
2903 776 3124 846 pecudis
3158 777 3228 830 sit
3261 777 3504 846 qumdam
3541 778 3660 830 imi-

2083 841 2210 895 tatio
2232 843 2624 914 rationalitatis,
2655 844 2784 898 etin
2811 841 3048 913 appetitu
3079 841 3365 902 voluntatis
3390 889 3407 914 ,
3439 857 3493 902 et
3520 848 3571 900 in
3598 847 3663 902 iis

2079 910 2859 986 qua:refugit,ireprobationis.
2884 910 3127 984 Spiritus
3184 910 3414 985 namque
3465 933 3662 986 corpo-

2078 994 2222 1062 reus,
2253 983 2341 1062 qui
2371 983 2554 1062 utique
2576 1000 2701 1062 ve_re
2726 994 2808 1040 est
2828 1001 3030 1062 corpus
3059 987 3098 1062 ί,
3138 996 3193 1062 e_t_
3219 983 3378 1062 sensu
3435 983 3662 1062 naturali

2079 1053 2218 1106 inter
2233 1053 2396 1127 multa
2418 1054 2690 1127 discernit,
2712 1065 2768 1110 et
2791 1057 2840 1109 vi
2873 1053 3398 1127 cobettpiscibilitatis
3417 1059 3583 1126 eligit,
3608 1065 3663 1112 et

2077 1135 2265 1176 natura
2295 1123 2677 1197 irascibililatis
2716 1126 2986 1197 reprobat.
3012 1123 3183 1182 liabet
3231 1123 3514 1197 siquidem'
3534 1143 3658 1182 cor-

2077 1206 2239 1268 porea
2259 1196 2360 1268 vita
2388 1195 2645 1264 quosdam
2694 1195 2888 1268 gradus
2931 1195 3376 1251 incrementorum
3404 1238 3420 1262 ,
3467 1198 3662 1266 quibus

2075 1262 2141 1337 ad
2163 1262 2446 1334 imaginem
2476 1262 2851 1337 summaa'vita:
2882 1269 3110 1336 prolicit.
3145 1268 3358 1322 Primus
3378 1262 3521 1322 enim
3543 1283 3663 1337 gra-

2075 1331 2174 1387 dus
2194 1331 2620 1407 corporezeviue
2665 1347 2749 1392 est
2799 1331 3145 1392 setisificatio.
3194 1337 3508 1402 Secundus,
3544 1331 3661 1407 "per

2074 1417 2289 1483 sensum
2309 1406 2611 1475 ingrediens
2633 1407 2959 1483 inlaginalio.
2996 1408 3232 1483 Tertius,
3282 1424 3376 1478 per
3404 1406 3660 1483 imagina-

2074 1479 2271 1528 tionem
2311 1485 2691 1545 conceptorum
2738 1479 3014 1532 memoria.
3038 1479 3308 1546 Quartus,
3364 1479 3658 1534 secundum

2072 1557 2323 1616 sensuum
2347 1547 2621 1614 passiones
2643 1547 2886 1616 quaedam
2930 1547 3048 1603 sine
3093 1549 3420 1605 discretione
3461 1549 3660 1604 intelli-

2069 1615 2264 1689 gentiae
2303 1615 2677 1685 providentia,
2725 1618 2782 1689 in
2830 1620 3189 1689 quaiquidem
3226 1620 3378 1689 quasi
3435 1619 3659 1674 rationis

2071 1683 2246 1759 imago
2264 1683 2453 1759 est,_et
2478 1689 2619 1742 nulla
2637 1688 2773 1742 ratio
2809 1683 2909 1742 εει.
2944 1683 3005 1743 1η’
3049 1690 3133 1744 his
3177 1683 3426 1746 omnibus
3465 1705 3663 1759 corpo-

2069 1770 2160 1809 rea
2187 1757 2291 1830 vita
2307 1757 2634 1830 spiritualem
2657 1759 2817 1812 vitam
2847 1759 3104 1830 imitatur.
3132 1761 3334 1825 Primo,
3364 1761 3493 1816 ineo
3513 1757 3654 1830 quod

2067 1826 2251 1901 sentit;
2283 1828 2535 1901 secundo,
2571 1829 2621 1882 in
2649 1844 2713 1884 eo
2741 1828 2883 1901 quod
2910 1843 3130 1886 sensum
3158 1831 3424 1901 concipit;
3473 1826 3652 1894 tertio,

2067 1895 2121 1976 in
2143 1911 2207 1976 eo
2232 1897 2371 1976 quod
2393 1907 2662 1976 concepta
2678 1895 2906 1976 retinei;
2955 1911 3165 1970 quarto,
3193 1900 3245 1976 in
3269 1895 3335 1955 eo
3359 1901 3502 1971 quod
3532 1901 3652 1976 sive

2065 1966 2119 2018 iu
2151 1966 2474 2042 imaginatis,
2507 1969 2620 2042 sive
2651 1970 2701 2023 in
2730 1966 2991 2042 sensibusi
3021 1971 3314 2042 secundum
3360 1966 3647 2042 quamdam

2068 2035 2289 2110 rationis
2311 2039 2715 2094 similitudinem
2741 2082 2756 2105 ,
2786 2041 2900 2110 sive
2929 2040 2996 2094 ad
3024 2035 3404 2110 appetendum,
3437 2043 3556 2096 sive
3583 2040 3650 2096 ad

2065 2104 2370 2185 liigiendum
2401 2124 2463 2185 se
2487 2104 2748 2185 inﬂectit.
2775 2104 3292 2185 Convenientissima
3317 2104 3500 2185 autem
3533 2125 3652 2167 me-

2061 2175 2146 2252 dia
2169 2187 2293 2252 sunt
2317 2179 2495 2252 carnis
2514 2189 2570 2235 et
2597 2180 2810 2252 animm,
2843 2182 3162 2252 sensualitas
3181 2183 3377 2247 carnis,
3402 2198 3520 2252 quae
3537 2196 3653 2237 ma-

2061 2245 2204 2323 xime
2227 2249 2362 2323 ignis
2381 2259 2463 2304 est
2474 2266 2519 2323 _;_
2548 2259 2604 2323 e_t
2635 2249 3027 2323 phantasticum
3061 2253 3301 2323 spiritus,
3331 2245 3436 2323 qui'
3465 2253 3653 2322 igneus

2059 2317 2210 2394 vigor
2233 2318 2447 2374 dicitur.
2474 2317 2705 2377 Unde'et
2726 2321 2942 2390 quidam
2988 2317 3213 2392 loquens
3260 2321 3327 2378 de
3349 2317 3650 2378 'animabus

2058 2395 2132 2440 all.
2155 2405 2170 2441 :
3143 2421 3150 2429 -

2179 2572 2356 2629 Igneus
2377 2571 2455 2617 est
2472 2565 2586 2617 ollis
2605 2567 2747 2631 vigor
2762 2574 2819 2631 et
2842 2567 3070 2631 emlestis
3087 2569 3243 2631 origo.

2674 2628 2694 2693 (
2718 2628 2962 2693 Virgilius,
2986 2628 3277 2681 maias.
3298 2629 3348 2691 6,
3372 2642 3497 2682 vers.
3511 2631 3646 2691 750.)

2129 2782 2258 2837 Mira
2287 2783 2515 2839 societas
2539 2786 2715 2839 carnis
2740 2791 2796 2839 et
2818 2784 3034 2848 animae,
3055 2783 3274 2849 spiritus
3295 2783 3416 2837 vita:
3448 2793 3506 2838 et
3532 2784 3642 2839 limi

2059 2862 2235 2907 terrm.
2267 2854 2356 2909 Sic
2375 2856 2516 2909 enim
2547 2856 2803 2923 scriptum
2829 2864 2932 2915 est,
2964 2852 3108 2907 Fecit
3136 2852 3276 2908 Deus
3302 2853 3554 2908 hominem
3580 2855 3644 2909 de

2057 2924 2177 2994 limo
2201 2933 2347 2978 teme
2370 2934 2450 2989 ;el
2475 2926 2739 2987 inspiravit
2763 2926 2816 2978 in
2838 2925 3019 2994 [aciem
3039 2925 3150 2991 ejus
3183 2923 3496 2994 spiraculum
3529 2926 3644 2980 vita:

2058 2992 2208 3076 (Gen:
2231 3010 2290 3076 u,
2306 2996 2360 3063 7)
2381 2995 2542 3076 :dans
2558 2997 2606 3076 ei
2623 2992 2844 3076 sensum
2855 3004 2914 3076 ei
2934 2992 3283 3076 intelleeit'g,
3311 3003 3375 3076 .ut
3397 3009 3494 3076 per
3518 3009 3642 3076 sen—

2056 3064 2172 3118 sum
2190 3065 2356 3118 lutum
2375 3067 2472 3121 sibi
2491 3067 2748 3120 sociatum
2776 3064 3087 3128 vivificaret,
3115 3072 3171 3119 et
3195 3064 3292 3134 p'er
3309 3064 3640 3121 intellectum

2056 3144 2264 3204 regeret
2291 3153 2317 3208 :7
2341 3145 2393 3191 et
2421 3145 2478 3190 ut
2519 3152 2640 3208 per,
2665 3136 2991 3208 intellectum
3015 3135 3158 3190 intus
3193 3135 3644 3208 ingrederetur-et

2055 3206 2644 3276 contemplaretur'Dei
2686 3206 3000 3276 sapientiam
3035 3215 3088 3260 et
3115 3220 3210 3275 per
3247 3219 3462 3276 sensum
3512 3207 3642 3261 foris

2054 3275 2416 3347 egrederetur,
2448 3290 2500 3333 et
2523 3275 2974 3347 contemplaretur
2989 3291 3149 3347 opera
3169 3275 3465 3347 sapientiae,
3485 3277 3642 3332 intcl-

2054 3345 2191 3400 lectu
2213 3346 2355 3402 intus
2373 3348 2674 3416 illustravit,
2697 3345 2857 3403 sensu
2877 3346 3005 3402 foris
3025 3345 3314 3412 decoravit,
3339 3355 3396 3400 ut
3417 3347 3469 3400 in
3489 3356 3640 3402 utro-

2053 3431 2158 3484 que
2176 3418 2522 3473 refectionem
2545 3419 2826 3484 inveniret,
2847 3420 2989 3472 intus
2999 3417 3065 3471 ad
3082 3417 3406 3482 felicitatem,
3423 3417 3552 3474 foris
3572 3418 3641 3473 ad

2047 3485 2453 3555 iucunditatem.
2481 3489 2588 3544 Sed
2611 3490 2733 3556 quia
2763 3490 2901 3543 bona
2931 3487 3194 3542 exteriora
3223 3487 3312 3543 diu
3353 3496 3499 3543 stare
3529 3503 3638 3544 non

2053 3567 2297 3624 possunt,
2317 3559 2498 3628 jussus
2518 3567 2602 3614 est
2627 3559 2788 3614 homo
2803 3560 2871 3614 ab
2890 3559 3246 3614 exterioribus
3274 3557 3341 3613 ad
3384 3558 3639 3614 interiora

2055 3628 2251 3692 redire,
2272 3639 2325 3682 et
2341 3630 2407 3683 ab
2421 3629 2765 3684 interioribus
2781 3629 2848 3683 ad
2864 3628 3140 3698 superiora
3162 3628 3475 3698 ascendere.
3498 3628 3641 3682 Tan-

2055 3706 2126 3770 gat
2151 3699 2412 3768 siquidem
2435 3700 2707 3770 dignitatis
2727 3708 2812 3755 est
2830 3697 3060 3770 humana
3081 3697 3337 3770 conditio,
3362 3699 3638 3770 utnullum

2051 3767 2250 3822 bonum
2287 3767 2801 3837 praeter'summum
2831 3769 2881 3822 ei
2925 3768 3176 3823 sufﬁcere
3198 3769 3383 3837 possit.
3415 3769 3636 3824 Plemun

2051 3837 2149 3910 fuit
2176 3839 2456 3910 miraculo,
2489 3839 2630 3910 quod
2663 3849 2767 3892 tam
2805 3838 3014 3910 diversa
3045 3847 3101 3893 et
3139 3848 3245 3910 tam
3273 3838 3441 3910 divisa
3463 3839 3531 3892 ab
3554 3841 3638 3893 in-

2051 3908 2240 3973 vicem,
2257 3909 2321 3962 ad
2341 3908 2566 3964 invicem
2587 3918 2871 3978 potuerunt
2893 3909 3164 3979 conjungi.
3194 3908 3305 3964 Nec
3329 3909 3508 3963 minus
3529 3911 3634 3963 mi—

2051 3979 2216 4033 rabile
2242 3979 2338 4033 fuit
2357 3979 2498 4049 quod
2523 3981 2650 4034 limo
2681 3987 2865 4034 nostro
2893 3980 3031 4033 Deus
3047 3995 3106 4034 se
3133 3981 3306 4048 ipsum
3333 3979 3630 4048 conjunxit,

2049 4057 2110 4102 ut
2135 4049 2234 4104 sibi
2267 4052 2493 4105 invicem
2525 4049 2806 4104 unirentur
2833 4049 2976 4105 Deus
3007 4059 3062 4104 et
3090 4050 3269 4112 liuius,
3308 4059 3452 4103 tanta
3479 4049 3639 4104 subli-

2049 4121 2226 4181 mitas,
2261 4129 2406 4175 tanta
2437 4121 2630 4175 vilitas.
2659 4119 2798 4174 Nihil
2823 4119 2966 4174 enim
2989 4128 3073 4175 est
3104 4120 3216 4175 Deo
3245 4119 3549 4186 sublimius,
3580 4129 3636 4176 et

2049 4191 2179 4244 nihil
2227 4192 2356 4245 limo
2385 4191 2563 4245 vilius.
2615 4191 2868 4245 Mirabilis
2914 4190 3015 4245 fuit
3058 4190 3365 4259 conjunctio
3416 4191 3587 4260 prima
3616 4234 3632 4258 ,

2049 4262 2307 4316 mirabilis
2335 4261 2664 4327 etsecunda,
2693 4275 2794 4316 nec
2819 4261 2999 4317 minus
3035 4261 3296 4316 mirabilis
3321 4263 3424 4317 erit
3445 4262 3598 4316 tertia
3616 4304 3632 4329 ,

2045 4348 2166 4403 cum
2193 4332 2355 4388 homo
2381 4342 2436 4388 et
2483 4333 2704 4403 angelus
2749 4341 2804 4386 et
2842 4332 3014 4394 Deus.
3060 4347 3199 4388 unus
3240 4333 3344 4387 erit
3386 4332 3630 4402 spiritus.

2046 4402 2246 4458 Eodem
2272 4419 2501 4474 namque
2530 4402 2673 4458 bono
2702 4404 2873 4458 bonus
2896 4411 2979 4458 est
3004 4403 3187 4468 homo,
3219 4419 3328 4473 quo
3353 4403 3526 4458 bonus
3552 4413 3636 4458 est

2044 4473 2285 4542 angelus,
2314 4474 2612 4545 eodemque
2643 4475 2784 4528 bono
2829 4482 3054 4544 uterque
3079 4484 3164 4530 est
3189 4477 3397 4541 beatus,
3453 4474 3498 4530 si
3550 4483 3631 4528 ta-

2044 4559 2168 4626 men
2192 4546 2350 4600 ambo
2373 4544 2605 4655 idigsum
2635 4545 2821 4600 eadem
2874 4545 3146 4600 voluntate
3175 4546 3474 4615 eodemque
3525 4547 3634 4615 spi-

2045 4624 2148 4655 rlhl
2177 4617 2394 4655 nnninnt
2450 4616 2503 4655 ,ἶ
2553 4615 2695 4655 ρηῖιιι
2742 4625 2850 4655 tam
2881 4616 3150 4655 ("enni-am
3183 4617 3360 4655 nni-nia
3413 4624 3466 4655 nl
3519 4617 3633 4655 nni-

2045 4615 2149 4669 ritu
2177 4617 2416 4685 cupiunt.
2449 4615 2507 4670 Si
2553 4615 2696 4670 enim
2742 4625 2850 4670 tam
2881 4616 3151 4686 diSparem
3183 4617 3360 4671 carnis
3413 4624 3470 4670 et
3517 4617 3633 4669 ani-

2045 4701 2146 4758 mae
2174 4697 2416 4741 naturam
2443 4687 2508 4742 ad
2531 4701 2690 4741 unam
2723 4687 3230 4742 confcederationem
3260 4697 3420 4758 atque
3445 4687 3631 4740 amici-

2047 4756 2172 4811 tiam
2227 4758 2364 4812 Deus
2415 4758 2744 4827 conjungere
2789 4758 2996 4827 potuit,
3047 4756 3378 4827 nequaquam
3428 4757 3534 4812 erit
3584 4758 3632 4810 ei

2045 4827 2377 4896 impossibile
2405 4830 2724 4883 rationalem
2765 4830 3035 4897 spiritum,
3070 4831 3164 4898 qui
3220 4843 3390 4898 usque
3415 4827 3480 4880 ad
3504 4843 3630 4881 con-

2044 4900 2266 4953 sortium
2295 4900 2493 4954 terreni
2515 4899 2755 4969 corporis
2783 4897 3103 4953 humiliatus
3117 4908 3200 4953 est
3227 4941 3240 4963 ,
3273 4897 3392 4969 eum
3437 4897 3628 4952 eodem

2043 4982 2270 5040 corpore
2298 4967 2700 5040 glorificato,'ut
2723 4969 2792 5022 sit
2817 4970 2867 5024 ei
2894 4969 3078 5038 gloriae
3106 4969 3248 5038 quod
3278 4967 3465 5040 fuitiei
3509 4981 3630 5022 sar-

2043 5038 2199 5105 cinae,
2229 5038 2650 5096 ad‘consortium
2669 5039 2945 5094 beatorum
2973 5040 3280 5108 spirituum,
3313 5039 3402 5107 qui
3451 5039 3503 5092 in
3534 5054 3627 5094 sua

2045 5111 2272 5177 puritate
2292 5112 2660 5181 perstiterunt,
2686 5110 2926 5164 exaltare
2962 5118 3026 5181 et
3045 5124 3215 5181 usque
3263 5111 3328 5162 ad
3357 5123 3468 5181 sua:
3512 5109 3627 5179 glo-

2043 5181 2136 5234 riae
2165 5179 2623 5251 participationem
2650 5181 2959 5234 sublimare.
3002 5179 3084 5233 Ad
3116 5181 3220 5232 hoc
3268 5179 3531 5248 siquidem
3563 5181 3627 5233 il-

2045 5253 2149 5305 lum
2175 5253 2287 5305 sola
2315 5251 2596 5316 charitate,
2619 5251 2761 5304 nulla
2801 5251 3124 5304 necessitate
3162 5252 3364 5305 creavit
3411 5251 3626 5304 Altissi-

2044 5337 2180 5384 mus,
2215 5332 2273 5376 ut
2298 5337 2409 5378 sum
2437 5321 2778 5376 beatitudinis
2807 5321 3116 5390 participem
3166 5320 3386 5376 faceret.
3419 5321 3474 5376 Si
3497 5336 3626 5392 ergo

2045 5403 2248 5446 tantum
2273 5392 2522 5462 gaudium
2548 5402 2601 5446 et
2627 5399 2771 5445 tanta
2804 5392 2981 5444 la'titia
3009 5400 3093 5449 est
3128 5392 3180 5446 in
3228 5394 3334 5446 vita
3365 5393 3462 5447 ista
3494 5402 3628 5446 tem-

2042 5463 2230 5532 porali,
2254 5480 2373 5533 quae
2398 5473 2608 5518 constat
2631 5477 2694 5516 ex
2724 5463 3004 5529 prtesentia
3048 5463 3268 5530 spiritus
3299 5464 3352 5516 in
3397 5479 3626 5533 corpore

2041 5535 2392 5604 corruptibili;
2424 5541 2622 5604 quanta
2646 5533 3195 5604 lmtitiaetquantutn
3223 5533 3474 5602 gaudium
3521 5535 3624 5589 erit

2043 5608 2094 5661 in
2119 5602 2225 5659 vita
2243 5602 2464 5670 (eterna,
2490 5619 2608 5673 qua:
2650 5602 2918 5657 constabit
2951 5619 3016 5656 ex
3067 5607 3350 5672 praesentia
3399 5605 3625 5661 Deitatis

2040 5678 2090 5730 in
2121 5677 2310 5746 spiritu
2340 5674 2628 5729 rationali?
2655 5674 2980 5741 Subjiciatur
3007 5689 3138 5743 ergo
3166 5691 3361 5744 corpus
3406 5677 3615 5738 animo.

2038 5747 2248 5803 animus
2279 5748 2425 5811 Deo;
2454 5754 2507 5801 et
2535 5760 2671 5801 unus
2715 5746 2934 5816 Spiritus
2984 5747 3087 5800 erit
3136 5763 3255 5802 cum
3295 5763 3359 5803 cu
3390 5765 3401 5800 :
3428 5747 3498 5802 ita
3543 5756 3618 5804 ω-

2103 5910 2115 5940 t
2155 5912 2397 5962 Duo:.!ss.,
2427 5900 2510 5970 qui
2541 5903 2700 5968 utique
2723 5915 2813 5955 non
2839 5909 2907 5955 est
2932 5903 3039 5955 vita:
3062 5915 3323 5965 corporea.
