4006 6530
449 437 544 493 ⁸791
835 438 841 443 ’
1896 424 2037 479 APPl

2148 425 2255 481 llx.

448 568 569 606 men
594 552 637 607 si
665 551 716 606 in
763 548 1059 605 humilitate
1106 544 1498 617 permanserit,
1546 550 1601 617 et
1649 540 1873 617 gratiam
1934 539 2014 592 sui

448 622 736 685 Creatoris,
770 636 863 691 per
892 634 1048 689 quam
1088 611 1402 674 exaltandus
1430 624 1485 670 et
1526 611 1903 685 gloriﬁcandus
1934 620 2017 664 est

448 693 737 761 agnoverit.

520 761 598 815 Ex
625 776 785 816 carne
804 771 858 816 et
883 761 1056 816 anima
1079 767 1289 816 constat
1307 758 1490 823 homo,
1523 763 1577 810 et
1603 762 1885 821 utrumque
1925 750 2022 804 bo-

448 847 573 903 num
596 847 748 886 suum
774 832 955 903 habet,
982 834 1032 885 in
1063 847 1171 903 quo
1194 822 1491 903 gaudet
1528 826 1781 903 casultat.
1818 822 2021 903 Boniom

450 902 641 953 anima:
668 912 750 957 est
769 892 1064 965 Deus,cum
1084 892 1360 955 'al‘lluentia
1398 896 1693 953 dulcedinis
1729 910 1893 965 Sine.“
1921 892 2023 965 Bo-

449 988 574 1024 num
598 974 773 1026 carnis
789 983 871 1027 est
897 963 1145 1033 mundus,
1170 988 1289 1026 cum
1335 968 1655 1024 abundantia
1680 963 2025 1033 jucunditatis

449 1055 581 1094 sine.
609 1039 711 1095 Sed
742 1042 970 1099 mundos
988 1044 1086 1097 iste
1106 1052 1187 1096 est
1206 1043 1456 1097 exterior.
1490 1039 1627 1091 Deus
1652 1046 1829 1089 autem
1885 1034 2024 1086 inte-

451 1127 581 1165 rior.
614 1112 753 1166 Nihil
778 1115 919 1168 enim
950 1128 1014 1169 eo
1044 1113 1288 1177 interius,
1329 1119 1383 1165 ct
1418 1107 1549 1163 nihil
1578 1121 1644 1161 eo
1687 1104 2022 1175 praesentius.

452 1182 677 1237 Interior
695 1192 778 1238 est
801 1184 943 1237 omni
975 1199 1052 1246 re,
1075 1185 1197 1253 quia
1225 1183 1275 1235 in
1308 1182 1423 1250 ipso
1463 1186 1586 1232 sunt
1616 1177 2021 1253 omnia_:_e1tte-

452 1253 563 1307 rior
589 1263 671 1307 est
693 1254 836 1308 omni
859 1244 1218 1325 retquia'ipse
1245 1244 1341 1306 est
1354 1264 1515 1318 super
1539 1246 1747 1325 omnia._
1785 1245 1869 1325 Ab
1919 1244 2021 1325 hoc

453 1338 583 1392 ergo
614 1324 812 1378 mundo
844 1315 1103 1378 ad’Dcum
1121 1315 1468 1386 revertentes,
1504 1329 1560 1373 et
1602 1317 1750 1392 quasi
1798 1315 1887 1392 ab_
1919 1315 2027 1392 imo

454 1384 666 1447 sursum
688 1394 1036 1449 ascendentes
1067 1410 1159 1462 per
1177 1384 1804 1464 nosmetipSOstransire
1822 1454 1835 1464 _
1856 1384 2024 1464 debe-

455 1478 594 1517 mus.
619 1466 922 1519 Ascendere
946 1454 1088 1518 enim
1123 1463 1187 1517 ad
1232 1454 1525 1525 Deum,'est
1551 1458 1750 1511 intrare
1771 1454 1838 1509 ad
1861 1469 1921 1509 se
1948 1454 2027 1522 ip—

455 1549 573 1606 sum
596 1551 610 1593 ;
630 1545 684 1589 et
705 1551 807 1606 non
835 1535 1005 1606 solum
1021 1533 1088 1606 ad
1114 1533 1387 1606 seintrare
1420 1572 1434 1593 ,
1465 1528 1558 1606 sed
1600 1526 1865 1606 ineﬂahili.
1894 1538 2028 1604 quo-

455 1602 578 1657 dam
607 1604 763 1658 modo
792 1605 843 1659 in
866 1604 1082 1665 intimis,
1108 1620 1167 1659 se
1193 1604 1361 1672 ipsum
1389 1599 1632 1655 transire.
1650 1597 1751 1672 Qui
1782 1597 1923 1650 enim
1948 1597 2029 1648 in-

459 1673 624 1728 terius
649 1675 847 1729 intrans
866 1684 920 1729 et
958 1668 1276 1729 intrinsecus
1300 1680 1584 1741 penetrans
1608 1683 1666 1741 se
1696 1668 2030 1741 ipsum_tran-

455 1744 683 1810 scendit,
730 1746 818 1800 ille
837 1746 1096 1799 veraciter
1124 1744 1189 1798 ad
1248 1735 1415 1797 Deum
1448 1735 1830 1810 ascendithb
1873 1735 2029 1804 hujus

456 1830 585 1883 ergo
603 1808 781 1868 mundi
809 1814 1239 1869 distractionibus
1277 1828 1371 1867 eor
1403 1819 1641 1883 nos_trut_n
1671 1808 1979 1876 colligamus
2012 1844 2028 1869 ,

456 1894 510 1939 et
525 1880 592 1938 ad
624 1885 872 1941 interiora
889 1885 1077 1954 gaudia
1107 1897 1446 1954 revocemus.
1484 1880 1618 1934 Etsi
1649 1885 2029 1954 _co_r__nos_trum

455 1969 671 2027 semper
693 1966 873 2010 tenere
890 1946 1006 2027 non
1035 1968 1317 2027 possumus
1336 1995 1350 2019 ,
1374 1951 1562 2006 saltem
1615 1948 1706 2027 ab__
1732 1946 1929 2027 illicitis
1977 1954 2033 2027 et

461 2016 612 2095 vanis
637 2016 1050 2095 cogitationibus
1083 2016 1463 2095 restringa'mos
1483 2062 1497 2084 ,
1528 2028 1585 2075 ut
1639 2016 1950 2095 aliquando_
1977 2016 2031 2070 in

457 2094 652 2148 divinae
680 2086 1141 2166 contemplationis
1170 2086 1368 2166 lumine
1396 2093 1555 2166 ﬁgere
1593 2086 1885 2166 valeamus.
1906 2086 2032 2141 llaec

461 2174 542 2218 est
565 2166 703 2235 enim
725 2159 933 2235 requies
953 2166 1128 2221 cordis
1155 2159 1491 2235 nostri,cuin
1522 2159 1704 2235 in__Dei
1730 2172 1912 2235 amore
1938 2172 2034 2226 per

459 2234 782 2307 desiderium
804 2228 1005 2307 'ligitur.
1028 2236 1152 2291 Haec
1184 2244 1268 2291 est
1316 2228 1421 2307 vita
1471 2229 1649 2287 cordis
1678 2228 1844 2283 nostri
1870 2269 1886 2293 ,
1908 2242 2030 2307 cum

464 2305 629 2359 Deum
657 2322 811 2361 suum
836 2298 1245 2376 contemplatur,
1299 2314 1364 2376 et
1405 2304 1515 2373 ipsa
1556 2316 1659 2376 sua
1702 2298 2032 2376 contempla:

462 2376 608 2430 tione
636 2378 868 2432 suaviter
892 2367 1145 2432 reﬁcitur.
1169 2367 1241 2431 Et
1276 2367 1440 2430 dulce
1464 2379 1546 2427 est
1586 2370 1662 2425 illi
1703 2383 1915 2432 semper
1967 2367 2034 2422 ad

461 2446 940 2511 considerandum,
971 2447 1112 2517 quod
1161 2446 1228 2501 ad
1279 2443 1560 2517 amandum
1614 2449 1667 2495 et
1714 2437 2034 2517 iaudandum

462 2531 675 2584 semper
696 2527 777 2572 est
801 2511 1153 2573 suavefNihil
1183 2517 1323 2571 enim
1345 2514 1410 2569 ad
1450 2515 1656 2568 beatam
1687 2511 1843 2584 vitam
1895 2524 2035 2577 pra:-

462 2580 689 2659 stantius
709 2587 935 2650 videtur,
959 2604 1117 2659 quam
1164 2587 1311 2659 velut
1354 2584 1550 2659 clausis
1582 2580 1880 2636 carnalibus
1906 2593 2033 2659 seu-

464 2656 611 2711 sibus
635 2667 780 2711 extra
816 2652 1031 2713 carnem
1074 2657 1438 2725 mundumque
1466 2652 1710 2708 ell'ectum
1734 2652 2035 2725 quempiam

466 2726 602 2779 intra
645 2730 988 2798 semetipsum
1016 2729 1275 2798 converti,
1327 2719 1665 2798 alienumque
1701 2719 1951 2798 eliectutn
2003 2733 2037 2774 a

464 2798 768 2852 mortalium
784 2791 1156 2859 cupiditatibus
1180 2797 1280 2854 sibi
1299 2797 1396 2850 soli
1414 2805 1468 2849 et
1502 2791 1614 2848 Deo
1645 2791 1807 2859 loqui.

535 2865 761 2924 CAPUT
792 2858 903 2923 xv.
928 2868 1128 2939 corpus
1164 2868 1253 2938 qui
1285 2866 1345 2918 ab
1390 2865 1565 2939 animi:
1597 2858 1819 2939 regqiur-
1846 2858 2038 2939 ϐονρρτ

464 2937 537 2991 ris
564 2938 1001 3009 compositio.sEx
1036 2929 1147 3009 ejus
1183 2929 1429 3009 temperie
1473 2935 1549 2987 vel
1586 2929 1878 3000 confusione
1915 2929 2037 3009 quid

462 3001 718 3079 saluam}.
753 3009 826 3079 (η)
870 3001 1002 3065 Cum
1030 3001 1202 3063 a'nima
1262 3001 1353 3079 sit
1376 3007 1705 3079 incorporeo,
1736 3017 1829 3069 per
1868 3001 2038 3053 subti-

467 3071 656 3135 liorem
678 3071 920 3134 naturam
950 3080 1191 3149 corporis
1211 3078 1314 3141 sui,
1342 3075 1394 3131 id
1411 3071 1637 3149 _est,’per
1662 3071 1836 3149 ignem
1862 3082 1917 3125 et
1943 3085 2038 3124 ae-

467 3164 582 3202 rem
627 3165 746 3219 quae.
784 3150 835 3203 in
880 3151 984 3205 isto
1009 3142 1217 3219 quoque
1250 3142 1863 3219 onmndouprzecellentia
1914 3150 2041 3219 sunt

469 3210 715 3287 corpora,
737 3228 792 3275 et
811 3220 931 3290 ideo
948 3210 1114 3289 magis
1134 3210 1343 3290 spiritui
1363 3210 1649 3290 similiora,
1701 3226 1894 3280 corpus
1946 3210 2042 3290 ad-

469 3282 756 3344 ministrat:
807 3289 905 3344 Ista
934 3282 1192 3359 siquidem
1222 3288 1396 3358 priora
1436 3284 1707 3352 excipiunt
1736 3294 1892 3335 nutus
1920 3282 2039 3335 ani-

470 3373 573 3433 ma:
600 3360 933 3433 vivilicantis,
951 3376 1015 3433 eo
1033 3360 1170 3433 quod
1193 3361 1521 3427 incorporea:
1548 3364 1750 3433 natura:
1775 3360 1897 3407 sunt
1920 3367 2041 3433 pro-

473 3429 746 3498 pinquiora
768 3423 927 3499 quam
958 3423 1149 3485 humor
1175 3439 1230 3485 et
1256 3423 1418 3490 terra,
1438 3424 1597 3499 _utoad
1634 3439 1816 3477 eorum
1856 3423 2038 3499 prosi-

470 3492 616 3552 inum
640 3492 986 3555 ministerium
1016 3511 1123 3554 tota
1179 3499 1348 3555 moles
1388 3495 1807 3551 administretur.
1855 3492 2041 3547 Nullus

472 3570 589 3623 sine
616 3570 696 3624 his
724 3571 931 3626 duobus
964 3571 1046 3626 vel
1100 3571 1150 3625 in
1183 3583 1407 3639 corpore
1453 3581 1643 3639 sensus
1692 3572 1774 3639 est
1800 3604 1816 3629 .
1846 3563 1925 3616 vel
1974 3563 2042 3617 ab

471 3640 644 3694 anima
676 3652 999 3710 spontaneos
1022 3642 1263 3711 corporis
1280 3634 1481 3694 motus.
1511 3634 1648 3705 Ignis
1672 3638 1811 3689 enim
1840 3642 1895 3687 ct
1927 3648 2038 3711 aer,

470 3726 589 3779 quae
603 3705 734 3766 levia
757 3722 901 3776 sunt,
919 3705 1135 3766 movent
1170 3724 1361 3781 aquam
1388 3717 1442 3762 et
1475 3716 1675 3781 terram
1698 3719 1816 3773 quae
1860 3705 2041 3781 gravia

471 3775 614 3834 sunt.
642 3775 976 3852 Quapropter
1000 3775 1416 3852 corpora'ietiam
1445 3787 1564 3847 post
1590 3775 1782 3829 anima:
1826 3779 2045 3852 absces-

470 3866 590 3906 sum
622 3844 819 3908 move-ri
849 3844 1127 3918 videmus;
1168 3851 1289 3922 quia
1315 3844 1460 3920 ignis
1478 3857 1532 3903 et
1546 3862 1659 3910 aer,
1676 3860 1795 3915 qua:
1819 3844 1927 3899 duo
1941 3860 2043 3922 per

472 3924 663 3977 anima:
680 3925 1013 3993 priesentiam
1045 3916 1290 3993 tenentur
1306 3916 1360 3975 in
1385 3932 1609 3987 corpore
1628 3926 1842 3993 terreno
1866 3916 2039 3993 ct_hu-

473 3993 632 4057 mido,
668 3985 724 4049 ut
743 3995 978 4049 omnium
1005 4002 1232 4062 quatuor
1255 3992 1344 4046 liat
1373 3985 1686 4062 temperatio
1705 4028 1721 4052 ,
1763 3994 1883 4055 post
1898 3985 2043 4054 ejus-

476 4063 599 4118 dem
620 4056 829 4119 animae
854 4056 1161 4120 abscessum
1192 4062 1258 4117 ad
1295 4056 1523 4130 superna
1551 4056 1784 4130 evadunt
1828 4070 1892 4130 ac
1923 4069 2044 4110 sese

471 4134 777 4202 expediunt.
804 4133 1060 4206 Corporis
1073 4142 1251 4189 autem
1279 4126 1614 4206 compositio
1625 4127 1709 4206 sic
1738 4126 1813 4179 ﬁt.
1837 4126 2043 4206 Corpus

470 4196 682 4258 constat
704 4220 767 4259 ex
798 4196 1114 4259 oflic'ialibus
1136 4196 1672 4266 membris,'ol‘licialia
1697 4212 1760 4252 ex
1792 4196 2045 4251 consimi-

473 4273 633 4340 libus,
662 4275 954 4329 consimilia
992 4289 1059 4328 ει
1116 4273 1450 4336 humoribus,
1496 4268 1748 4323 humores
1773 4281 1839 4322 ex
1866 4266 2001 4340 cibis
2025 4306 2041 4331 ,

476 4343 577 4396 cibi
604 4335 672 4397 ex
701 4345 1016 4408 elementis;
1039 4353 1094 4398 et
1119 4344 1247 4398 nihil
1267 4344 1454 4396 horum
1482 4349 1563 4395 est
1601 4340 1799 4403 anima,
1845 4335 1939 4390 sed
1989 4336 2043 4408 in

476 4413 590 4467 istis
614 4422 863 4485 tanquam
904 4415 955 4469 in
982 4406 1194 4484 organis
1246 4414 1375 4485 agit,
1426 4420 1481 4464 et
1517 4408 1771 4485 per_h:ec
1815 4406 2046 4485 consulit

476 4477 786 4553 corporifet
812 4485 934 4539 huic
962 4477 1084 4540 vitae
1114 4486 1165 4539 in
1188 4477 1305 4553 qua'
1334 4484 1501 4535 lactus
1522 4477 1606 4534 est
1632 4479 1792 4553 homo
1837 4480 1888 4531 in
1931 4477 2047 4553 ani-

475 4546 617 4608 mam
648 4546 930 4610 viventem.
958 4556 1087 4623 Quae
1107 4546 1226 4609 cum
1248 4560 1535 4621 temperata
1561 4558 1615 4604 et
1642 4548 1883 4623 ordinata
1925 4546 2044 4623 fue-

474 4626 601 4688 rint,
634 4636 931 4696 congruunt
957 4618 1389 4689 vivilicationLet
1414 4636 1682 4696 nonquam
1703 4619 1905 4696 recedit
1932 4618 2047 4696 aoi-

475 4711 579 4749 ma.
608 4696 665 4752 Si
696 4689 821 4751 véro
848 4698 1223 4765 distemperata
1252 4704 1305 4749 et
1347 4689 1567 4765 confusa
1604 4689 1799 4745 fuerint
1826 4730 1843 4756 ,
1883 4689 2046 4765 invita

475 4767 677 4823 recedit
705 4768 899 4829 anima,
928 4758 1108 4822 secum
1160 4765 1376 4821 trahens
1404 4762 1582 4817 omnia
1611 4778 1626 4827 ;
1657 4775 1874 4815 sensum
1902 4758 2047 4814 scili-

472 4848 577 4901 cet,
612 4839 1064 4908 imaginationem,
1094 4839 1353 4892 rationem
1375 4877 1391 4901 ,
1425 4832 1792 4908 intellectum,
1849 4830 2047 4885 intelli-

472 4902 745 4975 gentiam:
776 4908 1343 4979 concupiscibilitatem
1365 4945 1380 4970 ,
1415 4914 1471 4960 et
1511 4902 1926 4979 irascibilitatem
1952 4918 1965 4954 :
1993 4907 2049 4955 et

472 4973 539 5030 ex
569 4980 651 5035 his
680 4973 972 5035 secundum
1002 4980 1188 5033 merita
1210 4977 1441 5033 afﬁcitur
1485 4973 1553 5028 ad
1591 4973 1999 5028 delectationem
2027 5012 2044 5036 ,

471 5050 585 5103 sive
604 5052 669 5105 ad
700 5052 960 5106 dolorem.
992 5050 1200 5119 Corpus
1223 5059 1399 5104 autem
1421 5043 1562 5114 quod
1592 5044 2047 5119 prius__integrum

472 5129 721 5190 tanquam
765 5136 1023 5192 organum
1072 5112 1547 5192 contemperatum
1592 5112 1672 5168 _et
1731 5112 2049 5183 dispositum

472 5185 607 5257 erat,
637 5204 691 5245 ut
717 5185 888 5248 melos
912 5192 1173 5245 musicum
1202 5192 1255 5245 in
1294 5185 1367 5243 ’se
1407 5185 1707 5242 contineret
1746 5194 1803 5257 et
1849 5193 2049 5257 tactum

470 5254 769 5327 resonaret,
802 5273 928 5317 tunc
948 5262 1277 5317 confractum
1295 5268 1350 5314 et
1378 5257 1563 5312 inutile
1596 5272 1627 5310 e
1645 5256 1865 5327 regione
1885 5254 2046 5323 jacet.

472 5332 663 5385 Anima
689 5325 814 5387 vero
843 5332 1240 5387 recurrentibus
1268 5330 1334 5385 ad
1360 5329 1609 5398 regiones
1651 5341 1774 5379 suas
1813 5325 2051 5381 elemen-

474 5410 649 5455 torum
688 5402 944 5470 partibus,
989 5416 1093 5454 non
1139 5401 1343 5455 habens
1391 5398 1675 5470 ubi__vires
1718 5411 1841 5470 suas
1895 5410 2051 5449 exer-

472 5481 612 5535 ceat,
631 5467 914 5541 requiescit
932 5470 1001 5525 ab
1023 5471 1106 5526 his
1132 5480 1337 5541 tantum
1366 5467 1616 5541 motibus,
1635 5468 1829 5536 quibus
1853 5480 2051 5541 corpus

496 5557 570 5595 »ρι’
599 5536 804 5610 tempus
835 5550 890 5595 et
928 5542 1104 5595 locum
1136 5540 1405 5603 movebat,
1437 5539 1549 5608 ipsa
1599 5552 1694 5605 per
1742 5547 1950 5610 tempus
1990 5536 2053 5610 il:

496 5558 570 5595 rer
599 5558 804 5610 tempus
835 5558 890 5595 et
928 5558 1104 5595 iocum
1136 5558 1405 5603 movebat,
1437 5558 1549 5608 ipsa
1600 5558 1694 5605 per
1742 5558 1950 5606 tempus
1991 5558 2051 5589 n-

474 5558 715 5665 localiter
763 5623 902 5664 niota
936 5627 949 5665 :
982 5611 1231 5679 quoniam
1273 5610 1374 5663 etsi
1412 5622 1671 5677 organum
1717 5607 1925 5679 periit,
1957 5606 2051 5659 sed

474 5699 581 5735 non
606 5682 793 5747 melos,
819 5696 921 5736 nec
939 5678 1080 5750 quod
1110 5694 1366 5751 organutn
1395 5679 1660 5735 movebat.
1691 5680 1881 5732 Anima
1917 5678 2053 5731 inter

536 5814 609 5875 (τι)
643 5819 704 5861 Ex
732 5811 813 5862 lit).
839 5814 868 5862 7
891 5813 954 5862 de
980 5814 1152 5862 Genesi
1186 5813 1245 5862 ad
1274 5813 1515 5875 litteram,
1541 5826 1678 5873 capp.
1722 5814 1780 5861 13
1805 5849 1819 5873 ,
1852 5812 1937 5868 ξος
1991 5828 2053 5865 ex

476 5874 557 5927 lib.
583 5877 644 5924 de
667 5877 868 5935 tguatttit.
892 5877 1081 5937 animae,
1110 5890 1214 5940 cap.
1240 5875 1320 5933 31,
1340 5887 1387 5921 n.
1413 5874 1491 5936 62,
1516 5884 1567 5925 et
1591 5889 1650 5924 ex
1679 5881 1802 5925 Isaac
1826 5874 1958 5924 stt-ll.

3612 433 3717 490 τω

2133 540 2298 616 Deum
2326 551 2379 599 et
2406 558 2597 615 corpus
2627 544 2794 616 posita
2824 560 2918 615 per
2953 554 3161 616 tempus
3211 555 3478 611 movetur,
3509 548 3593 603 vel
3627 565 3712 602 re-

2130 613 2458 692 miniscendo
2497 613 2650 692 quod
2678 613 2840 692 oblita
2889 613 3082 692 fuerat,
3123 617 3207 692 vel
3255 618 3514 692 discendo
3568 621 3712 688 quod

2132 686 2425 749 ignorabat,
2453 686 2535 740 vel
2569 686 2794 741 volendo
2824 687 2964 756 quod
2999 688 3246 741 nolebat:
3280 704 3372 756 per
3403 686 3600 743 locum
3621 705 3713 743 ve-

2130 768 2191 827 ro
2218 769 2320 808 non
2351 767 2610 819 movetur,
2638 759 2757 827 quia
2782 773 2875 825 per
2902 759 3001 812 loci
3032 759 3201 827 spatia
3224 774 3331 812 non
3362 757 3711 815 distenditur.

2133 823 2472 898 Dousautem
2499 823 2723 895 corpore
2750 829 2766 859 ¹
2787 823 2896 881 non
2944 823 3078 898 eget'
3095 837 3152 882 ut
3180 829 3268 891 sit;
3314 844 3412 883 nec
3443 828 3564 884 loco
3592 870 3607 894 ,
3658 842 3718 886 ut

2131 895 2345 968 alicubi;
2372 914 2470 953 nec
2498 908 2756 968 tempore,
2785 908 2844 952 ut
2890 895 3197 967 aliquando;
3249 915 3349 953 nec
3391 914 3554 954 causa
3587 940 3602 963 ,
3657 911 3715 955 ut

2129 965 2393 1040 alicunde;
2415 983 2511 1023 nec
2534 965 2724 1040 forma,
2744 978 2801 1023 ut
2832 965 3030 1037 aliquid
3060 971 3149 1033 sit;
3188 984 3286 1024 nec
3310 970 3489 1040 aliquo
3513 985 3715 1040 genere

2130 1036 2353 1108 subjecti
2377 1039 2427 1092 in
2450 1054 2555 1108 quo
2576 1039 2843 1102 subsistat,
2876 1036 2958 1094 vel
2980 1040 3062 1093 cui
3095 1040 3329 1094 assistat.
3383 1097 3389 1102 ,

2201 1107 2625 1181 ΟᾼΡυΤ-ΧΥΙ,
2664 1110 2858 1163 Animae
2919 1110 3161 1181 chariton:
3215 1120 3407 1164 ornate
3464 1120 3719 1181 praestan-

2133 1178 2223 1234 tia.
2263 1178 2720 1249 (a)Habetanima
2774 1180 3059 1250 quamdam
3110 1181 3379 1250 propriam
3420 1178 3668 1236 naturam
3693 1224 3711 1249 ,

2130 1251 2378 1303 omnibus
2426 1250 2509 1304 bis
2536 1250 2817 1304 mundana:
2847 1251 3003 1305 molis
3028 1251 3308 1305 elementis
3362 1253 3715 1307 excellentio-

2133 1334 2267 1385 rem,
2295 1336 2413 1391 qua:
2442 1322 2700 1375 veraciter
2730 1337 2833 1374 non
2885 1322 3052 1390 possit
3101 1322 3154 1376 in
3209 1322 3383 1391 aliqua
3426 1322 3707 1390 phantasia

2131 1390 2485 1462 corporalium
2505 1392 2810 1462 imaginum,
2838 1406 2971 1462 quas
3010 1407 3104 1460 per
3146 1390 3336 1446 sensus
3366 1394 3549 1447 carnis
3592 1408 3715 1460 per-

2131 1461 2356 1532 oipimus
2384 1462 2627 1532 cogitari;
2664 1460 2759 1517 sed
2788 1460 2962 1517 mente
2993 1462 3237 1532 intelligi,
3262 1462 3476 1532 vitaque
3500 1464 3713 1517 sentiri.

2134 1528 2361 1602 littelligi
2411 1528 2605 1601 potest,
2635 1532 2821 1588 sentiri
2867 1547 2975 1586 non
3026 1528 3216 1601 potest.
3274 1528 3407 1587 Νοιῖ
3436 1533 3586 1588 enim
3630 1542 3716 1588 est

2132 1614 2350 1673 corpus.
2385 1617 2484 1657 nec
2514 1603 2675 1669 Deus,
2708 1618 2805 1657 nec
2828 1603 2930 1656 vita
2977 1603 3095 1657 sine
3122 1618 3305 1668 sensu,
3338 1604 3512 1673 qualis
3542 1612 3629 1658 est
3658 1609 3709 1658 in

2135 1672 2450 1737 arboribus;
2482 1688 2580 1728 nec
2607 1675 2711 1728 vita
2738 1674 2853 1727 sine
2875 1673 3118 1728 rationali
3148 1672 3367 1737 mente,
3396 1674 3577 1737 qualis
3628 1684 3719 1729 est

2132 1743 2186 1815 i_n
2218 1743 2571 1815 animalibus;
2597 1744 2688 1799 sed
2712 1744 2818 1815 vita
2840 1752 2895 1798 et
2914 1744 3019 1797 vita
3064 1752 3338 1815 perpetua.
3392 1743 3548 1800 Nunc
3590 1745 3715 1815 qui-

2135 1811 2256 1885 dem
2286 1814 2457 1885 minor
2494 1829 2651 1885 quam
2694 1814 3016 1883 Angelorum
3061 1811 3172 1879 est,
3219 1821 3274 1885 et
3320 1814 3496 1869 futura
3543 1811 3720 1884 qualis

2137 1884 2459 1953 Angelorum
2489 1925 2505 1947 ,
2541 1885 2584 1939 si
2627 1899 2693 1938 ex
2744 1885 3051 1953 prazcepto'
3102 1885 3183 1938 sui
3209 1884 3477 1939 Creatoris
3500 1886 3716 1939 vixerit.

2137 1952 2467 2023 Praeceptum
2488 1952 2798 2025 autemejus
2824 1952 2931 2016 est,
2952 1962 3009 2007 ut
3034 1954 3085 2008 in
3121 1954 3407 2009 dilectione
3438 1956 3565 2025 ejus
3606 1972 3721 2010 ma-

2138 2040 2361 2094 neamus
2383 2042 2395 2077 :
2417 2026 2641 2091 Manete,
2666 2024 2858 2093 inquit,
2889 2025 2942 2078 in
2964 2025 3230 2078 dilectione
3260 2042 3369 2078 mea
3399 2024 3579 2094 (Joan.
3609 2041 3677 2079 xv
3698 2066 3715 2090 ,

2138 2092 2216 2167 9).
2244 2095 2345 2150 Per
2372 2096 2711 2151 dilectionem
2744 2092 2985 2163 namque
3018 2095 3119 2167 sibi
3161 2092 3476 2167 rationalem
3505 2105 3720 2167 creatu-

2138 2165 2252 2219 ram
2280 2167 2585 2235 copulavit,
2615 2174 2671 2219 ut
2708 2181 2828 2219 eum
2859 2180 3071 2236 semper
3100 2165 3361 2231 haberet,
3413 2175 3466 2220 et
3508 2166 3559 2220 in
3595 2167 3715 2236 ipso

2139 2248 2398 2298 maneret,
2426 2236 2494 2292 de
2522 2253 2586 2291 eo
2611 2246 2665 2291 et
2686 2236 2739 2290 iu
2765 2250 2830 2289 eo
2859 2235 3152 2302 delectans,
3182 2236 3417 2305 gaudens
3456 2244 3513 2290 et
3538 2235 3725 2291 exsul-

2139 2313 2278 2361 tans.
2309 2307 2409 2362 Pcr
2433 2307 2770 2362 dilectionem
2799 2305 3036 2360 Creatori
3062 2322 3159 2360 suo
3187 2314 3242 2360 et
3264 2307 3363 2360 sibi
3392 2307 3624 2362 invicem
3648 2322 3733 2360 ra-

2142 2378 2353 2432 tionalis
2389 2391 2632 2432 creatura
2662 2377 2907 2445 copulata
2943 2386 3044 2431 est.
3089 2376 3273 2431 Solum
3318 2392 3547 2443 namque
3582 2377 3726 2431 dile-

2137 2450 2330 2503 ctionis
2359 2448 2627 2503 vinculum
2654 2457 2757 2513 est,
2780 2447 2918 2516 quod
2945 2447 3071 2517 ligat
3099 2458 3353 2516 utrosque
3383 2448 3433 2501 in
3462 2447 3723 2517 idipsum.

2142 2517 2245 2575 Per
2267 2533 2502 2573 amorem
2538 2519 2630 2572 Dei
2656 2533 2842 2572 omnes
2879 2517 2929 2572 ei
2957 2518 3329 2580 adita-remus;
3364 2534 3457 2586 per
3484 2533 3725 2572 amorem

2142 2590 2366 2659 proximi
2396 2604 2582 2645 omnes
2606 2589 2671 2643 ad
2709 2590 2932 2642 invicem
2978 2603 3141 2642 unum
3184 2603 3401 2651 sumus;
3436 2596 3493 2640 ut
3524 2587 3727 2641 bonum

2139 2658 2423 2715 Commune
2448 2661 2685 2713 omnium
2732 2660 2821 2712 liat
2850 2659 3177 2727 singulorum
3203 2701 3219 2723 ,
3246 2667 3301 2712 et
3325 2658 3467 2726 quod
3499 2659 3731 2727 quisque

2145 2731 2194 2784 in
2217 2747 2275 2785 se
2301 2747 2403 2784 non
2425 2731 2583 2784 habet
2612 2729 2665 2783 in
2690 2731 2858 2783 altero
2887 2728 3174 2797 possideat.
3217 2728 3467 2782 Charitas
3519 2738 3607 2782 est
3634 2732 3724 2783 via

2144 2802 2237 2855 Dei
2267 2802 2333 2856 ad
2359 2801 2622 2865 homines,
2654 2809 2709 2854 et
2730 2800 2810 2852 via
2842 2798 3115 2853 hominum
3146 2798 3212 2853 ad
3246 2799 3430 2853 Deum.
3460 2798 3566 2853 Per
3592 2799 3723 2851 cha-

2142 2873 2352 2926 ritatem
2384 2873 2525 2925 enim
2553 2871 2697 2925 venit
2724 2870 2864 2923 Deus
2892 2869 2958 2923 ad
2988 2870 3250 2931 homines,
3283 2870 3427 2923 venit
3473 2870 3524 2921 in
3557 2868 3731 2923 homi-

2142 2957 2267 3007 nes,
2302 2942 2471 2997 l‘actus
2498 2950 2580 2995 est
2608 2941 2787 2995 homo.
2830 2940 2933 2995 Per
2963 2941 3275 2994 eharitatem
3315 2939 3562 2993 homines
3607 2940 3730 2994 dili-

2180 3022 2275 3067 unt
2322 3014 2484 3067 Deum
2513 3052 2528 3077 ,
2578 3012 2774 3080 eligunt
2825 3009 3009 3075 Deum,
3051 3010 3116 3064 ad
3163 3010 3327 3064 Deum
3372 3020 3621 3073 currunt,
3662 3009 3731 3065 ad

2193 3099 2312 3137 eum
2344 3083 2674 3152 perveniunt.
2704 3081 2791 3136 Sic
2813 3081 2972 3135 etiam
3002 3080 3277 3152 familiaris
3297 3090 3380 3134 est
3403 3081 3728 3152 Deochari-

2145 3162 2226 3207 tas
2252 3196 2267 3219 ,
2301 3151 2358 3208 ut
2397 3155 2510 3222 ipse
2546 3152 2876 3222 mansionem
2930 3151 3138 3222 habere,
3166 3152 3331 3215 nolit,
3363 3151 3452 3204 tibi
3493 3151 3733 3205 cbaritas

2146 3241 2250 3278 non
2282 3221 2457 3280 fuerit.
2490 3223 2545 3277 Si
2574 3238 2701 3292 ergo
2726 3221 3037 3276 eharitatem
3060 3221 3338 3286 habemus,
3369 3222 3536 3275 Deum
3567 3222 3734 3277 habe-

2144 3310 2297 3356 mus;
2328 3296 2448 3364 qula
2482 3293 2614 3346 Deus
2636 3292 2855 3364 Charitas
2877 3302 2968 3346 est.

2213 3360 2438 3421 CAPUT
2455 3364 2617 3420 XVII.
2642 3363 2807 3415 —Ad
2832 3378 3053 3416 amorem
3073 3360 3169 3416 Dei
3196 3361 3449 3416 excitatio.
3477 3360 3553 3433 ὁ)
3575 3361 3737 3415 Miser

2144 3451 2264 3507 ego,
2294 3447 2550 3505 quantum
2579 3434 2830 3489 deberem
2852 3433 3074 3507 diligere
3104 3433 3268 3487 Deum
3296 3448 3494 3507 meum,
3528 3433 3736 3507 quinte

2146 3502 2267 3562 fecit
2305 3502 2426 3560 cum
2468 3522 2573 3559 non
2626 3520 2794 3567 eram,
2838 3502 3063 3558 redemit
3104 3519 3225 3557 cum
3272 3504 3576 3572 perierant!
3619 3502 3735 3556 Non

2146 3593 2316 3644 eram,
2347 3584 2405 3631 et
2424 3576 2492 3631 de
2519 3575 2683 3629 niltilo
2708 3590 2793 3629 me
2820 3572 2943 3628 fecit
2970 3591 2985 3638 ;
3014 3590 3119 3627 non
3145 3574 3395 3641 lapidem,
3437 3588 3545 3632 non
3576 3574 3735 3644 arbof

2149 3640 2433 3712 rem,'non
2460 3662 2610 3701 avem
2650 3646 2731 3698 vel
2756 3644 2968 3713 aliquod
2999 3645 3066 3699 de
3107 3640 3428 3698 animalibus
3458 3644 3599 3707 aliis,
3641 3640 3735 3696 sed

2148 3718 2418 3772 hominem
2445 3733 2530 3771 me
2550 3716 2715 3770 voluit
2742 3712 2861 3770 esse
2885 3733 2898 3767 :
2921 3714 3066 3769 dedit
3106 3712 3233 3767 mihi
3266 3716 3464 3777 vivere,
3494 3717 3734 3778 sentire,

2147 3789 2471 3844 discernere.
2500 3788 2789 3851 Perieram,
2812 3794 2865 3839 et
2883 3785 2948 3838 ad
2973 3785 3247 3839 mortalem
3269 3782 3569 3844 descendit,
3595 3799 3740 3835 mor-

2151 3860 2403 3914 talitatem
2466 3858 2733 3927 suscepit,
2792 3855 3092 3927 passionem
3146 3855 3443 3927 sustinuit,
3487 3863 3736 3927 mortem

2148 3930 2311 3993 vicit;
2339 3939 2392 3985 et
2419 3930 2498 3984 sic
2521 3923 2988 3983 me'resta'uravit.
3040 3925 3332 3987 Perieram,
3362 3934 3416 3977 et
3452 3923 3691 3978 abieram
3718 3939 3733 3987 ;

2147 4002 2396 4069 quoniam
2430 4001 2481 4054 in
2513 3998 2744 4071 peccatis
2790 3996 2922 4051 meis
2973 4011 3119 4050 eram
3161 3994 3513 4071 venumdatus
3541 4011 3559 4071 _:
3594 3995 3738 4048 venit

2151 4065 2239 4127 ille
2269 4082 2387 4140 post
2417 4086 2501 4125 me
2516 4065 2589 4124 'ut
2614 4068 2903 4140 redimeret
2932 4082 3015 4120 me
3038 4083 3053 4130 ;
3081 4075 3136 4140 et
3161 4076 3363 4120 tantum
3390 4065 3697 4140 dilexitine
3718 4105 3735 4128 ,

2148 4152 2207 4196 ut
2243 4135 2511 4211 sanguinis
2540 4141 2620 4211 sui
2652 4136 2875 4211 pretium
2905 4137 3241 4211 appenderet
3258 4150 3353 4211 pro
3380 4150 3488 4211 me,
3538 4135 3739 4211 talique

2184 4223 2305 4269 acto
2333 4205 2389 4268 et
2416 4209 2625 4266 reduxit
2644 4205 2728 4263 me
2753 4210 2820 4263 de
2840 4205 3050 4273 exsilio,
3073 4218 3126 4262 et
3154 4206 3379 4262 redemit
3400 4205 3470 4260 de
3495 4205 3734 4259 servitio.

2184 4230 2305 4269 aeto
2333 4230 2389 4268 ει
2416 4230 2625 4266 reuuxu
2644 4230 2728 4263 me
2753 4230 2820 4263 ue
2840 4230 3050 4273 CXSIIIU,
3073 4230 3126 4262 et
3154 4230 3379 4262 rem:qu
3400 4230 3470 4260 ue
3495 4230 3734 4259 servum.

2147 4230 2373 4339 Flomine
2403 4283 2564 4339 etiam
2610 4293 2707 4334 suo
2750 4282 2957 4333 vocavit
2986 4293 3091 4343 me,
3131 4286 3190 4330 ut
3225 4276 3535 4330 memoriale
3582 4291 3737 4330 suum

2149 4370 2363 4423 semper
2410 4363 2552 4408 esset
2590 4348 2733 4421 apud
2776 4366 2885 4423 me.
2922 4349 3091 4405 Unxit
3120 4363 3205 4402 me
3248 4348 3368 4401 oleo
3394 4346 3739 4423 lmtiti:e_qti_o

2150 4416 2401 4493 ipse'erat
2424 4416 2641 4487 unctos,
2660 4432 2715 4475 ut
2740 4421 2807 4474 ab
2836 4433 2993 4493 uncto
3018 4426 3501 4493 essetn‘unctus,_et
3520 4432 3550 4493 a_
3579 4416 3739 4493 Chii-

2152 4486 2236 4551 sto
2264 4496 2472 4550 dicerer
2490 4486 2830 4548 cbriStianus.
2856 4491 2944 4546 Sic
2965 4490 3131 4560 gratia
3152 4488 3267 4560 ejus
3291 4497 3346 4541 et
3368 4486 3741 4560 misericordia

2150 4581 2361 4636 semper
2388 4571 2759 4636 prmveneruot
2785 4577 2889 4616 me.
2921 4556 2995 4616 De
3020 4556 3204 4613 multis
3233 4573 3462 4636 namque
3490 4556 3741 4636 periculis

2151 4628 2293 4705 smpe
2321 4628 2564 4692 liberavit
2591 4650 2676 4688 me
2708 4633 2959 4705 liberator
2984 4645 3148 4705 meus
3174 4647 3195 4705 _:
3227 4629 3441 4705 quando
3467 4628 3741 4705 errabam,

2152 4697 2364 4761 reduxit
2404 4722 2529 4772 me;
2558 4705 2768 4774 quando
2798 4702 3125 4774 ignorabam,
3157 4697 3338 4774 docuit
3366 4713 3452 4753 me
3478 4713 3494 4762 ;
3525 4697 3743 4774 quando

2152 4779 2458 4848 peccabam,
2486 4769 2741 4848 corripuit
2761 4769 2846 4827 me
2865 4790 2884 4848 ;Δ
2912 4772 3123 4843 quando
3145 4770 3414 4848 tristabar,
3432 4769 3743 4848 consolatos

2152 4838 2234 4903 est
2262 4864 2347 4903 me
2370 4865 2384 4914 ;
2411 4838 3013 4917 quando'deSperaba'm,
3036 4840 3355 4917 confortavit
3375 4855 3492 4904 nte;
3525 4838 3743 4917 quando

2152 4919 2341 4983 cecidi,
2368 4908 2539 4973 erexit
2567 4932 2684 4980 me;
2726 4908 2938 4985 quando
2980 4908 3124 4985 Steti,
3156 4911 3325 4985 tenuit
3354 4924 3481 4973 me;
3527 4908 3745 4985 quando

2154 4990 2245 5052 ivi,
2296 4979 2475 5052 duxit;
2502 4979 2714 5059 quando
2736 4979 2877 5059 veni,
2908 4981 3400 5059 su_s_cepi_t._H:ec_et
3440 4979 3610 5059 molta
3639 4980 3746 5033 alia

2154 5050 2275 5116 fecit
2298 5061 2424 5114 mihi
2456 5050 2594 5114 Deus
2620 5072 2789 5117 meus,
2819 5050 3249 5124 dequibustlulce
3268 5052 3370 5106 erit
3387 5050 3747 5117 mihisemper

2155 5133 2321 5210 loqui,
2348 5146 2559 5210 semper
2587 5128 2852 5210 "cogitare,
2878 5123 3089 5205 semper
3119 5123 3318 5194 gratias
3342 5129 3613 5210 agerenut
3625 5135 3745 5210 Jpro

2154 5191 2401 5258 omnibus
2442 5191 2717 5256 beneﬁciis
2750 5198 2862 5251 suis
2890 5191 3088 5265 possim
3118 5191 3334 5265 semper
3356 5207 3479 5245 eum
3526 5191 3747 5265 laudare

2155 5285 2209 5328 et
2229 5288 2429 5327 amare.
2474 5273 2604 5326 Cum
2633 5271 2775 5325 enim
2802 5262 3009 5321 cunctis
3046 5265 3117 5319 sit
3148 5264 3461 5335 prtesidens,
3506 5262 3747 5332 singulos

2157 5345 2405 5415 impletis,
2430 5343 2622 5412 ubique
2649 5354 2904 5410 praesens,
2929 5346 3239 5392 cunctorum
3267 5349 3450 5389 curam
3484 5346 3672 5403 agens,
3694 5339 3749 5385 et

2222 5502 2237 5533 ¹
2275 5506 2357 5547 Ms.
2381 5496 2708 5547 Medardensis
2730 5496 2808 5544 hic
2830 5493 2995 5558 addit._
3013 5491 3135 5542 sicut
3158 5488 3336 5540 anima.
3508 5547 3520 5558 _

2221 5565 2241 5594 ι
2278 5568 2326 5609 tu
2352 5569 2430 5609 Ms.
2456 5559 2753 5609 Medardensi
2790 5566 2841 5607 et
2874 5554 2998 5617 apud
3031 5562 3299 5617 nugonem,
3325 5559 3418 5601 Nec
3450 5554 3613 5617 ηιὲηρνν
3646 5559 3752 5617 qug-

2159 5590 2435 5686 dem
3007 5590 3428 5677 a'puﬁvﬂugnem,
3450 5618 3526 5681 est.
3543 5590 3750 5673 futura),

2160 5686 2203 5728 si
2229 5699 2292 5728 m:
2319 5691 2569 5728 nrmccuto.
2597 5692 2693 5728 etc.
2717 5682 2764 5728 Vi
2802 5694 2831 5728 e
2858 5679 3104 5728 alcuinum
3130 5676 3196 5725 de
3225 5675 3419 5723 natione
3444 5684 3640 5722 Anum.

2160 5686 2203 5736 si
2229 5699 2292 5734 ea:
2308 5676 2569 5745 'prazccpto,
2597 5692 2693 5730 etc.
2717 5676 2831 5745 Vide
2858 5676 3104 5728 alcuimim
3130 5676 3199 5745 de
3225 5676 3419 5745 natione
3444 5676 3641 5745 Anima.
3722 5733 3730 5741 _

2225 5734 2569 5808 (co'atauuate,
2605 5757 2711 5805 cap.
2738 5742 2827 5803 at,
2875 5751 2926 5792 et
2966 5749 3118 5803 nugo,
3153 5740 3269 5788 vict.
3309 5736 3375 5785 de
3398 5734 3557 5783 unde
3601 5734 3754 5782 chari-

2166 5824 2290 5862 tatis.

2230 5856 2299 5935 (ὁ)
2328 5868 2532 5919 iuseum
2552 5870 2708 5920 λιριιίι.
2734 5880 2838 5931 cap.
2860 5868 2910 5928 τ,
2929 5864 3029 5927 n.2,
3057 5872 3105 5915 et
3128 5871 3263 5926 nugo
3281 5860 3344 5911 ιιο
3370 5856 3516 5909 mlta
3539 5856 3731 5907 animm.
