4106 6490
454 388 558 454 793

458 504 677 576 petitiva
695 518 816 576 quze
827 508 951 557 sunt
968 497 1265 576 nccessaria
1285 494 1742 576 corporiappetit.
1765 491 2046 576 Boeteii‘tiv-a

459 561 668 642 sumpta
712 561 957 642 retinet,
984 570 1154 624 donec
1198 584 1263 623 ex
1295 561 1416 642 illis
1466 561 1889 642 digestio‘utilis
1933 561 2042 642 fiat.

463 632 742 714 Expulsiva
785 632 1077 714 nociva-et
1124 638 1390 714 superflua
1429 632 1680 714 expellit:
1707 632 2044 714 Distributiva

463 701 630 768 honos
675 715 932 767 bonorum
958 701 1204 767 ciboruni
1232 709 1482 762 humores
1498 701 1765 760 'omnibus
1794 701 2046 756 membris

461 784 760 847 distribuit,
794 790 950 852 prout
992 781 1184 849 cuique
1233 779 1466 852 expedit.
1501 777 1634 832 Istas
1667 776 1808 852 vires
1851 772 2048 827 habent

463 855 636 909 omnia
669 846 947 918 animalia;
987 863 1040 907 et
1067 846 1186 906 ideo
1213 846 1453 919 corporis
1487 863 1607 904 esse
1649 846 1912 910 videntur,
1939 858 2044 895 non

465 941 677 980 animae.

532 1015 758 1071 CAPUT
787 1014 927 1068 XXI.
965 1012 1053 1066 Vis
1076 1013 1258 1066 vitalis.
1305 1011 1396 1065 Vis
1417 1009 1591 1063 vitalis
1633 1015 1718 1062 est
1766 1007 1817 1061 in
1861 1004 2043 1070 corde,

463 1103 584 1156 qua:
612 1086 679 1140 ad
721 1083 1120 1156 temperandum
1171 1083 1432 1156 fervorem
1482 1079 1660 1156 cordis
1695 1094 1873 1156 aerem
1915 1078 2048 1156 hau:

466 1146 654 1213 riendo
683 1146 844 1224 atque
871 1153 1162 1214 reddendo,
1191 1153 1350 1206 vitam
1380 1161 1433 1206 et
1451 1151 1684 1224 salutem
1707 1149 1808 1224 toti
1836 1146 2050 1216 corpori

467 1227 666 1280 tribuit.
701 1220 839 1280 Aere
867 1240 1091 1292 namque
1125 1238 1254 1292 puro
1279 1220 1934 1292 sanguinempurificatam
1960 1233 2052 1286 per

469 1306 637 1350 totum
663 1310 858 1364 corpus
888 1291 1110 1362 impellit
1128 1291 1231 1362 per
1252 1306 1416 1347 venas
1443 1291 1735 1364 pulsatiles,
1765 1305 1885 1358 (pne
1905 1298 2049 1364 arte-

469 1367 561 1420 rize
584 1358 860 1420 vocaninr.
889 1358 1209 1434 Eat-quarum
1241 1373 1385 1417 motu
1415 1361 1816 1429 temperantiam
1841 1358 1923 1413 vel
1943 1358 2051 1412 dis-

470 1438 875 1505 temperantiam
905 1436 1080 1490 cordis
1108 1434 1310 1505 physici
1341 1440 1686 1502 cognoscunt.

539 1528 764 1582 CAPUT
817 1527 979 1582 XXII.
1055 1526 1140 1580 Vis
1193 1527 1448 1579 animalis.
1524 1523 1611 1577 Vis
1673 1523 1912 1577 animalis
1955 1522 2050 1575 tri-

471 1599 609 1667 plex.
635 1599 708 1668 (τι)
726 1599 819 1653 Vis
844 1598 1085 1652 animalis
1115 1607 1196 1650 est
1220 1597 1271 1650 in
1289 1597 1532 1668 cerebro,
1556 1603 1610 1668 et
1635 1593 1758 1648 imle
1783 1596 1960 1668 vigere
1985 1591 2056 1646 fa-

469 1664 543 1722 cit
560 1664 792 1738 quinque
808 1684 997 1723 sensus
1021 1668 1280 1736 corporis.
1315 1667 1472 1720 .Iubet
1497 1667 1654 1718 etiam
1678 1680 1837 1738 voces
1867 1664 2050 1738 edere,

476 1733 1102 1794 inembra'moverc.'l‘res
1119 1733 1352 1807 namque
1373 1747 1497 1790 sunt
1517 1735 1796 1790 ventriculi
1822 1733 2051 1807 cerebri.

473 1809 620 1866 Unus
640 1811 892 1873 anterior,
925 1825 952 1861 a
984 1824 1089 1875 quo
1119 1805 1293 1862 omnis
1324 1821 1543 1870 sensus;
1584 1808 1720 1860 alter
1750 1805 2012 1873 ponerior
2037 1845 2052 1870 ,

471 1896 501 1933 a
536 1896 643 1948 quo
666 1881 839 1934 omnis
865 1889 1077 1942 motus;
1111 1879 1298 1932 tertius
1349 1878 1489 1931 inter
1517 1875 2050 1948 utrumqueinetiius,

473 1949 526 2004 id
552 1944 654 2010 est.
687 1951 976 2004 rationalis.
1007 1948 1259 2017 Corporis
1285 1963 1476 2002 sensus
1504 1947 1582 2001 sic
1608 1944 1759 1999 ﬁunt.
1797 1944 1949 2017 Quod
1975 1953 2058 1998 est

474 2020 526 2074 in
553 2036 777 2088 corpore
799 2016 1203 2075 subtilissimum
1232 2028 1283 2072 ct
1308 2019 1379 2072 ob
1410 2020 1510 2071 hoc
1534 2018 1725 2069 anima:
1745 2016 1973 2069 similius
2001 2025 2056 2068 et

473 2091 699 2144 vicinius
721 2093 737 2122 ⁸
759 2107 918 2158 quam
947 2100 1160 2152 caetera,
1189 2089 1238 2142 id
1273 2098 1376 2154 est,
1412 2089 1520 2152 lux,
1561 2088 1788 2156 primum
1813 2101 1906 2158 per
1924 2099 2056 2138 ocu-

478 2161 558 2230 los
585 2163 728 2230 ipsos
751 2156 1094 2224 diffunditur,
1138 2161 1439 2230 emicatque
1487 2158 1540 2211 in
1583 2156 2056 2230 radiisoculorum

473 2229 539 2284 ad
571 2227 798 2285 visibilia
836 2231 1115 2293 intuenda;
1148 2227 1599 2284 deinde’mixtura
1627 2227 1853 2296 quadam
1886 2227 2058 2295 primo

473 2316 594 2355 cum
635 2317 759 2356 aere
799 2318 960 2370 puro,
990 2301 1224 2355 secundo
1253 2314 1374 2353 cum
1420 2314 1545 2353 acre
1569 2298 1859 2370 caliginoso
1897 2307 2058 2365 atque

473 2371 751 2435 nebuloso,
795 2374 952 2426 tertio
989 2387 1110 2424 cum
1140 2370 1533 2439 corpulentiore
1582 2369 1826 2428 humore,
1866 2377 2056 2439 quarto

471 2457 592 2495 cum
633 2450 839 2495 terrena
880 2437 1257 2504 crassitudine,
1283 2441 1517 2508 quinque
1545 2454 1736 2494 sensus
1773 2453 1894 2508 cum
1944 2437 2060 2504 ipso

471 2527 629 2566 sensu
670 2513 944 2566 oculorum
991 2510 1216 2580 perﬁcit,
1260 2507 1346 2565 ubi
1393 2511 1506 2579 ipsa
1545 2511 1655 2564 sola
1692 2507 1923 2580 excellit.
1969 2508 2058 2562 Isti

471 2598 659 2636 sensus
688 2584 807 2650 quia
853 2583 905 2636 in
951 2578 1064 2636 sola
1111 2582 1245 2635 facie
1289 2578 1739 2652 praelocatisunt,
1772 2578 1892 2652 ideo
1928 2580 2062 2652 scri-_

473 2662 618 2720 ptum
662 2649 891 2707 arbitror
919 2653 1062 2722 quod
1106 2653 1247 2706 Deus
1283 2649 1336 2704 in
1367 2652 1547 2723 faciem
1571 2649 1832 2723 inm/ﬂavit
1855 2649 2060 2723 homini

471 2724 781 2790 spiraculum
830 2720 972 2783 vitai,
1026 2734 1070 2776 et
1119 2723 1282 2791 factus
1326 2720 1398 2775 est
1446 2722 1501 2774 in
1541 2721 1766 2791 animant
1816 2720 2061 2791 viventem

472 2789 624 2861 (Cen.
655 2809 710 2855 ιι,
740 2795 817 2860 7).
869 2789 1127 2847 Anterior
1161 2792 1358 2860 quippe
1394 2807 1518 2861 pars
1547 2790 1827 2860 posteriori
1869 2789 2060 2861 merito

473 2859 801 2933 pra-ponitur
838 2882 851 2918 :
887 2865 1008 2931 quia
1041 2864 1141 2916 ista
1182 2859 1371 2933 ducit,
1399 2859 1508 2915 'illa
1539 2859 1810 2933 Sequitur;
1850 2859 1918 2913 ab
1959 2859 2060 2933 ista

471 2929 704 2999 sensus,
760 2935 829 2987 ab
875 2929 963 2988 illa
1014 2940 1237 2996 motus;
1290 2932 1430 2986 sicut
1469 2929 1752 2985 consilium
1808 2929 2063 2998 praecedit

471 3006 756 3058 actionem.
813 3005 930 3058 Ista:
990 3004 1133 3056 vires
1183 3014 1290 3056 tam
1345 3001 1538 3055 anima:
1593 3015 1753 3069 quam
1816 3000 2059 3068 corporis

472 3075 576 3128 dici
619 3082 874 3143 possunt;
922 3074 1044 3141 quia
1071 3074 1139 3127 ab
1172 3073 1436 3143 animatin
1475 3086 1703 3143 corpore
1746 3071 1912 3134 ﬁunt,
1962 3085 2061 3143 nec

472 3145 589 3198 sine
619 3140 864 3214 'utroque
912 3140 1024 3197 ﬁeri
1067 3151 1312 3214 possunt.
1359 3142 1414 3214 In
1459 3141 1625 3214 prima
1660 3151 1811 3214 parte
1852 3140 2060 3214 cerebri

473 3216 555 3268 vis
592 3211 838 3268 animalis
861 3211 1087 3268 vocatur
1115 3213 1474 3284 phantastica,
1515 3211 1566 3284 id
1597 3221 1680 3284 est
1709 3211 2058 3284 imaginaria;

473 3285 596 3354 quia
622 3285 672 3338 in
701 3300 762 3356 ea
786 3281 1143 3356 corporalium
1177 3298 1354 3356 rerum
1383 3282 1759 3356 similitudines
1784 3289 1842 3336 et
1875 3281 2062 3356 imagi-

475 3351 571 3409 nes
592 3351 954 3420 continentur,
978 3353 1120 3408 unde
1143 3363 1197 3408 et
1223 3354 1608 3423 phantasticuui
1635 3351 1846 3423 dicitur.
1874 3351 1928 3404 In
1956 3366 2063 3423 me-

473 3426 559 3478 dia
590 3434 738 3495 parte
763 3425 970 3480 cerebri
1004 3421 1236 3478 vocaturi
1263 3424 1573 3484 rationalis;
1602 3423 1725 3492 quia
1756 3421 1824 3475 ibi
1852 3421 2061 3474 exami-

475 3504 568 3549 nat
595 3494 660 3551 et
690 3494 892 3565 judicat
919 3511 980 3549 ea
1011 3510 1129 3564 quae
1163 3509 1259 3564 per
1300 3495 1738 3565 imaginationem
1768 3506 2062 3565 repraesenf

476 3575 673 3620 uultur.
691 3561 770 3619 'In
798 3567 982 3619 ultima
1013 3561 1181 3635 parte
1207 3561 1428 3618 vocatur
1451 3563 1818 3635 memorialis;
1838 3561 1959 3630 quia
1989 3561 2062 3616 ibi

473 3637 813 3691 commendat
838 3632 1108 3690 memoriae
1136 3651 1254 3704 quae
1283 3651 1310 3688 a
1338 3635 1545 3690 ratione
1565 3642 1688 3687 sunt
1709 3632 1966 3702 judicata.

545 3727 774 3783 CAPUT
821 3726 1007 3781 XXIII.
1060 3724 1382 3797 Percipiendi
1442 3726 1492 3778 in
1541 3726 1874 3797 animoquot
1907 3723 2056 3777 vires.

477 3797 690 3852 Somnia
712 3797 917 3851 lasciva.
953 3797 1029 3868 (ὁ)
1057 3795 1218 3868 έδιίιιά
1236 3798 1414 3865 utique
1441 3805 1523 3850 est
1543 3797 1593 3868 in
1625 3795 1920 3868 tiobiquuo
1934 3809 2062 3868 cor.

477 3884 603 3936 pora
633 3868 913 3934 sentimus,
940 3864 1081 3937 quod
1120 3864 1351 3936 quinque
1377 3867 1617 3934 corporis
1655 3864 1905 3937 sensibus
1929 3864 2056 3937 faei-

475 3955 612 3992 ntus.
645 3939 798 3994 Aliud
827 3954 932 4007 quo
962 3936 1067 3991 non
1100 3951 1345 4005 corpora,
1387 3937 1481 3989 sed
1522 3936 1838 4007 corporibus
1867 3936 2060 4007 similia

473 4011 745 4063 cernimus
769 4050 784 4073 ,
817 4005 905 4062 ubi
944 4018 998 4062 et
1026 4023 1124 4062 nos
1155 4008 1297 4073 ipsos
1336 4021 1438 4060 non
1469 4005 1624 4059 aliter
1665 4022 1823 4074 quam
1855 4006 2061 4059 similes

474 4081 788 4148 corporibus
815 4079 1101 4132 intuemur.
1129 4077 1285 4132 Aliud
1315 4093 1420 4143 quo
1445 4092 1544 4130 nec
1573 4091 1794 4148 corpora
1824 4091 1918 4127 nec
1944 4090 2061 4127 cor-

477 4145 660 4217 porum
707 4149 1078 4202 similitudines
1116 4148 1470 4215 conspicintus
1491 4187 1504 4211 ,
1538 4145 1630 4198 sed
1674 4145 1806 4217 illas_
1829 4161 1916 4197 res
1945 4161 2063 4212 qua:

477 4215 582 4272 non
615 4220 810 4273 habent
847 4219 1105 4288 imagines
1135 4217 1214 4271 sui
1245 4218 1447 4288 similes
1467 4257 1480 4270 .
1511 4218 1648 4269 sicut
1675 4225 1756 4288 est
1788 4215 1968 4288 Deus,
2010 4223 2064 4267 et

477 4290 588 4357 ipsa
619 4303 769 4343 mens
796 4285 1085 4347 rationalis,
1118 4288 1196 4340 vcl
1223 4287 1587 4353 intelligentia,
1614 4285 1698 4337 vel
1726 4285 1858 4357 ratio
1882 4302 1896 4338 :
1925 4286 2065 4357 sicut

476 4354 636 4412 etiam
665 4361 904 4420 virtutes,
940 4359 1238 4426 prudentia,
1271 4357 1496 4427 justitia,
1529 4357 1774 4427 castitas,
1807 4354 2058 4427 Charitas,

470 4430 666 4498 .pietas,
691 4439 742 4482 et
769 4424 1114 4498 quaecumque
1139 4427 1254 4480 alia:
1273 4424 1422 4498 sunt,
1453 4441 1583 4494 quas
1614 4424 1957 4498 intelligendo
1977 4424 2060 4479 vel

476 4494 758 4569 cogitando
786 4494 1202 4559 'enumeratnus,
1257 4496 1607 4550 discernimus
1661 4504 1715 4548 ct
1756 4494 2058 4569 definimus.

479 4565 645 4624 Porro
672 4571 844 4622 anima
869 4584 973 4621 non
1001 4578 1081 4622 cst
1111 4582 1303 4635 corpus
1330 4570 1350 4598 ‘
1372 4609 1385 4628 ,
1419 4569 1536 4635 quia
1570 4580 1678 4619 non
1709 4565 1882 4618 omnis
1909 4565 2060 4617 simi-

479 4640 645 4694 litudo
676 4640 916 4708 corporis
959 4653 1151 4706 corpus
1191 4648 1290 4691 est.
1343 4637 1631 4690 Dormienti
1681 4637 1825 4708 enim
1865 4635 1959 4688 tibi
2008 4635 2059 4688 in

476 4714 678 4765 somnis
720 4705 864 4764 velut
915 4705 1107 4777 corpus
1153 4708 1174 4739 ³
1216 4708 1505 4778 apparebit,
1570 4721 1740 4774 neque
1779 4705 1828 4778 id
1868 4719 2062 4778 corpus

477 4793 649 4847 tuum,
679 4781 773 4835 scd
801 4781 975 4833 anima
1001 4775 1086 4833 tua
1112 4796 1125 4843 ;
1159 4794 1255 4831 nec
1281 4775 1462 4831 verum
1491 4792 1707 4846 corpus,
1736 4775 1827 4830 sed
1868 4776 2061 4828 simili-

475 4853 604 4906 tudo
629 4852 871 4921 corporis
901 4850 996 4904 tui.
1027 4849 1232 4904 Jaceliit
1257 4849 1397 4902 enim
1435 4864 1631 4921 corpus
1658 4856 1804 4921 tuum
1825 4889 1839 4910 ,
1872 4847 2062 4921 ambu-

476 4925 603 4977 labit
646 4917 750 4975 illa'.
794 4921 1010 4976 Tacebit
1055 4921 1228 4990 lingua
1258 4921 1496 4988 corporis
1521 4919 1624 4990 tui,
1673 4917 1920 4987 loquetur
1951 4917 2058 4969 illa.

477 4994 650 5047 Clausi
680 5001 836 5047 erunt
859 4991 996 5046 oculi
1021 4992 1114 5050 tui.
1137 4988 1338 5044 videbit
1376 4990 1484 5042 illa.
1519 4988 1586 5042 Et
1610 4989 1680 5041 ita
1708 4989 1756 5039 in
1779 5003 1840 5042 ea
1871 4995 1975 5040 tota
2008 4995 2064 5040 et

479 5066 679 5132 integra
707 5072 956 5118 ccrnetur
981 5061 1283 5132 similitudo
1300 5061 1475 5114 carnis
1503 5069 1624 5132 tuas.
1657 5057 1708 5132 In
1748 5058 1846 5132 hac
1876 5057 2065 5132 simiii-

479 5129 660 5187 tudine
687 5134 834 5201 quasi
867 5149 962 5202 per
994 5133 1108 5186 loca
1136 5131 1344 5202 cognita
1375 5131 1454 5184 vel
1500 5131 1759 5202 inct'ignita
1787 5129 2060 5202 discurrit,

475 5214 528 5256 ‹·ι
558 5200 720 5257 sentit
754 5200 880 5257 licia
907 5203 991 5256 vel
1033 5200 1223 5257 tristia;
1255 5205 1442 5255 Anima
1472 5201 1628 5254 etiam
1667 5200 1884 5261 mortui,
1927 5200 2062 5251 sicut

473 5273 808 5336 dormientis,
854 5273 905 5326 in
935 5274 1046 5343 ipsa
1085 5273 1432 5328 similitudine
1473 5271 1715 5340 corporis
1753 5270 1835 5324 sui
1877 5269 2059 5332 sentit,

544 5477 556 5506 ε
597 5483 674 5523 \ts.
702 5474 1042 5534 Malardensis,
1063 5474 1293 5527 intimius.

541 5540 560 5567 ¹
596 5544 721 5593 .\tss.,
745 5548 988 5586 cornorea.

542 5601 562 5630 ³
597 5607 700 5646 Mss.
729 5597 842 5656 duo,
861 5609 1133 5659 corporeus.
1159 5606 1258 5648 Duo
1289 5597 1387 5655 alii,
1428 5610 1673 5659 corporea.

528 5702 702 5805 ς((ι)1)ι)
735 5706 848 5748 Gen.
880 5699 937 5747 ad
961 5701 1063 5748 Litt.
1106 5698 1187 5748 lib.
1234 5701 1261 5748 7
1290 5738 1301 5757 ,
1341 5713 1444 5763 cap.
1483 5701 1564 5757 18;
1604 5708 1653 5749 ct
1703 5700 1784 5749 lib.
1846 5701 1915 5761 12,
1952 5714 2054 5763 cap.

511 5775 520 5798 ι

475 5767 553 5811 ιρι.

537 5823 767 5884 (bulum,
808 5822 886 5873 lib.
923 5823 977 5872 ΙΞ
1003 5857 1013 5878 ,
1040 5822 1284 5887 cappﬂo,
1322 5822 1414 5880 33,
1451 5823 1528 5880 '25,
1574 5824 1643 5881 1:2,
1676 5826 1736 5871 lii

1918 376 2279 434 AI‘PENDIX.

3635 384 3738 438 796

2153 502 2246 542 seu
2274 488 2541 562 bonascu
2569 487 2703 562 mala
2743 504 2756 538 :
2801 503 2904 562 non
2931 497 3256 562 sunt_tamen
3289 495 3604 562 corporalia,
3639 500 3735 553 sed

2153 559 2521 628 corporalibus
2543 558 2756 626 similia,
2787 557 2978 627 quibus
2999 559 3190 612 animze
3225 557 3538 628 Corporibus
3563 557 3738 623 exutae

2155 627 2479 702 afﬁciuntur,
2505 645 2598 702 seu
2628 629 2761 702 bene
2785 644 2879 684 seu
2907 629 3066 689 male.
3091 646 3209 684 cum
3238 640 3292 685 et
3321 633 3448 702 ipsa:
3473 636 3584 690 suis
3613 653 3737 691 cor-

2155 700 2370 766 poribus
2397 699 2596 753 similes
2616 699 2826 753 sibimet
2846 709 3168 769 appareant;
3193 713 3317 755 sunt
3339 699 3513 758 tamen
3535 715 3591 759 et
3611 723 3737 762 vera

2155 769 2332 845 iretitia
2362 780 2413 824 et
2438 785 2561 845 vera
2590 771 2828 845 molestia
2851 812 2864 836 ,
2889 769 3028 845 i‘acta
3057 771 3123 826 dc
3146 772 3436 826 substantia
3477 777 3738 845 spirituali

2155 841 2230 914 in_
2249 841 2537 914 substantia
2565 841 2846 909 spirituali.
2879 840 3092 914 Certum
3125 857 3318 914 nempe
3345 854 3426 898 est
3449 840 3739 914 quamdam

2154 912 2761 985 Spiritualem“naturam
2794 926 2912 985 esse
2957 913 3006 964 in
3049 913 3222 977 nobis,
3257 914 3345 985 ubi
3380 912 3739 985 corporalium

2155 997 2332 1036 rerum
2364 982 2733 1056 similitudines
2753 991 2842 1035 aut
2865 981 3180 1056 formantur,
3211 993 3303 1037 aut
3323 981 3567 1040 formatae
3596 989 3742 1056 inge-

2155 1061 2379 1126 runtur,
2436 1052 2548 1106 sive
2593 1068 2719 1126 cum
2756 1053 3035 1120 praesentia
3077 1053 3272 1126 aliquo
3301 1070 3460 1126 sensu
3500 1052 3744 1126 corporis

2157 1122 2441 1191 tangimus,
2483 1135 2536 1176 et
2580 1124 2833 1177 continuo
2879 1139 3062 1176 cortnn
3116 1124 3406 1178 similitudo
3451 1128 3503 1180 in
3549 1122 3739 1191 spiritu

2156 1191 2432 1257 formatur,
2463 1201 2514 1247 et
2545 1193 2594 1246 in
2625 1194 2875 1246 memoria
2900 1193 3236 1258 reconditur;
3263 1197 3376 1250 sive
3395 1211 3516 1251 cum
3547 1191 3744 1252 absen-

2158 1263 2226 1335 tia
2249 1263 2356 1330 jam
2381 1275 2502 1316 nota
2534 1263 2616 1317 vel
2643 1280 2758 1332 quae
2783 1279 2886 1335 non
2913 1265 3162 1335 novimus
3193 1267 3507 1335 cogitamus,
3533 1277 3589 1321 ut
3618 1270 3741 1324 imlc

2158 1333 2416 1388 formetur
2439 1335 2649 1404 quidam
2670 1333 2955 1404 spiritualis
2984 1333 3298 1388 intellectus.
3332 1337 3742 1393 Innumerabilia

2157 1404 2316 1456 etiam
2350 1419 2444 1471 pro
2473 1403 2712 1478 arbitrio
2735 1415 2788 1458 et
2831 1405 3136 1478 opinatione
3183 1406 3460 1475 ﬁngimus,
3506 1424 3625 1478 quze
3661 1411 3741 1462 vel

2159 1490 2262 1526 non
2293 1482 2440 1550 sunt,
2463 1475 2545 1527 vel
2574 1490 2694 1528 esse
2727 1475 3054 1550 nesciuntur.
3087 1475 3505 1532 Innumerabiles
3524 1475 3744 1550 quoque

2158 1553 2210 1597 et
2240 1545 2396 1597 varim
2418 1545 2600 1597 forum:
2633 1561 2806 1598 rerum
2835 1545 2886 1598 in
2913 1547 3092 1600 animo
3119 1558 3302 1601 nostro
3327 1545 3627 1612 versantur,
3657 1545 3744 1604 vel

2157 1629 2282 1687 cum
2306 1615 2501 1687 aliquid
2529 1613 2772 1687 facimus,
2797 1616 2877 1670 vel
2905 1615 3092 1672 facturi
3120 1631 3304 1672 Stnnus
3327 1635 3340 1670 :
3372 1619 3551 1687 aliquo
3580 1621 3742 1674 etiam

2159 1685 2346 1753 spiritu
2376 1685 2612 1754 rapiente
2644 1686 2844 1739 tollitur
2880 1688 3056 1740 anima
3095 1689 3147 1742 in
3187 1685 3490 1753 huiusmodi
3519 1690 3742 1745 videnda

2159 1770 2252 1830 seu
2277 1757 2429 1830 Abona
2461 1771 2555 1830 seu
2581 1756 2740 1830 mala.
2779 1757 2947 1830 Nimia
2977 1773 3188 1827 quoque
3219 1759 3513 1830 intentione
3538 1761 3744 1830 cogita-

2161 1825 2319 1899 tionis
2344 1825 2428 1879 vel
2455 1827 2624 1899 aiiqua
2665 1826 2716 1880 vi
2751 1827 2942 1899 morbi,
2971 1825 3038 1899 ut
3063 1825 3387 1899 phreneticis
3418 1845 3510 1898 per
3540 1825 3742 1886 febrem

2159 1895 2400 1969 accidere
2413 1896 2578 1969 solet,
2592 1912 2687 1952 seu
2709 1895 3087 1969 commixtione
3106 1898 3325 1953 alterius
3344 1895 3618 1967 cujusdam
3637 1903 3746 1969 Spi-

2159 1966 2395 2040 ritustse‘u
2413 1966 2532 2020 boni
2555 1981 2650 2040 seu
2669 1967 2813 2033 mali,
2832 1968 2901 2021 ita
2922 1969 3274 2036 corporalium
3295 1966 3470 2023 rerum
3491 1966 3745 2040 imagines

2161 2036 2212 2110 in
2235 2036 2422 2110 Spiritu
2444 2037 2831 2105 exprimuntur,
2858 2048 3106 2108 tanquam
3123 2053 3345 2108 corpora
3368 2040 3534 2108 ipsius
3555 2036 3749 2110 corpo-

2161 2109 2238 2160 ris
2263 2106 2508 2162 sensibus
2537 2116 2922 2174 przesententur
2939 2106 3050 2172 {ut
3073 2106 3310 2164 absentia
3335 2106 3619 2165 videantur
3642 2106 3741 2166 ad-

2161 2186 2548 2250 essetanquam
2572 2179 2870 2250 prazsentia,
2891 2187 2946 2234 et
2959 2195 3076 2249 qua:
3097 2195 3202 2233 non
3223 2189 3346 2234 sunt
3365 2189 3614 2250 tanquam
3637 2196 3749 2250 pra:

2162 2247 2332 2301 oculis
2359 2248 2553 2302 adsint.
2575 2247 2638 2302 Ἀ
2664 2247 3050 2304 domiientibus
3077 2251 3236 2305 etiam
3276 2253 3439 2304 multa
3475 2247 3746 2316 videntur,

2163 2319 2245 2371 vel
2278 2319 2409 2371 nihil
2431 2319 2511 2373 vel
2535 2319 2733 2392 aliquid
2759 2320 3128 2392 signiﬁcantia.
3155 2319 3305 2392 Unde
3327 2336 3471 2390 saape
3492 2323 3748 2392 imagines

2163 2403 2342 2442 rerum
2373 2389 2724 2457 corporalium
2757 2399 2898 2444 tanta
2925 2390 3031 2444 illis
3055 2389 3752 2460 expressioneprzesentan-

2165 2467 2254 2532 tur
2283 2460 2581 2532 insomnis,
2610 2470 2815 2532 quanta
2849 2461 2960 2528 ipsa
2995 2475 3222 2531 corpora
3255 2471 3644 2532 praesentantur
3669 2464 3747 2516 vi-

2163 2529 2473 2597 gilantibus,
2503 2540 2560 2583 ut
2599 2529 2737 2584 inter
2770 2531 3028 2585 visionem
3067 2529 3442 2586 dormientium
3481 2541 3536 2586 et
3567 2547 3746 2587 veram

2162 2601 2594 2680 commixtionem
2615 2602 2939 2669 vigilantium
2959 2617 3060 2654 non
3083 2601 3443 2667 discernatur;
3465 2602 3558 2658 sed
3580 2604 3752 2657 conti-

2165 2685 2271 2742 nuo
2305 2675 2383 2724 eis
2409 2686 2535 2724 caro
2575 2681 2869 2733 moveatur,
2903 2681 2956 2725 ct
3001 2682 3185 2726 eontra
3222 2675 3550 2742 propositum
3592 2687 3748 2727 suum

2167 2741 2250 2793 vel
2298 2752 2481 2795 contra
2523 2742 2695 2795 licitos
2741 2757 2919 2795 mores
2947 2741 3648 2809 concumbere’videautur,
3693 2754 3751 2798 et

2164 2810 2302 2880 quod
2358 2812 2669 2866 naturaliter
2712 2812 2996 2867 collectqu
3041 2820 3143 2877 est,
3188 2827 3288 2882 per
3331 2814 3588 2882 genitales
3630 2815 3748 2867 vias

2168 2881 2462 2952 emittatur.
2511 2882 2662 2936 Ilunc
2701 2893 2902 2936 motum
2948 2883 3077 2936 casti
3109 2881 3389 2952 vigilantes
3417 2885 3673 2938 cohibent
3700 2893 3754 2938 et

2165 2950 2437 3023 refrenant
2465 2970 2477 3005 :
2509 2953 2836 3007 dormientes
2864 2961 3041 3006 autem
3073 2950 3192 3007 ideo
3214 2968 3318 3007 non
3345 2963 3587 3022 possunt,
3618 2955 3742 3023 quia

2164 3021 2218 3093 in
2263 3030 2522 3088 potestate
2549 3039 2654 3076 non
2696 3023 2890 3078 habent
2919 3023 3162 3093 imaginis
3199 3021 3490 3093 corporalis
3526 3021 3752 3093 expres-

2164 3091 2369 3164 sionem
2395 3095 2433 3158 ³,
2466 3109 2567 3162 qua
2598 3108 2723 3146 caro
2753 3091 3063 3148 naturaliter
3101 3091 3375 3164 movetur;
3418 3103 3474 3149 et
3513 3091 3755 3164 sequitur

2165 3161 2305 3234 qnod
2336 3177 2458 3234 eum
2484 3161 2689 3234 motum
2719 3164 2868 3232 sequi
2894 3164 3052 3225 solet,
3076 3173 3131 3219 et
3158 3163 3298 3234 quod
3330 3165 3445 3218 sine
3470 3161 3693 3234 peccato
3720 3181 3751 3219 a

2167 3231 2505 3303 vigilantibus
2532 3233 2644 3288 ﬁeri
2672 3250 2774 3288 non
2800 3231 2991 3303 potest.
3020 3234 3110 3290 Sic
3134 3231 3188 3288 in
3214 3235 3407 3302 spiritu
3430 3231 3484 3288 et
3508 3250 3754 3303 corpora-

2166 3301 2294 3374 lium
2321 3317 2498 3357 rerum
2528 3305 2782 3373 imagines
2803 3301 3066 3374 apparent
3090 3345 3103 3368 ,
3131 3314 3186 3360 et
3214 3301 3376 3358 multa
3404 3320 3504 3374 pro
3529 3301 3756 3360 arbitrio

2167 3372 2436 3442 ﬁnguntur
2455 3415 2469 3437 ,
2495 3375 2584 3446 vel
2628 3372 2824 3444 praeter
2845 3372 3123 3428 arbitrium
3151 3372 3602 3430 demonstrantur.
3637 3377 3752 3446 Ipsa

2166 3457 2394 3515 namque
2419 3445 2592 3499 anima
2618 3462 2736 3514 qua:
2763 3455 2906 3498 motu
2928 3447 3144 3514 proprio
3169 3461 3380 3515 semper
3403 3447 3453 3499 in
3478 3457 3620 3499 motu
3643 3445 3748 3508 est,

2166 3513 2290 3581 quia
2343 3530 2434 3582 per
2463 3513 2659 3583 eorpus
2705 3531 2810 3569 non
2857 3513 3068 3580 sinitur,
3097 3517 3179 3568 vel
3219 3513 3322 3569 non
3371 3517 3526 3584 plene
3557 3517 3755 3570 sinitur

2165 3585 2460 3655 corporalia
2492 3587 2688 3639 sentire
2709 3627 2722 3651 ,
2755 3585 2835 3639 vel
2880 3584 2945 3638 ad
2971 3587 3265 3655 corporalia
3292 3586 3396 3638 vim
3429 3601 3537 3640 sure
3579 3587 3755 3640 inten-

2136 3653 2325 3726 'tionis
2363 3654 2627 3726 dirigere,
2659 3661 2883 3724 carpere
2924 3653 3126 3725 sopito,
3167 3656 3356 3726 Spiritu
3396 3658 3753 3724 corporalium

2166 3725 2553 3797 similitudines
2579 3736 2670 3779 aut
2699 3728 2809 3795 ipsa
2840 3725 2982 3797 agit,
3014 3727 3152 3780 sicut
3193 3725 3247 3780 et
3275 3727 3533 3793 imagines
3559 3742 3756 3797 corpo-

2165 3809 2283 3864 rum
2315 3795 2594 3864 cogitando
2627 3812 2692 3850 ex
2736 3810 2795 3849 se
2837 3796 2946 3861 ipsa
2989 3811 3203 3851 versare
3243 3797 3473 3861 assolet;
3525 3807 3616 3850 aut
3655 3795 3752 3849 oh-

2161 3863 2629 3987 jectasintuetur,
2670 3881 2788 3921 cum
2830 3866 2880 3919 iu
2911 3881 3003 3920 eas
3045 3866 3302 3921 videndas
3344 3867 3522 3937 aliquo
3565 3868 3752 3938 spiritu

2166 3949 2362 3987 assumi
2393 3951 2472 3987 UI‘.

2166 3949 2472 3988 assumitur.

2239 4005 2462 4076 CAPUT
2508 4005 2700 4060 XXIV.
2747 4037 2817 4047 -—
2856 4005 3037 4060 Anima
3056 4007 3178 4070 quid
3197 4008 3280 4072 sit,
3312 4016 3358 4060 et
3385 4008 3508 4076 quid
3527 4024 3627 4060 non
3665 4009 3749 4062 sit.

2179 4072 2565 4148 Visionttintria
2600 4093 2804 4147 genera.
2856 4077 3091 4148 Falsimti
3141 4093 3255 4148 quae
3283 4072 3530 4131 obnoxiw.
3565 4078 3642 4131 De
3669 4095 3752 4132 ec-

2166 4145 2308 4218 slosi.
2350 4144 2616 4218 Visionunt
2637 4148 2742 4199 alia
2780 4165 2964 4218 genera
2995 4146 3088 4218 (τι).
3130 4144 3318 4202 Anima
3349 4158 3431 4203 est
3456 4149 3753 4202 substantia

2168 4215 2463 4294 spiritualis
2489 4257 2503 4280 ,
2551 4215 2797 4294 simpieii'
2821 4229 2874 4271 et
2917 4215 3334 4294 iudiésolnhiiis,
3373 4219 3650 4272 invisibilis
3698 4228 3754 4274 et

2169 4289 2482 4358 incorporea
2503 4327 2517 4350 ,
2553 4289 2814 4356 passibilis
2843 4297 3000 4358 atque
3031 4289 3298 4342 mutabilis
3324 4331 3338 4353 ,
3388 4303 3579 4342 carens
3617 4304 3754 4358 pon-

2167 4353 2498 4423 derc,tigura
2547 4353 2602 4411 et
2629 4358 2829 4411 colore.
2876 4357 2989 4412 Non
3029 4367 3112 4412 est
3153 4358 3420 4412 credenda
3465 4353 3630 4426 pars;
3657 4359 3750 4412 sed

2168 4434 2412 4478 creatura
2462 4427 2571 4493 Dei,
2623 4443 2721 4482 nec
2762 4431 2919 4482 etiam
2956 4427 3024 4482 de
3062 4429 3355 4482 substantia
3411 4430 3524 4494 Dei,
3575 4431 3656 4483 vel
3686 4429 3755 4483 de

2167 4495 2403 4561 qualibet
2437 4497 2824 4552 elementorum
2857 4499 3075 4552 materia
3099 4541 3111 4560 ,
3141 4497 3232 4552 sed
3265 4516 3328 4553 ex
3362 4500 3526 4553 nihilo
3551 4511 3748 4553 creata.

2167 4565 2220 4645 Si
2245 4566 2385 4645 enim
2413 4583 2480 4645 ex
2509 4569 2794 4645 semetipso
2834 4585 2952 4623 eam
2980 4569 3122 4645 Deus
3152 4568 3748 4645 fecisset,_nequsquam

2170 4636 2352 4688 vitiosa
2397 4644 2488 4689 aut
2524 4640 2788 4692 mutabilis
2832 4647 2922 4693 aut
2963 4640 3157 4693 misera
3184 4649 3346 4694 esset.
3387 4639 3441 4695 Si
3479 4636 3655 4693 autem
3688 4657 3751 4694 et

2167 4705 2446 4778 elementis
2469 4707 2600 4761 facta
2627 4709 2827 4771 fuisset,
2852 4720 2994 4762 esset
3021 4725 3294 4778 corporea.
3321 4711 3454 4764 Cum
3483 4711 3658 4778 itaque
3684 4712 3752 4764 sit

2170 4776 2501 4848 incorporea,
2527 4778 2756 4848 ignotam
2784 4779 2983 4834 habens
3011 4776 3305 4846 originem;
3338 4780 3544 4835 initium
3569 4776 3750 4840 habet.

2171 4846 2328 4919 ﬁnem
2355 4863 2459 4919 non
2490 4846 2667 4903 habet.
2701 4850 2909 4903 Etcum
2941 4851 3010 4903 sit
3048 4851 3339 4919 spiritualis
3369 4859 3593 4913 naturm,
3622 4851 3754 4904 nihil

2169 4915 2329 4990 habet
2376 4917 2595 4972 mixtum
2628 4930 3040 4990 concretumque
3074 4915 3378 4984 terrenum,
3412 4921 3541 4974 nihil
3575 4923 3754 4975 Immi-

2168 4987 2316 5058 dum,
2369 5003 2586 5042 aereum
2614 4991 2694 5043 vel
2725 4987 2972 5058 igneum;
3032 4991 3234 5045 nullum
3287 4992 3444 5044 habet
3492 4993 3754 5057 colorem,

2169 5057 2317 5111 nullo
2354 5059 2469 5111 loco
2509 5057 2847 5125 continetur,
2895 5061 3051 5114 nullis
3079 5062 3332 5115 membris
3357 5062 3747 5117 circumscribi-

2171 5137 2290 5201 tur,
2323 5129 2469 5201 nullo
2497 5132 2669 5197 spatio
2701 5131 2878 5184 ﬁnitur
2905 5149 2918 5184 :
2953 5132 3045 5185 scd
3074 5133 3140 5183 ita
3172 5141 3254 5186 cst
3278 5132 3555 5201 cogitanda
3585 5141 3639 5185 et
3671 5134 3755 5186 in-

2171 5198 2472 5270 telligenda,
2495 5201 2629 5253 sicut
2660 5201 2938 5270 sapientia,
2963 5201 3187 5269 jostitia,
3218 5211 3272 5255 et
3298 5198 3508 5255 czeterte
3531 5203 3756 5257 virtutes

2167 5269 2236 5320 ab
2255 5270 2626 5338 Otnnipotentc
2652 5269 2864 5325 create.
2895 5273 3088 5325 Natura
3110 5273 3302 5326 anitum
3338 5273 3618 5326 invisibilis
3643 5285 3750 5338 est,

2170 5338 2288 5410 ideo
2317 5340 2651 5410 invisibiliter
2681 5342 2730 5394 in
2757 5357 2984 5408 corpore
3013 5343 3222 5405 manet’.
3255 5343 3398 5396 etde
3417 5357 3644 5410 corpore
3677 5345 3756 5395 in-

2169 5409 2447 5463 visibiliter
2471 5412 2761 5479 egreditur.
2808 5413 2908 5466 Per
2944 5427 3137 5479 Corpus
3162 5428 3385 5479 corpora
3415 5409 3556 5466 VItICl
3575 5455 3590 5478 ,
3619 5416 3757 5467 sicut

2167 5479 2360 5534 ca-lum
2391 5489 2445 5534 ct
2468 5491 2683 5546 terram,
2717 5494 2769 5537 et
2793 5499 2912 5552 qua:
2939 5483 2991 5537 in
3010 5483 3088 5537 eis
3116 5485 3401 5554 conspicua
3432 5496 3554 5537 sunt
3581 5486 3755 5538 oculis

2231 5679 2248 5710 ί
2285 5685 2372 5741 Mss
2413 5679 2525 5734 duo,
2552 5677 2912 5741 rcprcssimu‘m.
2957 5681 2965 5687 '

2231 5739 2301 5800 (ιι)
2330 5742 2528 5788 Isidorus
2547 5739 2628 5788 liii.
2655 5741 2684 5788 ‘2
2708 5742 2954 5790 DiII‘ercnl.
2975 5749 3016 5801 Si
3039 5742 3128 5791 iril.
3152 5739 3228 5797 ‘26,
3254 5740 3314 5786 ‘37)
3334 5755 3343 5791 :
3362 5740 3497 5802 juxta
3529 5753 3637 5802 aug.
3668 5740 3755 5790 ιιι».

2175 5801 2227 5852 η
2251 5804 2310 5850 de
2336 5805 2504 5850 Genesi
2532 5804 2586 5850 .ι‹,1
2615 5804 2776 5852 ιιιιρτ.
2803 5815 2924 5864 capp
2964 5805 3032 5863 II,
3064 5804 3125 5852 II.
3167 5802 3330 5863 18-26;
3350 5801 3425 5850 50.
