4106 6500
549 407 654 470 8ιὴ

549 526 738 570 sensus
766 513 1023 566 introrsus
1053 509 1118 564 ad
1149 517 1351 579 partem
1387 509 1653 580 puriorem
1684 505 1927 580 corporei
1967 506 2129 574 Spiri-

552 596 634 639 tus
661 583 872 638 reducm
895 623 908 642 ,
938 583 1094 651 eique
1133 577 1428 650 impressa,
1462 581 1514 634 in
1543 592 1752 651 summo
1778 577 1980 631 scilicet
2009 591 2129 651 cor-

551 655 743 726 poralis
789 648 1023 721 Spiritus,
1056 662 1129 726 ‘et
1177 648 1230 726 in
1280 653 1387 705 imo
1433 649 1745 726 rationalis“.
1783 648 2125 726 corporalem

552 717 860 786 informatus,
889 731 942 776 et
971 721 1280 775 rationalem
1320 721 1656 790 contingens.
1705 717 1963 790 Spiritum
2007 732 2129 790 cor-7

549 809 766 863 porcum
796 807 930 847 voco
953 807 1154 857 aerem,
1191 793 1274 846 vel
1323 789 1729 860 potius’ignem,
1766 789 1853 856 qui
1898 803 2006 863 pne.
2047 789 2126 863 sui

549 858 838 918 subtilitate
886 863 1052 916 videri
1104 878 1207 916 non
1265 858 1476 930 potest,
1525 858 1580 915 et
1629 873 1852 926 corpora
1907 858 2129 912 interius

555 933 842 1004 vegetando
873 933 1125 986 vivificat.
1173 932 1423 1004 Quaedam
1463 941 1639 1004 autem
1668 937 1878 1004 vegetat
1923 937 2128 1004 tantum

547 1016 596 1058 et
617 1000 734 1058 'non
774 1004 1063 1066 sensificat,
1105 1004 1242 1056 sicut
1281 1003 1519 1067 arbores,
1566 1000 1760 1054 herbas
1791 1007 1846 1053 et
1876 1000 2125 1052 universa

549 1077 601 1130 in
632 1085 772 1128 terra
799 1073 1168 1143 germinantia.
1212 1073 1463 1143 Quaedam
1493 1080 1701 1143 vegetat
1741 1077 1796 1122 et
1834 1069 2126 1143 sensiticat,

549 1146 688 1198 sicut
723 1139 898 1198 omnia
938 1145 1089 1197 bruta
1127 1144 1397 1196 animalia.
1429 1141 1483 1195 lu
1510 1142 1704 1210 quibus
1741 1139 1983 1210 quaedam
2015 1149 2130 1192 tan-

549 1225 658 1268 tum
688 1230 903 1268 sensum
936 1215 1149 1275 habent,
1191 1222 1244 1267 et
1283 1213 1717 1282 imaginationem
1757 1224 1862 1262 non
1882 1209 2125 1282 habent;

555 1285 800 1354 quzedam
830 1299 1046 1338 sensum
1075 1291 1128 1337 et
1158 1279 1584 1352 imaginationem
1625 1282 1842 1354 habent.
1871 1279 2001 1334 Cum
2031 1280 2130 1331 ita-

552 1351 657 1423 que
699 1356 865 1424 magis
893 1355 910 1384 ¹
949 1353 1018 1408 sit
1055 1351 1369 1418 sensilicari,
1411 1368 1583 1424 quam
1607 1351 1845 1421 vegetari
1884 1359 2090 1424 tantum
2112 1365 2128 1424 ξ

547 1419 756 1480 constat
787 1419 1038 1492 profecto
1083 1424 1218 1477 hanc
1257 1425 1360 1476 vim
1410 1419 1738 1492 subtiliorem
1765 1437 1905 1492 esse,
1947 1431 2000 1492 et
2023 1419 2126 1492 _ubi

553 1497 721 1567 magis
747 1490 953 1550 subtilis
976 1503 1079 1559 est,
1101 1494 1269 1566 magis
1297 1493 1518 1566 spiritus
1545 1501 1646 1547 est.
1671 1491 1850 1567 Magis
1865 1490 2126 1567 siquidem

551 1561 877 1636 incorporea:
899 1575 1101 1620 naturae.
1121 1561 1525 1634 appropinquat,
1550 1577 1672 1618 cum
1695 1561 2128 1636 imaginationem

550 1630 762 1699 format,
807 1652 964 1706 quam
1007 1653 1126 1690 cum
1159 1630 1666 1704 'sens’um'przestat.
1707 1631 1849 1706 Nihil
1885 1630 2030 1706 enim
2077 1631 2127 1683 in

549 1724 778 1776 corpore
826 1703 1015 1771 altius,
1063 1707 1143 1760 vel
1188 1705 1449 1775 spirituali
1495 1715 1701 1776 natura:
1742 1703 1966 1758 vicinius
2009 1714 2131 1756 esse

552 1775 756 1848 potest,
785 1793 942 1848 quam
973 1777 1020 1830 id
1065 1777 1154 1829 ubi
1185 1786 1301 1848 post
1344 1789 1561 1848 sensum
1600 1775 1684 1848 vel
1711 1788 1869 1848 supra
1911 1786 2127 1827 sensum

548 1845 632 1904 vis
661 1845 979 1918 imaginandi
1021 1847 1338 1918 concipitur,
1380 1847 1537 1918 quod,
1563 1845 1777 1918 quidem
1823 1845 1893 1918 in_
1922 1853 2126 1918 tantum

548 1913 793 1975 sublime'
810 1927 911 1979 est.
956 1927 1013 1970 ut
1049 1913 1301 1987 quidqttid
1339 1913 1498 1986 supra
1527 1915 1655 1970 illud
1683 1925 1785 1982 est,
1827 1913 1973 1968 aliud
2017 1930 2124 1966 non

547 1991 616 2046 sit
642 1989 1032 2060 quamgratioj.

618 2052 846 2115 CAPUT
908 2057 1147 2113 XXXIV.
1215 2057 1426 2112 Sensus.
1479 2055 1745 2110 Memoria.
1793 2055 1958 2109 Mens.
2007 2052 2131 2122 Spi-

547 2133 696 2185 ritus.
733 2130 944 2184 Animus
981 2129 1113 2181 idem
1154 2143 1268 2182 cum
1311 2129 1502 2180 anima.
1532 2126 1704 2180 Ratio.
1747 2125 1846 2190 Qui
1881 2125 2050 2178 anima
2076 2139 2132 2177 se

547 2203 617 2255 ad
643 2202 804 2255 Deum
831 2201 1007 2270 erigat.
1040 2199 1175 2252 Mira
1205 2199 1382 2270 divisio
1407 2199 1609 2270 animm.
1645 2196 1789 2270 Mens
1814 2193 2125 2270 imagopei.

551 2272 823 2344 (a)Anima
847 2265 1151 2344 nominatur
1171 2268 1500 2344 totus_homo_
1510 2269 1757 2344 interior,
1777 2282 1876 2344 qua
1899 2265 2132 2318 vivifica-

552 2337 655 2407 tur,
685 2343 884 2410 regitur
908 2350 963 2394 et
986 2341 1293 2394 continetur
1320 2339 1458 2410 lutea
1487 2339 1575 2410 illa
1599 2351 1796 2401 massa,
1826 2337 2126 2410 humectata

547 2405 764 2477 succis,‘
790 2428 856 2464 ne
899 2412 1128 2464 arefacta
1172 2409 1515 2463 dissolvatur.
1561 2409 1694 2462 Dum
1739 2422 1867 2476 ergo
1896 2405 2128 2477 vivilicat

547 2475 763 2551 corpus.
791 2482 963 2535 anima
994 2490 1074 2534 est
1100 2497 1114 2543 ;
1145 2480 1268 2532 dum
1300 2480 1432 2540 vult,
1464 2480 1673 2533 animus
1694 2475 1823 2551 est}
1853 2475 2125 2551 dqm__scit,

548 2547 700 2608 mens
738 2562 858 2617 est;
898 2552 1023 2605 dum
1060 2551 1264 2613 recolit,
1295 2551 1553 2606 memoria
1593 2558 1711 2613 est;
1751 2547 1878 2602 dum
1906 2547 2124 2616 judicat,

548 2626 686 2678 ratio
710 2632 829 2686 est;
870 2623 996 2676 dum
1024 2623 1188 2691 spirat
1213 2621 1292 2674 vel
1323 2621 1731 2691 contemplatur,
1763 2620 1982 2691 Spiritus
2007 2625 2125 2691 est;

546 2695 673 2748 dum
699 2695 877 2755 sentit,
909 2687 1099 2747 sensus
1123 2702 1225 2746 est.
1268 2692 1399 2744 Nam
1425 2687 1550 2744 inde
1573 2703 1763 2743 sensus
1791 2690 1965 2742 anima
1995 2687 2130 2741 dici-

549 2777 654 2828 tur,
701 2778 794 2832 pro
841 2765 906 2817 iis
941 2777 1061 2831 qua:
1099 2762 1261 2816 sentit
1301 2779 1313 2814 :
1360 2761 1499 2814 unde
1541 2769 1596 2815 et
1635 2760 1899 2814 sententia
1931 2772 2126 2832 nomen

550 2829 773 2904 accepit.
815 2829 988 2888 Habet
1007 2833 1166 2904 etiam
1199 2845 1391 2902 corpus
1418 2832 1652 2904 quinque
1691 2843 1900 2891 sensus,
1940 2829 2030 2898 qui
2063 2843 2130 2904 ex

548 2923 615 2961 eo
637 2899 763 2960 dicti
795 2913 938 2966 sunt,
974 2903 1097 2972 quia
1141 2918 1236 2971 per
1264 2899 1357 2955 eos
1383 2899 1751 2972 atiitna’totnm
1778 2914 1974 2972 corpus
2005 2899 2124 2951 sub-

549 2977 792 3031 tilissime
817 2970 1184 3044 agitat—vigore
1208 2970 1494 3044 sentiendi.
1538 2971 1610 3024 Ita
1651 2981 1830 3044 autem
1871 2971 1985 3022 haec
2008 2983 2130 3044 or_n_-

551 3049 638 3101 nia
681 3038 927 3114 adjunéta
969 3038 1092 3098 sunt
1133 3042 1346 3104 animas,
1393 3050 1457 3114 ut
1470 3057 1593 3114 una
1633 3055 1720 3095 res
1745 3042 1855 3114 sit:
1893 3054 1988 3109 pro
2015 3038 2131 3114 effi-

552 3110 765 3171 cientiis
824 3124 1002 3169 tamen
1058 3127 1374 3176 causarum,
1427 3111 1636 3166 diversa
1683 3111 1898 3164 nomina
1954 3110 2138 3162 anima“

551 3187 738 3240 sortita
763 3194 864 3238 est.
905 3185 960 3238 In
983 3183 1214 3238 eSsentia
1239 3197 1466 3250 namque
1488 3191 1569 3236 est
1591 3181 1836 3248 simplex.
1865 3181 1914 3232 in
1939 3177 2132 3250 officiis

551 3256 854 3324 multiplex.
899 3254 1151 3324 Memoria
1178 3254 1336 3306 etiam
1349 3249 1516 3324 _mens
1541 3261 1624 3306 est
1648 3267 1662 3313 ;
1705 3250 1846 3305 unde
1868 3259 1920 3324 et
1946 3249 2135 3302 inunc-

551 3322 731 3381 mores
771 3335 1010 3380 amentes
1049 3323 1294 3378 dicimus.
1335 3322 1582 3376 Omnium
1621 3336 1801 3375 rerum
1849 3322 2132 3374 thesaurus

553 3408 608 3451 et
649 3406 830 3451 custos
865 3396 952 3450 'est
992 3394 1246 3448 memoria
1273 3435 1287 3457 ,
1337 3408 1436 3446 nec
1482 3392 1719 3446 enarrari
1765 3398 1975 3460 potest,
2025 3399 2130 3443 tam

551 3469 767 3534 grandis
811 3476 892 3520 est
944 3465 1061 3535 ejus
1107 3465 1472 3533 perplexitas;
1523 3472 1578 3517 et
1618 3463 1828 3516 animus
1876 3462 2129 3535 ipsa__est.

552 3530 660 3593 Nec
687 3538 828 3591 aliud
855 3530 1274 3606 significo—quain
1297 3536 1549 3595 animam,
1573 3548 1692 3586 cum
1721 3542 1951 3606 mentem
1974 3530 2127 3584 dico:

551 3611 645 3663 sed
677 3616 890 3677 prepter
907 3602 1060 3660 'aliud
1077 3602 1351 3677 animam,
1373 3613 1427 3658 ct
1459 3613 1674 3677 propter
1689 3602 1840 3677 aliud
1871 3609 2129 3677 ment_em.

551 3671 691 3734 Nam
730 3671 894 3732 totum
947 3675 1088 3746 quod
1130 3676 1295 3738 vivit,
1341 3671 1570 3728 hominis
1615 3673 1789 3726 anima
1844 3681 1972 3746 est.‘
1999 3671 2132 3746 Cum

552 3761 730 3804 autem
767 3749 938 3801 anima
968 3741 1018 3800 in
1060 3761 1119 3800 se
1157 3747 1265 3815 agit
1302 3761 1379 3810 se,
1407 3753 1461 3799 et
1492 3760 1554 3800 ex
1579 3760 1637 3799 se
1669 3752 1723 3798 et
1759 3759 1851 3811 per
1870 3757 1928 3796 se
1953 3741 1995 3802 ³.
2022 3743 2133 3815 sola

554 3836 704 3875 mens
728 3819 829 3874 dici
870 3820 1026 3872 solet.
1069 3813 1270 3871 Sensus
1291 3831 1418 3869 vero
1456 3815 1523 3868 ad
1563 3829 1656 3869 sua
1698 3814 1993 3867 ministeria
2035 3813 2137 3864 im—

551 3891 744 3962 plenda
769 3889 1076 3962 consuetius
1102 3887 1277 3962 anima
1307 3886 1526 3940 dicitur.
1558 3885 1812 3962 Spiritum
1845 3883 2137 3962 idem-esse

552 3951 692 4031 quod
734 3961 988 4031 animam,
1030 3958 1355 4031 evangelista
1384 3951 1690 4024 pronuntiat
1726 3955 1910 4008 dicens
1940 3971 1952 4006 :
1978 3951 2136 4006 Pote-

552 4027 730 4087 s‘tatem
758 4030 914 4083 habeo
945 4027 1164 4098 ponendi
1193 4029 1426 4098 animum
1446 4043 1608 4098 meum
1633 4067 1647 4090 ,
1685 4034 1731 4079 et
1754 4039 1964 4098 rursum
1995 4032 2138 4098 pote-

551 4112 731 4157 statem
777 4093 1207 4154 habeo-sumendi
1253 4114 1362 4150 eam
1408 4095 1594 4167 (Joau.
1641 4111 1706 4157 ι,
1746 4094 1874 4164 4‘3).
1925 4094 1998 4147 De
2039 4093 2138 4147 hac

553 4186 764 4242 quoque
789 4172 901 4239 ipsa
927 4170 1133 4242 Domini
1159 4168 1333 4220 anima
1357 4167 1620 4242 passionis
1643 4175 1913 4242 tempore,
1934 4178 2137 4242 memo-

555 4233 703 4295 ratus
741 4233 1174 4310 evangelistaita
1223 4233 1438 4310 protulit
1483 4236 1666 4310 dicens
1703 4253 1725 4310 ε
1896 4233 2140 4310 inclinato

557 4313 720 4381 capite
759 4303 920 4381 emisit
955 4309 1199 4381 spiritum
1226 4303 1347 4381 ’(Ιά.
1379 4323 1502 4381 xix,
1535 4306 1650 4381 ’90).
1693 4305 1828 4372 Quid
1874 4313 1956 4358 est
1972 4303 2139 4381 Δ(ξιιίιιι

554 4374 804 4435 emittere
839 4374 1104 4448 spiritum.
1151 4374 1256 4431 nisi
1293 4376 1447 4448 quod
1477 4378 1706 4428 animam
1753 4375 1995 4442 ponere?
2035 4374 2139 4448 Sed

559 4454 731 4506 anima
755 4444 894 4504 dicta
920 4458 1000 4503 est
1028 4463 1126 4518 pro
1151 4463 1217 4502 eo
1240 4444 1379 4517 quod
1404 4447 1532 4500 vivit
1561 4463 1575 4500 :
1607 4448 1824 4518 Spiritus
1851 4455 2027 4518 autem
2056 4444 2140 4498 vel

560 4536 658 4592 pro
679 4520 938 4590 spirituali
959 4515 1293 4592 Διιεὶιιιιιτιυιιὲὶ
1321 4532 1417 4592 pro
1447 4532 1513 4570 eo
1546 4516 1688 4585 quod
1719 4518 1886 4592 spirat
1928 4515 1979 4592 i_n
2021 4529 2144 4567 cor-

561 4585 722 4662 pore:
738 4591 864 4645 Item
887 4589 1120 4662 animum
1149 4589 1286 4662 idem
1308 4585 1682 4662 dicimus__e__sse
1697 4586 1843 4662 quod
1871 4585 2139 4662 animam:

560 4655 656 4718 sed
687 4663 862 4716 anima
886 4661 1010 4714 vita:
1044 4668 1146 4725 est,
1169 4660 1380 4712 animus
1404 4657 1633 4712 consilii.
1669 4657 1818 4711 Unde
1854 4656 2003 4708 aiunt
2029 4655 2144 4723 phi-

560 4733 789 4804 losopbi,
830 4743 882 4804 et
921 4732 1037 4784 sine
1061 4730 1435 4804 animositam
1471 4727 1932 4804 mattere,_et_si_ne
1966 4735 2145 4780 mente

558 4797 790 4860 animam
815 4803 1028 4864 durare.
1071 4801 1207 4853 sicut
1247 4800 1300 4854 in
1329 4798 1629 4852 amentibus
1662 4797 1762 4866 (ὁ).
1788 4797 1867 4850 Ad
1911 4804 2144 4850 mentem

559 4875 702 4930 enim
747 4873 1018 4933 pertinere
1065 4870 1276 4925 videtur
1326 4879 1385 4922 ιιι
1431 4870 1602 4933 sciat;
1645 4867 1711 4920 ad
1765 4867 2045 4925 animum.
2090 4876 2150 4919 ut

563 4947 710 5000 velit.
750 4936 910 4999 Pueri
938 4944 1094 4998 etiant
1130 4943 1180 4994 in
1213 4941 1486 5011 genitricis
1516 4947 1668 4992 utero
1697 4938 1814 4992 sine
1839 4936 2064 5011 scientia
2093 4947 2148 5011 et

565 5017 836 5070 voluntate
862 5015 1067 5068 vivunt.
1100 5007 1248 5066 Mens
1274 5021 1450 5065 autem
1479 5021 1664 5064 vocata
1693 5019 1804 5072 est,
1837 5007 1978 5076 quod
2008 5008 2146 5060 cmi.

563 5096 688 5141 neat
714 5088 766 5140 in
796 5086 968 5138 anima
995 5127 1010 5150 ,
1039 5083 1124 5136 vel
1154 5085 1295 5152 quod
1330 5081 1648 5135 meminerit.
1679 5078 2014 5146 Quapropter
2040 5093 2146 5130 non

562 5159 759 5222 anima,
799 5156 895 5210 sed
923 5153 1066 5226 quod
1110 5154 1325 5208 excellit
1365 5153 1416 5206 in
1466 5152 1664 5216 anima,
1713 5165 1866 5204 mens
1905 5157 2146 5213 vocatur,

569 5315 572 5318 -
629 5294 646 5324 ι
681 5289 819 5345 alias,
851 5290 1026 5352 majus.

629 5356 650 5385 ²
683 5356 764 5400 Hic
783 5343 963 5400 desinit
1015 5353 1140 5402 liber
1189 5351 1238 5400 in
1275 5362 1374 5399 uno
1419 5349 1563 5398 vatic.
1604 5353 1686 5396 Ms.
1729 5352 1777 5394 tn
1817 5343 2024 5392 tttedard.
2064 5355 2148 5391 au-

568 5420 664 5464 tem
682 5413 916 5461 habetur:
938 5412 1144 5474 Explica
1163 5413 1425 5463 scentulum
1441 5413 1692 5473 quosdam.
1715 5416 1862 5456 't‘um:
1885 5405 2013 5455 alius
2029 5402 2150 5454 liber

563 5475 826 5527 secundum
854 5472 1100 5533 quosdam.

631 5539 651 5568 ³
685 5542 733 5582 ιιι
753 5541 820 5581 Β.;
851 5529 970 5584 Cum
992 5542 1150 5583 autem
1172 5534 1331 5582 anima
1354 5531 1401 5581 in
1425 5545 1474 5582 se
1498 5529 1596 5595 agit
1630 5543 1698 5589 se,
1721 5541 1785 5579 ea:
1807 5541 1857 5578 se
1879 5532 1926 5578 et
1961 5539 2048 5591 per
2081 5539 2150 5576 se.

567 5603 639 5646 Er.
660 5596 807 5658 Lugd.
831 5603 948 5644 ven.
977 5603 1029 5658 et.
1058 5603 1164 5644 Lov.
1192 5595 1346 5658 secuti
1371 5606 1552 5658 sumus.
1589 5599 1650 5658 at.

630 5659 702 5719 (α)
727 5647 949 5719 imbres.
989 5657 1052 5704 de
1098 5657 1336 5719 Dignitate
1376 5647 2146 5719 conditionishumanm;_Ilsidor.

569 5711 696 5781 Orig:
724 5718 806 5767 lib.
836 5719 1037 5781 H,cap.
1055 5719 1111 5781 Al;
1138 5711 1464 5781 ld.l)i_ll'crcut.
1489 5717 1643 5776 spirit.
1662 5713 1745 5762 lib.
1764 5713 1915 5774 ἐρίῳ.
1943 5711 2014 5771 l9;
2033 5719 2148 5772 Aug.

570 5783 631 5830 de
649 5777 882 5828 “trinitate
907 5777 1004 5827 lih.’
1021 5778 1094 5833 lfl,
1126 5789 1229 5837 cap.
1255 5777 1304 5822 9.

633 5843 703 5906 (b)
729 5844 962 5890 Iactantio
984 5848 1132 5900 teste,
1157 5834 1220 5885 de
1245 5834 1434 5896 Upiﬁcio
1457 5836 1556 5892 Dei,
1583 5848 1686 5896 cap.
1719 5834 1788 5882 18.

2003 391 2365 446 APPENDIX.

3732 403 3832 457 8N

2243 517 2490 580 tanquam
2520 520 2677 579 caput
2700 511 2778 566 vel
2811 511 3017 567 oculus.
3050 511 3200 568 Unde
3227 521 3280 566 et
3309 514 3421 580 ipse
3446 513 3611 568 homo
3640 529 3824 570 secun-

2239 578 2365 659 dum
2395 578 2626 634 mentem
2656 583 2826 659 imago
2869 583 2978 659 l)ei_
3000 583 3212 659 dicitur.
3246 578 3390 638 Mens
3419 600 3649 654 namque
3678 603 3743 640 ex
3771 605 3830 641 eo

2240 649 2378 724 dicta
2409 660 2508 724 est,
2542 652 2680 724 quod
2707 653 2938 706 emineat
2968 655 3018 707 in
3047 655 3242 718 anima,
3295 649 3638 723 pra-stanti'or
3667 655 3826 724 siqui-

2238 718 2362 801 dem
2407 721 2488 801 iis
2765 733 2884 785 est,
2933 739 3110 801 aqua
3167 718 3401 792 procedit
3441 718 3806 801 _intelligeniia

2240 789 2399 843 Ratio
2447 792 2705 860 siquidem
2769 801 2851 847 est
2910 789 3070 846 animi
3133 789 3343 860 motus,
3405 795 3575 850 visum
3630 789 3830 852 tuentis

2236 875 2468 934 acuens,
2513 877 2750 934 veraque
2784 879 2811 915 a
2856 863 2999 917 falsis
3037 865 3389 934 distinguens.

2311 930 2504 1005 Redeat
2534 947 2663 1005 ergo
2689 931 2754 1005 ad
2783 948 2840 1005 se
2861 948 3012 987 mens
3043 930 3328 997 rationalis,
3361 944 3412 990 et
3438 935 3660 1005 colligat
3687 951 3746 990 se
3776 937 3825 993 in

2235 1015 2327 1054 se:
2362 1003 2557 1074 utsine
2579 1003 2898 1074 imaginibus
2925 1007 3198 1073 corporeis
3222 1021 3280 1059 se
3311 1007 3499 1074 ipsam,
3545 1003 3601 1060 et
3651 1008 3827 1061 omni-

2237 1073 2467 1138 potentis
2496 1073 2590 1127 Dei
2634 1073 2951 1144 invisibilem
2983 1083 3225 1129 naturam
3255 1073 3597 1131 considerare
3627 1077 3824 1144 valeat,

2235 1148 2565 1218 terrenarum
2595 1143 2960 1218 phantasmata
2991 1146 3299 1214 imaginum,
3332 1156 3384 1200 et
3427 1148 3686 1218 quidquid
3721 1158 3824 1202 ter-

2235 1227 2421 1293 renum
2452 1214 2755 1293 Cogitationi
2782 1215 2899 1293 ejus
2923 1218 3234 1293 occurrerit,
3261 1214 3472 1293 respuat
3493 1237 3504 1270 :
3522 1214 3827 1274 et'talctnse

2236 1285 2378 1335 intus
2407 1293 2680 1352 quat-rotet
2709 1285 2903 1347 videat,
2935 1288 3104 1354 qualis
3127 1297 3210 1340 est
3237 1285 3362 1342 sine
3394 1289 3536 1349 istis;
3567 1289 3823 1344 conside-

2235 1362 2401 1434 Eet.sc_
2428 1355 2607 1416 talem,
2637 1356 2937 1434 qualissub
2969 1358 3073 1410 Deo
3101 1373 3256 1426 supra
3289 1373 3481 1434 corpus
3507 1367 3689 1434 creata
3722 1369 3822 1416 est.

2234 1423 2435 1477 Deinde
2462 1439 2618 1497 supra
2645 1423 2983 1493 Semetipsam
3016 1423 3196 1497 surgat
3223 1436 3279 1482 et.
3306 1444 3362 1481 se
3387 1423 3551 1496 ipsam
3584 1429 3823 1492 deserat,

2233 1503 2392 1560 atque
2421 1496 2645 1562 quodam
2676 1497 2835 1549 modo
2868 1497 2917 1549 in
2957 1496 3277 1552 oblivionem
3305 1498 3384 1552 sui
3416 1499 3655 1564 ‘veniat,
3688 1509 3741 1552 et
3767 1515 3824 1555 se

2233 1566 2674 1644 pontenmlationi
2690 1567 2767 1618 sui
2796 1566 3068 1620 Creatoris
3097 1570 3365 1622 humiliter
3386 1578 3438 1622 et
3462 1569 3659 1622 devote
3691 1571 3818 1623 sub-

2229 1635 2398 1714 jiciat.
2429 1635 2732 1714 Cunpenim
2763 1644 2983 1714 eirperit
3010 1654 3159 1714 tuens
3184 1655 3275 1714 per
3301 1655 3481 1706 puram
3520 1639 3822 1708 intelligen-

2237 1706 2382 1784 tiam-
2401 1706 2741 1784 semetipsam
2769 1708 3088 1784 excedere”,
3120 1706 3344 1762 etiillam
3380 1706 3717 1776 incorporeai
3749 1711 3822 1762 lu-

2233 1775 2316 1848 cis
2335 1775 2629 1848 claritatem
2663 1784 2768 1848 tota
2802 1778 3053 1841 intrare',
3081 1791 3134 1832 ct
3159 1795 3222 1832 ex
3257 1780 3319 1832 iis
3347 1794 3465 1848 quae
3495 1775 3820 1834 intrinsecus

2233 1844 2377 1900 videt
2401 1846 2681 1918 quemdam
2706 1847 2906 1900 intima:
2935 1848 3210 1902 suavitatis
3236 1844 3479 1918 saporem
3503 1849 3739 1911 trahere,
3770 1858 3821 1903 et

2233 1930 2299 1969 ex
2325 1931 2390 1969 eo
2432 1917 2832 1986 intelligentiam
2873 1932 3019 1970 suam
3048 1917 3374 1984 condire,’et
3416 1921 3466 1972 in
3497 1921 3813 1988 sapientiam

2235 1995 2473 2048 vertere;
2516 1988 2567 2041 in
2610 1997 2755 2041 tanto
2800 1988 2903 2043 hoc
2939 1989 3132 2042 mentis
3161 2003 3404 2054 excessu,
3438 2005 3538 2058 pax
3568 1990 3658 2042 illa
3703 2004 3818 2059 quae

2233 2066 2518 2124 exsuperat
2546 2073 2756 2112 omnem
2789 2072 3026 2122 sensum,
3058 2059 3323 2114 invenitur
3343 2067 3502 2128 atque
3523 2059 3816 2121 obtinetur,

2236 2135 2292 2178 ut
2322 2130 2409 2180 fiat
2438 2129 2704 2181 silentium
2747 2129 2796 2182 in
2837 2129 2975 2182 etelo
3017 2131 3164 2197 quasi
3207 2128 3336 2184 hora
3365 2128 3616 2195 dimidia;
3653 2131 3723 2182 ita
3767 2137 3820 2184 ut

2232 2199 2640 2270 contemplantis
2683 2198 3075 2270 animnsinulla
3123 2201 3490 2254 altercantium
3537 2199 3820 2270 cogitatio-

2234 2283 2358 2320 num
2391 2269 2793 2323 tumultuatione
2825 2269 3095 2333 turbetur,
3135 2269 3263 2324 nihil
3293 2271 3509 2324 omnino
3542 2271 3820 2326 inveniens

2233 2337 2373 2406 quod
2401 2339 2479 2392 vel
2511 2354 2605 2408 per
2633 2339 2954 2394 desiderium
2993 2349 3153 2406 petat,
3194 2341 3274 2393 vel
3312 2357 3404 2408 per
3431 2339 3704 2394 fastidium
3733 2356 3818 2394 ar-

2232 2418 2388 2488 guat,
2436 2409 2514 2463 vel
2547 2409 2861 2488 poi-“odium
2901 2410 3282 2488 accuset__:_sed
3318 2411 3459 2488 intra.
3492 2413 3818 2480 contempla-

2235 2480 2392 2558 tionis
2421 2481 2852 2558 tr.i_ttqttillitatent
2885 2489 3025 2558 totus
3054 2481 3336 2558 colligitur,
3367 2491 3420 2534 et
3449 2482 3818 2558 intromittitur

2234 2550 2286 2602 in
2315 2550 2598 2618 quemdam
2621 2551 2865 2604 affectum
2889 2553 3107 2605 mnltutn
3138 2553 3442 2605 inusitatum
3470 2552 3737 2606 introrsus
3757 2567 3817 2605 ac

2235 2620 2414 2673 nescio
2445 2636 2600 2688 quam
2629 2621 2962 2674 dulcedinem
2989 2665 3001 2684 ,
3028 2639 3142 2689 quae
3171 2623 3212 2675 si
3246 2637 3458 2688 semper
3486 2623 3564 2674 sic
3594 2624 3817 2676 sentire-

2195 2719 2204 2727 η
2235 2699 2336 2761 tur,
2373 2691 2608 2759 profecto
2637 2707 2823 2761 magna
2854 2692 3071 2745 felicitas
3095 2705 3256 2746 esset.
3289 2691 3426 2746 Nihil
3462 2693 3816 2757 scnsualitas,

2234 2759 2361 2814 nihil
2393 2763 2499 2830 agit
2530 2759 2863 2832 itnaginatio;
2913 2761 3005 2815 sed
3048 2762 3220 2815 omnis
3265 2761 3482 2816 inferior
3509 2764 3588 2816 vis
3631 2765 3816 2816 anima:

2236 2832 2448 2901 proprio
2477 2832 2685 2886 interim
2713 2832 2959 2886 viduatur
2984 2832 3180 2886 oﬂicio.
3217 2833 3402 2886 Purior
3427 2841 3603 2887 autem
3631 2835 3818 2886 anima:

2237 2916 2355 2970 pars
2385 2902 2433 2955 in
2464 2903 2589 2956 illud
2621 2904 2818 2957 intima:
2840 2903 3032 2972 quietis
3053 2910 3335 2967 secretum,
3361 2911 3414 2957 et
3433 2917 3659 2956 summa:
3683 2915 3819 2957 tran-

2233 2973 2508 3093 quillitatis
2557 2989 2808 3028 arcanum
2867 2973 3002 3027 felici
3053 2973 3382 3044 jncunditate
3444 2973 3814 3026 introducitur.

2289 3047 2394 3093 ivus
2413 3043 2614 3093 auidem
2639 3053 2707 3093 est
2736 3059 2897 3093 sermo
2925 3042 3018 3093 Dei
3048 3055 3093 3093 et
3121 3045 3293 3093 efﬁcax
3311 3086 3326 3093 -
3377 3053 3426 3093 et
3465 3044 3814 3093 venetrabilior

2289 3047 2394 3096 ivus
2413 3043 2614 3114 quidem
2639 3053 2707 3098 est
2736 3059 2897 3097 sermo
2925 3042 3018 3096 Dei
3048 3042 3093 3097 et
3121 3045 3293 3114 efficax
3311 3086 3326 3107 ,
3377 3053 3426 3097 et
3465 3044 3819 3114 penetrabilior

2235 3115 2372 3166 omni
2400 3113 2570 3183 gladio
2600 3115 2828 3184 ancipiti,
2861 3123 2908 3166 et
2939 3113 3222 3183 pertingens
3250 3130 3404 3182 usque
3431 3113 3498 3165 ad
3524 3114 3818 3167 divisionem

2235 3186 2417 3236 animm
2447 3195 2490 3238 et
2519 3183 2726 3254 spiritus
2757 3183 2937 3254 (Hebr.
2963 3200 3038 3246 tv,
3068 3185 3180 3248 1‘2).
3209 3185 3272 3238 Et
3299 3185 3418 3238 ideo
3440 3184 3570 3237 nihil
3600 3185 3655 3238 in
3683 3198 3821 3254 crea-

2236 3256 2370 3309 turis
2397 3255 2494 3308 hac
2525 3253 2786 3310 divisione
2815 3254 3105 3309 mirabilius
3130 3256 3364 3308 cernitur
3386 3295 3401 3318 ,
3446 3255 3538 3308 ubi
3584 3255 3638 3308 id
3682 3253 3814 3322 quod

2237 3327 2593 3380 essentialitcr
2615 3341 2775 3378 unum
2803 3337 2883 3379 est
2902 3335 3060 3394 alque
3089 3325 3444 3385 individuutn,
3482 3326 3534 3378 in
3561 3341 3620 3377 se
3653 3326 3816 3394 ipsum

2238 3395 2526 3459 scinditur;
2557 3406 2610 3450 et
2639 3397 2776 3465 quod
2805 3397 3028 3463 simplex
3057 3398 3110 3450 in
3136 3412 3194 3448 se
3214 3407 3266 3450 et
3290 3395 3406 3448 sine
3434 3395 3671 3465 partibus
3698 3410 3818 3448 con-

2239 3473 2364 3538 stat,
2405 3467 2556 3537 quasi
2585 3464 2810 3538 quadam
2842 3467 3122 3535 partitione
3151 3464 3644 3538 dividitur._Neqtte
3681 3465 3820 3520 enim

2240 3537 2290 3590 in
2329 3536 2546 3592 homine
2584 3536 2689 3591 uno
2718 3538 2820 3590 alia
2860 3538 3087 3590 essentia
3128 3546 3209 3590 est
3233 3536 3348 3604 ejus
3373 3536 3586 3602 spiritus
3611 3577 3624 3596 ,
3669 3545 3819 3604 atque

2239 3607 2341 3660 alia
2373 3617 2450 3662 est
2477 3609 2592 3676 ejus
2616 3609 2789 3662 anima
2825 3626 2836 3660 :
2865 3607 2960 3662 sed
2999 3623 3212 3676 prorsus
3253 3620 3355 3660 una
3394 3606 3690 3675 eademque
3729 3621 3818 3658 na-

2242 3686 2372 3732 turae
2414 3679 2668 3748 simplicis
2704 3679 3029 3748 substantia.
3059 3676 3171 3731 Non
3203 3677 3344 3748 enim
3387 3676 3438 3729 in
3472 3676 3573 3748 hoc
3612 3677 3818 3748 gemino

2240 3750 2500 3803 Vocabulo
2521 3743 2746 3817 gemina
2775 3747 3066 3802 substantia
3097 3747 3405 3817 intelligitur
3434 3764 3446 3798 :
3479 3746 3571 3800 sed
3599 3761 3721 3800 cum
3756 3743 3818 3799 ad

2241 3821 2634 3874 distinctionem
2667 3821 2880 3889 ponitur
2907 3818 3120 3889 gemina
3157 3820 3234 3872 vis
3274 3817 3510 3889 ejusdem
3538 3817 3815 3880 essentne,

2242 3906 2344 3943 una
2376 3891 2620 3958 superior
2649 3887 2743 3959 per
2768 3887 3034 3958 spiritum,
3079 3888 3181 3941 alia
3209 3887 3428 3941 inferior
3465 3902 3561 3958 per
3591 3891 3816 3959 animam

2241 3955 2566 4029 designatur.
2617 3955 2669 4014 In
2717 3955 2816 4013 hac
2853 3961 3034 4028 utique
3075 3959 3336 4013 divismne
3379 3955 3554 4010 anima
3599 3955 3817 4029 etquod

2242 4025 2469 4085 animale
2495 4039 2596 4095 est,
2627 4034 2676 4085 in
2711 4032 2817 4084 imo
2850 4025 3120 4094 remanet;
3153 4031 3369 4098 spiritus
3395 4039 3568 4081 autem
3601 4036 3657 4080 et
3683 4025 3818 4098 quod

2244 4101 2516 4170 Spirituale
2543 4110 2646 4167 est,
2673 4102 2738 4154 ad
2768 4097 3198 4154 summa'evolatf
3223 4100 3305 4153 Ab
3331 4099 3526 4152 inlimis
3549 4097 3816 4170 dividitur,

2244 4168 2301 4225 ut
2330 4173 2393 4225 ad
2422 4187 2627 4226 summa
2655 4172 3005 4232 sublimetur;
3035 4171 3102 4225 ab
3128 4171 3301 4223 anima
3328 4170 3606 4229 scinditur,
3639 4177 3697 4222 ut
3722 4168 3816 4220 Do-

2246 4245 2392 4296 tnino
2423 4245 2632 4295 ttniatttr
2660 4261 2673 4296 :
2710 4242 2959 4308 Quoniam
2986 4242 3073 4306 qui
3099 4242 3320 4293 adluerct
3351 4239 3486 4304 Deo,
3514 4255 3648 4290 unus
3680 4237 3820 4308 spiri-

2247 4323 2326 4366 tus
2353 4325 2424 4367 est
2458 4314 2496 4385 (l
2525 4313 2642 4385 Cor.
2671 4329 2722 4366 γι
2749 4313 2905 4385 ,ιη
2949 4311 3094 4385 Felix
3137 4311 3414 4385 divisio_et
3453 4308 3712 4385 mitahilis
3738 4322 3819 4360 se-

2249 4381 2488 4454 paratio,
2519 4384 2606 4438 ubi
2650 4383 2788 4453 quod
2832 4383 3199 4454 corpulentum
3244 4391 3298 4454 et
3339 4381 3677 4454 ﬂeculentum
3705 4388 3814 4441 est,

2248 4450 2496 4509 deorsum
2544 4450 2811 4516 remanet;
2861 4452 3004 4518 quod
3052 4452 3323 4520 spirituale
3369 4459 3422 4503 ct
3468 4450 3661 4520 subtile
3706 4458 3816 4511 est,

2250 4543 2416 4595 usque
2446 4527 2510 4579 ad
2539 4525 2952 4594 speculationem
2980 4519 3172 4595 diviine
3201 4522 3380 4590 gloria:
3407 4519 3820 4595 subliinatur,_et

2251 4599 2303 4652 in
2334 4590 2588 4650 'eatndem
2637 4596 2917 4663 imaginem
2965 4593 3394 4646 transfortuatnr.
3443 4590 3822 4663 Parshinferior

2251 4667 2587 4737 componitur
2614 4667 2679 4719 ad
2724 4660 3005 4737 sitnunanr
3025 4679 3208 4732 pacein
3253 4670 3308 4737 et
3340 4660 3776 4737 tranquillitatem
3805 4673 3817 4708 :

2253 4731 2577 4807 pars—autem
2608 4736 2850 4805 superior
2876 4731 3188 4807 sublimatur
3211 4733 3275 4786 ad
3303 4731 3524 4807 gloriam
3556 4732 3822 4807 etjucun-

2253 4802 2490 4864 ditatem.
2517 4802 2844 4862 Licet'enim
2877 4819 3027 4859 mens
3057 4803 3283 4857 humana
3317 4802 3432 4856 non
3467 4802 3535 4853 sit
3577 4803 3692 4866 ejus
3733 4814 3821 4853 na-

2254 4888 2386 4933 tura:
2412 4922 2427 4945 ,
2475 4879 2625 4945 cujus
2651 4886 2734 4930 est
2766 4877 2934 4937 Deus;
2987 4876 3158 4944 imago
3187 4885 3360 4926 tamen
3404 4873 3544 4945 illius
3588 4882 3786 4945 natura:
3807 4908 3819 4931 ,

2254 4967 2356 5017 qtta
2386 4941 2568 5002 natura
2601 4947 2743 5000 nulla
2773 4946 2960 4998 melior
2996 4941 3116 5017 est;
3162 4945 3232 4996 ibi
3271 4941 3554 5012 qumrenda
3596 4949 3651 4995 et
3681 4943 3822 5017 inve:

2257 5007 2447 5074 nicnda
2478 5018 2638 5072 estin
2673 5017 2823 5071 nobis
2850 5058 2864 5079 ,
2905 5031 3012 5084 quo
3051 5016 3210 5068 etiam
3251 5007 3436 5084 natura
3479 5021 3659 5084 nostra
3705 5007 3822 5084 nihil

2257 5091 2415 5144 habet
2443 5090 2651 5143 melius.
2699 5087 2804 5142 Sed
2841 5081 2987 5154 prius
3017 5101 3166 5138 mens
3194 5086 3305 5153 ipsa
3337 5083 3387 5137 in
3425 5098 3483 5136 se
3515 5083 3625 5150 ipsa
3653 5081 3826 5154 consi-

2255 5160 2487 5216 deranda
2516 5170 2617 5222 est,
2650 5167 2703 5212 ct
2734 5161 2782 5210 in
2815 5152 2873 5211 ea
2903 5152 3224 5224 reperienda
3237 5164 3318 5208 est
3347 5156 3518 5221 imago
3549 5154 3660 5224 Dei.
3690 5152 3827 5206 Meus

2257 5233 2416 5303 igitur
2440 5230 2650 5299 quando
2680 5223 3002 5303 cogitatione
3041 5242 3099 5303 se
3139 5226 3374 5303 respicit,
3402 5223 3662 5303 intelligit
3701 5238 3756 5276 se
3775 5228 3830 5303 ﬁt

2255 5290 2561 5372 cognoscit;
2590 5290 2803 5372 quando
2831 5290 3279 5372 contemplatione
3303 5296 3368 5372 a_d
3402 5295 3564 5372 Deum
3595 5290 3830 5372 ascendit

2257 5363 2462 5427 tit-eum
2489 5363 2744 5438 intelligat
2774 5375 2830 5422 et
2867 5363 3291 5438 diligat,imago
3320 5366 3416 5438 Dei
3443 5363 3667 5438 dicenda
3711 5370 3827 5438 est:

2256 5443 2537 5513 cogitando
2564 5429 2785 5513 mterna,
2815 5439 2895 5491 vir
2920 5429 3031 5500 esvt;
3065 5437 3202 5490 sicut
3227 5429 3362 5513 dicit
3385 5433 3670 5513 Apost-olus
3695 5476 3709 5497 ,
3754 5429 3832 5513 ll’ir

2257 5501 2355 5566 non
2381 5514 2519 5566 debet
2546 5512 2706 5565 velare
2734 5519 2885 5576 caput
2911 5524 3078 5567 suum,
3113 5523 3223 5560 cum
3249 5505 3315 5557 sit
3345 5501 3510 5574 imago
3540 5501 3822 5576 Deietglo-l

2256 5587 2332 5637 ria
2365 5584 2472 5656 (Id.
2505 5599 2554 5636 si
2579 5623 2594 5648 ,
2626 5581 2718 5650 7),
2751 5568 2807 5633 itl'
2827 5590 2908 5634 est
2933 5588 3131 5648 quanto
3165 5577 3330 5645 magis
3356 5591 3412 5630 se
3442 5568 3679 5628 extendit
3709 5568 3755 5625 in
3783 5568 3828 5624 id

2318 5704 2339 5740 ί
2372 5701 2514 5760 Alias,
2541 5697 2647 5748 sibi.

2321 5769 2340 5796 ²
2375 5772 2438 5813 tta
2473 5753 2597 5810 unus
2619 5773 2649 5808 e
2673 5757 2820 5807 vatic.
2861 5765 2964 5806 uss.
2994 5754 3077 5803 alii
3108 5753 3234 5813 libri,
3258 5760 3500 5802 exercere.

2324 5829 2343 5860 ³
2373 5826 2511 5883 Editi,
2533 5821 2722 5873 int-ueri.
