4106 6512
305 432 413 490 809

302 563 536 619 corpore
572 546 689 602 sine
714 544 965 619 exteriori
1008 542 1479 619 sensudignoscii.
1522 542 1785 619 Cogitatio
1809 553 1893 619 est

305 613 451 676 circa
478 618 726 690 quaelibet
754 616 1246 690 animioccupatio:
1273 613 1643 690 Consideratio
1695 623 1779 690 est
1809 615 1895 668 in-

305 699 456 745 tenta
492 682 762 759 cogitatio.
802 685 1072 759 Meditatio
1106 693 1189 738 est
1223 682 1897 759 frequens‘cogitatiomo-

302 760 437 817 dum
464 802 480 823 .
512 754 586 814 et'
607 772 852 821 causam,
883 764 938 809 et
966 755 1225 809 rationem
1256 754 1666 823 uniuscujusque
1696 755 1772 806 iei
1813 755 1897 807 in-

306 832 601 900 vestigatis.
619 828 889 900 Ingenium
904 826 1089 900 est_vis
1109 824 1351 895 quaedam
1376 823 1684 900 naturaliter
1707 824 1900 900 animis

306 894 506 965 insita,
536 914 633 970 per
656 894 717 970 se
744 898 941 970 valens.
973 894 1141 970 Ratio:
1165 904 1249 949 est
1281 895 1547 970 quaedam-
1567 894 1643 946 vis
1672 896 1897 970 animai,

305 987 434 1041 quae
462 964 639 1023 oninia
667 967 920 1041 discernit
946 974 1001 1041 et
1024 965 1223 1041 iudicat
1252 982 1267 1031 ;
1289 964 1383 1041 sed
1412 964 1641 1041 maxime
1665 978 1786 1016 cum
1816 966 1899 1017 in-

308 1035 425 1095 liiat
454 1038 846 1111 spiritualibus,
875 1045 929 1091 et
965 1038 1245 1111 imaginem
1288 1036 1378 1111 Dei
1411 1035 1461 1086 in
1508 1048 1567 1088 se
1594 1042 1896 1111 conservat.

310 1102 624 1164 Intellectus
650 1118 730 1162 est
762 1122 937 1161 rerum
968 1102 1093 1159 vere
1115 1106 1454 1159 existentium
1491 1105 1784 1174 perceptio.
1813 1102 1901 1174 ln-

307 1182 603 1246 telligentia
643 1188 726 1234 est
768 1178 835 1232 de
868 1176 997 1231 solis
1023 1190 1200 1229 rerum
1237 1172 1545 1246 principiis,
1578 1173 1629 1227 id
1672 1181 1790 1246 est,
1831 1172 1900 1227 de

309 1244 459 1313 Deo,
493 1249 636 1330 ideis
661 1291 675 1312 ,
708 1248 829 1330 hyle
846 1289 882 1330 λ
899 1246 1046 1330 etde
1072 1246 1401 1330 incorporeis
1425 1244 1739 1325 substantiis
1764 1258 1897 1330 pura

307 1330 365 1375 et
390 1327 539 1375 certa
568 1314 819 1389 cognitio.
843 1314 1231 1389 contemplatio
1263 1324 1350 1389 est
1382 1315 1675 1389 perspicua;
1706 1314 1901 1367 verita-

314 1392 384 1445 tis
404 1384 661 1459 jucunda'
680 1387 980 1459 admiratio.
1010 1386 1257 1439 Charitas
1279 1387 1397 1459 est
1422 1384 1704 1438 concordia
1745 1398 1898 1459 men-

315 1454 453 1515 lium
483 1500 499 1523 ,
538 1470 594 1513 et
630 1460 858 1514 societas
884 1456 1172 1511 electorum
1195 1495 1211 1519 ,
1244 1455 1345 1508 vita
1385 1454 1657 1508 beatarnm
1689 1454 1899 1507 anima-

314 1546 438 1586 rum
464 1539 522 1584 et
549 1530 902 1599 Augelornm,
930 1527 1051 1595 quia
1082 1540 1182 1580 nec
1209 1526 1401 1578 anima:
1440 1539 1539 1582 nec
1571 1525 1756 1594 Angeli
1799 1524 1900 1579 nisi

314 1616 427 1672 per.
440 1596 987 1672 cessitateejixnnt-

388 1668 616 1725 CAPUT
654 1667 896 1722 XXXIX.
942 1665 1022 1719 Ad
1040 1665 1161 1735 quid
1212 1664 1384 1718 anima
1429 1663 1499 1717 ad
1541 1663 1811 1733 imaginem
1854 1675 1903 1719 et

311 1741 698 1794 similitudinem
718 1738 835 1792 Dei.
862 1735 934 1807 (a)
960 1737 1148 1790 Anima
1170 1736 1441 1807 rationalis
1461 1735 1903 1807 et_intellectualis

317 1811 458 1865 facta
483 1820 566 1865 est
588 1808 655 1863 ad
688 1805 969 1877 imaginem
998 1816 1051 1860 et
1080 1805 1479 1859 similitudinem
1508 1805 1622 1877 Dei,
1656 1814 1711 1877 ut
1741 1806 1904 1859 faeto-

317 1896 435 1935 rem
462 1896 615 1935 suum
640 1894 737 1947 pro
763 1875 990 1947 imagine
1015 1886 1321 1944 cognoscat,
1344 1886 1403 1947 et
1433 1875 1902 1947 pro_similitudine

316 1951 525 2013 diligat.
550 1951 625 2004 Ex
644 1945 891 2018 imagine
907 1961 1134 2018 namque
1159 1947 1247 1999 Dei
1273 1946 1430 1999 habet
1451 1945 1731 2018 rationem,
1757 1956 1809 2000 et
1835 1962 1901 2000 ex

315 2020 668 2075 similitudine
691 2015 1023 2073 charitatem.
1056 2016 1298 2070 Charitas
1334 2030 1459 2069 vero
1490 2015 1541 2067 in
1574 2031 1631 2068 se
1670 2015 1780 2083 ipsa
1812 2031 1901 2070 re-

321 2099 613 2160 praesentat
648 2090 978 2160 Trinitatetn_.
1030 2087 1179 2160 Hanc
1219 2086 1353 2160 ratio
1397 2085 1590 2160 sentit_,
1621 2096 1675 2160 e_t
1722 2097 1901 2160 pacata

317 2154 548 2232 requirit
588 2161 778 2232 :Whanc
820 2157 1053 2213 Charitas
1086 2156 1332 2232 invenit,
1380 2166 1434 2232 et
1482 2154 1723 2232 videndo_
1753 2156 1903 2210 beata

316 2225 571 2300 quiescit.
600 2231 744 2284 Hanc
770 2230 820 2283 in
853 2226 1257 2300 prxesenti‘fides
1283 2225 1540 2300 sequitur,
1566 2240 1688 2300 spes
1712 2226 1761 2277 in
1789 2241 1901 2281 οω-

319 2296 433 2355 Ιιιηι
456 2318 619 2371 usque
644 2296 953 2371 comitatur,
966 2296 1529 2371 charitaspereuniter
1547 2296 1899 2371 amplexatur.

316 2372 473 2426 Mens
511 2365 685 2439 itaque
720 2369 1006 2437 spiritualis
1030 2408 1046 2432 ,
1076 2381 1180 2439 seu
1212 2366 1551 2439 intelligentia
1591 2365 1860 2418 rationalis
1884 2408 1900 2432 ,

320 2444 498 2509 primo
532 2435 836 2496 Creatorem
879 2453 1032 2509 suum
1072 2437 1328 2509 aspiciat;
1342 2435 1562 2509 deinde
1604 2444 1901 2509 creaturam

319 2505 494 2578 ipsius
520 2513 729 2573 videat;
760 2520 815 2563 et
850 2508 1117 2562 mediante
1150 2507 1354 2578 arbitrii
1382 2506 1625 2578 liberiate
1645 2505 1709 2578 ad
1736 2522 1857 2578 eum
1884 2548 1900 2572 ,

316 2575 413 2649 qui
436 2583 671 2636 condidit
690 2580 889 2643 omnia,
907 2594 965 2631 se
985 2588 1037 2632 et
1056 2586 1248 2649 cetera
1271 2575 1593 2649 refethSic
1615 2576 1665 2628 in
1690 2576 1905 2649 homine

320 2645 559 2706 Trinitas
583 2658 856 2722 appareat,
884 2664 1040 2717 quam
1059 2645 1302 2722 _c_l_iaritas
1332 2645 1659 2706 manifestat,
1691 2656 1741 2699 ut
1772 2646 1902 2722 cha-

319 2722 536 2775 ritatem
566 2717 776 2788 semper
803 2722 961 2775 homo
986 2717 1252 2779 exhibeat,
1277 2718 1905 2788 semperque_0005l'i¢ial

320 2793 373 2846 is
396 2833 411 2855 ,
441 2808 595 2857 quem
626 2785 901 2844 Trinitatis
934 2788 1107 2857 imago
1147 2795 1416 2855 perornat.
1461 2785 1549 2841 Sic
1582 2785 1750 2857 homo
1787 2786 1904 2853 ejus

316 2855 557 2916 servabit
582 2861 981 2915 similitudinem
1004 2899 1019 2921 ,
1047 2855 1200 2924 cujus
1229 2857 1279 2910 in
1308 2872 1367 2911 se
1393 2855 1701 2910 naturaliter
1731 2865 1905 2924 portat

320 2932 629 3002 imaginem.
668 2935 936 3000 Appareat
963 2942 1091 3002 ergo
1122 2929 1294 3002 imago
1327 2927 1417 3002 Dei
1459 2926 1511 2980 in
1558 2927 1902 3002 intelligentia

320 2997 568 3056 rationali
594 3042 608 3064 ,
648 3002 698 3054 in
721 2997 909 3055 mente
934 2998 1192 3067 spirituali
1217 3038 1233 3063 ,
1268 2999 1317 3051 in
1351 2998 1553 3051 honore
1585 2997 1733 3051 liberi
1762 2997 1905 3051 arbi-

319 3073 433 3126 trii.
466 3077 729 3141 Appareat
766 3068 1055 3125 similitudo
1079 3068 1176 3141 Dei
1198 3069 1259 3141 in
1292 3068 1525 3141 moribus
1552 3082 1647 3135 pro
1676 3075 1861 3141 natura
1886 3107 1901 3128 ,

320 3143 377 3196 in
407 3138 660 3213 operibus
690 3156 784 3210 pro
805 3140 1006 3209 justitia
1032 3178 1045 3202 ,
1077 3138 1129 3192 in
1162 3138 1442 3213 virtutibus
1480 3152 1577 3208 pro
1602 3138 1768 3213 gratia
1800 3154 1816 3192 :
1848 3147 1905 3192 ut

319 3208 565 3267 moribus
593 3208 778 3267 natura
804 3208 1138 3280 perornetur,
1170 3216 1228 3261 ut
1246 3208 1447 3280 justitia
1479 3208 1732 3280 operibus
1757 3223 1903 3262 com-

320 3284 601 3352 probetur,
630 3291 685 3336 nt
707 3279 875 3352 gratia
906 3280 1185 3334 virtutibus
1210 3279 1556 3352 compleatur,
1587 3286 1642 3331 et
1664 3279 1740 3332 sic
1764 3291 1907 3352 sem-

321 3348 421 3421 per
464 3354 687 3406 Domino
711 3348 1533 3421 'pr.esentetur._Anima_totum
1576 3363 1769 3421 corpus
1792 3349 1904 3421 ho-

315 3418 484 3477 Eoinis
514 3432 623 3477 tota
650 3418 844 3492 pariter
863 3421 1077 3474 animat.
1112 3418 1203 3471 Est
1225 3418 1715 3492 quideminspirata
1739 3420 1903 3492 aDeo

322 3493 527 3546 homini
555 3489 681 3557 vita,
711 3508 819 3546 non
844 3492 909 3545 de
935 3489 1237 3558 praejaceuti
1269 3489 1509 3553 materia,
1532 3490 1625 3543 sed
1646 3490 1714 3544 de
1736 3491 1902 3543 nihilo

318 3562 462 3618 facta
487 3565 556 3617 ab
584 3578 668 3618 eo.
703 3562 777 3616 De
801 3559 1395 3628 caaterisranimantibus
1422 3559 1693 3628 Scriptura
1722 3559 1852 3613 dicit
1885 3577 1898 3611 :

326 3633 624 3703 Producant
652 3646 830 3703 aqua,
862 3642 966 3703 etc.
1001 3627 1261 3703 Producat
1297 3638 1430 3682 terra
1470 3627 1692 3681 animant
1732 3631 1899 3684 viven-

319 3714 423 3756 tem
462 3701 619 3773 (Gen.
652 3700 783 3767 t,'20
807 3711 853 3753 et
867 3701 989 3773 24).
1020 3700 1263 3773 Animam
1291 3714 1417 3773 vero
1444 3714 1547 3752 non
1578 3714 1713 3767 aqua
1738 3740 1769 3773 ,7
1795 3716 1898 3755 non

322 3768 479 3826 terra
499 3772 762 3842 produxit,
789 3771 882 3842 sed
913 3772 1051 3825 Deus
1072 3768 1501 3842 inspiravit;_rio_n
1527 3778 1699 3842 tamen
1727 3772 1898 3842 vivam

321 3845 404 3897 vel
430 3836 720 3905 virentem,
756 3841 850 3896 sed
874 3836 1191 3909 spiraculum
1224 3838 1344 3892 vitae
1378 3836 1491 3907 (Id.
1525 3854 1559 3891 ιι
1580 3879 1594 3900 ,
1628 3840 1704 3905 7),
1734 3841 1899 3894 ratio-

320 3914 447 3967 nale
476 3929 541 3967 ex
573 3914 661 3967 Dei
691 3908 935 3980 imagine,
971 3910 1163 3980 factum
1192 3923 1257 3962 ex
1286 3908 1375 3980 Dei
1406 3908 1771 3980 similitudine.

394 3982 621 4038 CAPUT
660 3982 772 4036 XL.
798 3977 1020 4045 {Miseria
1055 3978 1240 4032 animae
1271 3996 1303 4031 a
1342 3977 1449 4031 Deo
1469 3979 1760 4032 recedentis.
1795 3978 1899 4033 Re.

320 4054 454 4106 cedit
479 4070 510 4105 a
546 4052 876 4106 similitudine
897 4090 914 4116 ,
945 4066 1046 4103 non
1083 4049 1146 4101 ab
1175 4048 1394 4116 imagine
1430 4047 1539 4101 Dei.
1576 4049 1773 4102 Anima:
1798 4066 1900 4105 non

264 4124 302 4159 ⁸
319 4134 645 4193 generantur.
674 4122 864 4176 Anima
889 4136 993 4174 non
1021 4129 1105 4193 est
1129 4133 1252 4188 pars
1280 4117 1399 4193 Dei._
1423 4117 1621 4193 Probat
1648 4120 1750 4193 hoc
1779 4135 1897 4173 tnu-

324 4189 558 4263 ialiilitas
583 4207 738 4263 quam
767 4193 1003 4246 incurrit.
1045 4190 1181 4263 Deus
1214 4189 1356 4243 enim
1390 4189 1729 4263 immutabilis
1766 4203 1849 4245 est
1883 4210 1897 4246 :

323 4262 442 4317 haec
481 4258 623 4331 sa-pe
662 4272 897 4321 mutata,
939 4275 1036 4331 pro
1070 4258 1577 4331 culpauq‘uandoque
1614 4262 1858 4314 damnata
1881 4305 1897 4327 ,

323 4349 422 4401 pro
449 4328 602 4402 paena
631 4348 841 4401 queque
871 4328 1179 4402 fit'misera.
1222 4328 1363 4402 Nihil
1400 4329 1447 4402 ei
1488 4340 1662 4383 tamen
1704 4346 1899 4385 nocere

324 4399 509 4472 posset
535 4404 630 4456 nisi
651 4399 689 4455 ‘a
723 4399 832 4456 Deo
862 4399 1188 4455 recessisset.
1222 4399 1899 4472 Becessit_autem_quando

322 4469 582 4542 peccavit.
614 4472 841 4527 Proinde
870 4479 1144 4542 torquetur
1164 4471 1381 4542 misera,
1404 4486 1433 4523 a
1460 4469 1567 4523 Deo
1594 4470 1793 4540 refuga.
1819 4473 1899 4525 Ab

322 4540 432 4597 uno
460 4544 720 4612 disjuncta
753 4542 1020 4612 spargitur
1052 4540 1116 4594 ad
1146 4540 1308 4612 multa
1331 4579 1346 4603 ,
1368 4551 1426 4612 et
1456 4554 1551 4612 pro
1578 4554 1672 4593 sua
1708 4542 1899 4594 intem-

321 4604 566 4683 perantia
596 4613 653 4666 fit
681 4604 919 4668 morbida
938 4652 953 4676 ,
996 4610 1054 4683 fit
1093 4611 1336 4683 molesta:
1366 4609 1437 4683 Ea
1458 4604 1681 4683 propter
1708 4624 1898 4666 sensus

317 4679 570 4754 corporei
597 4684 801 4754 turbata
825 4681 1078 4754 memoria
1102 4682 1292 4754 turbati
1322 4679 1540 4754 hebetes
1566 4680 1718 4754 fiunt,
1752 4695 1896 4734 mare

318 4749 438 4809 cidi'
459 4764 509 4807 et
541 4753 754 4823 stupidi.
785 4752 913 4806 Inde
938 4766 1063 4805 caro
1085 4751 1303 4823 patitur,
1329 4749 1611 4823 languores
1631 4752 1894 4823 orittniur,

317 4834 377 4878 et
415 4836 563 4878 mors
602 4818 832 4878 violenta
871 4818 1206 4891 pervagatur.
1253 4818 1438 4875 llatno‘
1462 4818 1675 4891 quidem
1715 4836 1744 4875 a
1791 4821 1898 4891 Deo

316 4909 542 4948 aversus
562 4934 581 4960 ,
614 4890 882 4963 peccando
908 4905 1188 4961 perversus
1211 4932 1227 4957 ,
1254 4891 1376 4963 quia
1404 4905 1435 4943 a
1466 4891 1576 4944 Deo
1613 4890 1895 4963 dissentit,

316 4965 546 5019 dissidet
569 4959 628 5019 et
651 4964 788 5030 sibi,
819 4959 1103 5032 portatque
1140 4965 1191 5014 in
1234 4976 1291 5015 se
1330 4959 1808 5032 ipsoipmnanyde
1839 4977 1898 5016 se

316 5036 461 5102 ipso.
481 5035 671 5088 Anima
699 5049 803 5087 non
822 5030 1085 5087 formatur
1110 5045 1174 5085 ex
1208 5030 1424 5102 materia
1458 5030 1688 5093 informi,
1720 5031 1812 5102 sed
1844 5032 1895 5085 in

317 5099 417 5159 sua
452 5106 720 5159 creatione
750 5103 973 5157 formam
1004 5102 1241 5170 accepit,
1269 5117 1371 5169 qua
1405 5099 1536 5154 facta
1564 5112 1646 5155 est
1672 5101 1737 5153 ad
1769 5103 1898 5154 ima.

312 5177 496 5244 ginem
528 5183 583 5229 et
606 5174 1004 5244 similitudinem
1050 5172 1168 5226 Dei.
1190 5175 1253 5244 ΔΑ
1281 5186 1397 5244 quo
1423 5172 1787 5244 siuavertitur,
1815 5189 1899 5244 re—

315 5240 500 5299 t'nanet
524 5244 800 5309 informis;
830 5243 950 5312 quia
972 5257 1082 5301 rea,
1114 5241 1234 5310 quia
1261 5240 1534 5312 dissimilis
1561 5244 1577 5272 ι
1610 5258 1622 5294 :
1650 5256 1749 5294 nec
1780 5242 1898 5297 ideo

316 5326 498 5369 tamen
521 5316 746 5369 efficitur
772 5311 1119 5377 irrationalis;
1143 5312 1262 5378 quia
1284 5319 1456 5380 gestat
1479 5311 1757 5379 imaginem
1781 5312 1894 5378 Dei,

313 5385 461 5439 unde
498 5394 551 5439 et
588 5394 762 5455 potest
802 5382 1099 5455 reformari.
1136 5382 1240 5435 Sed
1280 5395 1377 5455 nec
1398 5380 1611 5455 etiamsi
1641 5390 1744 5455 tota
1774 5396 1899 5450 pec.-

312 5466 440 5508 cato
478 5450 862 5515 concludatur,
903 5461 957 5506 et
1002 5452 1129 5505 licet
1167 5466 1265 5519 pro
1312 5451 1610 5519 insipientia
1656 5450 1898 5518 jumento

314 5536 693 5593 comparetur,
724 5525 844 5578 ideo
870 5524 929 5576 fit
967 5524 1142 5575 anima
1187 5522 1394 5589 pecoris
1425 5521 1504 5593 vel
1533 5520 1750 5593 alterius
1778 5535 1899 5574 cor-

316 5591 483 5664 poris.
520 5593 699 5662 Ipsum
738 5595 880 5647 enim
923 5607 1115 5664 corpus
1144 5600 1197 5645 et
1223 5606 1362 5645 nunc
1389 5600 1443 5645 et
1471 5591 1522 5642 in
1552 5592 1654 5643 line
1672 5604 1897 5664 semper

310 5658 399 5722 est
428 5658 696 5730 habitura,
725 5679 846 5719 cum
872 5678 977 5734 quo
1000 5658 1136 5715 facta
1165 5672 1247 5716 est
1270 5677 1372 5714 una
1396 5673 1644 5731 persona.
1668 5658 1775 5715 Sed
1797 5675 1897 5715 nec

376 5823 395 5853 ι
431 5821 571 5879 Alias,
595 5826 806 5871 remanet
829 5817 1044 5881 informis
1060 5816 1174 5881 quia
1197 5826 1291 5868 Deo
1311 5815 1571 5881 dissimilis.

376 5884 454 5946 (α)
476 5892 629 5947 litigo,
654 5882 739 5930 lib.
765 5884 782 5931 1
813 5879 1200 5931 tle—sacramento
1224 5882 1369 5941 Fidei,
1389 5895 1435 5943 [ι.
1459 5880 1508 5941 ϐ,
1526 5892 1632 5944 cap.
1648 5879 1699 5932 3.

603 5966 884 6028 Parnm.
929 5963 1055 6025 ιχ.

1415 426 1616 482 LIBER
1656 427 1744 483 DE
1783 425 2049 485 SPIRITU
2094 429 2180 484 ET
2222 430 2453 485 ANIMA.

3473 445 3577 500 8ῑο

2012 546 2133 627 ideo
2164 546 2695 627 fit_corpus,_etiamsi
2736 550 2942 627 penitus
2968 552 3243 627 hebetetur
3290 554 3407 611 Non
3440 562 3581 615 enim

2004 616 2321 671 distrahitur
2359 619 2615 686 partibus,
2662 616 2760 674 nec
2799 622 2915 673 loco
2952 625 3302 679 concluditur.
3344 628 3456 681 Non
3503 641 3587 683 est

2004 690 2175 751 major
2200 689 2251 741 in
2280 688 2602 756 majoribus,
2638 705 2734 743 nec
2772 700 2855 744 est
2884 693 3057 746 minor
3093 695 3145 748 in
3183 696 3476 752 minoribus
3502 700 3583 752 sui

2003 758 2246 838 corporis
2284 758 2523 838 partibus
2559 759 2679 811 vita:
2721 758 2943 838 idoneis.
2968 761 3201 838 Spiritus
3242 782 3473 838 namque
3500 778 3586 824 est.

2003 829 2177 880 anima
2221 828 2525 893 rationalis,
2559 829 2899 893 quantislibet
2932 828 3118 887 obruta
3154 836 3341 901 malis;
3380 828 3434 891 et
3464 840 3582 893 ubi«

2004 913 2232 966 cumque
2258 907 2375 963 est,
2405 907 2512 952 tota
2540 907 2641 952 est.

2074 967 2187 1021 Non
2217 968 2507 1022 traducitur
2529 983 2557 1021 a
2585 976 2731 1037 patre
2766 968 2816 1022 in
2850 969 3011 1023 filium
3037 1011 3051 1035 ,
3081 986 3148 1025 ne
3173 989 3274 1027 una
3313 976 3381 1029 sit
3407 978 3584 1033 anima

2003 1038 2300 1114 amborum2
2335 1039 2512 1104 Sicut,
2550 1039 3239 1114 inquitDominus,anima
3279 1049 3464 1114 patris,
3513 1052 3587 1103 sic

2003 1108 2174 1181 anima
2198 1107 2307 1181 ﬁlii
2320 1125 2448 1181 mea
2471 1117 2541 1181 est
2565 1107 2774 1177 (Ezeclt.
2809 1124 2937 1162 xvnl
2956 1152 2971 1175 ,
3002 1110 3078 1180 4).
3106 1110 3214 1166 Nec
3244 1107 3366 1181 pars
3394 1107 3586 1173 anima:

2008 1178 2172 1247 patris
2197 1179 2248 1230 in
2281 1178 2441 1231 filimu
2464 1219 2479 1241 ,
2512 1178 2638 1232 dum
2662 1186 2915 1246 generat,
2948 1194 3006 1233 se
3029 1178 3365 1237 t'ransfnndit.
3393 1186 3584 1241 Partiri

2004 1261 2350 1320 namqueseu
2378 1247 2540 1320 dividi
2561 1249 2786 1320 ,iaugeri
2809 1248 2898 1320 vel
2929 1250 3094 1304 minui
3119 1292 3135 1317 ,
3165 1267 3262 1320 pro
3290 1255 3585 1311 substantia

2003 1318 2340 1393 sua__spiri_tus
2371 1319 2559 1393 nescit.
2587 1317 2700 1393 Non
2720 1318 2879 1393 _enim
2914 1329 3103 1393 potest_
3115 1317 3234 1393 esse
3263 1325 3465 1393 major,
3492 1327 3587 1382 sed

2004 1388 2211 1442 melior.
2243 1388 2297 1442 Si
2327 1389 2469 1442 enim
2497 1388 2903 1460 Aparticulariter
2931 1388 3421 1460 transfunderetur,
3451 1388 3588 1451 cor-

2004 1472 2198 1527 porcus
2237 1472 2356 1535 esse
2394 1458 2724 1535 probaretur.
2754 1459 2906 1525 Quod
2935 1460 2979 1535 si
2999 1469 3112 1535 ,_ut_
3127 1461 3358 1517 delirant
3384 1458 3545 1535 aliqui
3570 1508 3587 1533 ,

2003 1543 2185 1603 semen
2217 1530 2408 1603 anima:
2435 1543 2555 1603 eum
2584 1528 2786 1603 semine
2814 1532 2991 1603 carnis
3029 1528 3248 1586 haberet
3283 1528 3591 1603 genera-udo

2005 1597 2344 1673 transfundi,
2376 1599 2541 1673 multa
2583 1597 2795 1673 quidem
2837 1598 3114 1673 inhonesta
3145 1612 3198 1655 et
3242 1597 3589 1673 impossibilia

2004 1679 2230 1742 possem
2264 1668 2456 1742 exinde
2498 1668 2775 1742 reclamari
2801 1708 2831 1742 ,Α
2865 1684 2983 1742 qua;
3022 1670 3090 1725 de
3118 1668 3587 1742 spiritu'rationali

2006 1752 2103 1792 nec
2131 1738 2232 1791 dici
2269 1738 2465 1792 debent
2494 1753 2591 1792 nec
2628 1737 2854 1806 opinari.
2885 1737 3164 1795 lndecens'
3186 1744 3327 1796 enim
3370 1755 3452 1799 est
3493 1748 3591 1801 ob-

2003 1823 2183 1933 (sictena
2225 1817 2500 1877 retexere,
2542 1816 2597 1864 et
2635 1808 2775 1863 male
2819 1808 2932 1863 fusa
2972 1811 3148 1866 carnis
3179 1815 3378 1869 semina
3418 1816 3592 1872 denu-

2038 1894 2150 1933 are.

2038 1894 2150 1933 are.

1984 1984 1995 2001 .
2075 1949 2299 2006 CAPUT
2358 1948 2489 2004 XLI.
2548 1949 2653 2005 Sed
2708 1950 2761 2004 in
2811 1949 2917 2005 dies
2964 1960 3218 2010 creantur.
3277 1955 3507 2013 Materia!
3560 1976 3594 2013 ιι

2006 2020 2170 2102 prima
2205 2022 2459 2075 creatione
2490 2021 2632 2074 nulla
2664 2022 2719 2102 [ii
2745 2024 3104 2102 novancreatio:
3138 2023 3405 2081 Peccatum
3438 2031 3592 2102 origi-

2007 2091 2120 2143 nale
2149 2107 2238 2159 per
2260 2108 2461 2145 carnem
2487 2092 2822 2144 contrahitur.
2852 2090 3103 2161 Baptismi
3127 2099 3417 2153 necessitas.
3451 2090 3592 2154 Dici—

2004 2175 2123 2239 mus
2143 2163 2641 2239 _autem.rationales
2664 2162 2867 2239 animas
2898 2177 2993 2231 pro
3014 2168 3245 2239 essentia
3275 2168 3385 2222 fieri
3416 2173 3593 2239 quoti-

2005 2230 2091 2282 die
2124 2231 2192 2285 de
2222 2232 2390 2285 nihilo
2427 2246 2590 2285 novas
2610 2272 2623 2294 ,
2654 2230 2746 2284 sed
2775 2246 2872 2299 pro
2899 2235 3160 2289 consimili
3194 2246 3377 2293 natura
3418 2230 3484 2295 ex
3514 2242 3596 2296 in-

2005 2301 2278 2374 stitntione
2322 2302 2497 2374 divina
2517 2342 2531 2365 ,
2565 2316 2669 2354 non
2719 2305 2899 2374 utique
2930 2318 3112 2374 novas.
3144 2306 3341 2374 Quales
3368 2312 3508 2363 enim
3538 2313 3593 2369 in

2004 2372 2387 2453 exgtdiolieus
2402 2371 2487 2425 die
2513 2381 2665 2453 scito
2689 2372 3003 2453 masculoet
3032 2371 3242 2453 femina:
3267 2377 3413 2453 dedit
3436 2379 3591 2453 (Gen.

2005 2454 2044 2504 ι,
2074 2440 2191 2507 ‘27),
2226 2443 2356 2495 tales
2383 2441 2622 2511 quotidie
2652 2441 2874 2510 inspirat
2902 2443 3141 2512 singulis,
3174 2462 3307 2500 nova
3330 2448 3397 2503 de
3429 2440 3595 2507 nihilo

2004 2513 2273 2565 creatione
2290 2529 2441 2588 ,_non
2466 2526 2599 2565 nova
2630 2511 3389 2588 institutione.’Pater,_inquit
3410 2562 3423 2583 ,
3454 2538 3594 2576 naeus

2004 2596 2160 2676 iisque
2183 2581 2353 2676 lntodo
2397 2590 2762 2676 operatrir,nei
2797 2598 2907 2676 ego‘
2931 2598 3112 2676 (imperor
3149 2581 3328 2656 (Joan.
3361 2581 3431 2655 v,
3480 2593 3594 2676 17).

2005 2652 2269 2727 Operatur
2294 2666 2461 2722 usque
2486 2651 2646 2727 modo
2674 2651 2909 2727 Patenet
2945 2652 3108 2709 Filius
3133 2651 3488 2727 {operatione
3516 2651 3594 2719 si-

2005 2722 2219 2790 quidem
2258 2737 2429 2799 nova,
2478 2722 2572 2776 Sed
2610 2721 2951 2799 institutione
2994 2739 3100 2779 non
3136 2721 3315 2793 'no'va;
3368 2747 3463 2799 pro
3507 2735 3596 2789 illa

2006 2805 2167 2869 agens
2189 2833 2203 2854 ,
2242 2807 2363 2869 cum
2410 2792 2839 2869 ista_quiescens.
2882 2792 3147 2869 Resvero
3175 2792 3450 2869 corporea:
3477 2816 3598 2869 post

2009 2862 2233 2933 primam
2258 2863 2337 2917 sui
2365 2863 2688 2933 creationem
2721 2876 2871 2916 novre
2904 2864 3062 2917 nullae
3081 2862 3363 2933 creantur,
3395 2862 3488 2928 sed
3518 2875 3596 2929 si-

2007 2932 2125 3013 mul
2145 2934 2195 2987 in
2221 2932 2442 3013 εξοηάἰο
2471 2932 2698 3013 conditae
2744 2935 3021 3013 temporali
3055 2932 3371 3013 formatione
3404 2959 3597 3013 ωορδ-

2005 3011 2216 3071 gantur.
2257 3004 2461 3058 Animae
2500 3012 2677 3057 autem
2706 3016 2813 3055 non
2854 3005 3012 3057 simul
3056 3004 3417 3065 essentialiter
3442 3004 3596 3069 facta:

2006 3083 2163 3152 simi,
2317 3089 2413 3143 pro
2430 3084 2625 3152 natura
2664 3073 3084 3152 consimili,_q_ua
3126 3078 3191 3131 ad
3220 3079 3503 3152 imaginem
3541 3095 3600 3142 et

2006 3143 2406 3222 similiiudinem
2430 3144 2523 3222 Dei
2553 3144 2715 3222 fiunt,
2742 3152 2797 3196 et
2824 3144 2983 3198 simul
3005 3143 3160 3222 facta;
3179 3143 3513 3222 reputantur,
3541 3168 3594 3211 et

2006 3228 2114 3268 non
2129 3214 2480 3294 .simul_ed.it.'e
2498 3214 2807 3294 iudicantur
2833 3229 2850 3269 :
2880 3230 2984 3269 non
3007 3217 3163 3294 simul
3192 3214 3347 3276 edita:
3383 3241 3479 3294 pro
3501 3214 3601 3281 'c..-

2006 3286 2174 3339 sentin
2192 3326 2216 3367 ,Α
2235 3285 2328 3366 sed
2354 3284 2823 3367 simnifactmnpro
2851 3289 3084 3367 compari
3112 3287 3279 3367 foi'ma
3309 3284 3396 3367 ad'
3413 3297 3600 3367 imagi-

2008 3371 2128 3409 nem
2168 3365 2223 3411 et
2258 3355 2656 3408 similitudinem
2690 3355 2780 3426 Dei
2810 3365 3122 3426 pr:erogata.
3150 3360 3287 3416 Caro
3327 3365 3394 3420 de
3436 3355 3598 3423 car-ite

2005 3426 2312 3494 generando
2337 3426 2628 3480 traducitur
2647 3465 2662 3490 ,
2690 3424 2784 3480 sed
2814 3424 3030 3497 spiritus
3056 3428 3124 3485 de
3159 3432 3348 3502 spiritu
3380 3439 3598 3495 minime

2008 3507 2344 3566 propagatur.
2490 3516 2511 3525 ί

2076 3567 2291 3621 Certum
2321 3578 2575 3650 tenemus
2587 3566 2721 3649 _quia
2747 3582 2872 3622 caro
2898 3578 3168 3650 contraeia
3205 3574 3275 3631 de
3317 3592 3476 3635 carne
3503 3598 3597 3650 per

2008 3636 2177 3721 iegeni
2203 3636 2649 3721 concupiscentia:
2668 3653 2870 3721 ,_‘quam
2889 3640 3004 3719 _cito
3031 3643 3340 3721 viviiicatur,
3367 3636 3600 3721 origina-

2008 3707 2071 3759 lis
2095 3708 2265 3776 culpa:
2294 3709 2499 3761 vinculo
2527 3708 2783 3781 premitur
2806 3746 2820 3771 ,
2852 3709 3073 3781 ejusque
3092 3707 3598 3777 affectionibusvani-

2006 3793 2111 3858 ma,
2144 3793 2262 3857 qua:
2290 3794 2504 3858 carpent
2532 3777 2789 3858 vivificat,
2830 3777 3165 3858 aggra'vatur.
3196 3784 3308 3858 Siub
3337 3788 3437 3844 hoc
3470 3807 3594 3858 pec-

2003 3848 2105 3921 cati
2134 3848 2344 3921 vinculo
2371 3848 2755 3921 demerguntur
2784 3850 3020 3921 parvuli,
3067 3853 3156 3921 qui
3199 3856 3317 3910 sine
3358 3848 3596 3917 remedio

2003 3917 2251 3985 baptismi
2276 3917 2591 3997 moriuntur.
2626 3917 2832 3997 _Habent
2854 3920 2994 3973 enim
3018 3917 3271 3997 originale
3291 3942 3592 3997 peccatum,

2002 4002 2110 4066 non
2132 4004 2227 4057 per
2244 3988 2475 4066 animant
2500 4029 2513 4051 ,
2545 3988 2999 4066 sed_-per_carnem
3030 3993 3211 4066 uiiqtte
3238 3988 3589 4066 co'ntractum,

2001 4058 2300 4128 animaeque
2333 4058 2589 4137 refusum.
2630 4059 2784 4112 Carni
2813 4074 3041 4137 namqiie
3072 4058 3144 4137 ita
3172 4068 3348 4119 unitur
3375 4073 3547 4125 anima

2002 4137 2061 4181 ut
2087 4143 2209 4183 cum
2248 4144 2409 4183 carne
2438 4129 2507 4182 sit
2536 4143 2635 4181 una
2665 4142 2912 4196 persona.
2952 4129 3034 4184 Fit
3063 4134 3202 4188 enim
3242 4148 3456 4196 auclore
3486 4129 3595 4196 υρό

2001 4199 2178 4253 anima
2209 4208 2263 4254 et
2286 4214 2413 4253 caro
2450 4215 2613 4253 unum
2643 4198 2965 4253 individuum
2986 4242 3001 4264 ,
3035 4218 3171 4258 unus
3213 4205 3371 4261 homo
3405 4230 3418 4265 :
3453 4215 3595 4268 unde

2002 4269 2148 4347 salva
2197 4279 2400 4347 natura:
2452 4270 2728 4347 utriusque
2780 4270 3105 4347 proprietate
3136 4276 3397 4347 adjicitur
3445 4287 3593 4339 carni

2002 4340 2143 4407 quod
2166 4342 2357 4394 animm
2386 4351 2468 4395 est
2491 4380 2505 4403 ,
2538 4348 2594 4393 et
2626 4340 2817 4419 animae
2837 4341 2978 4419 quod
3000 4346 3177 4399 carnis
3206 4340 3322 4411 est;
3354 4368 3449 4419 pro
3478 4356 3596 4407 uni-

2005 4419 2378 4495 iate.persona;
2402 4452 2416 4474 ,
2458 4426 2562 4495 rion
2598 4425 2692 4495 pro
2718 4409 3027 4493 diversitate
3054 4426 3276 4473 natum.
3309 4409 3460 4490 Quod
3493 4426 3592 4495 igi-

2003 4489 2089 4533 tur
2115 4480 2309 4535 ibidem
2331 4481 2551 4550 singulis
2579 4490 2662 4534 est
2686 4485 2955 4548 preprium
2976 4524 2990 4547 ,
3014 4500 3295 4544 commune
3318 4480 3381 4546 Tit
3404 4480 3593 4550 ambo-

2002 4566 2120 4632 rum
2144 4566 2174 4632 ;_
2204 4554 2474 4632 pioprium
2503 4566 2597 4632 pro
2623 4561 2809 4632 natura
2834 4592 2864 4632 ,_
2881 4567 3181 4632 commune
3206 4575 3302 4628 pro
3347 4580 3591 4632 persona,

2004 4620 2294 4701 Exindeiit
2313 4623 2487 4675 anima
2508 4622 2757 4701 originali
2782 4624 2951 4701 culpa:
2988 4620 3219 4682 obnoxia
3238 4671 3251 4689 .
3281 4620 3437 4701 quam
3466 4652 3594 4690 cum

2002 4692 2312 4766 contrahit,
2342 4701 2397 4746 et
2434 4693 2625 4766 animae
2649 4692 2930 4766 refundit,
2957 4710 3077 4749 cum
3108 4715 3209 4766 qua
3242 4692 3384 4756 unita
3428 4715 3509 4760 est
3539 4709 3592 4760 in

2003 4777 2252 4830 persona,
2284 4763 2404 4836 licet
2422 4762 2587 4836 divisa
2617 4762 2685 4836 sit
2708 4764 2758 4815 in
2788 4774 2993 4836 natura.
3030 4766 3100 4820 Ea
3126 4762 3341 4836 propter
3371 4790 3591 4829 necesse

2002 4842 2085 4885 est
2128 4834 2403 4901 parvulum
2425 4873 2439 4896 ,
2472 4834 2597 4885 dum
2624 4832 2788 4899 vivit,
2817 4835 3013 4889 Christi
3043 4832 3389 4896 Sacr-amento
3430 4862 3589 4900 reno-

2002 4904 2149 4967 vari,
2173 4919 2241 4985 ne
2266 4904 2405 4985 obsit
2423 4905 2538 4971 ejus
2559 4903 2750 4956 anima:
2776 4904 3010 4985 societas
3030 4910 3205 4985 carnis
3226 4913 3457 4985 peccati,
3488 4933 3590 4985 qua

2001 4976 2685 5053 gravaturetiamncorpore
2722 4983 2875 5053 extim
2900 5014 2914 5037 ,
2962 4977 3060 5053 nisi
3105 4976 3238 5053 dum
3274 4981 3325 5033 in
3365 4976 3590 5053 corpore

2002 5044 2164 5124 vivit,
2198 5044 2426 5124 salutari
2447 5042 2604 5096 fuerit
2642 5044 2880 5123 remedio
2919 5047 3148 5124 expiata.
3175 5049 3403 5105 Currant
3434 5042 3591 5124 igitur

2002 5114 2164 5192 adulti
2181 5155 2196 5179 ,
2219 5122 2434 5192 curram
2454 5129 2552 5192 pro
2572 5128 2631 5166 se
2657 5112 2814 5192 ipsis:
2840 5112 3143 5192 impendam
3166 5128 3323 5173 etiam
3355 5112 3591 5192 pari/rutis

2002 5182 2339 5237 Sacramenta
2363 5181 2502 5242 fidei.
2530 5182 2819 5250 suscipiant
2846 5181 3038 5237 Christi
3072 5187 3226 5241 ﬁdem
3254 5181 3372 5244 eum
3402 5181 3592 5250 Sacra;

2003 5255 2197 5307 mentis
2222 5294 2235 5317 ,
2266 5264 2320 5306 ut
2344 5253 2593 5323 parvulos
2622 5254 2673 5305 in
2696 5253 2908 5323 Christo
2938 5265 3152 5310 renatos
3182 5259 3312 5314 fides
3338 5262 3589 5322 Ecclesia:

2006 5332 2248 5389 tueatur,
2285 5322 2570 5397 etiaduitos
2595 5336 2715 5375 cum
2745 5322 3103 5397 Sacramentis
3144 5343 3304 5397 opera
3346 5332 3465 5389 fldei
3501 5354 3594 5391 co.

2002 5396 2276 5467 mitentur.
2305 5393 2405 5467 His
2421 5393 2579 5447 etiam
2623 5407 2716 5459 per
2737 5393 2958 5467 gratiam
2984 5397 3001 5426 ⁸
3045 5393 3340 5467 renovatis,
3375 5407 3587 5463 tandem

2004 5464 2353 5545 complehiiur
2390 5464 2446 5545 in
2474 5465 2869 5544 resurrectione
2896 5468 3167 5545 generali,
3201 5481 3259 5525 ut
3302 5464 3426 5529 caro
3475 5479 3588 5545 ipsa

2006 5544 2248 5606 resurgat
2274 5536 2325 5586 in
2355 5533 2542 5606 gloria,
2566 5533 2757 5586 anima:
2783 5533 3186 5606 sum—restituta,
3213 5544 3329 5597 viva
3358 5556 3411 5599 et
3432 5533 3589 5602 :et'cr-

2005 5620 2070 5658 na
2092 5645 2104 5665 ,
2137 5604 2260 5657 felix
2286 5613 2339 5657 et
2368 5604 2540 5657 beata.

2074 5670 2298 5729 CAPUT
2348 5671 2507 5727 XLII.
2557 5671 2690 5744 Non
2754 5674 3014 5742 baptizatis
3077 5696 3167 5732 cur
3216 5683 3387 5735 animo
3442 5686 3583 5744 data.

2010 5742 2210 5798 Natura
2235 5744 2356 5814 quid
2403 5746 2486 5798 sit.
2531 5743 2860 5814 Spiraculum
2904 5750 3035 5802 uitta.
3084 5752 3143 5804 Si
3190 5764 3452 5823 quarutur
3491 5742 3587 5814 cut‘

2072 5878 2090 5910 ³
2125 5885 2206 5927 Hs.
2231 5878 2569 5943 Medardensis,
2594 5896 2680 5946 per
2708 5879 3049 5946 gratiam/idet
3070 5877 3336 5929 renovatio.

2224 5966 2225 5969 Ἴ
2743 5976 3088 6042 (Viam—six.)
