4106 6508
327 470 433 524 813

327 600 423 637 nec
447 582 610 636 minui
637 624 649 645 ,
684 582 804 651 quia
828 590 1023 635 aeterna
1047 590 1129 635 est
1158 600 1169 611 '
1193 580 1303 634 sola
1330 579 1619 646 charitate,
1651 581 1793 633 nulla
1830 579 1911 634 sui

326 656 642 708 necessitate
674 654 958 724 rationales
980 654 1192 724 rpiritus
1212 652 1439 724 creavit,
1470 662 1523 724 ut
1545 667 1637 703 eos
1659 668 1767 703 sua:
1793 652 1914 702 hea-

322 725 570 780 t'rtudints
598 724 879 793 participes
910 722 1127 779 laceret.
1160 723 1309 777 Alios
1331 738 1458 775 vero
1487 722 1535 774 in
1559 735 1652 774 sua
1685 722 1913 793 puritate

320 797 375 850 in
405 796 546 849 etelo
578 791 914 849 continuavit
945 813 956 847 :
990 794 1121 848 alios
1147 804 1322 846 autent
1364 802 1578 860 propter
1607 791 1910 860 superbiam

320 867 372 921 in
404 866 667 919 infernum
701 865 1047 934 prmeipitavit
1080 882 1094 919 :
1125 871 1283 933 atque
1313 863 1445 916 alios
1490 862 1555 915 ad
1585 862 1910 931 probandam

320 936 672 991 humilitatem
708 944 764 991 et
806 935 1160 990 obedientiam
1216 936 1268 987 in
1326 943 1533 987 terrena
1589 934 1912 986 habitatione

320 1009 549 1061 terrenis
566 1006 878 1074 Corporibus
899 1006 1135 1069 sociavit,
1162 1013 1216 1057 ut
1244 1004 1307 1057 ad
1326 1005 1446 1058 vite
1474 1017 1687 1056 sensum
1717 1004 1907 1057 luteaut

320 1079 599 1132 tuateriam
637 1086 961 1145 vegetarent.
988 1076 1193 1130 Ilabeut
1231 1088 1456 1141 namque
1485 1075 1537 1127 in
1581 1083 1766 1126 natura
1798 1090 1907 1145 sua

314 1148 602 1217 quamdam
634 1143 1034 1201 ttititabiliuitetn
1060 1188 1074 1210 ,
1100 1145 1389 1200 secundum
1414 1157 1571 1217 quam
1600 1143 1910 1217 corporibus

316 1213 649 1272 vivilicandis
672 1219 1138 1287 appropinquant,
1168 1217 1218 1269 in
1262 1230 1365 1285 qua
1406 1213 1908 1287 quidemnonnihil

312 1305 428 1341 sum
460 1289 701 1356 puritatis
728 1287 1020 1357 deponunt.
1049 1289 1183 1341 Cum
1212 1288 1352 1339 enim
1409 1286 1757 1357 delectatione
1785 1298 1907 1357 cor-

313 1354 471 1428 poris
489 1354 829 1419 aﬂiciuntur',
857 1359 1006 1427 quasi
1036 1357 1318 1426 quamdam
1359 1355 1760 1428 corpulentiam
1786 1354 1906 1428 inde

312 1424 556 1494 trahunt;
583 1445 699 1499 qua:
730 1424 991 1497 puriorem
1016 1424 1257 1499 naturam
1286 1442 1470 1499 eorum
1498 1427 1819 1499 corrumpit.
1841 1424 1908 1479 Et

312 1502 417 1553 hoc
448 1496 633 1554 vitium
659 1496 859 1569 quanto
882 1500 1039 1553 altius
1058 1500 1135 1552 eis
1153 1498 1206 1552 in
1233 1496 1545 1566 corporibus
1567 1496 1906 1569 manentibus

311 1570 622 1635 inhursel'it,
674 1565 821 1623 tanto
865 1569 1133 1625 dilticilius
1180 1584 1273 1623 eos
1310 1565 1342 1620 a
1371 1566 1681 1635 corporibus
1727 1565 1903 1619 disce-

307 1642 504 1695 dentes
551 1640 748 1694 deserit
781 1657 794 1693 :
823 1641 1072 1710 quoniam
1122 1655 1229 1693 non
1275 1638 1482 1710 tollitur
1510 1638 1717 1710 passio,
1744 1637 1903 1710 etiam

306 1728 437 1792 _enm_
452 1711 667 1792 ‘tollititr
691 1706 855 1792 causa
878 1711 1166 1792 piissimus.
1197 1710 1295 1763 nisi
1336 1709 1403 1792 ab
1438 1707 1696 1792 ejusqui
1738 1706 1903 1760 l'a.-cu-

307 1783 472 1837 lentia
509 1797 567 1837 se
605 1782 655 1834 in
702 1781 802 1836 hac
846 1776 952 1836 vita
993 1780 1249 1834 mundare
1274 1778 1590 1833 studuerint.
1628 1776 1735 1832 Nos
1775 1792 1903 1846 ergo

306 1855 402 1922 qui
433 1853 483 1907 in
512 1852 687 1907 tnedio
709 1852 967 1907 bonorum
1001 1851 1341 1922 etmalorum
1376 1849 1529 1922 positi
1551 1863 1755 1913 sumus,
1769 1863 1904 1922 icon-

305 1918 551 1978 sidcrare
591 1937 731 1991 smpe
757 1922 1014 1978 debemus
1043 1933 1097 1976 et
1124 1920 1371 1990 gaudium
1404 1920 1655 1991 illorum_.
1685 1926 1738 1971 et
1768 1918 1898 1991 isto-

304 2010 431 2048 rum
457 1988 795 2063 supplicium,
822 2003 980 2063 atque
1007 1988 1245 2047 nostram
1278 1990 1566 2063 miseriam.
1606 1988 1900 2063 Rationalis
1948 2048 1955 2053 ,

306 2060 575 2135 siquidem
605 2073 687 2118 est
728 2060 911 2135 anima
936 2073 1117 2135 nostra
1142 2104 1155 2125 ,
1190 2071 1247 2116 ut
1270 2064 1404 2116 sciat
1431 2060 1735 2135 discernere
1764 2061 1902 2119 inter

306 2131 509 2189 bonum
549 2144 603 2189 et
644 2136 861 2189 malum.
902 2134 995 2187 Est
1036 2134 1195 2187 etiam
1256 2131 1683 2199 concupiscibilis
1742 2139 1901 2198 atque

304 2205 591 2261 irascibilis
615 2246 629 2267 ,
662 2214 718 2258 ut
746 2205 914 2275 possit
953 2220 1132 2257 amare
1163 2204 1359 2257 bonum
1405 2210 1458 2255 et
1483 2202 1633 2275 odire
1678 2202 1895 2275 malum.

305 2276 386 2329 De
409 2270 911 2345 concupiscibiiitate
941 2277 1172 2329 nascitur
1196 2288 1381 2345 amor,
1416 2280 1469 2326 et
1495 2270 1561 2345 de
1590 2285 1771 2345 amore
1800 2270 1897 2345 de-

300 2340 653 2401 siderium-et
681 2347 948 2413 gaudium.
982 2349 1146 2398 Amor
1174 2352 1258 2397 est
1285 2343 1570 2413 delectatio
1596 2341 1771 2413 cordis
1802 2340 1898 2395 ali-

297 2418 462 2486 cujus
489 2418 553 2470 ad
580 2411 776 2485 aliquid
812 2430 1029 2487 propter
1057 2414 1274 2487 aliquid,
1307 2430 1403 2485 per
1428 2411 1746 2487 desiderium
1771 2427 1896 2487 cur-

300 2481 454 2555 rens,
480 2498 640 2557 atque
668 2481 762 2554 per
785 2481 1031 2557 gaudium
1062 2481 1419 2557 requiescens;
1452 2497 1544 2557 per
1574 2481 1894 2557 desiderium

297 2560 359 2612 iu
401 2551 698 2629 appetendo
730 2551 825 2622 ,ἐι
870 2551 1256 2629 pergaudium
1305 2554 1356 2608 iu
1403 2551 1741 2629 perfruendo.
1788 2551 1899 2629 Nec

296 2622 520 2683 aliunde
548 2628 744 2683 bonum
773 2622 887 2692 est:
901 2629 945 2682 si
976 2622 1171 2681 bonum
1196 2634 1297 2683 cst.
1326 2640 1421 2678 cor
1447 2626 1768 2687 humanum,
1793 2622 1895 2676 nisi

296 2701 446 2768 quod
474 2700 608 2754 bene
636 2709 775 2753 amat
794 2699 937 2769 quod
966 2699 1163 2769 bonum
1192 2705 1291 2769 est,
1319 2694 1425 2749 Nec
1454 2693 1668 2769 aliunde
1697 2694 1895 2769 malum

298 2764 387 2825 est
410 2813 423 2831 ,
453 2772 494 2822 si
528 2770 723 2823 malum
755 2764 869 2836 est,
901 2769 1003 2823 nisi
1023 2767 1163 2837 quod
1192 2767 1329 2820 male
1352 2773 1495 2820 amat
1520 2764 1663 2837 quod
1696 2764 1891 2837 bonum

298 2852 406 2896 est.
436 2840 605 2895 Omne
631 2841 771 2894 enim
803 2834 941 2909 quod
973 2834 1075 2903 est,
1105 2839 1307 2909 bonum
1314 2845 1419 2909 est
1437 2852 1449 2887 :
1469 2835 1730 2909 sediqeo
1753 2834 1894 2903 quod

300 2912 444 2966 male
481 2919 689 2965 amatur
718 2905 919 2964 tantum
948 2913 1133 2963 retium
1161 2916 1260 2961 est.
1295 2907 1368 2961 De
1411 2905 1771 2960 irascibilitate
1800 2920 1895 2958 na-

297 2983 471 3037 scitur
496 2981 696 3036 odium.
742 2981 825 3035 Ira
865 2983 1004 3036 enim
1049 2985 1271 3049 generat
1312 2976 1492 3032 odium
1528 2993 1541 3029 :
1573 2985 1627 3030 et
1662 2975 1730 3030 de
1768 2976 1894 3049 odio

296 3052 458 3107 dolor
480 3062 532 3106 et
560 3054 737 3107 timor.
767 3052 899 3106 Cum
931 3047 1071 3105 enim
1112 3058 1297 3104 contra
1327 3054 1542 3116 peccata
1572 3055 1751 3099 nostra
1784 3047 1892 3101 ira-

295 3124 522 3188 scintur,
551 3134 604 3176 et
628 3139 688 3177 ea
720 3121 869 3177 odire
898 3123 1197 3191 incipimus,
1225 3119 1467 3173 dolemus
1489 3118 1611 3189 quia
1645 3117 1890 3187 peccavi-

296 3210 442 3257 mus,
475 3204 528 3247 et
556 3209 739 3262 poenas
771 3209 865 3261 pro
894 3192 1126 3262 peccatis
1151 3192 1419 3243 timemus.

398 3256 627 3319 CAPUT
671 3256 855 3318 XLVI.
894 3256 1198 3316 'Ralionatis
1240 3269 1485 3313 creatum
1522 3274 1633 3311 sar:
1673 3256 1887 3311 diversa.

296 3335 500 3389 Anium:
521 3344 735 3406 quatuor
758 3333 966 3406 a/I'ectus
995 3332 1063 3406 ad
1092 3330 1214 3404 quid
1239 3329 1459 3383 dati.Ad
1484 3329 1606 3400 quid
1632 3331 1779 3381 ratio.
1807 3330 1893 3384 Sic

293 3405 793 3461 creator'mnnium
840 3405 979 3459 Deus
1010 3405 1147 3457 inter
1187 3412 1376 3455 cretera
1419 3411 1472 3455 et
1498 3414 1660 3467 super
1697 3409 1891 3453 cmtera

293 3493 420 3545 qua:
441 3476 660 3542 ereavit,
686 3475 996 3529 rationalem
1014 3474 1353 3545 dignatusest
1375 3469 1893 3545 amplinsillnstrare

296 3540 568 3611 naturain,
598 3540 754 3615 quam
780 3557 833 3600 et
860 3561 954 3599 sua
995 3540 1340 3615 similitudine
1371 3540 1493 3595 fecit
1520 3541 1801 3615 insignem,
1839 3550 1895 3594 et

294 3633 413 3672 sure
444 3610 785 3671 beatitudinis
815 3616 1118 3670 voluitesse
1148 3612 1478 3681 participem.
1510 3610 1674 3679 Cujus
1714 3619 1892 3681 tamen

297 3688 577 3742 rationalis
609 3697 866 3741 creatum
894 3686 1018 3739 licet
1040 3680 1230 3738 similis
1257 3683 1495 3736 videatur
1532 3684 1681 3750 origo
1708 3722 1722 3743 ,
1756 3680 1891 3734 facta

295 3768 378 3814 est
409 3758 619 3811 diversa
649 3758 905 3821 conditio;
934 3758 1061 3811 dum
1094 3770 1215 3823 pars
1236 3753 1352 3823 ejus
1377 3752 1526 3823 estin
1552 3764 1749 3805 aeterna
1780 3751 1895 3805 leti-

295 3831 464 3883 citate
498 3832 722 3890 iirmata;
756 3820 1223 3898 parsrudentibus
1249 3820 1731 3898 internidetracta,
1762 3823 1891 3898 etin

300 3908 563 3953 tartarum
601 3890 792 3953 tradita
837 3899 887 3951 iu
914 3898 1171 3967 judicium
1214 3892 1499 3967 crucianda
1544 3890 1893 3967 servatur(il

306 3969 449 4023 Petr.
486 3986 540 4034 ιι,
568 3970 602 4024 4
627 3968 646 4041 )
675 3986 690 4034 ;
722 3983 843 4041 pars
870 3962 1030 4041 etiam
1064 3967 1216 4021 tertia
1243 3963 1469 4041 terrenis
1492 3964 1635 4041 unita
1655 3962 1896 4041 corpori-

300 4041 404 4095 bus
432 4032 608 4095 locum
627 4032 864 4094 medium
891 4039 1074 4093 sortita
1104 4035 1464 4105 cognoscitur.
1501 4033 1737 4105 litprius
1767 4032 1893 4101 (ιιιί⁴

299 4112 426 4165 dem
444 4112 629 4163 eadem
659 4110 830 4164 media
853 4109 1076 4162 summis
1104 4103 1332 4161 vicinior
1357 4105 1407 4156 in
1434 4103 1641 4156 deliciis
1662 4113 1776 4156 erat
1800 4117 1895 4170 po-

300 4182 402 4235 sita
433 4180 684 4251 paradisi;
718 4194 858 4234 nunc
879 4179 988 4249 jam
1016 4172 1603 4251 propinqnior_inlimis,
1625 4188 1719 4251 pro
1747 4184 1894 4226 reatu

303 4244 679 4306 inubedientite
699 4244 969 4304 humiliata
987 4244 1069 4303 est
1090 4244 1141 4301 iu
1165 4244 1282 4300 loco
1303 4244 1625 4299 al'llictionis.
1646 4245 1896 4299 Summus

304 4323 467 4393 igitur
498 4324 732 4376 omnium
778 4322 966 4393 borum
999 4321 1146 4393 locus
1181 4318 1393 4393 plenam
1426 4315 1586 4393 habet
1612 4314 1892 4393 I_:ctitiat_r_t_,

305 4384 523 4446 intimus
548 4395 713 4446 solam
745 4391 1031 4445 tristitiam.
1066 4389 1137 4442 lbi
1158 4384 1300 4442 enim
1329 4386 1480 4452 plena
1504 4385 1724 4438 felicitas
1750 4402 1761 4437 :
1788 4384 1897 4437 illic

304 4465 417 4517 sitia
449 4473 502 4517 et
530 4478 734 4517 summa
768 4463 979 4516 miseria
1005 4470 1105 4514 est.
1132 4460 1184 4512 In
1204 4456 1380 4512 medio
1403 4472 1532 4509 sane
1552 4469 1757 4508 summa
1776 4470 1898 4521 spe-

306 4533 494 4599 randa,
524 4534 615 4587 sed
646 4532 990 4587 nihilominus
1021 4532 1199 4584 iulima
1229 4536 1355 4581 sunt
1382 4526 1616 4599 timenda
1646 4543 1658 4578 :
1688 4536 1742 4579 et
1774 4525 1893 4599 ideo

305 4605 463 4659 nobis
480 4594 591 4674 jam
617 4604 844 4674 amplior
870 4603 1075 4674 timoris
1098 4614 1254 4674 causa
1286 4614 1443 4674 quam
1462 4596 1604 4674 _spc_i,
1633 4610 1738 4665 quo
1768 4594 1895 4674 vici-

305 4665 499 4755 niores
513 4665 936 4730 eisdem-inlimis
955 4715 971 4740 ,
997 4672 1190 4743 dejecti
1220 4670 1273 4723 in
1305 4665 1417 4738 ipsa
1445 4667 1686 4737 degimus
1708 4665 1894 4720 umbra

304 4755 515 4800 nIOI‘lIS.

377 4816 513 4883 Quia
556 4825 731 4869 tamen
770 4822 825 4869 et
851 4813 995 4868 illius
1030 4809 1371 4866 beatitudinis
1393 4850 1410 4875 ,
1438 4807 1657 4883 etillius
1698 4804 1893 4883 nihilo-

303 4879 487 4942 minus
527 4885 884 4942 damnationis
911 4894 1124 4938 aeternae
1172 4883 1457 4935 humanam
1500 4880 1637 4933 Deus
1662 4879 1893 4929 annnam

305 4975 405 5028 pro
430 4973 647 5011 suorum
666 4956 916 5025 qualitate
934 4955 1258 5028 meritorum
1270 4951 1576 5020 participem
1592 4948 1895 5028 lierihposse

302 5018 592 5099 cognovit,
635 5018 918 5099 naturales
944 5024 1163 5078 allectus
1213 5018 1283 5077 ci'
1313 5031 1551 5099 quatuor.
1592 5018 1812 5099 indidit;
1841 5026 1895 5070 nt

304 5089 534 5153 habe-ret
557 5099 698 5152 unde
726 5099 863 5150 bona
888 5097 974 5149 illa
1007 5104 1185 5163 posset
1214 5089 1399 5164 optare
1421 5134 1434 5153 ,
1458 5101 1511 5145 et
1540 5090 1593 5143 in
1620 5089 1697 5142 eis
1720 5106 1893 5164 quan-

301 5172 483 5238 doque
509 5168 696 5229 laetari;
714 5178 771 5222 et
789 5159 1162 5222 rursum'unde
1192 5159 1327 5217 mala
1348 5163 1721 5238 iila_metucre,
1741 5159 1823 5213 vel
1841 5164 1893 5211 in

302 5231 572 5295 eis-etiam
595 5240 780 5293 dolore
805 5246 1063 5307 perpetuo
1084 5235 1404 5307 contristari.
1435 5231 1651 5307 Interim
1677 5244 1892 5307 saneea

300 5312 519 5381 gravior
543 5319 629 5366 est
655 5299 917 5381 iuode'rna'
934 5306 1186 5381 conditio,
1210 5305 1349 5381 quod
1381 5318 1484 5381 non
1505 5302 1662 5381 modo
1679 5299 1892 5381 exhibet

303 5369 576 5436 tristitiam
604 5390 659 5435 et
687 5379 997 5433 modernam
1021 5369 1337 5435 inole3tiam;
1360 5373 1453 5428 sed
1479 5384 1532 5427 et
1558 5373 1714 5424 timor
1735 5369 1894 5425 habet

301 5468 521 5525 pinnam
547 5494 562 5516 ,
585 5460 640 5504 et
686 5466 809 5525 spes
850 5452 962 5519 ipsa
1010 5464 1129 5517 qure
1158 5442 1889 5525 diii‘erinral'lligitaniuiam.

304 5512 588 5579 i’iissimus
616 5512 758 5576 enim
791 5512 939 5588 pater
967 5512 1294 5573 et'terribilis
1318 5515 1504 5584 judex,
1534 5515 1620 5582 qui
1656 5528 1775 5565 tera
1801 5512 1887 5588 ilia

300 5605 361 5650 et
390 5604 645 5664 perpetua
670 5581 856 5660 gaudia
881 5590 1031 5664 liliis,
1059 5588 1276 5644 dolores
1294 5581 1443 5664 atque.
1474 5581 1757 5664 perpetuos
1784 5581 1890 5664 reis

304 5667 357 5719 in
392 5652 504 5719 line
538 5652 777 5733 paravit,
811 5662 1073 5733 nonnulla
1110 5652 1504 5733 tatneii_etiam_
1538 5656 1591 5733 in
1631 5652 1888 5733 praesenti

304 5723 681 5805 etperim'euta
703 5723 895 5805 capere
936 5728 1306 5805 voluitgaudii
1348 5727 1429 5805 vel
1473 5725 1675 5805 doloris
1701 5764 1715 5787 ,
1750 5723 1889 5776 unde

304 5796 393 5861 illa
422 5822 531 5861 non
564 5804 724 5858 modo
753 5796 954 5857 certius
979 5796 1161 5863 credi,
1194 5799 1285 5853 sed
1314 5796 1652 5851 allectuosius
1680 5807 1889 5862 quoque

303 5877 477 5947 eptari
510 5875 721 5929 valeant
744 5883 797 5926 ct
824 5872 996 5926 timeri
1010 5916 1022 5947 ._
1047 5871 1308 5925 Cteterttm
1333 5865 1737 5947 ueenprrcsentia
1762 5878 1888 5945 gau-

306 5935 391 6003 dia
413 5950 466 6004 in
492 5948 704 6001 illorum
730 5943 1131 6010 comparatione
1159 5950 1280 5995 sunt
1302 5940 1489 6010 gaudia
1510 5979 1525 6005 ,
1554 5954 1648 5991 nec
1676 5935 1882 5989 tristitia

1433 460 1633 515 LIBER
1678 461 1762 514 DE
1806 462 2071 518 SI‘IRITL'
2119 466 2201 518 ΕΤ
2243 466 2476 522 ANltlA.

3497 470 3597 525 8H

2025 594 2260 648 prmSeus
2287 581 2335 633 in
2368 581 2504 633 illius
2531 582 2926 650 comparatione
2953 592 3031 636 est
3061 585 3291 641 tristitia.
3324 586 3431 642 Nec
3455 588 3606 646 desi-

2022 652 2127 719 piet
2166 652 2209 704 si
2232 652 2373 724 Aquis;
2401 652 2610 724 interim
2638 668 2849 724 omnem
2896 669 3111 719 operam
3158 656 3287 711 dare
3316 658 3562 715 maluerit
3587 704 3604 724 ,

2018 722 2468 798 quemadmodmn
2496 723 2580 798 illa
2605 723 2778 791 potius
2801 725 2971 798 valeat
2992 740 3368 798 concupiscere
3388 722 3602 798 gaudia,

2021 792 2139 862 illos
2172 792 2455 846 formidare
2487 792 2733 857 dolores,
2761 810 2918 862 quam
2955 796 3108 862 hujus
3140 792 3257 850 vita:
3286 792 3449 852 vitare
3489 792 3605 855 mo;

2019 860 2200 916 lestias
2224 904 2241 928 ,
2268 873 2484 927 captare
2531 860 2789 916 thitiaml
2818 860 3195 921 Veiumtamen
3241 868 3477 923 invenire
3522 881 3605 926 est

2017 934 2177 1005 etiam
2222 936 2272 987 in
2301 934 2553 1005 prtcsenti
2582 932 2724 1005 unde
2754 935 2950 988 utiliter
2974 936 3200 1001 gaudeat
3224 940 3342 1005 quis
3364 981 3378 1002 ,
3410 940 3493 995 vel
3516 956 3602 994 sa-

2019 1002 2242 1080 lubriter
2264 1002 2629 1080 contristetur.
2654 1003 2707 1058 Si
2730 1005 2939 1080 iactetur
2966 1006 3033 1060 de
3060 1002 3331 1080 beneﬁciis
3355 1011 3464 1065 suis
3488 1026 3604 1080 gra-

2017 1073 2117 1126 tias
2153 1076 2259 1149 Deo
2281 1089 2463 1144 agens,
2481 1084 2549 1149 _et
2572 1073 2853 1149 devotione
2883 1076 2998 1149 ejus
3021 1078 3359 1149 etStiltet_._et
3388 1073 3598 1149 propria

2014 1158 2115 1215 seu
2143 1146 2302 1198 etiam
2345 1147 2704 1215 proximorum
2734 1145 2923 1199 delicta
2960 1145 3219 1215 deploret.
3250 1145 3399 1204 Unde
3437 1145 3600 1205 etiam

2014 1213 2190 1268 divina
2215 1213 2562 1285 dispositione
2588 1215 2759 1269 media
2792 1216 2928 1269 inter
2953 1213 3168 1271 eosdem
3221 1220 3441 1274 allectus
3469 1237 3600 1275 con-

2012 1285 2193 1357 stituta
2225 1296 2304 1341 est
2335 1286 2535 1357 ratioin
2567 1286 2727 1340 corde
2754 1285 3007 1349 hominis,
3033 1302 3127 1355 per
3159 1304 3314 1357 quam
3347 1292 3596 1345 nimirum

2012 1354 2315 1436 discernere.
2331 1367 2385 1412 et
2404 1356 2692 1436 udicare
2710 1358 2875 1436 possit
2896 1354 3273 1436 undegaudeat
3289 1375 3382 1414 seu
3399 1361 3596 1427 doleat,

2011 1427 2121 1502 imo
2155 1428 2313 1481 etiam
2344 1428 2468 1502 quid
2512 1427 2688 1502 cupiat
2714 1428 2792 1502 vel
2825 1430 2948 1497 quid
2983 1430 3183 1502 timeat.
3207 1431 3345 1502 Sane
3372 1432 3461 1502 qui
3495 1434 3593 1486 tri-

2013 1497 2341 1576 plicemesse
2367 1498 2470 1551 vim
2500 1498 3033 1576 attiltlzt!_dt)_ct_t_crunl.,
3064 1500 3377 1555 rationalem
3392 1497 3553 1556 'illam
3578 1544 3593 1567 ,

2010 1568 2331 1621 iraseibilem
2384 1579 2439 1622 et
2485 1568 2954 1638 concupisciliilem
3000 1580 3346 1637 asserentes,
3373 1571 3594 1627 allectus

2008 1638 2221 1710 quidem
2248 1639 2487 1693 diversos
2504 1680 2519 1702 ,
2546 1640 2639 1693 sed
2661 1639 2885 1710 quadam
2908 1640 3007 1693 sibi
3028 1642 3591 1710 cognationejunctos,

2008 1709 2115 1781 sub
2134 1709 2384 1781 irascibili
2408 1718 2607 1781 metum
2653 1718 2707 1764 et
2745 1709 3036 1774 tristitiam,
3066 1709 3166 1766 sub
3195 1709 3593 1781 concu’piscibili

2008 1778 2329 1841 desiderium
2358 1789 2411 1834 et
2440 1780 2675 1834 lmtitiam
2704 1781 3175 1849 comprehendisse
3208 1778 3478 1838 videntur.

2077 1850 2303 1906 CAPUT
2348 1850 2553 1905 XLVII.
2606 1850 2775 1903 Homo
2842 1853 2973 1905 inter
3028 1853 3273 1907 mundum
3311 1863 3360 1907 et
3405 1853 3587 1909 Deum.

2007 1918 2309 2001 (ailnterim
2331 1936 2459 1991 ergo
2484 1922 2622 1975 inter
2640 1920 2862 1976 allectus
2882 1920 3057 2001 varios
3080 1923 3308 2001 humana
3328 1923 3591 2001 ﬂuctuans

2004 1992 2179 2045 anima
2202 2032 2217 2058 ,
2249 2007 2470 2047 necesse
2497 2003 2578 2046 est
2611 2001 2666 2045 ut
2693 2001 2891 2046 certam
2920 1992 3133 2047 demum
3163 1994 3245 2048 vel
3275 1995 3326 2048 in
3357 1995 3476 2050 imis
3502 1998 3588 2051 vel

2005 2059 2058 2114 in
2086 2062 2308 2136 summis
2342 2062 2608 2136 accipiens
2637 2063 2922 2136 stationem
2948 2105 2963 2129 ,
2992 2063 3041 2116 in
3078 2064 3197 2119 solo
3221 2064 3475 2136 deinceps
3505 2067 3591 2123 vel

2004 2132 2197 2200 gaudio
2217 2134 2301 2187 vel
2323 2133 2509 2187 dolore
2538 2134 2805 2203 persistal.
2839 2134 2977 2187 Deus
2998 2143 3079 2188 est
3103 2136 3154 2189 in
3175 2132 3591 2200 summofniun-

2003 2203 2102 2256 dus
2126 2204 2174 2255 in
2206 2206 2331 2257 imo.
2363 2204 2499 2258 Deus
2522 2204 2573 2257 in
2603 2203 2791 2258 eodem
2814 2211 2951 2257 statu
2973 2206 3284 2259 aeternitatis
3305 2220 3415 2261 sure
3441 2222 3588 2262 sem-

2004 2287 2098 2341 per
2137 2274 2398 2328 consistit.
2434 2273 2659 2329 Mundus
2689 2288 2847 2328 cursu
2890 2274 3256 2331 mutabilitatis
3284 2292 3396 2331 sua:
3440 2294 3588 2334 sem-

2002 2358 2098 2415 per
2135 2344 2396 2399 instabilis
2420 2343 2554 2398 ﬂuit.
2583 2344 2859 2415 lluuianus
2886 2345 3096 2400 animus
3138 2347 3289 2415 quasi
3330 2348 3380 2400 iu
3410 2349 3588 2404 medio

2001 2414 2291 2473 collocatus
2310 2416 2539 2485 quadam
2557 2414 2875 2470 conditionis
2897 2430 3007 2469 sua:
3027 2414 3363 2481 excellentia,
3383 2427 3436 2472 et
3463 2419 3585 2473 huic

2002 2486 2335 2539 mutabilitati
2361 2500 2479 2609 qua:
2499 2485 2750 2541 deorsum
2770 2494 2853 2538 est
2870 2487 3248 2553 supereminet,
3272 2498 3327 2544 et
3346 2487 3413 2541 ad
3440 2489 3586 2544 illam

2002 2571 2118 2609 uuae
2148 2565 2231 2609 est
2258 2571 2358 2609 anu
2429 2556 2615 2609 Deum.
2638 2570 2819 2609 veram
2851 2556 3331 2609 inmutabilitatem
3360 2561 3586 2609 necdum

2000 2571 2118 2623 qua:
2148 2565 2231 2609 est
2258 2556 2398 2624 apud
2429 2556 2615 2619 Deum,
2638 2570 2819 2609 veram
2851 2556 3331 2612 inmutabilitatem
3360 2561 3587 2615 necdum

2002 2627 2270 2695 pertingit.
2301 2625 2355 2682 Si
2380 2642 2508 2681 vero
2550 2627 2604 2680 iu
2646 2626 2711 2680 iis
2737 2641 2857 2695 qua:
2896 2626 3145 2681 deorsum
3185 2636 3587 2695 trauseunt,se

1998 2712 2095 2766 per
2133 2697 2475 2766 cupiditatem
2504 2697 2857 2761 immerserit,
2886 2698 3065 2750 statim
3094 2713 3188 2766 per
3212 2698 3445 2753 infinitas
3469 2701 3583 2757 dis-

2002 2767 2287 2821 tractiones
2303 2768 2653 2835 rapietur,eta
2666 2769 2952 2837 semetipso
2964 2767 3195 2835 quodam
3208 2768 3365 2823 modo
3384 2770 3587 2826 divisus

1998 2837 2358 2913 dissipabitur.
2391 2838 2443 2893 Si
2475 2852 2603 2893 vero
2639 2839 2707 2913 ab
2741 2837 2839 2913 hac
2871 2838 3071 2913 iuliniia
3098 2839 3443 2913 dis_tractioue
3466 2858 3586 2913 qua:

1998 2908 2362 2972 deorsuntest,
2385 2924 2443 2963 se
2464 2909 2716 2968 erexerit.
2736 2918 2791 2961 et
2812 2910 2926 2964 lucc
2950 2908 3125 2963 inlima
3145 2908 3403 2965 deserens
3422 2908 3583 2980 atilue

1999 2981 2250 3047 paulatim
2276 2982 2325 3033 in
2351 2995 2512 3034 unum
2533 2995 2591 3033 se
2619 2980 2877 3049 eolligens
2901 3020 2915 3045 ,
2938 2995 3119 3034 secum
3148 2994 3269 3035 esse
3295 2980 3541 3037 didicerit
3564 3024 3580 3047 ,

2000 3060 2147 3104 tanto
2194 3053 2422 3124 amplius
2476 3050 2741 3124 ᾖιιΑιιιιιιιῐι
2788 3051 3109 3124 colligetur,
3152 3061 3352 3124 quanto
3415 3055 3585 3124 magis

1996 3123 2317 3189 cogitatione
2360 3130 2415 3176 et
2456 3121 2723 3175 desiderio
2768 3135 2978 3175 sursum
3026 3121 3318 3176 elevabitur
3359 3139 3371 3174 :
3412 3121 3584 3179 donec

2000 3192 2211 3247 tandem
2242 3192 2462 3246 omnino
2492 3190 2839 3246 immutabilis
2860 3193 2929 3245 sit
2952 3233 2967 3257 ,
2992 3202 3045 3246 et
3066 3192 3133 3246 ad
3159 3193 3300 3245 illam
3324 3208 3505 3248 veram
3531 3206 3585 3249 et

1999 3264 2229 3327 unicam,
2258 3278 2376 3332 qua:
2402 3271 2485 3318 est
2504 3262 2643 3331 apud
2676 3263 2864 3324 Deum,
2893 3262 3374 3317 immutabilitatem
3398 3280 3586 3333 perve-

1998 3335 2233 3399 niat,ubi
2264 3344 2519 3403 perpetuo
2556 3334 2673 3388 sine
2692 3333 2839 3388 omni
2873 3333 3239 3389 mutabilitatis
3262 3333 3585 3392 vicissitudi-

1996 3419 2064 3459 ne
2085 3405 2402 3471 requiescat.

2067 3475 2294 3531 CAPUT
2326 3474 2553 3529 XLVIII.
2589 3473 2887 3528 Animarum
2933 3474 3093 3544 origo.
3141 3474 3436 3533 Arbitrium.
3473 3475 3588 3531 Ele-

1997 3548 2119 3600 ctio.
2144 3546 2218 3614 (ιιι
2242 3545 2523 3601 Credimus
2547 3547 2752 3598 animas
2784 3561 2887 3598 non
2910 3560 3030 3599 esse
3055 3545 3123 3599 ab
3150 3547 3297 3599 initio
3322 3562 3442 3600 eum
3469 3550 3587 3601 An-

1996 3619 2150 3686 gelis,
2180 3632 2277 3669 nec
2298 3617 2453 3669 simul
2480 3626 2707 3679 creatas,
2732 3616 2868 3669 sicut
2894 3614 3152 3685 Origenes
3175 3616 3341 3686 lingit.
3364 3617 3471 3671 Nec
3492 3632 3589 3687 per

1997 3689 2195 3743 coitum
2217 3702 2337 3741 cum
2358 3687 2670 3755 corporibus
2693 3688 3044 3750 seminantur,
3068 3687 3207 3740 sicut
3228 3686 3543 3742 Luciferiani
3566 3686 3603 3718 ιλ

1998 3769 2049 3813 et
2076 3757 2303 3829 Cyrillus
2327 3796 2353 3829 ,ν
2372 3766 2427 3810 et
2455 3758 2615 3825 aliqui
2645 3756 2952 3829 Latinorum
2986 3768 3402 3824 przesumptores
3437 3761 3583 3812 ai'lir-

1999 3827 2166 3883 luant.
2200 3828 2306 3883 Sed
2328 3828 2555 3882 dicimus
2583 3842 2765 3879 earum
2786 3827 3111 3880 creationem
3141 3829 3312 3879 solum
3343 3829 3583 3883 oumimn

1998 3902 2307 3953 Creatorem
2340 3913 2499 3951 nosse
2523 3916 2535 3949 :
2559 3912 2753 3965 corpus
2785 3906 2987 3949 tantum
3020 3910 3115 3963 per
3141 3897 3370 3966 conjugii
3415 3912 3586 3965 copu~

2003 3971 2102 4023 Iam
2134 3970 2405 4029 seminari;
2438 3968 2529 4021 Dei
2564 3982 2696 4021 vero
2720 3966 2923 4034 judicio
2947 3967 3215 4034 coagulari
3249 3970 3299 4019 in
3329 3970 3504 4029 vulva.
3530 3978 3585 4022 et

1999 4039 2267 4108 compingi
2308 4049 2468 4107 atque
2520 4039 2731 4108 formari
2764 4056 2778 4099 ;
2807 4052 2869 4090 ac
2912 4037 3138 4108 formato
3169 4038 3278 4104 jam
3316 4052 3543 4106 corpore
3568 4080 3583 4100 .

2000 4107 2230 4165 animant
2256 4111 2427 4164 creari
2451 4117 2505 4163 et
2536 4107 2736 4162 infundi
2768 4126 2783 4163 :
2809 4117 2863 4162 ut
2890 4108 3030 4160 vivat
3066 4107 3118 4160 in
3151 4119 3302 4162 utero
3334 4108 3494 4162 homo
3517 4123 3583 4165 ex

2000 4182 2173 4236 anima
2192 4189 2443 4235 constans
2460 4188 2514 4234 et
2528 4196 2771 4248 corpore,
2791 4188 2843 4232 et
2860 4177 3161 4247 egrediatur
3176 4179 3325 4233 vivus
3346 4194 3409 4232 ex
3435 4188 3587 4233 utero

2004 4254 2190 4321 plenus
2216 4251 2447 4321 humana
2472 4250 2789 4305 substantia.
2812 4248 3075 4321 Necduas
3099 4249 3306 4321 animas
3324 4263 3443 4304 esse
3463 4264 3586 4304 ere-

2000 4318 2178 4378 dimus
2200 4323 2249 4376 in
2275 4336 2379 4376 uno
2408 4320 2644 4386 homine,
2669 4321 2807 4375 sicut
2832 4319 2979 4374 multi
3009 4318 3266 4384 scribunt,
3290 4335 3445 4374 unam
3472 4322 3587 4373 aui-

2002 4394 2214 4452 malem.
2243 4408 2347 4461 qua
2369 4393 2630 4446 animetur
2657 4406 2872 4459 corpus,
2894 4400 2946 4443 et
2965 4406 3084 4460 qute
3108 4391 3343 4445 immixta
3369 4392 3438 4444 sit
3466 4406 3589 4445 san-

2000 4465 2165 4534 guini;
2189 4473 2244 4519 et
2265 4464 2487 4517 alteram
2510 4462 2858 4534 spirituaiem,
2881 4475 2999 4531 quw
3022 4461 3279 4534 rationem
3296 4462 3585 4534 ministret.

2002 4532 2107 4591 Sed
2137 4534 2367 4590 dicimus
2400 4549 2561 4587 unam
2593 4532 2945 4601 eamdemque
2974 4546 3094 4587 esse
3125 4533 3357 4586 animam
3404 4535 3454 4587 in
3487 4533 3585 4587 lio-

2002 4609 2173 4673 mine,
2199 4621 2316 4675 qua:
2344 4612 2400 4659 et
2422 4619 2625 4675 corpus
2639 4618 2732 4657 sua
2755 4604 3008 4675 societate
3038 4602 3361 4675 viviticet,_et
3383 4614 3584 4659 semet-

2004 4672 2171 4748 ipsaui
2218 4672 2317 4730 sua
2345 4672 2549 4748 ratione
2578 4674 2846 4748 disponat,
2875 4672 3080 4748 habens
3108 4673 3159 4725 in
3198 4688 3258 4748 se
3287 4673 3583 4748 libertatem

2000 4743 2205 4803 arbitrii
2230 4789 2245 4811 ,
2268 4756 2329 4800 ut
2349 4747 2402 4799 iu
2432 4761 2541 4799 sum
2566 4745 2878 4800 substantia:
2909 4743 3071 4813 eligat
3094 4744 3416 4813 cogitatione
3440 4743 3585 4814 quod

2002 4821 2130 4873 vult.
2160 4818 2415 4872 Libertati
2435 4816 2696 4884 siquidem
2716 4815 2920 4869 arbitrii
2940 4815 3021 4868 sui
3050 4813 3369 4869 commissus
3390 4813 3473 4867 est
3488 4813 3588 4868 bo-

2002 4907 2110 4945 mo.
2144 4890 2429 4953 Postquam
2460 4902 2587 4942 vero
2627 4884 2940 4941 seductione
2982 4886 3250 4950 serpentis
3293 4900 3388 4953 per
3416 4885 3583 4939 Evam

2002 4961 2198 5016 cecidit
2225 4962 2242 5029 (
2275 4953 2403 5013 Gen.
2427 4974 2512 5021 ιιι,
2537 4958 2571 5012 6
2597 4956 2637 5027 ),
2672 4965 2876 5029 naturae
2904 4955 3102 5009 bonum
3148 4953 3408 5029 perdidit,
3441 4956 3585 5023 pari-

2004 5042 2083 5086 ter
2117 5040 2174 5085 et
2200 5024 2431 5099 vigorem
2480 5024 2682 5082 arbitrii
2710 5043 2725 5091 ;
2756 5043 2861 5080 non
2902 5035 3078 5099 tamen
3132 5024 3451 5099 electionem
3473 5065 3489 5089 ,
3520 5039 3588 5079 ne

2003 5118 2110 5156 non
2153 5096 2297 5155 esset
2332 5116 2485 5153 suum
2511 5141 2525 5162 ,
2554 5100 2696 5169 quod
2735 5096 3047 5169 emendaret
3086 5104 3382 5169 peccatum.
3406 5096 3586 5169 Manet

2002 5175 2180 5242 itaque
2209 5171 2273 5224 ad
2299 5165 2644 5242 quaerendam
2662 5169 2887 5242 salutem
2911 5165 3118 5242 arbitrii
3141 5165 3378 5242 libertas,
3404 5166 3457 5242 id
3479 5178 3583 5242 esi,

2002 5236 2222 5299 rationis
2248 5236 2522 5306 voluntas;
2553 5240 2648 5295 sed
2668 5240 2993 5295 admonente
3019 5237 3165 5305 prius
3195 5236 3302 5290 Deo
3326 5246 3383 5290 et
3419 5236 3587 5305 inspi-

2002 5325 2155 5370 rante
2181 5313 2247 5367 ad
2274 5313 2521 5365 salutem.
2551 5310 2617 5366 Ut
2652 5325 2782 5379 ergo
2809 5310 3211 5379 acquieseamus
3248 5306 3472 5363 salutari
3507 5308 3585 5379 inf

2001 5384 2299 5454 spiratioui,
2328 5391 2525 5454 nostra:
2552 5377 2953 5454 potestatiseSt;
2983 5388 3039 5433 ut
3058 5377 3416 5454 adipiscamur
3440 5378 3582 5448 quod

2000 5446 2219 5524 adipisci
2263 5446 2853 5524 desideramus,diviui
2897 5458 2982 5505 est
3032 5446 3586 5524 munerisd'aUtgnou

2002 5517 2242 5581 labantur
2264 5525 2460 5593 adepto
2484 5523 2671 5577 salutis
2702 5536 2948 5593 munere,
2983 5527 3180 5593 nostra:
3206 5517 3582 5575 sollicitudinis

2000 5610 2083 5653 est
2110 5608 2164 5652 et
2184 5591 2420 5653 cmlestis
2450 5595 2647 5664 pariter
2668 5592 2940 5662 adjutorii;
2974 5599 3030 5645 ut
3059 5591 3319 5656 labamur,
3353 5599 3582 5660 potesta-

2060 5715 2079 5744 ι
2113 5716 2233 5761 Tres
2252 5706 2461 5759 νευωηί
2484 5712 2612 5766 Mss,
2636 5700 2966 5768 Lucifermlii,
2996 5698 3339 5768 mrith

2061 5776 2082 5804 ⁸
2140 5780 2219 5822 Ms.
2247 5769 2571 5821 Medardensis
2599 5761 2811 5823 addit,'et
2836 5761 3013 5828 parum
3030 5761 3368 5815 sollicitudinis
3389 5766 3585 5813 nostrae.

2059 5835 2132 5895 (α)
2157 5841 2309 5895 nugo,
2338 5831 2420 5881 lib.
2443 5829 2491 5884 Ξ,
2515 5831 2581 5895 de
2603 5829 2817 5877 vanitate
2838 5828 3017 5895 mundi.

2060 5884 2129 5957 (lii
2168 5884 2402 5953 Ge‘un'ad”
2447 5896 2531 5941 tu).
2554 5894 2619 5940 de
2642 5898 2854 5951 tiogmat.
2880 5888 3150 5940 Eoelesiast.
3175 5898 3281 5949 cap.
3308 5885 3385 5947 l4,
3410 5886 3484 5945 l5.
3514 5884 3590 5937 l6.

2002 5964 2076 6011 Π.
2124 5966 2188 6011 I3.
