4106 6504
554 392 661 451 813

564 524 631 583 tis
659 532 856 581 nostra:
884 531 966 578 est
1007 527 1060 576 et
1093 517 1337 591 ignaviae.
1364 515 1549 572 Solum
1581 513 1851 570 hominem
1879 512 2147 591 credimus

565 600 760 652 habere
774 594 1005 649 animam
1024 585 1552 658 sulfstautivam,qum
1573 597 1729 658 exuta
1751 585 2146 658 corporevivit,

564 678 619 723 et
646 680 837 720 sensus
879 678 1005 717 suos
1046 675 1205 730 atque
1251 655 1742 731 inigenia'viv'aciter
1771 665 1937 711 tenet.
1968 655 2153 726 Neque

563 753 685 792 cum
710 751 935 803 corpore
963 727 1207 794 moritur,
1231 740 1289 786 ut
1312 727 1508 803 gratus
1535 727 1786 803 '_as_serit;
1814 741 1987 803 neque
2008 734 2156 795 post-

566 808 782 862 modum
811 798 1088 861 interitura
1108 845 1124 871 ,
1153 803 1291 860 sicut
1316 802 1499 857 Zenon
1545 799 1672 854 dicit
1700 815 1713 851 :
1738 800 1861 869 quia
1907 798 2154 871 substan-

568 878 764 933 tialiter
801 878 951 930 vivit.
995 869 1317 930 Animalinm
1346 888 1472 927 vero
1500 873 1694 925 anima:
1737 884 1840 923 non
1869 878 1994 923 sunt
2028 869 2153 923 sub-

567 950 830 1009 stantivze,
853 948 949 1003 sed
969 962 1091 1001 cum
1117 960 1278 1000 carne
1305 944 1418 1019 ipsa
1442 942 1616 996 carnis
1637 941 1916 1019 vivacitate
1938 954 2153 1019 nascun-

569 1031 676 1081 tur,
700 1028 893 1074 etcum
918 1020 1095 1072 carnis
1123 1025 1291 1069 morte
1310 1011 1593 1067 ﬁniuntur:
1611 1021 1666 1066 et
1688 1011 1807 1065 ideo
1830 1026 1927 1081 nec
1951 1011 2157 1081 ratione

569 1079 826 1160 reguntur
855 1090 994 1144 sicut
1022 1088 1168 1160 illato
1193 1094 1247 1140 et
1275 1082 1577 1160 Alexander
1602 1090 1805 1160 putant;
1836 1080 1935 1160 sed
1950 1079 2018 1134 ad
2042 1096 2158 1133 om-

571 1150 659 1213 nia
708 1168 914 1215 natura:
955 1159 1295 1212 incitamenta
1340 1150 1622 1209 ducuntur.
1680 1152 1869 1206 Anima
1920 1150 2155 1205 humanm

571 1246 679 1286 non
702 1245 823 1285 cum
854 1245 1015 1285 carne
1038 1228 1285 1287 moritur,
1316 1225 1437 1295 quia
1466 1239 1562 1295 nec
1588 1238 1709 1277 cum
1737 1236 1918 1295 carne,
1945 1221 2161 1275 utdixi-

578 1316 694 1357 Inus
723 1301 968 1370 superius
992 1340 1008 1363 ,
1041 1293 1375 1370 seminatur:
1405 1293 1498 1370 sed
1530 1295 1756 1370 formato
1794 1294 1845 1347 in
1870 1303 2022 1370 utero
2049 1308 2162 1346 ma-

575 1372 671 1427 tris
693 1362 939 1440 corpore,
960 1362 1051 1424 Dei
1070 1367 1271 1440 judicio
1290 1366 1457 1420 creari
1475 1362 1747 1440 etinl‘undi
1770 1378 1887 1440 eam
1909 1362 2158 1440 diximus,

580 1453 638 1496 ut
666 1434 806 1496 vivai
832 1441 995 1495 homo
1021 1434 1160 1493 intus
1187 1439 1238 1492 in
1264 1447 1495 1499 utero,et
1510 1435 1588 1488 sic
1613 1435 1864 1503 procedat
1887 1434 2161 1487 nativitate

579 1513 632 1566 in
676 1511 955 1567 mundum.
998 1511 1183 1563 Anima
1214 1526 1244 1563 a
1271 1507 1523 1561 Creatore
1562 1504 2120 1575 principiumihabens
2142 1544 2158 1569 ,

578 1598 644 1638 ex
671 1598 777 1652 quo
797 1591 916 1648 est,
947 1580 1179 1652 perlecta
1218 1589 1304 1652 est
1336 1578 1386 1652 in
1417 1574 1615 1652 genere
1640 1590 1738 1652 suo
1763 1593 1775 1630 :
1802 1574 1940 1629 unde
1964 1589 2027 1628 ex
2057 1589 2164 1652 quo

576 1645 701 1715 est,
730 1645 1089 1708 sciret'oinnia
1116 1665 1233 1719 quae
1258 1649 1325 1701 ab
1360 1645 1575 1719 homine
1603 1646 1726 1701 sciri
1772 1654 1993 1719 possunt
2014 1684 2030 1707 ,
2061 1645 2161 1699 nisi

579 1723 811 1793 gravitas
858 1722 1034 1775 carnis
1059 1715 1235 1793 esset.
1261 1718 1415 1793 Quod
1462 1733 1570 1793 per
1592 1719 1818 1786 primum
1849 1715 2121 1793 hominem
2148 1756 2163 1779 ,

621 1796 671 1847 ui
697 1802 820 1848 ante
838 1792 1231 1860 corruptionem
1258 1788 1602 1860 immanitatis
1624 1830 1639 1853 ,
1663 1803 1727 1860 ex
1756 1803 1860 1860 quo
1889 1787 2004 1849 fuit,
2036 1802 2160 1860 per:

621 1810 671 1847 ttt
697 1809 820 1848 ante
838 1809 1231 1860 corruptionem
1261 1809 1602 1843 ltumattltatts
1624 1830 1639 1853 ,
1663 1809 1727 1842 ex
1756 1809 1860 1854 quu
1889 1809 2004 1849 qu,
2036 1809 2160 1855 per—

581 1809 721 1917 gecte
746 1862 929 1916 habuit
950 1863 1224 1917 scientiam
1255 1859 1563 1916 humanam.
1600 1859 1808 1923 probari
1844 1867 2034 1925 potest.
2060 1856 2165 1911 Sed

589 1934 749 1989 modo
771 1940 1021 2001 corrupta
1065 1935 1389 2001 humanitate
1411 1968 1427 1994 ,
1453 1943 1519 1983 ex
1547 1941 1653 2001 quo
1679 1936 2017 1995 coniungitur
2042 1938 2162 1978 cor-

590 2004 821 2074 ruptioni
845 2044 861 2071 ,
888 1999 1265 2074 corrumpitur.
1296 2000 1404 2055 Nec
1438 1999 1789 2074 proprietates
1830 2011 1959 2074 suas
1993 2001 2167 2074 potest

591 2065 866 2140 exercere,
889 2072 1061 2128 donec
1080 2065 1177 2127 usu
1198 2081 1251 2126 et
1271 2065 1591 2139 experientia
1614 2076 1666 2140 et
1689 2065 1910 2136 alicujus
1928 2066 2166 2140 doctrina

594 2144 807 2200 incitata
839 2136 1020 2212 incipit
1046 2136 1378 2203 discernere;
1412 2140 1569 2212 veluti
1599 2139 1643 2212 si
1681 2140 1799 2212 quis
1824 2151 1945 2191 cum
1988 2136 2167 2212 subtili

593 2217 717 2270 licet
756 2216 869 2268 acie
907 2205 1178 2268 oculorum
1224 2213 1275 2265 in
1305 2210 1579 2263 tenebrosa
1610 2205 1921 2263 detrudatur
1941 2244 1958 2270 ,
1989 2205 2169 2259 videre

586 2290 764 2335 tamen
788 2295 894 2335 non
923 2288 1099 2350 potest
1124 2280 1196 2335 ibi
1220 2322 1236 2347 ,
1264 2279 1364 2350 nisi
1387 2278 1540 2350 prius
1578 2285 1852 2350 assuescat
1887 2278 2122 2333 tenebris
2150 2320 2165 2345 ,

585 2351 671 2407 vel
700 2352 879 2407 lumen
908 2348 1247 2407 accendatur.
1281 2348 1432 2405 Unde
1464 2348 1745 2415 Virgilius:

833 2429 1066 2483 Quantum
1091 2433 1187 2483 non
1215 2419 1588 2483 noxiaeorpora
1619 2417 1824 2483 tardant.

1102 2479 1310 2543 (.Eneid.
1336 2480 1420 2529 lib.
1444 2480 1493 2538 6,
1517 2491 1640 2529 vers.
1664 2480 1799 2540 73!.)

586 2544 652 2600 Et
680 2544 804 2600 licet
841 2545 959 2599 alia:
993 2540 1120 2598 sint'
1145 2544 1381 2598 actiones
1423 2543 1666 2610 corporis
1689 2582 1703 2604 ,
1729 2552 1782 2596 et
1819 2540 1938 2595 alite
1978 2541 2171 2594 animre

584 2617 858 2679 actiones;
890 2626 1063 2669 tamen
1107 2614 1348 2683 corporis
1378 2613 1504 2666 vitia
1555 2612 1638 2665 vel
1679 2614 1901 2665 virtutes
1934 2620 2171 2683 possunt

584 2701 706 2742 esse
749 2687 960 2740 animae.
997 2685 1128 2739 Cum
1159 2682 1300 2739 enim
1331 2683 1397 2737 ad
1440 2682 1540 2735 hoc
1576 2682 1645 2735 sit
1689 2683 1863 2735 anima
1910 2682 2030 2737 data
2057 2722 2073 2747 ,
2117 2691 2175 2736 ut

584 2757 799 2834 illicitos
827 2757 1003 2834 carnis
1033 2766 1210 2834 motus
1233 2755 1467 2834 corrigat
1485 2794 1507 2834 Α,
1533 2753 1827 2834 ignorantia
1848 2753 2015 2834 'illius
2040 2767 2173 2834 ςοητ

585 2828 794 2897 tingunt
836 2826 917 2881 vel
961 2827 1302 2897 negligentia.
1338 2822 1501 2897 Sicut
1527 2825 1577 2897 _si
1609 2822 2020 2897 vel_discipnlus
2050 2824 2070 2855 '
2092 2824 2174 2897 vel

582 2893 771 2952 servus
799 2893 1127 2967 negligentia
1148 2895 1383 2967 doctoris
1402 2894 1486 2947 vel
1508 2893 1714 2948 domini
1770 2904 1974 2967 peccat,
2004 2895 2174 2967 magi-

585 2978 701 3022 ster
725 2968 807 3022 vel
834 2964 1084 3022 dominus
1108 2976 1257 3020 extra
1278 2965 1488 3033 culpam
1516 2978 1622 3017 non
1645 2971 1748 3028 est;
1770 2965 1845 3018 sic
1871 2964 2046 3018 anima
2072 2965 2176 3019 illis

582 3039 1017 3108 contingentibus
1042 3043 1191 3091 extra
1216 3036 1427 3108 culpam
1450 3049 1556 3089 non
1576 3042 1679 3100 est,
1706 3049 1827 3089 cum
1856 3035 1956 3089 ista
1983 3035 2177 3090 debeat

586 3106 873 3168 imperare.
902 3116 955 3161 et
980 3108 1067 3161 illa
1096 3106 1338 3161 obedire.

703 3177 880 3235 APUT
909 3176 1089 3232 XLIX.
1137 3176 1331 3232 Sensus
1371 3185 1419 3229 et
1461 3176 1512 3229 in
1540 3175 1766 3228 interiori
1807 3175 2026 3229 homine.
2066 3175 2177 3231 Me-

585 3249 818 3303 ditationi
837 3249 1139 3301 incumbere.
1166 3247 1240 3318 (a)
1266 3247 1479 3301 Duabus
1501 3245 1807 3300 substantiis
1831 3256 2029 3318 tantum
2050 3262 2177 3301 con-

586 3329 693 3374 SIat
717 3319 900 3386 homo,
921 3319 1096 3372 anima
1118 3317 1353 3373 et'carne
1378 3335 1391 3371 :
1413 3318 1586 3371 anima
1607 3331 1728 3371 cum
1758 3317 1962 3372 ratione
1981 3332 2096 3383 sua,
2122 3328 2177 3374 et

586 3405 751 3445 carne
779 3404 901 3443 cum
937 3389 1180 3444 sensibus
1207 3390 1335 3442 suis.
1367 3387 1512 3456 Quos
1544 3396 1721 3441 tamen
1748 3401 1937 3441 sensus
1974 3390 2177 3458 absque

586 3460 780 3515 anima:
809 3460 1063 3514 societate
1093 3474 1196 3512 non
1230 3469 1407 3513 movet
1432 3473 1557 3511 caro
1576 3498 1590 3520 ,
1619 3458 1794 3511 anima
1826 3473 1953 3512 vero
1977 3468 2032 3513 et
2060 3464 2177 3515 sine

586 3545 751 3586 carne
791 3531 1047 3585 rationale
1075 3545 1228 3584 suum
1271 3537 1435 3584 tenet.
1467 3528 1767 3582 Notandum
1814 3536 1993 3582 tamen
2034 3530 2176 3596 quod

589 3601 748 3656 iidem
778 3600 874 3669 ipsi
903 3615 1114 3667 sensus,
1141 3600 1229 3669 qui
1259 3601 1309 3653 in
1340 3598 1592 3654 exteriori
1618 3598 1833 3653 homine
1861 3598 2176 3654 describun-

588 3682 696 3739 tur,
725 3671 885 3725 simili
916 3671 1072 3725 modo
1099 3670 1389 3725 secundum
1422 3671 1636 3723 modutn
1664 3684 1817 3722 suum
1849 3670 1899 3721 in
1934 3670 2173 3725 interiori

584 3758 706 3798 esse
732 3741 1173 3807 manifestantur;
1202 3741 1322 3811 quia
1350 3740 1649 3809 spirituales
1676 3755 1763 3811 res
1793 3756 1897 3793 non
1923 3754 2178 3811 corpora-

588 3814 729 3868 libus
753 3813 1019 3873 sensihus,
1049 3814 1141 3867 sed
1172 3810 1536 3881 spiritualibus
1564 3810 1819 3881 rimanda:
1848 3820 1990 3864 sunt.
2022 3810 2176 3867 Unde

585 3885 762 3939 divina
793 3899 895 3938 vox
928 3884 979 3937 in
1008 3880 1421 3938 Deuteroiiomio
1456 3883 1565 3935 ait:
1608 3880 1778 3934 Videte
1813 3883 2059 3952 quoniam
2085 3899 2176 3952 ego

584 3972 699 4008 sum
734 3952 875 4007 Deus
897 3995 913 4021 ,
945 3964 992 4007 et
1030 3971 1130 4008 non
1162 3963 1238 4007 est
1271 3954 1405 4006 alius
1450 3961 1632 4021 praeter
1670 3968 1749 4004 nte
1776 3950 1951 4020 (Deut.
1982 3950 2133 4007 xxin
2160 3995 2173 4019 ,

588 4025 699 4107 59).
732 4024 809 4106 Et.
828 4024 881 4078 in
910 4024 1227 4146 Apocalyysi
1255 4042 1267 4077 :
1306 4023 1407 4090 Qui
1433 4023 1578 4105 Italici
1603 4039 1749 4076 aures
1772 4023 2012 4075 audiendi
2040 4064 2053 4081 ,
2084 4040 2177 4105 au-

588 4099 695 4146 diat
724 4096 845 4146 quid
875 4093 1100 4146 Sumtus
1164 4103 1263 4146 tcat
1296 4093 1532 4146 Ecclesm
1561 4094 1745 4146 (Apoc.
1777 4108 1811 4145 lt
1831 4134 1845 4146 .
1877 4092 1993 4146 29L
2030 4093 2093 4146 Et
2122 4110 2176 4146 In

576 4097 695 4147 diat
724 4094 845 4162 quid
875 4092 1100 4163 Spiritus
1114 4092 1263 4148 dicat
1296 4093 1532 4147 Ecclesiis
1561 4094 1745 4160 (Apoc.
1777 4108 1811 4145 lt
1831 4134 1845 4155 ,
1877 4092 1993 4161 29).
2030 4093 2093 4146 Et
2122 4093 2176 4148 in

592 4164 850 4221 Psalterio
874 4182 888 4217 :
920 4164 1149 4231 Gustate,
1180 4173 1228 4217 et
1253 4165 1413 4217 videte
1437 4164 1678 4232 quoniam
1704 4163 1873 4232 suauis
1899 4174 1969 4217 est
1999 4163 2179 4218 Domi-

574 4251 686 4307 mss
714 4233 887 4307 (Psal.
935 4249 1138 4307 xxxiii,
1170 4234 1267 4307 β).
1310 4234 1377 4307 Et
1414 4231 1738 4303 Apostolus:
1766 4231 1971 4307 Clu-isti
2016 4234 2177 4307 bonus

574 4304 733 4375 'edor‘
759 4320 953 4375 smnus,
980 4314 1027 4358 et
1069 4306 1121 4358 in
1163 4304 1226 4356 iis
1267 4305 1351 4372 qui
1392 4313 1634 4375 pereunt,
1684 4312 1732 4357 et
1758 4304 1811 4375 in
1838 4304 1899 4357 iis
1941 4306 2024 4374 qui
2052 4306 2178 4358 salvi

574 4372 721 4446 ﬁﬁtmt
749 4373 960 4446 (il_Cor.
992 4390 1063 4438 ιι,
1108 4376 1220 4446 iii).
1257 4375 1319 4428 Et
1360 4372 1410 4428 in
1445 4374 1729 4443 Evangelio
1762 4372 2015 4428 Dominus
2055 4391 2174 4428 mu-

591 4443 775 4500 lierem
804 4443 907 4515 ﬁd_e
935 4458 995 4499 se
1025 4445 1263 4515 tetigisse
1289 4445 1456 4514 magis
1484 4461 1643 4514 quant
1670 4458 1894 4512 corpore
1922 4447 2174 4511 ostendit,

588 4515 775 4569 dicens
807 4513 1037 4585 :Tetigit
1076 4513 1155 4569 me
1179 4513 1397 4585 aliquis;
1432 4513 1549 4567 nam
1576 4525 1625 4567 et
1663 4531 1754 4585 ego
1780 4516 1910 4568 sensi
1949 4516 2179 4569 virtutem

582 4586 654 4638 de
682 4602 761 4638 me
797 4586 957 4639 exisse
985 4583 1132 4653 (Luc.
1166 4583 1286 4650 VIII,
1315 4586 1428 4651 46).
1456 4587 1544 4639 Sic
1571 4583 1704 4654 ergo
1722 4601 1842 4638 cum
1871 4587 2014 4638 omni
2045 4600 2174 4640 cau-

584 4656 697 4711 tela
725 4656 1114 4710 observandum
1141 4664 1224 4709 est
1243 4656 1366 4726 quid
1393 4655 1459 4708 ad
1484 4656 1724 4724 corporis
1748 4669 1954 4726 sensus,
1979 4664 2033 4709 et
2051 4657 2177 4725 quid

590 4726 656 4781 ad
705 4726 898 4781 animm
944 4726 1207 4795 pertineat
1243 4724 1587 4795 dignitatem;
1633 4741 1699 4779 ne
1747 4724 1885 4779 torte
1927 4724 2179 4782 confusus

590 4797 725 4851 ordo
753 4805 807 4851 et
840 4797 1219 4851 irrationabilis
1247 4797 1529 4851 aestimatio
1554 4795 1749 4850 alicubi
1776 4811 2071 4865 repugnare
2096 4798 2191 4851 vi—t

568 4868 785 4923 «deatur
810 4868 1037 4922 veritati.
1068 4866 1182 4922 Non
1209 4877 1291 4922 est
1320 4867 1507 4921 tertius
1549 4867 1600 4920 in
1632 4866 1859 4919 hominis
1888 4866 2175 4922 substantia

590 4940 825 5007 spiritus,
861 4947 916 4993 ut
945 4938 1200 5007 Didymus
1231 4937 1537 5003 contendit;
1567 4936 1657 4991 sed
1694 4937 1915 5005 spiritus
1955 4938 2067 5002 ipsa
2096 4949 2178 4992 est

573 5010 765 5064 anima
792 5027 804 5063 :
833 5025 952 5080 qua:
976 5008 1059 5063 vel
1086 5024 1182 5079 pro
1206 5009 1466 5079 spirituali
1495 5016 1702 5071 natura,
1727 5008 1930 5080 velgpro
1948 5021 2013 5060 eo
2038 5008 2178 5077 quod

574 5080 757 5149 spiret
787 5078 1111 5150 incorpore,
1142 5078 1361 5148 Spiritus
1385 5080 1705 5150 appellatur.
1736 5078 1922 5150 Anima
1949 5090 2077 5129 vero
2105 5091 2169 5131 ex

581 5147 654 5207 eo
680 5159 935 5216 vocatur,
963 5147 1197 5221 quodad
1223 5147 1504 5206 vivendum
1534 5149 1617 5221 vel
1647 5147 2014 5221 vivilicandum
2059 5150 2176 5202 ani-

588 5230 699 5277 met
728 5236 955 5292 corpus.
982 5218 1237 5276 Tertium
1272 5237 1447 5287 vero,
1496 5219 1584 5288 qui
1632 5218 2002 5292 ab__A_p_ostolo
2053 5234 2176 5292 eum

587 5294 765 5347 anima
793 5289 851 5345 et
876 5306 1103 5360 corpore
1126 5292 1409 5355 inducitur,
1438 5292 1681 5357 spiritum
1707 5289 1752 5359 (ι
1771 5289 1950 5343 Thess.
1977 5304 2032 5356 v,
2059 5289 2174 5359 25).

587 5363 811 5430 gratiam
842 5363 1011 5416 sancti
1038 5360 1269 5431 Spiritus
1294 5363 1687 5431 intelligamus:
1711 5375 1868 5429 quam
1896 5369 2008 5412 orat
2037 5362 2177 5427 Apo-

592 5432 779 5503 stolus,
814 5440 871 5485 ut
884 5430 1098 5503 integra
1129 5442 1433 5499 perseveret
1459 5430 1713 5503 innubis,
1729 5438 2025 5503 Ane‘nostro
2050 5431 2179 5485 vitio

587 5509 683 5557 aut
708 5497 1356 5572 minmaturfautlugetur
1377 5517 1407 5556 a
1437 5501 1626 5567 nobis;
1650 5499 1774 5570 quia
1803 5497 2029 5568 Spiritus
2054 5517 2178 5554 san-

655 5592 672 5662 ξ
708 5597 821 5662 glas.
840 5589 958 5662 duo,
983 5591 1327 5662 {trabs/ilius,
1352 5590 1550 5662 Arabas.
1658 5650 1687 5662 η
1749 5650 1761 5662 ο

652 5654 673 5715 ξ
707 5659 779 5701 Er.
809 5654 957 5713 Iugd.
982 5659 1102 5715 ven.
1128 5660 1179 5715 et
1205 5648 1333 5703 Lov.':
1356 5660 1484 5703 Sicut
1507 5665 1618 5715 cum
1636 5648 1918 5715 discipulus.
1966 5657 2043 5715 _l_t.

654 5714 728 5775 (a)
763 5718 829 5783 lix
854 5712 1088 5783 ςξωψιειλ..
1131 5714 1197 5783 de
1234 5722 1451 5783 Dogmat.
1479 5712 1917 5783 Ecclesiast.'capp._
1958 5712 2047 5783 i9,
2082 5712 2174 5783 gl;

588 5774 750 5844 I_tngo,
770 5775 836 5844 de
858 5774 994 5844 Modo
1006 5774 1174 5844 orandi
1194 5810 1209 5832 ,
1234 5774 1339 5837 cap.
1370 5777 1389 5824 Ι
1439 5782 1549 5844 Haec
1565 5774 1766 5824 etiamin
1781 5774 1986 5844 miselmi
2012 5776 2172 5825 Medit.

587 5837 615 5943 ξ
626 5835 770 5951 ‘qua
868 5835 1182 5948 ἓαέξᾶηο
1205 5835 1318 5885 sunt
1354 5837 1576 5898 qutedam
1600 5849 1709 5898 quze
1732 5836 1856 5898 apud
1901 5845 2152 5899 nugonem

608 5912 623 5949 t
663 5934 675 5948 .
728 5910 759 5949 ε
1122 5929 1137 5943 .

2035 393 2403 450 APPENDlX.

3754 400 3853 451 Sili

2259 524 2372 568 ctus
2406 512 2613 588 eﬁugiet
2639 513 2839 588 fictum,
2858 524 2914 588 et
2942 519 3134 588 auferet
3173 529 3228 570 se
3248 531 3279 568 a
3322 514 3712 588 cogitationibus
3749 535 3848 587 quo

2259 595 2375 656 sunt
2405 584 2794 639 sine‘intellectu
2823 584 2977 656 (Sep.
3009 601 3060 650 ι,
3094 586 3174 653 5).

2330 655 2449 725 Jugi
2466 671 2592 727 ergo
2615 658 2954 710 meditatione
2970 658 3204 711 animum
3228 666 3465 713 nostrum
3482 674 3855 727 exerceamus,

2260 735 2316 781 et
2342 728 2739 782 consideremus
2767 727 3007 781 miserias
3035 737 3089 781 et
3119 730 3467 784 necessitates
3494 740 3708 784 nostras
3732 772 3747 794 ,
3780 731 3857 786 la-

2263 797 2419 852 bores
2445 807 2499 852 et
2524 798 2754 853 dolores.
2780 797 3044 868 Lugentes
3081 799 3223 853 enim
3251 800 3301 853 iu
3335 800 3471 855 hanc
3499 802 3664 855 vitam
3690 801 3856 855 intra-

2263 870 2455 931 vimus,
2500 886 2622 923 cum
2668 868 2855 924 labore
2883 869 3138 934 vivimus,
3180 885 3301 925 cum
3345 871 3532 927 dolore
3572 880 3628 925 ct
3668 872 3858 927 timore

2264 940 2455 993 exituri
2494 955 2697 995 sumus.
2735 937 3049 1012 Cogitemus
3077 956 3206 1011 ergo
3247 957 3405 1012 quam
3435 943 3503 996 Sit
3544 942 3728 997 brevis
3754 945 3856 997 vita

2264 1021 2444 1064 nostra
2465 1050 2481 1076 ,
2515 1026 2671 1079 quam
2698 1010 2781 1082 via
2812 1012 3011 1067 lubrica
3032 1054 3045 1077 ,
3074 1010 3230 1082 quam
3259 1010 3403 1067 mors
3431 1023 3575 1067 certa
3598 1053 3613 1078 ,
3642 1022 3700 1067 et
3731 1014 3857 1069 liora

2264 1081 2452 1135 mortis
2482 1083 2702 1137 incerta.
2728 1080 3035 1151 Cogitemus
3062 1080 3275 1151 quantis
3296 1083 3742 1139 amaritudinibus
3768 1085 3857 1139 ad-

2266 1152 2488 1225 mixtum
2517 1152 2619 1219 sit,
2648 1154 2690 1207 si
2718 1152 2843 1222 quid
2872 1153 3142 1225 dulceaut
3180 1153 3473 1223 jucundum
3505 1154 3558 1209 in
3590 1156 3675 1207 via
3707 1154 3859 1225 hujus

2266 1222 2387 1275 vitae
2415 1238 2639 1277 occursu
2667 1238 2764 1277 suo
2794 1224 2946 1294 nobis
2973 1223 3187 1288 alludit;
3222 1239 3378 1292 quam
3403 1225 3558 1279 fallax
3589 1235 3643 1279 et
3669 1222 3856 1294 suspe-

2266 1302 2442 1364 ctum,
2487 1309 2644 1363 quam
2674 1293 2919 1349 instabile
2965 1304 3019 1349 et
3068 1295 3426 1349 transitorium
3467 1304 3549 1349 est
3602 1293 3857 1364 quidquid

2267 1362 2423 1436 hujus
2448 1362 2630 1436 mundi
2656 1365 3077 1436 amorparturit.
3103 1365 3357 1436 quidquid
3387 1367 3596 1436 species
3621 1362 3714 1421 aut
3740 1362 3857 1436 pul-

2268 1434 2512 1488 cltritudo
2556 1435 2861 1505 temporalis
2906 1434 3182 1504 promittit.
3234 1434 3650 1491 Consideremus
3698 1434 3859 1493 etiam

2267 1520 2385 1628 ante
2423 1506 2491 1559 sit
2531 1506 2716 1575 patriae
2745 1506 2980 1561 caelestis
3026 1506 3380 1575 pulchritudo,
3426 1510 3659 1561 suavitas
3704 1518 3861 1579 atque

2307 1576 2515 1628 ulcedo.
2541 1576 2887 1628 Attendamus
2908 1586 2959 1628 et
2978 1578 3370 1628 perpendamus
3389 1578 3530 1628 unde
3545 1578 3856 1628 cecidimus-

2307 1576 2515 1630 ulcedo.
2541 1576 2887 1631 Attendamus
2908 1586 2959 1631 et
2978 1578 3370 1646 perpendamus
3389 1578 3530 1631 unde
3545 1576 3857 1643 cecidimus,

2270 1656 2324 1699 et
2350 1647 2436 1701 ubi
2461 1646 2738 1717 jacemus;
2766 1647 2891 1717 quid
2920 1648 3269 1716 perdidimus,
3297 1657 3348 1703 et
3373 1648 3497 1719 quid
3526 1650 3856 1709 inv'euimns:

2270 1725 2329 1770 ut
2370 1733 2436 1789 ex
2488 1726 2713 1789 utraque
2759 1719 3113 1788 intelligamus
3155 1728 3408 1789 quantum
3458 1720 3612 1775 nobis
3659 1720 3713 1773 in
3764 1721 3862 1775 hoc

2270 1788 2459 1842 exsilio
2488 1788 2773 1857 lugendum
2820 1789 2907 1843 sit.
2956 1788 3089 1843 llinc
3131 1791 3273 1844 enim
3305 1790 3557 1845 Salomon
3602 1789 3715 1843 ait:
3764 1792 3862 1858 Qui

2271 1859 2482 1930 apponit
2524 1859 2783 1913 scientiam
2806 1902 2821 1923 ,
2854 1860 3064 1930 apponit
3091 1870 3139 1914 et
3176 1860 3401 1914 dolorem
3426 1859 3625 1929 (Eccle.
3655 1878 3705 1927 ι,
3746 1863 3858 1930 18).

2271 1927 2665 2002 ρυὶθῌᾳυθιιια
2690 1930 2857 1999 magis
2890 1927 3051 2002 homo
3092 1945 3188 1986 sua
3226 1932 3362 1985 mala
3406 1927 3669 2002 intelligit,
3717 1927 3862 1987 tanto

2273 1999 2499 2066 amplius
2524 2016 2613 2053 sus
2656 2000 2754 2055 irat
2778 2011 2828 2054 et
2856 2001 3043 2070 gemit.

2344 2068 2567 2124 CAPUT
2754 2071 3016 2124 Meditatio

2344 2068 2567 2143 CAEUT
2606 2068 2677 2143 7L.
2730 2068 3048 2143 ‘Med'itatioh
3084 2072 3225 2141 quid.
3286 2071 3530 2127 Scientia.
3603 2072 3861 2143 Compan-

2274 2139 2391 2192 ctio.
2436 2140 2911 2214 Devotio.‘_0ralio.
2954 2139 3199 2214 Allectus.
3232 2143 3309 2214 (a)
3359 2143 3583 2197 Scientia
3626 2139 3863 2198 sui'aliis

2276 2212 2635 2282 prwponenda.
2663 2211 2930 2267 Meditatio
2945 2213 3204 2282 siquidem
3228 2211 3359 2282 parit
3374 2214 3673 2280 scientiam,
3693 2215 3862 2269 scien-

2277 2281 2344 2334 tia
2371 2284 2859 2352 eompunctionem,
2891 2281 3236 2352 eumpunctio
3254 2284 3617 2349 devotionem,
3650 2286 3865 2341 devotio

2276 2350 2825 2426 perﬁcit'orationem.
2859 2350 3127 2408 Meditatio
3167 2364 3251 2409 est
3278 2354 3530 2424 frequens
3568 2358 3857 2426 cogitatio,

2275 2422 2484 2494 curiosa
2521 2432 2575 2478 et
2617 2438 2777 2493 sagax
2822 2426 3044 2479 obscura
3088 2422 3427 2494 investigare,
3458 2435 3512 2480 et
3553 2422 3764 2481 oceTulta
3801 2428 3864 2481 ad

2277 2492 2517 2571 notitiam
2548 2492 2779 2571 trahere.
2808 2495 3039 2571 Scien_t_ia
3064 2505 3144 2571 est
3168 2492 3390 2571 quando
3408 2495 3567 2551 homo
3593 2497 3659 2571 a_d
3685 2499 3864 2571 cogni-

2279 2562 2477 2637 tionem
2507 2565 2585 2616 sui
2614 2565 2822 2637 assidua
2854 2562 3198 2637 meditatione
3226 2567 3572 2622 illuminatur.
3596 2562 3866 2637 Compun-

2277 2634 2383 2687 ctio
2412 2643 2494 2688 est
2518 2635 2731 2704 quando
2770 2653 2835 2691 ex
2872 2636 3298 2692 consideratione
3340 2639 3599 2693 malorum
3648 2634 3865 2695 suorum

2278 2704 2608 2779 corinterno
2636 2706 2820 2779 dolore
2864 2708 3110 2777 tangitur.
3148 2708 3364 2779 Devotio
3390 2717 3472 2762 est
3503 2711 3622 2779 pius
3667 2720 3721 2762 et
3765 2711 3865 2765 hu-

2280 2774 2419 2828 milis
2446 2776 2665 2831 aliectus
2704 2777 2756 2831 in
2789 2774 2991 2840 Deum;
3021 2778 3233 2832 humilis
3256 2794 3319 2833 ex
3351 2774 3675 2833 conscientia
3721 2781 3866 2834 inﬁr-

2282 2846 2481 2920 mitatis
2496 2850 2740 2920 prOprize,
2759 2848 2875 2918 pius
2895 2864 2959 2905 ex
2982 2849 3403 2904 consideratione
3423 2849 3617 2904 divina:
3637 2851 3868 2906 clemen-

2283 2915 2387 2969 tize.
2415 2915 2605 2971 Umtio'
2638 2928 2720 2972 est
2761 2915 2955 2974 tuentis
2984 2920 3231 2986 devotio,
3262 2920 3311 2973 id
3343 2928 3457 2985 est,
3504 2922 3787 2976 conversio
3818 2923 3867 2975 in

2282 2986 2447 3041 Deum
2491 3003 2585 3057 per
2631 2990 2774 3057 pium
2823 3000 2874 3043 et
2913 2990 3165 3043 humilem
3204 2991 3473 3045 aﬁecmm.
3509 2992 3747 3047 Alfectus
3789 3005 3868 3048 est

2280 3068 2573 3124 spontanea
2617 3060 2856 3127 qtnedam
2884 3076 2947 3115 ac
2984 3061 3157 3116 dulcis
3188 3062 3353 3127 ipsius
3390 3062 3551 3115 animi
3590 3064 3655 3116 ad
3707 3064 3868 3117 Deum

2281 3127 2685 3202 inclinatiosNil
2714 3132 2855 3185 enim
2886 3133 2964 3202 ita,
2988 3131 3151 3185 Deum
3188 3131 3409 3186 inclinat
3443 3132 3509 3186 ad
3547 3133 3797 3202 pietatem
3820 3146 3872 3189 et

2281 3200 2721 3271 misericordiam.
2744 3201 3190 3271 quemadmodum
3220 3218 3383 3271 purus
3409 3200 3603 3258 mentis
3625 3206 3868 3259 allectus.

2352 3270 2638 3326 Scientiam
2669 3270 2967 3329 cml’estium
2996 3281 3050 3327 et
3082 3270 3409 3327 terrestrium
3451 3289 3627 3328 rerum
3658 3276 3871 3330 laudare

2281 3348 2438 3411 atque
2483 3357 2665 3397 amare
2714 3344 2890 3398 solent
2936 3342 3216 3409 homines;
3264 3344 3357 3399 sed
3410 3346 3577 3398 multo
3624 3346 3872 3400 meliores

2280 3422 2424 3486 ξιιιιιε
2449 3413 2679 3486 quihuic
2700 3415 2937 3469 srientia:
2954 3424 3270 3484 prarponunt
3292 3430 3512 3470 noscere
3534 3418 3869 3486 semetipsos.

2283 3481 2621 3538 Laudabilior
2644 3486 2902 3555 siquidem
2932 3481 3140 3539 animus
3161 3494 3263 3551 est,
3290 3486 3377 3540 cui
3405 3494 3525 3539 nota
3550 3497 3634 3540 est
3660 3481 3871 3542 miseria

2281 3567 2373 3607 sua
2392 3594 2410 3620 ,
2440 3569 2596 3624 quam
2627 3558 2715 3624 qui
2742 3572 2804 3611 ea
2834 3571 2939 3610 non
2970 3566 3210 3625 resiiecta
3236 3598 3251 3621 ,
3285 3557 3395 3609 vias
3425 3556 3661 3611 siderum
3691 3568 3749 3613 et
3778 3573 3870 3612 na-

2282 3632 2428 3695 turas
2468 3641 2645 3679 rerum
2672 3635 2954 3681 scrutatur.
2995 3626 3092 3693 Qui
3128 3642 3256 3683 vero
3278 3626 3388 3695 jam
3422 3628 3474 3681 in
3508 3628 3673 3681 Deum
3708 3627 3867 3693 evigi-

2281 3694 2407 3748 lavit
2446 3696 2674 3763 Spiritus
2718 3698 2886 3751 sancti
2916 3698 3095 3751 calore
3136 3694 3429 3763 excitatus,
3462 3707 3619 3767 atque
3665 3699 3720 3752 in
3762 3702 3874 3767 ejus

2280 3778 2465 3819 amore
2493 3782 2672 3820 coram
2702 3782 2761 3821 se
2782 3768 2961 3832 viluit,
2990 3768 3054 3820 ad
3081 3782 3311 3836 eumque
3342 3769 3538 3822 intrare
3570 3770 3756 3823 volens
3781 3786 3871 3824 nec

2281 3836 2483 3898 valens,
2510 3853 2679 3907 eoque
2699 3839 2796 3892 sibi
2827 3841 3035 3893 lucente
3059 3839 3283 3891 attendit
3305 3838 3355 3891 in
3382 3854 3441 3893 se
3459 3880 3473 3902 ,
3497 3848 3551 3893 et
3571 3839 3773 3894 invenit
3796 3856 3869 3905 se,

2280 3919 2537 3976 suamque
2549 3908 2914 3977 a‘gritndinem
2930 3908 3067 3963 illius
3082 3909 3351 3963 munditia:
3365 3913 3755 3979 contemperari
3772 3928 3869 3964 non

2284 3991 2438 4044 posse
2464 3979 2768 4047 cognoscit;
2793 3981 2946 4034 dulce
2968 3980 3127 4033 habet
3147 3979 3298 4043 itere,
3322 3996 3547 4047 eumque
3571 3982 3799 4047 precari,
3820 3989 3871 4035 ut

2281 4048 2362 4119 sui
2396 4049 2708 4103 misereatur
2730 4089 2745 4115 ,
2774 4060 3043 4119 totamque
3067 4051 3184 4119 ejus
3222 4052 3486 4103 miseriam
3515 4061 3695 4104 exuat.
3728 4053 3871 4105 llunc

2283 4116 2460 4191 itaque
2488 4128 2730 4191 egentem
2760 4130 2815 4174 et
2841 4116 3109 4175 dolentem
3135 4120 3353 4174 scientia
3384 4137 3486 4173 non
3535 4121 3681 4174 inﬂat
3700 4163 3717 4185 ,
3756 4124 3870 4191 quia

2281 4187 2513 4259 charitas
2536 4190 2782 4245 aediﬁcat.
2811 4191 3109 4259 Przrposuit
3137 4192 3278 4243 enim
3307 4191 3582 4244 scientiam
3616 4187 3868 4256 scientiae,

2283 4258 2333 4311 id
2345 4268 2446 4332 est,
2465 4259 2604 4332 scire
2621 4276 2678 4315 se
2697 4262 2866 4332 ipsum
2881 4258 2945 4316 et,
2960 4262 3314 4315 inﬁrmitatem
3329 4275 3501 4322 Suam,
3526 4262 3694 4332 magis
3718 4280 3869 4332 quam

2281 4329 2420 4383 scire
2450 4330 2588 4384 vires
2617 4329 2922 4398 herbarum,
2949 4345 3003 4387 et
3030 4340 3245 4385 naturas
3270 4332 3576 4385 animalium
3604 4329 3703 4387 {et
3738 4329 3867 4387 hanc

2280 4401 2597 4468 apponendo
2624 4404 2899 4456 scientiam
2924 4444 2940 4469 ,
2983 4403 3228 4471 apposuit
3252 4410 3306 4456 et
3330 4401 3570 4456 dolorem
3594 4444 3610 4466 ,
3637 4404 3873 4457 dolorem

2282 4472 2483 4525 scilicet
2514 4473 2951 4542 peregrinationis
2972 4488 3081 4527 sua:
3111 4474 3127 4503 ¹
3150 4488 3214 4527 ex
3241 4472 3506 4525 desiderio
3534 4474 3720 4542 patria:
3742 4491 3869 4537 sum,

2281 4550 2335 4595 et
2365 4542 2582 4613 visionis
2615 4544 2727 4607 Dei,
2756 4560 2912 4613 quem
2936 4558 3157 4599 cernere
3185 4543 3306 4596 ﬁnis
3331 4544 3353 4574 ⁸
3378 4560 3390 4595 :
3420 4544 3503 4597 cui
3528 4554 3610 4597 est
3636 4546 3798 4613 gloria
3823 4546 3870 4598 iu

2281 4612 2473 4665 saecula
2502 4612 2842 4668 saeculorum.
2874 4616 3043 4669 Amen
3073 4614 3111 4665 ³.
3146 4614 3297 4667 Dolet
3321 4614 3407 4682 qui
3433 4612 3869 4678 teneturexsilio,

2282 4684 2404 4751 quia
2431 4683 2671 4755 dillertur
2695 4700 2724 4755 a
2770 4700 2955 4755 regno.
3004 4685 3160 4739 Dolet
3185 4684 3311 4737 dum
3344 4684 3654 4738 recordatur
3678 4702 3800 4755 qua:
3822 4694 3869 4739 et

2281 4763 2476 4826 quanta
2506 4754 2643 4807 mala
2690 4754 2851 4822 fecit,
2882 4766 2938 4811 et
2960 4771 3120 4826 quam
3156 4755 3519 4811 intolerabiles
3564 4754 3752 4825 panes
3783 4772 3874 4826 pro

2284 4822 2386 4876 illis
2418 4840 2666 4887 passurus
2692 4827 2781 4879 sit.

2354 4892 2577 4950 CAPUT
2602 4895 2684 4949 LI.
2722 4896 2941 4950 Attentio
2978 4912 3038 4949 ac
3058 4895 3304 4950 discussio
3343 4895 3443 4949 sui.
3485 4894 3859 4953 Censideratio-

2283 4980 2371 5019 nes
2423 4966 2612 5019 vitiosa:
2634 4966 2734 5035 (ὁ).
2764 4967 2895 5022 Cum
2926 4967 3069 5021 nulla
3100 4966 3322 5021 scientia
3354 4968 3541 5021 melior
3566 4968 3637 5021 sit
3662 4968 3754 5022 illa
3774 4984 3874 5039 qua

2348 5077 2366 5109 ³
2401 5082 2475 5125 F1.
2500 5076 2793 5141 t._ugd._Ven.
2819 5086 2928 5127 Lov.
2966 5078 3037 5127 sic
3058 5077 3398 5141 leguutbunc
3434 5076 3595 5141 lotam
3618 5090 3633 5126 :
3660 5083 3718 5141 Β
3755 5077 3880 5127 Itane

2603 5138 2868 5210 διζίινηιίωη,
2886 5138 3133 5210 apposuit
3168 5138 3400 5201 dolorem,
3435 5138 3489 5191 id
3533 5146 3606 5191 est
3641 5140 3877 5205 defectum

2281 5208 2681 5263 peregrinationis
2702 5215 2820 5253 sum.
2884 5208 2941 5250 u.

2347 5262 2369 5293 θ
2401 5263 2483 5310 Hic
2516 5261 2752 5325 clauditur
2776 5265 2903 5315 liber
2940 5265 2988 5313 in
3011 5263 3238 5314 omnibus
3265 5267 3444 5313 nostris
3481 5268 3609 5322 Mss,
3637 5263 3765 5325 apud
3790 5272 3872 5312 Itu-

2281 5336 2461 5387 gonem
2485 5332 2537 5373 et
2562 5323 2831 5377 Alcherum.
2858 5334 2971 5384 Qua:
2990 5332 3153 5375 tamen
3189 5333 3456 5388 suiersuut
3486 5337 3585 5373 non
3616 5323 3765 5377 alium
3805 5340 3873 5374 tu-

2284 5393 2435 5433 nuunt
2469 5394 2732 5437 auctorem.

2319 5447 2368 5515 f
2387 5452 2473 5515 Ἐν.
2501 5456 2553 5496 et
2570 5454 2688 5515 ven.
2713 5448 2957 5515 omittunt,
2996 5459 3137 5510 quem
3172 5459 3370 5515 cerneize
3402 5446 3517 5515 ﬁnis
3547 5446 3666 5515 .‘_cui
3687 5454 3759 5497 est
3781 5446 3873 5515 glo-

2282 5507 2633 5572 riainstecula
2653 5507 2959 5572 saeculorum.
3008 5507 3171 5572 antea.
3216 5510 3345 5572 Apud
3390 5509 3540 5572 Lugd.
3581 5509 3687 5572 haec
3728 5507 3872 5557 ve'rha

2282 5570 2421 5618 uncis
2463 5569 2832 5632 concluduntur,
2877 5583 2988 5621 cum
3036 5569 3348 5622 adnotatione
3391 5569 3644 5632 ma'rgiuali
3686 5584 3701 5619 :
3756 5591 3777 5616 ι
3801 5578 3874 5619 tus

2288 5647 2313 5676 ι
2337 5633 2502 5703 verbis
2537 5630 2771 5703 ﬂuitabant
2793 5633 2871 5682 hic
2894 5641 3065 5703 vetera
3090 5632 3458 5703 exemplaria.)
3500 5630 3584 5703 'u_.

2281 5693 2419 5803 29(α)
2456 5700 2565 5742 meo
2588 5700 2641 5741 et
2661 5694 2711 5742 iu
2732 5695 3010 5756 Appendice
3034 5693 3259 5746 Bernardi
3277 5727 3293 5753 ν
3325 5694 3391 5744 de
3412 5693 3715 5743 (bnacientia
3730 5729 3743 5753 ,
3769 5706 3872 5755 cap.

2345 5790 2416 5879 ib)
2441 5816 2539 5888 vid;
2566 5814 2651 5867 lib.
2674 5818 2756 5867 cit.
2780 5816 2844 5867 de
2867 5818 3303 5888 Conscientia,_cap.
3321 5816 3412 5876 is;
3437 5814 3533 5888 ait.
3568 5826 3717 5872 etiam
3746 5830 3842 5873 ωε.

2282 5877 2418 5944 capp.
2445 5878 2569 5943 6,3;
2605 5892 2653 5930 et
2698 5889 2840 5946 aug,
2886 5881 2949 5930 de
2976 5881 3123 5930 tustit.
3164 5877 3333 5940 sevit",
3370 5891 3473 5940 cap.
3494 5877 3541 5927 9.
