4106 6516
282 417 388 472 817

283 529 564 600 cognoscit
584 528 744 583 homo
764 526 1133 596 semetipsum,
1153 525 1498 600 discutiamus
1514 526 1884 600 c0gitationes,

287 596 588 656 locutiones
609 610 766 669 atque
793 614 953 667 opera
985 607 1186 652 nostra.
1209 596 1514 669 Quidienim
1542 596 1760 669 prodest
1783 614 1885 653 no-

285 674 389 735 bis,
434 673 479 729 si
528 666 704 727 rerum
753 666 991 725 omnium
1034 678 1247 723 naturas
1292 668 1557 721 subtiliter
1597 666 1883 736 investige-

284 759 447 809 inus,
497 742 787 797 efficaciter
832 738 1381 808 comprehendamus,
1431 746 1486 793 et
1526 739 1886 809 nosmetipsos

284 829 395 869 non
435 807 841 882 intelligamus?
885 807 1265 882 Ex’aminemus
1318 824 1447 879 ergo
1487 825 1605 882 qua:
1658 807 1884 882 fecimus

284 901 422 950 nos,
476 884 522 939 si
570 879 864 938 secundum
913 879 1055 950 quod
1097 879 1409 944 debuimus,
1449 894 1511 935 ea
1558 879 1881 934 fecerimus:

281 949 692 1010 consideremus
744 968 805 1007 ea
863 949 983 1019 quae
1032 949 1219 1004 facturi
1267 964 1488 1015 sumus,
1546 950 1590 1004 si
1640 950 1745 1003 sint
1794 966 1884 1005 se-

280 1026 525 1080 cundum
558 1025 748 1079 Deum.
789 1023 952 1077 Valde
978 1021 1241 1091 siquidem
1280 1028 1366 1075 est
1402 1022 1699 1076 necessaria
1732 1021 1884 1076 nobis

282 1095 699 1167 cireumspectio
751 1092 1198 1167 examinationis;
1254 1101 1518 1167 quatenus
1567 1106 1661 1160 per
1714 1107 1883 1167 expe-

284 1160 543 1222 rientiani
582 1180 767 1220 eorum
813 1180 933 1231 quae
984 1163 1236 1227 fecimus,
1274 1160 1351 1216 ad
1401 1177 1463 1216 ea
1515 1176 1635 1231 qua:
1677 1162 1881 1231 agenda

283 1247 413 1315 sunt
456 1237 723 1315 cautiores
762 1232 1064 1315 reddamor.
1091 1233 1246 1315 Saepe
1288 1248 1516 1315 namque
1562 1232 1882 1315 tipus.qupd

285 1308 430 1362 bona
459 1309 756 1361 intentione
785 1304 1025 1360 inchoari
1050 1303 1338 1369 credimus,
1365 1313 1510 1358 tanto
1534 1303 1693 1359 citius
1712 1303 1763 1357 in
1788 1303 1884 1358 de-

285 1380 556 1449 ceptionis
598 1378 844 1449 laqueum
864 1390 974 1449 nos
1013 1375 1306 1449 pmipitat
1330 1415 1346 1437 ,
1385 1383 1592 1449 quanto
1611 1373 1678 1428 de
1705 1373 1882 1449 inten-

289 1444 454 1505 tionis
481 1444 681 1503 nostrai
708 1447 967 1517 principio
993 1446 1167 1501 securi
1198 1444 1360 1517 linem
1400 1445 1639 1517 actionis
1653 1460 1758 1517 non
1788 1445 1885 1500 ob-

286 1536 572 1575 servamus
598 1538 611 1574 :
638 1528 692 1572 et
708 1514 1086 1587 imprudentes
1114 1515 1264 1587 quasi
1286 1516 1367 1569 via
1396 1516 1549 1587 plana
1577 1515 1653 1587 ad,
1676 1514 1882 1587 foveam

285 1594 588 1652 currimus;
617 1589 737 1659 quia
754 1586 995 1643 videmus
1015 1587 1137 1656 quid
1157 1586 1399 1659 facimus,
1422 1586 1515 1659 sed
1536 1586 1841 1659 quidiincm
1864 1588 1880 1618 ι

286 1673 535 1716 nostrum
567 1656 715 1729 sequi
745 1659 956 1722 debeat,
986 1673 1091 1712 non
1122 1656 1467 1729 attendimus.
1493 1657 1566 1711 Ita
1596 1657 1737 1729 enim
1764 1672 1881 1729 am-

287 1732 484 1799 biguus
502 1741 587 1786 est
609 1726 771 1784 animi
798 1729 1041 1794 affectus,
1066 1738 1127 1783 ut
1155 1728 1256 1781 nisi
1282 1743 1347 1782 ex
1380 1726 1496 1799 line,
1513 1728 1691 1795 operis
1713 1728 1883 1799 quali-

285 1798 456 1857 tatem
486 1801 792 1856 intentionis
812 1801 927 1869 ejus
951 1799 1257 1854 discernere
1283 1812 1387 1869 non
1418 1798 1710 1853 valeamus.
1742 1798 1883 1852 Prie-

286 1884 440 1928 terea
471 1887 688 1927 necesse
716 1880 797 1926 est
836 1868 889 1924 ut
919 1886 1011 1941 per
1039 1870 1273 1941 singulos
1294 1868 1415 1941 dies
1449 1869 1609 1922 vitam
1645 1878 1880 1923 nostram

284 1945 357 1998 ad
384 1943 653 2015 judicium
674 1939 964 2004 vocemus,
992 1950 1047 1995 et
1070 1939 1198 2010 quid
1224 1939 1428 2015 egimus
1456 1955 1555 2015 per
1588 1947 1883 2015 no_ctem__et

286 2010 458 2077 diem,
486 2014 849 2068 examinemus
872 2029 887 2077 ;
911 2020 964 2068 et
989 2019 1186 2082 quanto
1210 2010 1279 2082 ad
1303 2010 1438 2082 bona
1461 2010 1698 2082 facienda
1725 2010 1882 2065 solito

284 2086 600 2145 alacriores.
625 2096 679 2139 et
698 2092 896 2153 quanto
920 2083 986 2136 ad
1008 2080 1147 2135 inala
1175 2080 1611 2153 vincendasolito
1631 2092 1884 2153 conStan-

286 2164 496 2219 tiores;
526 2154 572 2210 si
597 2156 649 2209 in
675 2151 852 2224 aliquo
877 2167 1039 2221 opere
1065 2161 1248 2206 nostro
1278 2151 1484 2224 insidiis
1517 2152 1711 2224 inimici
1752 2167 1880 2219 sup-

288 2227 512 2294 plantati
537 2227 737 2291 simus;
767 2222 996 2294 qualiter
1018 2224 1230 2277 demum
1260 2238 1355 2292 per
1382 2222 1631 2294 indicium
1662 2226 1681 2253 ³
1705 2232 1881 2276 trans-

282 2292 427 2352 acta:
485 2292 815 2365 deceptionis
877 2294 1112 2349 futuram
1178 2292 1618 2365 illiusgfraudein
1688 2308 1880 2365 cavere

284 2363 885 2436 valeamus:quatenus
932 2380 1033 2419 nec
1072 2363 1453 2436 superveniens
1518 2364 1739 2436 teutatio
1784 2378 1882 2418 nos

284 2438 615 2507 improvisos
643 2433 714 2490 ad
745 2437 942 2490 malum
987 2452 1119 2506 opus
1145 2433 1389 2507 dejicia‘t,
1422 2449 1521 2507 nec
1567 2434 1881 2507 indiscretos

286 2511 344 2562 in
374 2504 551 2577 'opere
591 2509 732 2562 bono
775 2504 1036 2578 praesens
1062 2505 1376 2578 negligentia
1422 2504 1585 2559 fallat.
1632 2505 1882 2578 Quisquis

284 2575 500 2634 scilicet
524 2594 618 2633 cor
641 2575 797 2633 suum
826 2579 877 2632 in
909 2575 1211 2643 bnjusniodi
1239 2576 1415 2630 studio
1444 2587 1679 2637 exercet,
1702 2576 1883 2630 audiat

283 2650 420 2719 quid
450 2650 663 2719 quidam
702 2649 915 2717 sapiens
952 2648 1129 2719 dicat:
1168 2665 1187 2699 ι
1216 2646 1363 2701 Scito
1390 2656 1440 2719 te.
1463 2647 1655 2719 ipsum.
1687 2664 1705 2699 ι
1736 2646 1881 2701 Scito

287 2716 435 2775 unde
468 2716 700 2785 venisti,
731 2716 822 2773 aut
853 2734 958 2787 quo
990 2718 1177 2783 vadis;
1206 2717 1474 2788 quomodo
1506 2716 1673 2788 vivis,
1707 2731 1879 2788 quan:

288 2802 407 2845 tum
451 2791 662 2860 proficis
705 2789 787 2844 vel
811 2788 1029 2851 delicis,
1069 2787 1234 2859 quam
1267 2789 1422 2857 longe
1468 2802 1528 2860 es
1570 2804 1597 2860 a
1629 2787 1740 2860 Deo
1758 2787 1880 2860 ,Avel

286 2858 463 2931 quam
483 2877 665 2931 prope.
689 2877 793 2915 non
819 2858 1112 2914 intervallis
1134 2860 1393 2931 locorum,
1420 2858 1882 2931 sedsimilitudine

285 2930 380 2987 vel
405 2930 841 2987 dissimilitudine
869 2947 1099 2985 morum.
1130 2930 1276 2984 Scito
1304 2930 1573 2999 quomodo
1600 2930 1759 2982 homo
1784 2944 1844 2984 cs
1862 2968 1878 2994 ,

285 3002 447 3072 cujus
486 3003 764 3072 conceptio
807 3002 981 3071 culpa,
1013 3002 1179 3072 nasci,
1201 3001 1436 3061 miseria,
1465 3002 1657 3072 vivere,
1694 3014 1879 3069 pinna,

286 3071 429 3129 muri
462 3071 702 3128 necesse.
751 3072 964 3127 Certum
993 3081 1075 3126 est
1098 3071 1217 3142 quia
1262 3071 1539 3142 morieris;
1569 3071 1664 3125 sed
1707 3072 1882 3125 incer-

288 3156 407 3199 tum
449 3143 736 3213 quomodo,
770 3144 848 3196 vel
887 3141 1124 3212 quando
1150 3142 1233 3196 vel
1277 3142 1386 3196 ubi.
1427 3141 1687 3213 Quoniam
1730 3156 1884 3213 mors

286 3212 489 3284 ubique
532 3226 584 3269 te
629 3223 922 3282 exspectat,
959 3224 1013 3268 et
1044 3224 1097 3267 tu
1140 3213 1182 3266 si
1222 3213 1434 3284 sapiens
1475 3212 1657 3284 fueris,
1692 3212 1884 3284 ubique

283 3281 420 3340 eam
439 3281 799 3354 exspectabis.
832 3285 1061 3339 Attende
1092 3299 1219 3354 ergo
1237 3281 1467 3354 sollicite
1496 3281 1622 3354 quid
1646 3298 1771 3350 agas
1799 3281 1882 3354 vel

282 3356 418 3426 quid
448 3353 607 3425 agere
631 3354 865 3419 debeas;
911 3356 955 3408 si
981 3354 1122 3424 quod
1149 3353 1446 3426 faciendum
1484 3363 1569 3408 est
1598 3353 1796 3426 facias;
1835 3353 1882 3408 si

284 3424 437 3481 lieno
462 3424 613 3496 operi
641 3426 838 3480 malum
863 3426 1075 3493 aliquod
1107 3440 1213 3496 non
1240 3424 1536 3479 admisceas
1559 3440 1575 3489 ;
1607 3425 1658 3496 si
1682 3424 1883 3496 bonum

282 3497 433 3567 quod
473 3494 611 3567 agis,
653 3507 849 3567 quanta
895 3504 1105 3567 oportet
1144 3495 1426 3567 devotione
1470 3495 1791 3567 adimpleas;
1837 3494 1884 3549 si

279 3565 531 3632 alterius,
561 3577 617 3622 ut
642 3576 812 3628 tuum,
840 3565 1034 3620 bonum
1054 3566 1273 3635 diligas;
1296 3566 1341 3621 si
1369 3575 1535 3627 tuum.
1560 3575 1617 3620 ut
1641 3565 1880 3629 alterius,

284 3640 490 3693 malum
522 3637 917 3705 reprehendas;
949 3639 991 3690 si
1024 3639 1101 3692 sic
1126 3637 1412 3692 declinasa
1440 3636 1602 3699 malo,
1636 3644 1693 3689 ut
1720 3637 1884 3691 facias

286 3712 515 3764 bonum.
548 3709 685 3763 Sunt
719 3708 859 3762 enim
882 3708 1097 3777 quidam
1127 3717 1333 3761 tantum
1367 3707 1705 3761 attendentes
1745 3708 1882 3761 mala

282 3796 409 3849 qua:
435 3796 543 3833 non
586 3778 784 3833 faciunt
815 3797 829 3833 :
874 3779 1005 3833 istos
1031 3778 1439 3846 pusillanimitas
1467 3778 1679 3849 abono
1715 3792 1884 3849 opere

286 3846 545 3915 revocat,
576 3866 642 3904 ne
670 3852 867 3903 malum
893 3850 1167 3917 subripiat.
1197 3849 1333 3903 Sunt
1361 3848 1522 3918 aliqui
1548 3846 1883 3903 attendentes

286 3930 499 3975 tantum
539 3921 677 3975 bona
703 3936 821 3990 quae
864 3919 1099 3974 faciunt:
1131 3920 1204 3973 illi
1234 3922 1311 3975 sic
1345 3918 1444 3973 sibi
1475 3934 1505 3972 a
1546 3918 1697 3990 bono
1720 3933 1885 3986 opere

282 3993 627 4060 complacent
646 4000 699 4045 et
720 3988 1080 4053 blandiuntur,
1106 4000 1161 4043 ut
1180 3990 1247 4045 de
1270 3990 1540 4057 pravitatis
1558 3988 1885 4060 admixtione

285 4059 515 4117 minime
533 4071 850 4115 terreantur.
875 4060 1009 4115 Sunt
1027 4061 1115 4115 alii
1137 4062 1403 4131 sapientes
1425 4070 1481 4114 ut
1505 4060 1701 4114 faciant
1721 4059 1879 4131 mala,

285 4133 431 4187 bona
474 4143 653 4187 autem
699 4131 874 4187 facere
920 4132 1164 4186 nesciunt
1187 4130 1209 4185 ί
1252 4131 1339 4185 isti
1385 4131 1597 4199 pessimi
1644 4130 1882 4185 omnium

286 4204 542 4257 hctantur
563 4219 684 4257 cum
709 4202 845 4255 male
872 4202 1112 4267 fecerint,
1141 4211 1195 4257 et
1219 4200 1484 4257 exsultant
1506 4200 1556 4255 in
1580 4201 1740 4255 rebus
1765 4216 1883 4270 pes-

283 4275 461 4327 simis.
495 4275 627 4329 Sunt
652 4273 741 4327 alii
771 4282 1074 4342 quairentes
1098 4275 1261 4327 Deum
1295 4288 1391 4341 per
1415 4272 1699 4337 exteriora,
1727 4271 1884 4328 dese-

287 4356 472 4399 rentes
505 4345 754 4398 interiora
783 4359 898 4413 sua,
925 4344 1119 4413 quibus
1150 4344 1291 4397 Deus
1317 4343 1537 4413 interior
1564 4351 1666 4397 est.

360 4416 405 4471 Ο
424 4415 591 4495 δρυᾟ
628 4414 747 4495 ιη..
784 4412 1453 4495 ϐορηῑὶξρηὶερϊεθναάᾳε.
1487 4412 1887 4495 Mentis‘dilala-

284 4488 380 4540 lio.
416 4485 603 4540 Mentis
632 4482 927 4539 sublevatio.
956 4484 1143 4539 Mentis
1187 4482 1444 4537 alienatio.
1480 4482 1626 4537 Mens
1668 4484 1886 4540 hominis

282 4559 572 4626 speculum,
602 4557 688 4609 ml
732 4566 934 4626 peccato
982 4556 1317 4609 obscuratum.
1373 4553 1638 4619 Quomodo
1686 4566 1881 4625 tergen-

283 4632 429 4681 dum.
464 4627 540 4699 (a)
574 4627 876 4699 Redeamus
898 4641 1033 4699 ergo
1057 4626 1123 4681 ad
1154 4641 1250 4679 nos
1273 4667 1286 4688 ,
1318 4635 1373 4678 tit
1404 4626 1667 4699 possimus
1690 4642 1884 4681 ascen-

284 4702 419 4753 dere
458 4696 525 4751 ad
557 4714 673 4751 nos.
704 4698 835 4751 Tres
864 4697 1127 4766 siquidem
1153 4711 1410 4750 ascensus
1453 4705 1594 4751 sunt.
1626 4696 1681 4750 In
1715 4699 1884 4765 primo

284 4768 645 4823 ascendimus
678 4769 745 4821 ab
774 4768 888 4821 istis
934 4767 1291 4821 exterioribus
1331 4776 1385 4820 et
1431 4766 1771 4821 inferioribus
1816 4767 1884 4821 ad

285 4858 409 4893 nos.
466 4839 523 4893 ln
568 4838 805 4893 secundo
855 4838 1195 4892 ascendimus
1235 4836 1309 4910 ad
1351 4853 1446 4892 cor
1473 4838 1653 4910 _altum
1695 4836 1880 4910 (Psal.

284 4926 445 4973 uiti,
480 4910 576 4980 7):
608 4919 808 4978 quanto
825 4924 1068 4977 ,namque
1107 4908 1335 4977 amplius
1362 4907 1713 4980 proficimus,
1737 4918 1884 4964 tanto

280 4981 518 5050 amplius
544 4980 903 5034 ascendimus.
936 4980 1036 5043 Qui
1064 4980 1206 5050 enim
1240 4995 1344 5031 non
1369 4980 1626 5041 ascendit,
1655 4979 1884 5033 descen~

280 5048 451 5113 dit;‘et
472 5052 562 5121 qui
588 5067 690 5105 non
719 5050 945 5120 prolicit,
967 5050 1165 5104 deficit.
1193 5048 1245 5103 In
1271 5050 1424 5103 tertio
1445 5066 1667 5103 ascensu
1698 5066 1885 5104 ascen-

280 5124 468 5178 diuitis
496 5121 564 5176 ad
595 5122 781 5176 Deum.
825 5121 1032 5175 l‘rinius
1061 5136 1315 5175 ascensus
1359 5121 1415 5173 lit
1456 5121 1884 5176 consideratione

281 5193 511 5257 mundi,
558 5202 611 5246 et
648 5202 978 5259 contemptu.
1027 5190 1426 5245 Considerando
1468 5208 1696 5259 namque
1724 5209 1881 5261 quam

280 5266 490 5318 caduca
520 5273 573 5318 et
605 5262 910 5316 transitoria
941 5262 1047 5316 sint
1074 5265 1171 5315 ista
1216 5272 1450 5326 terrena,
1490 5263 1883 5316 contemnimus

277 5354 344 5391 ea
364 5377 380 5397 ,
411 5344 467 5389 et
498 5333 736 5389 redimus
779 5334 845 5387 ad
872 5346 990 5386 nos.
1018 5332 1296 5387 Secundus
1323 5348 1579 5387 ascensus
1609 5332 1665 5386 lit
1692 5334 1882 5400 cogni-

283 5413 437 5461 tione
474 5414 528 5458 et
557 5413 866 5474 contemptu
910 5404 1096 5474 nostri.
1143 5402 1276 5458 Cum
1325 5404 1467 5457 enim
1511 5405 1883 5474 cognoscimus

276 5493 445 5546 quam
493 5476 647 5545 proni
693 5475 861 5546 simus
890 5473 956 5526 ad
1002 5474 1231 5533 malum.
1277 5484 1329 5527 et
1358 5489 1516 5543 quam
1558 5474 1774 5528 invalidi
1814 5473 1880 5527 ad

280 5545 515 5610 bonum;
562 5545 997 5607 contemnimus,
1046 5554 1099 5597 et.
1149 5545 1488 5599 ascendimus
1543 5559 1699 5609 supra
1762 5560 1876 5598 nos.

280 5620 500 5673 Tertius
539 5631 797 5671 ascensus
843 5615 899 5669 fit
939 5615 1240 5685 cognitione
1283 5623 1339 5669 et
1384 5628 1567 5669 amore
1613 5613 1729 5670 Dei.
1780 5614 1883 5670 Iste

345 5776 360 5840 ξ
402 5771 531 5840 Apud
556 5778 832 5840 nugonem,
856 5768 1051 5828 frictum.

344 5836 362 5864 ’
402 5836 541 5889 Alius,
561 5836 830 5889 judirtum.

343 5904 417 5957 ια)
454 5886 681 5954 [ἧχ’ίίυε.
715 5895 853 5948 \'ict.,
879 5894 939 5939 de
976 5899 1081 5939 Area
1118 5890 1303 5953 uorali,
1332 5890 1413 5941 Idi.
1439 5891 1487 5953 ὅ,
1513 5903 1616 5952 cap.
1644 5890 1691 5941 ϐ.

1406 408 1609 464 LIBER
1653 408 1738 464 DE
1779 407 2047 466 SPlRlTU
2091 408 2177 466 ΕΤ
2216 408 2448 465 ΑΝΙΜΑ.

1999 524 2189 597 tertius
2229 540 2483 581 ascensus
2507 525 2561 579 (lt
2584 528 2775 582 mentis
2803 528 3143 597 dilatationc,
3176 538 3229 586 et
3260 531 3454 587 mentis
3494 547 3582 586 ξας

1995 596 2312 660 blcvatioue,
2344 608 2399 652 et
2424 598 2614 651 mentis
2640 599 2975 655 alienatione.
3002 596 3191 656 Mentis
3212 602 3450 656 dilatatio
3475 613 3578 665 est.

1993 681 2120 742 cum
2154 666 2252 742 sub
2280 683 2384 742 uno
2413 668 2612 742 mentis
2646 680 2860 742 aspectu
2906 672 3051 740 plura
3077 674 3463 742 conspicimus,
3498 675 3579 728 vel

1991 737 2059 809 de
2092 738 2180 791 Dei
2206 738 2463 806 sapientia
2487 738 2615 809 ,vel
2641 737 2847 809 de'ejus
2877 737 3107 809 potentia
3131 784 3146 809 ,
3179 737 3261 798 vel
3289 743 3356 798 de
3386 737 3579 798 cuncta

1994 808 2471 881 bonitate._lntueri
2495 807 2927 880 debemusquam
2951 807 3196 881 potenter
3221 815 3360 869 Deus
3386 824 3579 869 cuncta

1991 879 2192 954 creavit
2235 877 2303 933 de
2348 880 2533 954 nihilo,
2581 895 2741 950 qttam
2783 877 3050 954 sapienter
3087 884 3369 953 gubernat,
3415 900 3577 954 quam

1992 949 2219 1019 benigne
2244 959 2431 1005 cuncta
2466 949 2758 1019 dispensat.
2790 952 2982 1006 Totum
3024 949 3181 1007 istum
3212 949 3465 1008 mundum
3500 956 3578 1011 sic

1989 1030 2239 1096 ornatum
2268 1020 2389 1075 fecit
2420 1030 2637 1091 propter
2666 1037 2913 1096 corpora,
2958 1039 3184 1096 corpora
3214 1033 3427 1096 propter
3450 1026 3569 1096 ani-

1991 1104 2126 1165 mas,
2155 1093 2377 1165 animas
2396 1102 2614 1162 propter
2640 1106 2719 1146 se.
2753 1094 2819 1148 Et
2847 1093 2965 1148 ideo
2994 1094 3275 1165 diligenter
3306 1093 3577 1152 custodire

1988 1160 2273 1233 debemus
2294 1160 2511 1233 animas:
2543 1171 2753 1217 nostras
2772 1204 2788 1225 ,
2838 1160 3114 1233 quatenus'
3144 1181 3236 1219 eas
3267 1165 3489 1220 mendas
3517 1175 3573 1222 et

1988 1239 2202 1303 sanctas
2246 1231 2358 1286 Deo
2384 1231 2608 1288 reddere
2636 1231 2908 1289 valeamus
2932 1249 2963 1288 a
2990 1249 3096 1303 quo
3126 1244 3268 1289 tanta
3300 1237 3437 1289 bona
3479 1252 3572 1292 ac-

1988 1302 2228 1372 cepimus
2271 1317 2367 1372 pro
2414 1304 2512 1357 eis.
2542 1304 2731 1358 Mentis
2764 1302 3060 1360 sublevatio
3094 1316 3196 1369 εει,
3239 1321 3359 1361 cum
3386 1306 3454 1360 de
3490 1309 3573 1361 vi-

1988 1371 2232 1447 sibililius
2275 1371 2621 1447 sublevamur
2658 1375 2725 1429 ad
2764 1374 3065 1447 invisibilia.
3094 1375 3315 1445 Quando
3345 1392 3574 1447 namque

1987 1442 2410 1516 Consideramus
2439 1444 2722 1499 humanam
2755 1444 3063 1516 dignitatem
3084 1488 3099 1509 ,
3118 1442 3467 1502 'admirainur
3488 1442 3575 1501 ili-

1986 1513 2292 1588 gnationem
2324 1515 2449 1588 Dei,
2477 1517 2563 1583 qui
2596 1525 2701 1570 tam
2734 1513 3044 1588 mirabiliter
3071 1519 3384 1572 rationalem
3414 1518 3575 1588 spiri-

1988 1592 2099 1637 tum
2159 1584 2226 1637 ad
2270 1585 2553 1653 imaginem
2613 1597 2664 1641 et
2711 1587 3110 1642 similitudinem
3158 1603 3307 1643 suam
3352 1584 3573 1644 creavit.

1987 1653 2179 1731 olentis
2202 1656 2454 1731 alienatio
2480 1667 2563 1711 est
2584 1699 2599 1722 ,
2630 1657 2844 1731 quando
2872 1673 3033 1731 mens
3052 1674 3213 1731 super
3248 1674 3309 1715 se
3349 1660 3573 1731 rapitur.

1988 1724 2073 1799 De
2109 1727 2207 1799 hoc
2236 1727 2449 1799 “mentis
2480 1724 2712 1799 excessu
2736 1770 2749 1789 ,
2802 1728 2962 1783 homo
3004 1724 3187 1785 doceri
3230 1746 3335 1783 non
3368 1724 3572 1799 potest;

1985 1795 2109 1865 quia
2136 1796 2266 1850 nihil
2310 1797 2377 1851 ibi
2408 1797 2568 1852 habet
2596 1799 2698 1852 sui.
2730 1799 2804 1853 De
2833 1800 3027 1854 mentis
3055 1810 3233 1855 autem
3263 1795 3576 1857 dilatatione

1984 1866 2433 1940 et_su_blevatione
2475 1869 2663 1923 instrui
2692 1879 2896 1940 potest;
2937 1870 3058 1940 quia
3090 1870 3157 1924 ibi
3189 1871 3387 1940 aliquid
3418 1872 3575 1928 habet

1985 1937 2087 2010 sui.
2130 1936 2411 2010 [instruitur
2453 1949 2630 1995 autem
2674 1936 2969 2010 aliquando
2998 1941 3227 1995 lutmana
3274 1936 3531 1996 industria
3556 1984 3573 2008 ,

1984 2008 2269 2077 aliquando
2297 2009 2476 2082 divina
2508 2008 2831 2066 revelatioiie
2879 2027 2973 2065 seu
3016 2013 3382 2082 inspiratione.
3426 2011 3576 2067 Non-

1987 2094 2255 2149 nunquam
2291 2094 2419 2134 vero
2450 2081 2501 2134 in
2530 2082 2743 2150 specula
2772 2082 2949 2137 cordis
2975 2081 3169 2146 sui,’id
3196 2091 3299 2148 est,
3332 2084 3383 2137 in
3411 2085 3576 2138 ratio-

1986 2150 2309 2224 nali__mente
2356 2165 2414 2205 se
2444 2151 2616 2224 ipsum
2654 2161 2708 2207 et
2743 2153 3189 2224 Deumiinspicit.
3224 2153 3299 2207 lta
3346 2169 3578 2224 namque

1985 2219 2511 2294 conditum‘estcor
2552 2221 2803 2288 hominis,
2837 2235 2891 2277 nt
2929 2223 2981 2277 in
3008 2219 3073 2278 eo
3102 2224 3251 2294 quasi
3280 2224 3331 2278 in
3377 2219 3578 2293 templo

1988 2290 2244 2364 Dominus
2272 2291 2590 2347 iuhabitaret
2609 2334 2622 2354 .
2650 2302 2703 2348 et
2734 2302 2983 2361 tanquam
3016 2294 3066 2348 in
3093 2290 3322 2364 quodam
3358 2290 3579 2364 speculo

1987 2376 2085 2433 suo
2113 2361 2412 2433 reluccrct;
2439 2371 2497 2417 ut
2520 2364 2609 2432 qui
2636 2364 2687 2418 in
2716 2378 2774 2417 se
2799 2364 2962 2433 videri
2995 2361 3335 2433 non'poterat
3352 2405 3368 2430 ,
3389 2361 3455 2419 in
3480 2380 3576 2420 sua

1986 2431 2214 2505 imagine
2252 2433 2477 2486 visibilis
2512 2431 2814 2502 appareret.
2850 2432 3035 2505 Magna
3083 2431 3302 2504 prorsus
3347 2435 3577 2505 dignitas

1986 2502 2225 2576 hominis
2243 2512 2353 2567 est,
2390 2514 2602 2576 portare
2629 2505 2910 2574 imaginem
2940 2502 3051 2567 Dei,
3079 2502 3133 2559 et
3158 2506 3297 2559 illius
3326 2505 3379 2560 in
3404 2502 3467 2559 se
3490 2506 3577 2576 ju.

1984 2574 2119 2646 giter
2143 2573 2344 2627 vultum
2370 2574 2631 2644 aspicere,
2658 2573 2815 2645 atque
2841 2590 2965 2646 eum
2991 2590 3204 2644 semper
3227 2573 3576 2646 percontem-

1987 2643 2272 2712 plationem
2291 2654 2605 2713 praesentem
2617 2643 2837 2699 habere.
2862 2645 2965 2700 Sed
2986 2643 3262 2716 postquam
3279 2647 3578 2703 delectatio-

1986 2725 2366 2787 nemnostram
2390 2716 2440 2768 in
2479 2726 2674 2770 terram
2710 2716 2981 2786 peccando
3019 2718 3334 2786 sparsimus,
3372 2729 3574 2787 peccati

1986 2784 2158 2852 pulvis
2184 2786 2514 2855 superjectus
2538 2796 2621 2840 est
2640 2784 2787 2841 cordi
2816 2796 2998 2841 nostro
3023 2784 3123 2842 :‘et
3149 2787 3269 2842 ideo
3294 2784 3475 2843 abillo
3498 2789 3575 2843 in-

1988 2864 2151 2910 ternae
2196 2857 2663 2925 contemplationis
2707 2859 2923 2926 speculo
2969 2857 2986 2889 ¹
3033 2867 3344 2913 corruentes
3388 2858 3439 2913 in
3482 2861 3577 2913 has

1987 2927 2210 2980 miseras
2255 2928 2531 2995 praisentis
2574 2928 2695 2982 vita:
2741 2930 2989 2983 tenebras
3042 2929 3286 2994 labimur,
3331 2931 3416 2985 ubi
3469 2929 3578 2984 Deo

1985 2997 2145 3064 digne
2173 2997 2476 3053 ministrare
2506 3014 2611 3053 non
2643 2999 2901 3066 valemus,
2930 2999 3053 3067 quia
3076 2999 3231 3053 sorde
3261 3000 3570 3068 iniquitatis.

1986 3068 2211 3149 caligine
2232 3069 2553 3149 ignorantiae
2580 3069 2834 3133 obvoluti,
2858 3069 2984 3140 quid
3010 3070 3273 3149 agendum
3300 3071 3575 3149 velvitau-

1986 3137 2113 3210 dum
2159 3137 2312 3193 nobis
2356 3141 2453 3205 sit,
2500 3156 2565 3194 ex
2602 3156 2790 3210 magna
2834 3137 2984 3210 parte
3022 3137 3129 3210 jam
3171 3156 3274 3194 non
3314 3142 3575 3196 videmus.

1987 3208 2280 3279 Tergamus
2308 3224 2436 3280 ergo
2462 3208 2736 3280 Speculum
2782 3208 3034 3266 nostrum
3059 3210 3128 3265 ab
3154 3226 3336 3265 amore
3374 3214 3579 3266 vanita-

1990 3280 2075 3337 tis.
2097 3290 2159 3351 et
2200 3279 2269 3334 ab
2303 3279 2832 3351 amorc'iniquitatis,
2882 3282 2935 3336 id
2975 3289 3085 3348 est,
3137 3297 3167 3336 a
3212 3281 3429 3351 pulvere
3465 3292 3516 3338 et
3547 3299 3579 3337 ι

1988 3349 2147 3405 sorde
2171 3368 2185 3406 :
2218 3360 2274 3404 ut
2304 3351 2358 3405 in
2388 3366 2452 3406 eo
2479 3349 2740 3423 inspicere
2764 3353 3038 3407 valeamus
3062 3362 3116 3407 et
3139 3349 3256 3418 nos»,
3285 3363 3339 3408 et
3363 3354 3580 3408 Creato-

1987 3435 2100 3474 rem
2133 3430 2403 3489 nostrum,
2433 3438 2589 3490 quem
2632 3423 2899 3491 peccando
2942 3432 3060 3491 pest
3090 3431 3293 3492 tergum
3338 3434 3577 3480 nostrum

1986 3492 2281 3559 posuimus.
2328 3493 2516 3547 Aversi
2563 3494 2823 3563 siquidem
2864 3509 2892 3546 a
2943 3493 3055 3547 Deo
3096 3506 3315 3559 smnus;
3362 3504 3576 3563 peceata

1989 3571 2170 3615 nostra
2206 3574 2455 3634 separant
2488 3578 2584 3617 nos
2608 3564 2676 3618 ab
2700 3578 2787 3634 eo.
2821 3565 2886 3619 Et
2914 3564 3032 3618 ideo
3059 3578 3180 3618 cum
3209 3565 3463 3634 propheta
3495 3566 3577 3620 di-

1986 3646 2209 3686 oninus:
2260 3632 2501 3687 Converte
2542 3650 2671 3700 nos,
2720 3633 2858 3689 Deus
2904 3635 3143 3689 salutaris
3189 3632 3357 3690 uoster
3404 3633 3574 3703 (Psal.

1989 3718 2214 3774 Lxxxiv,
2238 3703 2317 3771 5).
2342 3702 2397 3757 Si
2425 3703 2676 3759 mulieres
2701 3705 2975 3774 speculum
3003 3721 3179 3768 suum,
3212 3706 3264 3759 in
3289 3722 3394 3774 quo
3414 3702 3580 3762 facies

1988 3773 2305 3838 inspiciunt,
2348 3788 2468 3829 cuin
2516 3773 2826 3839 amiserint,
2877 3775 3159 3844 diligenter
3204 3773 3473 3845 quierunt,
3524 3786 3581 3831 et

1987 3844 2199 3898 curiose
2226 3852 2440 3913 tergunt
2467 3860 2495 3898 a
2529 3846 2748 3913 pulvere
2775 3854 2829 3899 et
2855 3859 2882 3898 a
2902 3845 3071 3915 7501‘th
3102 3863 3115 3899 :
3148 3844 3317 3900 multo
3350 3847 3580 3915 amplius

1987 3914 2261 3982 speculum
2302 3915 2569 3969 interioris
2615 3915 2846 3969 hominis
2880 3914 3137 3970 debemus
3175 3924 3228 3969 et
3258 3914 3497 3971 invenire
3525 3926 3581 3971 e'.

1989 3992 2195 4053 tergere
2219 3995 2273 4039 et
2304 3985 2565 4054 inspicere
2591 4002 2605 4048 ;
2634 3986 2765 4040 utin
2793 4000 2858 4040 eo
2888 3994 3050 4055 totam
3083 3986 3458 4055 turpitudinem
3486 4000 3581 4040 no-

1988 4052 2152 4108 stram
2185 4052 2454 4128 valeamus
2485 4055 2907 4128 deprehendere,
2932 4052 3074 4110 etita
3106 4052 3198 4125 per
3221 4058 3579 4128 Cognitionetu

1988 4137 2229 4197 nostrain
2256 4126 2321 4197 ad
2346 4127 2703 4197 cognitionem
2733 4127 2823 4181 Dei
2855 4128 3150 4197 pervenire.

2059 4196 2282 4252 CAPUT
2304 4196 2433 4251 Llll.
2460 4196 2538 4250 Ad
2564 4198 2793 4251 notitiam
2814 4196 2893 4252 sui
2937 4198 3037 4250 duo
3089 4197 3387 4252 necessaria.
3413 4196 3583 4253 Homo

1990 4266 2153 4336 pulvis
2183 4280 2226 4320 et
2256 4268 2400 4321 cinis.
2436 4266 2627 4321 Gratia:
2658 4267 2752 4321 Dei
2769 4278 2959 4337 quanta
2996 4266 3281 4323 debeamus.
3310 4266 3435 4325 Ha'c
3450 4270 3585 4324 noti-

1988 4338 2059 4390 tia
2095 4338 2632 4411 parili/iumilitatem,
2669 4340 2997 4407 cltaritatcm,
3028 4350 3130 4394 etc.
3166 4340 3244 4411 (a)
3281 4340 3395 4393 Duo
3430 4341 3585 4397 nobis

1991 4410 2287 4482 necessaria
2323 4419 2539 4482 suntut
2578 4423 2676 4463 nos
2709 4425 3125 4482 cognoscamus,
3173 4410 3416 4482 videlicet
3453 4427 3589 4482 qua-

1990 4478 2066 4551 les
2091 4480 2259 4551 simus
2279 4478 2347 4534 ad
2369 4480 2586 4545 malum,
2609 4490 2664 4535 et
2682 4478 2865 4551 quaies
2886 4479 2950 4533 ad
2978 4482 3196 4536 bonum.
3221 4481 3378 4535 Proni
3400 4478 3587 4539 suuins

1989 4549 2054 4602 ad
2085 4550 2304 4615 malum,
2334 4560 2387 4604 et
2414 4553 2459 4605 si
2490 4549 2852 4605 misericordia
2885 4552 2974 4606 Dei
3008 4567 3113 4605 non
3147 4561 3352 4606 teneret
3381 4567 3501 4619 nos,
3529 4554 3579 4612 in

1989 4634 2149 4674 omne
2176 4621 2359 4691 vitium
2388 4636 2668 4691 possemus
2692 4621 2905 4689 cadere,
2935 4636 3034 4677 nec
3059 4621 3180 4676 inde
3206 4638 3450 4691 surgere,
3481 4623 3592 4681 nisi.

1990 4690 2355 4763 misericordia
2387 4690 2478 4746 Dei
2517 4693 2954 4763 subsequeretur,
2986 4709 3104 4761 qum
3133 4709 3227 4745 nos
3258 4690 3582 4763 sublevaret.

1994 4761 2105 4815 lloc
2129 4761 2265 4816 bene
2291 4763 2645 4828 cognoscebat
2671 4761 2923 4831 propheta
2944 4778 3065 4818 cum
3087 4763 3312 4828 dicebat,
3348 4762 3581 4825 Domine,

1990 4833 2335 4905 misericordia
2360 4843 2447 4885 tua
2471 4842 2586 4905 aute
2612 4834 2789 4905 oculos
2810 4850 2945 4887 meos
2976 4832 3158 4905 (Psal.
3186 4848 3314 4899 xxv,
3343 4831 3583 4905 3),_qua:

1990 4918 2074 4955 me
2095 4904 2379 4973 custodiat;
2397 4911 2471 4970 et,
2493 4904 2844 4957 Misericordia
2865 4914 2952 4955 tua
2971 4901 3300 4971 subsequatur
3311 4901 3577 4973 me'(Psal.

1991 4989 2099 5026 χχιι
2121 5014 2134 5036 ,
2164 4972 2253 5042 6),
2286 4989 2405 5041 qua:
2435 4990 2519 5027 me
2546 4974 2730 5039 erigat.
2766 4974 2982 5028 lnvalidi
3019 4988 3203 5027 sumus
3239 4973 3303 5029 ad
3346 4972 3540 5025 bonum
3562 5015 3579 5039 ,

1990 5058 2092 5099 nec
2116 5044 2230 5098 sine
2260 5043 2356 5098 Dei
2389 5044 2557 5113 gratia
2590 5043 2783 5097 bomnn
2816 5044 3009 5107 facere,
3042 5043 3126 5097 vel
3156 5044 3207 5096 in
3237 5044 3415 5113 aliquo
3440 5043 3581 5097 bono

1990 5129 2337 5185 perseverare
2361 5129 2664 5185 possumus.
2694 5114 2834 5167 Istud
2854 5114 3019 5185 etiam
3046 5114 3331 5185 Aposuilus
3357 5114 3579 5180 sciebat,

1988 5200 2107 5239 Cum
2130 5183 2373 5248 dicebat,
2388 5183 2564 5237 Gratia
2592 5184 2685 5237 Dei
2709 5202 2818 5238 sum
2844 5184 3055 5254 idﬁquod
3073 5199 3184 5236 sunt
3205 5200 3222 5254 ,f
3245 5192 3299 5235 et
3323 5185 3444 5251 quia
3465 5202 3582 5254 gra-

1990 5257 2059 5308 tia
2085 5256 2193 5326 ejus
2217 5256 2269 5307 in
2290 5271 2368 5307 me
2392 5270 2549 5326 vacua
2577 5271 2676 5307 non
2701 5255 2794 5326 fuit
2819 5254 2861 5324 (Ι
2883 5253 2999 5306 Cor.
3028 5270 3118 5326 xv,
3145 5252 3255 5322 10),
3278 5256 3441 5326 gratia
3466 5252 3583 5322 ejus

1990 5328 2042 5380 in
2075 5324 2159 5378 me
2190 5333 2387 5378 manet.
2420 5324 2565 5379 Hanc
2601 5324 2865 5393 geminam
2894 5324 3251 5393 cognitionem
3282 5326 3361 5377 sui
3398 5324 3583 5380 habuit

1988 5396 2256 5450 Abraham
2293 5410 2413 5450 cum
2449 5394 2651 5448 diceret
2679 5392 2927 5464 :HLoquar
2963 5392 3031 5447 ad
3070 5392 3347 5448 Dominum
3380 5412 3541 5449 meum
3563 5438 3580 5463 ,

1989 5484 2103 5520 cum
2127 5468 2222 5520 sim
2254 5464 2414 5535 pulvis
2439 5474 2485 5519 et
2515 5464 2640 5518 cinis
2670 5462 2820 5535 (Gen.
2851 5480 3003 5528 xvut,
3032 5464 3145 5534 27').
3180 5464 3379 5520 Revera
3414 5462 3583 5535 pulvis

1990 5548 2068 5591 est
2093 5538 2271 5590 homo.
2294 5537 2447 5589 Sicut.
2466 5537 2605 5588 enim
2635 5536 2804 5604 pulvis
2824 5551 2887 5590 ex
2912 5550 3243 5605 quacumque
3268 5545 3417 5605 parte
3439 5539 3582 5594 venti

1990 5607 2296 5678 impellitur,
2319 5614 2373 5661 et
2396 5606 2449 5659 in
2469 5606 2625 5659 aliam
2649 5621 2829 5661 aream
2851 5606 3114 5676 dejieitur,
3138 5615 3191 5661 et
3214 5606 3283 5660 ibi
3307 5620 3580 5664 remanet:

2053 5766 2070 5797 ι
2107 5758 2237 5823 Apud
2260 5767 2527 5823 ltugonem,
2565 5757 2953 5823 illa...speculm

2052 5826 2124 5889 (a)
2144 5820 2181 5918 ξι
2197 5820 2273 5871 ide
2308 5820 2424 5884 Aug.
2458 5823 2671 5878 Conless.
2700 5820 2866 5889 lib-.2,
2891 5844 2995 5894 cap.
3021 5832 3071 5893 ’γε
3099 5830 3206 5881 ωε
3249 5837 3298 5880 οι
3343 5825 3554 5880 summa

1992 5901 2098 5951 cap.
2130 5924 2153 5936 ..
2174 5908 2201 5931 ›.
