4106 6506
484 368 589 423 823

483 482 749 552 Quidquid
790 476 1009 552 expedit
1028 481 1088 531 et
1109 468 1364 552 quidquid
1390 466 1626 551 delectat
1646 506 1662 532 ,
1692 464 1763 549 ibi
1788 470 1928 552 est;
1948 479 2070 552 om:

486 538 582 609 sies
602 538 847 606 videlicet
864 538 1061 604 divitiae
1084 538 1144 617 et
1159 538 1583 617 delicigpmnis
1607 538 1816 605 requies
1836 545 1891 590 et
1908 549 2070 617 omne

485 625 752 679 solatium.
784 620 855 673 Ibi
880 628 963 672 est
986 614 1128 688 iugis
1151 611 1531 688 tranquillitas,
1556 622 1762 688 ammna
1788 611 2070 688 serenitas,

485 677 685 749 aitet-ua
725 677 1030 758 iucunditas
1049 677 1074 751 ζ
1096 677 1351 758 jucunda
1372 691 1427 758 et
1470 680 1663 758 decora
1687 677 1947 758 _lau.dati.o
1971 718 1985 738 ,
2019 684 2075 729 et

485 745 639 834 plena
662 745 897 815 omnium
920 745 1181 813 bonorum
1201 752 1455 834 cognitio:
1472 748 1699 834 Quid-ibi
1711 748 1864 834 enim
1885 745 2075 834 deesse

486 817 706 904 potest.
730 832 819 904 ubi
853 832 991 884 Deus
1031 835 1154 890 est,
1196 817 1292 878 cui
1313 821 1443 904 nihil
1486 820 1677 904 deest?
1708 817 2073 904 ρμοξιιμιριψί

485 887 611 959 sunt
634 945 649 967 ,
678 887 751 957 dii
790 910 915 955 sunt
944 917 959 952 :
993 912 1093 952 nec
1120 887 1337 967 necesse
1365 900 1447 947 est
1473 900 1529 945 ut
1550 890 1690 967 alter
1711 890 1855 967 dicat
1879 887 2030 967 alteri
2056 926 2072 951 ,

484 958 740 1044 Cognosce
786 970 1061 1025 Dominum
1109 964 1319 1044 (fierem.
1352 976 1476 1016 χχχι
1499 1002 1515 1024 ,
1549 958 1666 1044 βαι).
1704 959 1904 1044 Omnes
1932 958 2075 1044 enim

486 1030 816 1113 cognoscunt
843 1056 987 1113 eum,
1012 1048 1068 1092 et
1092 1030 1273 1113 vident
1296 1052 1309 1113 ε
1333 1046 1521 1113 omnes
1548 1030 1763 1113 laudant
1787 1038 1843 1113 et
1870 1038 2072 1113 amant.

486 1098 827 1183 Ctignoscuut
853 1098 1201 1183 siue'errore,
1226 1103 1404 1183 vident
1431 1103 1545 1183 sine
1573 1100 1696 1161 line,
1724 1098 1937 1183 laudant
1959 1098 2076 1183 sine

490 1169 796 1239 fati’eatione
821 1223 834 1243 ,
864 1188 1045 1234 amant
1081 1179 1197 1230 sine
1226 1173 1458 1229 fastidio.
1490 1172 1716 1243 Semper
1736 1169 1939 1243 _v_i_dcnt
1962 1208 1978 1233 ,
2021 1174 2077 1243 et

488 1237 702 1324 semper
729 1237 912 1324 videre
955 1247 1296 1309 desiderant;
1331 1252 1436 1297 tam
1484 1237 1857 1295 desiderabilis
1879 1237 2075 1324 ‘est_ad

488 1308 795 1379 videndum.
834 1323 1057 1388 Semper
1086 1324 1265 1389 amant
1288 1357 1303 1379 ,
1336 1324 1394 1389 et
1413 1327 1625 1389 semper
1657 1325 1837 1364 amare
1861 1308 2076 1389 deside-

489 1406 608 1449 rant
634 1412 648 1457 ;
682 1404 786 1447 tam
812 1380 982 1447 dulcis
1007 1397 1089 1443 est
1114 1387 1179 1442 ad
1205 1385 1510 1457 amandum.
1534 1380 1604 1436 Et
1629 1389 1832 1457 quanto
1852 1380 2079 1457 amplius

488 1450 670 1518 amant
694 1507 708 1524 .
742 1472 888 1517 tanto
916 1461 1084 1524 magis
1124 1472 1306 1511 amare
1330 1455 1554 1517 volunt;
1604 1463 1708 1504 tam
1739 1450 2079 1524 delectabilis

488 1475 670 1518 amant
694 1507 708 1524 .
742 1475 888 1517 tanto
916 1476 996 1514 ma
1041 1475 1084 1512 Is
1124 1475 1306 1511 amare
1331 1475 1554 1517 VOIuttt;
1605 1475 1708 1504 tam
1749 1475 2079 1505 uacuam":

488 1546 570 1588 est
595 1536 662 1588 ad
690 1475 1203 1605 fruendumﬁnbac
1228 1524 1585 1605 delectatione
1601 1521 1948 1605 requiescunt
1968 1519 2081 1588 ple-

489 1606 542 1659 ni
590 1607 737 1670 Deo,
772 1603 911 1672 pleni
954 1596 1496 1673 omnibenedietione
1536 1600 1593 1649 et
1629 1591 2076 1673 sanctiﬁcatione.

488 1662 840 1730 Aillimreiitcs
866 1686 1078 1741 semper
1106 1666 1411 1743 beatitudini
1437 1706 1453 1729 ,
1481 1674 1605 1719 sunt
1629 1662 1806 1743 bigati;
1838 1670 2082 1743 contem-

491 1746 696 1812 plantes
721 1759 934 1811 semper
959 1733 1333 1812 alternitatem,
1355 1744 1483 1812 sunt
1507 1733 1693 1789 :nterni
1718 1748 1734 1795 ;
1763 1733 1930 1812 juncti
1954 1746 2081 1785 vero

492 1804 677 1870 lumini
705 1858 720 1880 ,
751 1804 872 1870 facti
899 1820 1023 1867 sunt
1048 1811 1135 1865 lux
1159 1825 1175 1873 ;
1206 1808 1523 1880 aspicientes
1548 1818 1761 1880 semper
1786 1804 2083 1880 incom_mu-

491 1871 831 1949 tabilitatem,
860 1882 1047 1937 mutati
1077 1871 1201 1954 sunt
1228 1871 1911 1954 in_incommutabilitatem.
1934 1871 2079 1926 Tan-

494 1968 548 2010 to
584 1944 872 2018 libentius,
917 1962 1117 2023 quanto
1159 1949 1405 2023 dulcius,
1447 1947 1595 2023 illum
1634 1944 1936 2023 aspiciunt,
1982 1956 2080 2023 cu;

494 2027 577 2095 ius
617 2010 1005 2095 aspectus'pi'us
1030 2021 1236 2095 ,_facies
1261 2010 1457 2095 decora
1478 2057 1492 2077 ,
1524 2010 1792 2095 eloquium
1823 2013 1994 2067 dulce.
2036 2010 2083 2068 0

515 2044 577 2080 IIS
617 2044 865 2095 aspectus
889 2044 1005 2092 pIUS
1030 2064 1044 2086 ,
1077 2044 1236 2075 muttis
1261 2044 1453 2072 ucuuril
1478 2057 1492 2077 ,
1524 2044 1792 2085 Ctuqmum
1823 2044 1994 2067 uuwc.
2036 2044 2082 2068 U

489 2044 647 2151 Iieata
682 2097 815 2149 visio
843 2094 1022 2148 videre
1050 2093 1247 2160 Regem
1294 2088 1617 2160 Angelorum
1661 2086 1712 2139 in
1749 2084 1943 2138 decore
1983 2098 2082 2138 suo

493 2166 645 2236 (Isai.
693 2182 858 2221 χχχιιι
884 2207 897 2228 ,
934 2166 1020 2231 17)
1046 2204 1059 2223 ,
1095 2159 1900 2236 videresanctumsanctorum
1926 2197 1941 2219 ,
1987 2170 2084 2236 per

491 2226 651 2318 quem
697 2226 894 2291 omnes?
924 2226 1046 2288 sunt
1088 2232 1255 2314 sancti
1340 2226 1712 2318 Illunyvide-re
1750 2240 1955 2318 summa
2001 2226 2081 2318 fe-

493 2299 667 2363 licitas
695 2317 815 2375 est,
862 2320 1069 2362 sunnna
1096 2301 1398 2374 jucunditas
1420 2340 1435 2366 ,
1465 2299 1575 2354 vita
1604 2307 1804 2352 aeterna
1828 2338 1843 2363 ,
1889 2304 1945 2351 et
1971 2299 2082 2350 vita

492 2377 667 2433 beata.

562 2448 793 2504 CAPUT
856 2445 1033 2503 LVIII.
1094 2443 1392 2499 Gratulatur
1454 2440 1550 2511 piis
1612 2437 1718 2493 Deo
1778 2437 2079 2511 ﬂuentibus.

494 2517 753 2573 Gaudium
792 2536 939 2573 suum
968 2516 1239 2589 inexpertis
1265 2508 1513 2589 nequeant
1541 2525 1798 2564 enarrare.
1841 2508 2083 2589 Gaudete

492 2600 547 2643 et
587 2592 849 2644 exsultate
874 2625 889 2650 ,
913 2589 1040 2659 justi
1066 2577 1230 2655 {quia
1250 2577 1468 2659 “videtis
1511 2596 1669 2659 quem
1701 2580 1920 2633 amastis
1944 2620 1959 2639 ,
1989 2577 2084 2631 ba-

493 2660 632 2715 betis
673 2676 833 2730 quem
860 2654 1203 2731 desiderastis
1230 2656 1317 2710 diu
1344 2697 1358 2720 ,
1387 2654 1583 2707 tenetis
1622 2666 1781 2721 quem
1813 2664 2081 2731 nunquam

493 2720 742 2786 amittere
788 2731 1005 2785 timetis.
1048 2729 1333 2801 Propterea
1357 2734 1582 2801 __cantate
1606 2720 1661 2775 et
1702 2720 1961 2801 exsultate
1990 2721 2037 2773 ei
2065 2760 2080 2801 ,

494 2803 745 2871 quoniam
792 2802 906 2872 ipse
947 2808 1032 2854 est
1060 2792 1314 2872 Dominus
1357 2796 1498 2872 Deus
1522 2803 1696 2846 vester
1739 2792 2006 2872 glpriosus
2030 2800 2085 2844 ct

494 2861 789 2940 speciosus,
812 2861 933 2942 ipse
961 2880 1045 2925 est
1082 2870 1226 2923 salus
1250 2878 1304 2921 et
1331 2867 1457 2942 vita,
1488 2866 1730 2942 honoret
1758 2861 1949 2942 gloria,
1979 2875 2084 2930 pax

494 2931 551 2996 ei.
581 2946 758 2997 omnia
778 2931 948 2997 'bdna.
976 2942 1179 3012 Quanta
1209 2954 1310 3012 pax
1336 2936 1406 3012 ibi
1432 2946 1537 3012 est,
1566 2934 1653 2987 ubi
1688 2931 1820 3012 nulli
1849 2942 2082 3012 vestrum

495 3014 781 3084 quidquam
815 3002 1073 3081 repugnat
1097 3010 1178 3063 vel
1211 3002 1518 3084 ab_alio_vel
1548 3019 1575 3084 ξι
1606 3005 1822 3084 seipsp,
1848 3002 1940 3084 sed
1971 3003 2085 3068 ipse

500 3071 755 3137 Dominus
781 3071 916 3155 regit
940 3071 1036 3135 vos
1063 3120 1078 3144 ,
1106 3078 1315 3155 e_t_nihil
1344 3076 1495 3131 vobis
1532 3071 1907 3155 deeritiPsal:
1932 3087 2081 3155 sui,

500 3155 596 3223 ην
629 3155 743 3223 Ipse
768 3142 1032 3223 disvposuit
1063 3142 1216 3223 vobis
1245 3162 1466 3217 regnum
1493 3187 1509 3223 ε
1527 3155 1592 3223 ut
1614 3142 1785 3197 edatis
1801 3150 1869 3223 et
1896 3142 2087 3223 bibatis

495 3212 663 3296 super
680 3212 917 3278 mensam
935 3222 1162 3296 suamin
1179 3212 1341 3288 regno
1364 3232 1462 3296 suo
1494 3212 1890 3296 (Luc.;xn,_2§l,
1909 3222 1951 3265 et
1968 3212 2082 3294 .30).

496 3284 721 3350 Gustate
744 3310 874 3364 ergo
897 3337 912 3362 ,
944 3303 996 3347 et
1024 3291 1200 3345 videte
1224 3284 1487 3364 quoniam
1515 3286 1694 3364 suavis
1714 3294 1803 3364 _est
1833 3284 2087 3364 Dominus

501 3365 672 3435 (Psat.
708 3354 911 3425 xxxiii,
963 3366 1042 3426 9).
1076 3354 1386 3435 Suavisest
1425 3357 1490 3412 ad
1535 3354 1822 3410 videndum
1848 3395 1863 3419 ,
1898 3354 2087 3435 _su_avis

498 3424 583 3492 est
610 3437 674 3491 ad
705 3424 1041 3506 gustandum.
1089 3432 1198 3487 Nec
1239 3430 1342 3484 dici
1385 3436 1559 3506 potest
1597 3435 1849 3505 quantam
1897 3424 2089 3506 habent

499 3512 553 3561 in
581 3494 736 3577 gustu
780 3508 1107 3577 voluptatem
1134 3544 1147 3565 ,
1175 3494 1425 3577 quantam
1457 3500 1507 3551 in
1554 3494 1761 3577 sap-ore
1784 3494 2090 3577 jucundita-

499 3566 609 3632 teni
635 3620 648 3640 ,
678 3566 927 3647 quantam
961 3578 1012 3630 in
1043 3566 1207 3629 odore
1250 3572 1585 3647 suavitatem.
1632 3566 1817 3647 Tautze
1858 3566 2089 3647 suavita:

500 3650 567 3701 lis
614 3634 1085 3719 magnitudinetn,_
1103 3659 1199 3698 vos
1244 3642 1334 3719 qui
1363 3640 1570 3719 experti
1596 3637 1727 3719 estis
1752 3676 1768 3699 ,
1817 3634 2088 3702 nobisqui

500 3710 769 3787 nunquan
815 3720 920 3773 tale
962 3716 1088 3787 quid
1131 3710 1499 3787 gustavimus,
1545 3710 1943 3787 intimarenon
1989 3722 2088 3775 po-

499 3780 670 3844 testis.
700 3780 1038 3859 'I‘anquatn'si
1067 3780 1186 3859 quis
1210 3780 1743 3859 mellisdulcediuem
1766 3780 1813 3829 ei
1834 3780 1926 3859 qui
1953 3792 2089 3828 nun-

536 3877 655 3915 uam
704 3848 857 3915 dulce
900 3848 1441 3930 gustaverit_,__verbis
1485 3852 1720 3930 indicare
1764 3848 1929 3912 velit,
1961 3862 2088 3916 pro-

519 3924 637 3987 i:cto
665 3948 763 3986 nec
808 3924 1147 3995 ille'saporis
1194 3926 1334 4000 illius
1360 3924 1675 4000 suavitatem
1702 3932 2089 4000 ,"quarnutun-

496 4019 656 4072 quam
678 4018 773 4056 ore
803 3987 1039 4071 percepit
1063 4041 1077 4064 ,
1110 3998 1328 4072 auribus
1353 3992 1527 4061 capiet
1551 4005 1694 4071 ;-nec
1726 3989 1827 4072 illnc.
1851 3987 2089 4072 dulcedi:

501 4059 620 4128 riem
648 4115 661 4135 ,
693 4059 852 4142 quain
874 4059 1049 4142 jusius
1065 4059 1341 4139 voluptate
1366 4059 1615 4133 cognovit
1638 4102 1652 4127 ,
1683 4059 1862 4114 verbis
1894 4059 2091 4127 poterit

500 4145 753 4199 iudicare.

569 4198 794 4268 CAPUT
837 4211 969 4266 LIX.
1020 4208 1254 4264 Miseria:
1296 4222 1416 4261 ruas
1468 4204 1716 4273 deplorat.
1741 4198 2089 4273 Invocatsan-

498 4294 623 4338 clas.
674 4283 858 4337 Mentis
918 4282 1226 4353 mutabilitas
1272 4277 1445 4341 unde,
1485 4270 1541 4328 et
1584 4271 1705 4353 quid
1771 4286 1860 4353 nos
1916 4270 2084 4353 deret.

502 4358 579 4425 (τι)
614 4353 703 4425 va:
718 4353 845 4407 mihi
863 4353 1080 4425 misero,
1106 4350 1192 4421 qui
1210 4362 1476 4425 nunquam
1496 4344 1669 4425 sentio
1687 4341 1833 4421 quod
1858 4341 2086 4425 sentitis,

501 4411 599 4479 nec
639 4424 710 4479 ibi
741 4439 859 4477 sum
906 4422 994 4476 ubi
1021 4411 1308 4475 vos'estis!
1342 4411 1396 4469 In
1427 4418 1546 4470 loco
1574 4411 2006 4479 refrigerii.|ucis
2035 4419 2093 4463 et

501 4496 647 4566 pacis
679 4508 775 4548 vos
814 4494 947 4548 estis
969 4535 984 4557 ,
1016 4492 1103 4545 ubi
1147 4505 1267 4566 esse
1291 4499 1526 4566 vestrum
1557 4497 1660 4537 non
1692 4481 1908 4535 habebit
1947 4496 2094 4533 mor-

502 4558 632 4633 iem,
666 4580 827 4620 nosse
852 4572 1085 4618 vestrum
1110 4558 1467 4633 nonhabebit
1491 4568 1751 4633 errorem,
1783 4566 1965 4633 amare
1997 4566 2090 4604 ve-

500 4624 668 4691 strum
697 4653 801 4690 non
829 4635 1041 4688 habebit
1062 4631 1431 4692 offensionem,
1455 4624 1700 4695 gaudium
1728 4630 1959 4695 vestrum
1985 4636 2091 4674 nun

502 4709 720 4763 habebit
748 4720 1033 4761 maerorem
1070 4720 1083 4756 :
1116 4718 1215 4772 ego
1240 4713 1366 4754 vero
1395 4699 1447 4773 in
1462 4693 1689 4773 regione
1720 4693 1921 4773 umbrae
1948 4707 2093 4745 inor-

500 4781 569 4833 tis
597 4779 778 4833 nescio
820 4777 979 4830 linem
1008 4765 1185 4829 meum
1212 4813 1225 4836 ,
1271 4768 1454 4824 nescio
1483 4768 1528 4821 si
1567 4765 1759 4836 dignus
1781 4765 1882 4836 sim
1910 4777 2094 4816 amore

498 4850 585 4905 vel
632 4849 757 4903 odio
784 4848 1001 4919 (Eccte.
1027 4860 1082 4900 ιι
1108 4886 1122 4912 ,
1156 4834 1252 4919 1))
1293 4840 1475 4919 nescio
1502 4835 1715 4919 quando
1759 4834 1826 4919 de
1855 4848 2094 4919 'corpore

502 4903 766 4989 egrediar.
788 4903 1071 4988 ‘Egrediar
1095 4903 1120 4979 ,’
1144 4903 1248 4969 sed
1266 4911 1449 4966 nescio
1484 4903 1699 4989 quando
1722 4945 1736 4968 ,
1767 4915 1823 4958 et
1852 4903 2094 4989 fortassis

502 4984 617 5046 dies
644 4992 742 5044 iste
768 4984 1052 5059 supremus
1076 4994 1157 5040 est
1188 5001 1202 5038 :
1234 4988 1792 5059 pramercati-emeris
1815 4984 2095 5059 etpaveus

500 5045 738 5132 quotidie
760 5045 986 5115 min-tem
1009 5045 1283 5132 exspecto,
1304 5045 1423 5123 qua:
1449 5051 1644 5132 ubique
1666 5045 2052 5132 mihi‘miuatt‘ir
2077 5060 2089 5107 ;

500 5116 772 5186 diabolum
800 5116 1343 5200 suspectum'babeo',
1376 5122 1465 5193 qui
1487 5116 1695 5200 tibique
1721 5116 1849 5170 mihi
1878 5116 2095 5200 insidia-

502 5214 626 5265 tur;
663 5205 824 5257 timeo
850 5192 911 5255 et
942 5214 1170 5271 pavesco
1196 5192 1861 5271 ultimamdiscussioneur
1879 5196 1931 5239 et
1964 5192 2093 5265 iram

500 5261 730 5329 districti
775 5261 966 5341 judicis
990 5312 1005 5337 ,
1039 5285 1106 5323 ne
1133 5284 1229 5337 pro
1260 5264 1491 5341 peccatis
1532 5261 1665 5314 meis
1696 5261 1997 5341 mittatune

502 5326 802 5415 gehennam
847 5326 1008 5415 ignis;
1034 5342 1097 5394 Et
1126 5326 1533 5414 sicut-indicare.
1563 5347 1667 5413 non
1717 5326 2094 5415 potestismilii

502 5401 751 5481 Zandunn
779 5424 833 5467 et
866 5401 1101 5466 iaatitiam
1133 5416 1459 5481 vestramne
1488 5401 1691 5455 visione
1718 5401 1810 5453 Dei
1844 5416 1858 5452 :
1891 5401 1975 5481 sic
1997 5406 2097 5481 ego

504 5476 832 5539 sufﬁcienter
873 5498 978 5536 non
1011 5495 1225 5553 possum
1262 5476 1413 5553 vobis
1451 5486 1721 5553 exponere
1750 5476 2098 5553 necessuates

505 5567 559 5607 et
587 5557 921 5609 infirmitates
944 5547 1290 5624 quas‘patior,
1314 5547 1631 5624 iniquitates
1655 5550 1708 5594 ct
1737 5549 1954 5624 peceata
1979 5554 2097 5605 qua:

506 5629 627 5689 feci,
659 5627 843 5694 culpas
869 5634 922 5677 ct
949 5617 1182 5675 inlinitas
1212 5617 1559 5687 negligentias
1584 5626 1717 5681 quas
1742 5625 1843 5678 egi,
1873 5619 1928 5663 et
1961 5624 2097 5678 quo-

568 5784 641 5839 (ιι)
674 5788 827 5835 ιιυμειι,
857 5778 939 5825 lib.
972 5775 1003 5824 Ξ
1024 5775 1087 5823 de
1111 5782 1316 5839 sacram.
1342 5768 1454 5818 fidei
1472 5782 1554 5839 ,p.
1583 5766 1673 5839 t8,
1699 5778 1805 5839 cap.
1826 5764 1901 5813 21.
1942 5764 2100 5839 μίσει

511 5827 657 5894 suae}.
683 5827 843 5900 mai,
862 5842 944 5897 qui
962 5839 1085 5888 liber
1105 5843 1181 5887 est
1192 5832 1315 5895 apud
1338 5839 1459 5894 aug.
1480 5827 1565 5880 lib.
1591 5832 1611 5879 1
1631 5830 1696 5877 de
1708 5828 2006 5889 Anima,cap.
2026 5827 2097 5876 10.

1945 348 2311 406 APPENDIX.

3666 353 3770 412 891

2185 466 2314 521 tidie
2340 464 2701 522 indesinenter
2727 481 2827 537 ago
2853 464 3036 531 corde,
3065 481 3181 530 ore,
3209 478 3394 537 opere,
3422 475 3477 524 et
3501 467 3617 524 fere
3654 484 3770 524 om.

2182 538 2337 591 nibus
2358 537 2530 592 modis
2556 539 2748 607 quibus
2774 539 3001 591 humana
3027 538 3284 607 fragilitas
3310 541 3474 593 Deum
3495 539 3770 597 offendere

2180 616 2375 677 potest.
2410 607 2513 661 Vos
2542 609 2700 677 igitur
2728 612 2816 677 qui
2846 609 3113 662 meruistis
3137 620 3416 663 consortes
3441 609 3555 664 fieri
3582 625 3771 677 super-

2183 694 2370 732 norum
2414 679 2609 733 civium
2635 719 2650 740 ,
2682 688 2737 732 et
2779 679 2973 747 perfrui
3005 688 3219 733 :eternze
3261 680 3518 734 claritatis
3558 681 3724 749 gloria
3750 723 3767 749 ,

2182 759 2331 803 orate
2363 764 2459 816 pro
2487 764 2574 804 me
2598 750 2663 803 ad
2694 750 2994 816 Dominum,
3018 761 3075 803 ut
3099 750 3289 804 educat
3317 766 3402 803 me
3425 751 3493 805 de
3514 751 3620 805 isto
3646 767 3768 805 car-

2181 833 2325 890 cere,
2356 821 2407 873 in
2433 834 2539 886 quo
2566 828 2751 874 teneor
2778 822 3020 887 captivus
3044 830 3100 874 et
3129 820 3317 890 ligatus
3348 818 3499 887 (Gen.
3531 837 3620 885 ιι,
3653 823 3765 890 Η).

2182 888 2328 943 Mens
2370 900 2567 943 etenim
2597 905 2737 943 ca-ca
2765 899 2820 944 et
2848 904 2976 957 vaga
3016 901 3097 944 est
3124 932 3139 956 ,
3168 888 3425 960 qualitate
3460 906 3644 946 earum
3686 888 3771 947 re-

2184 976 2299 1013 rum
2329 974 2460 1030 quas
2489 961 2744 1029 respicit,
2777 961 3049 1026 variatur;
3083 970 3136 1015 et
3173 960 3323 1030 juxta
3354 962 3493 1031 quod
3540 962 3761 1031 aspicit,

2182 1031 2433 1102 cogitatio
2478 1031 2620 1084 illius
2665 1045 2961 1100 sensusque
3007 1040 3305 1102 mutatur:
3354 1046 3583 1102 cumque
3626 1043 3769 1089 stare

2184 1100 2236 1154 in
2265 1103 2549 1170 semetipsa
2580 1102 2763 1155 nititur
2786 1143 2800 1165 ,
2833 1116 2861 1153 a
2892 1102 3177 1170 semetipsa
3220 1101 3398 1170 aliquo
3424 1100 3584 1156 modo
3607 1104 3766 1158 etiam

2184 1172 2471 1225 nesciendo
2516 1171 2822 1236 derivatur;
2870 1181 2925 1226 et
2968 1172 3037 1225 ab
3082 1187 3399 1242 unaquaque
3445 1189 3505 1225 re
3551 1174 3638 1227 cui
3685 1174 3766 1227 in-

2185 1244 2389 1303 tendit,
2444 1242 2656 1295 fastidio
2705 1242 3010 1311 impellente
3061 1253 3388 1297 removetur.
3442 1243 3577 1297 Dum
3627 1245 3769 1298 enim

2185 1312 2451 1383 inbianter
2488 1311 2785 1383 cogitanda
2842 1314 3093 1382 appetit,
3155 1322 3211 1369 et
3266 1323 3485 1381 repente
3540 1316 3770 1383 cogitata

2186 1382 2425 1449 fastidit,
2467 1382 2690 1438 docetur
2734 1383 2877 1453 quod
2921 1384 3137 1439 aliunde
3179 1384 3411 1452 pendet,
3454 1382 3633 1453 ibique
3676 1401 3770 1453 po-

2185 1454 2285 1507 sita
2336 1471 2438 1507 non
2488 1455 2793 1524 requiescit.
2844 1453 2924 1507 Ad
2973 1454 3139 1507 Deum
3187 1455 3382 1524 quippe
3430 1455 3603 1508 solum
3649 1470 3770 1509 sus-

2185 1540 2347 1605 pensa
2393 1534 2475 1579 est
2500 1522 2578 1605 ,_a
2604 1539 2711 1605 quo
2753 1522 2979 1579 formata
3012 1532 3117 1605 est.
3161 1522 3265 1605 Sed
3296 1524 3418 1594 quia
3444 1541 3604 1605 omne
3630 1525 3770 1605 quad

2185 1594 2319 1666 infra
2364 1596 2601 1663 appetit,
2626 1594 2810 1649 minus
2854 1605 2935 1648 εει
2958 1635 2973 1659 ,
3004 1596 3123 1663 jure
3160 1597 3212 1651 ei
3242 1611 3348 1666 non
3391 1596 3587 1650 sufficit
3623 1596 3776 1666 quid-

2184 1665 2309 1733 quid
2353 1666 2492 1720 Dens
2522 1680 2626 1719 non
2658 1674 2760 1720 est.
2805 1665 2939 1719 Ilinc
2977 1675 3059 1719 est
3087 1666 3229 1733 quod
3260 1665 3362 1720 huc
3405 1666 3528 1720 illuc
3566 1665 3775 1735 diSper-

2185 1736 2325 1802 gitur
2346 1777 2361 1801 ,
2392 1744 2447 1790 et
2491 1750 2585 1804 per
2628 1736 2829 1789 inlinita
2858 1735 3170 1789 distrahitur
3195 1777 3211 1800 ,
3243 1751 3491 1805 quzercns
3535 1737 3773 1805 requiem

2188 1805 2275 1860 ubi
2318 1822 2422 1860 non
2458 1816 2560 1861 est.
2609 1806 2984 1861 Delectationis
3010 1806 3257 1861 videlicet
3283 1821 3493 1861 amoena
3538 1808 3769 1876 quzerit,

2185 1892 2291 1944 quo
2322 1887 2525 1946 pauset.
2565 1877 2669 1932 Sed
2715 1877 2835 1944 quia
2879 1891 3042 1930 unum
3075 1877 3238 1931 Deum
3264 1917 3279 1940 ,
3310 1893 3468 1946 quem
3499 1878 3772 1931 sufficien-

2188 1956 2271 2001 ter
2298 1948 2495 2001 habere
2538 1958 2783 2017 poterat,
2813 1947 3132 2016 dereliquit,
3166 1962 3307 2001 nunc
3352 1950 3634 2017 permulta
3674 1949 3772 2001 du-

2184 2016 2360 2083 citur;
2394 2029 2451 2072 ut
2496 2016 2618 2086 quia
2646 2018 2900 2088 qualitate
2948 2032 3125 2071 rerum
3169 2016 3365 2073 satiari
3399 2033 3503 2072 non
3555 2028 3772 2088 potest,

2188 2090 2374 2142 saltem
2410 2090 2665 2143 varietate
2694 2089 2935 2142 satietur.

2255 2158 2482 2214 CAPUT
2531 2159 2639 2214 LX.
2700 2158 2885 2213 Mentis
2932 2158 2999 2211 ad
3048 2159 3280 2213 'ctetestia
3334 2160 3630 2214 revocandae
3686 2176 3779 2213 ne-

2185 2230 2408 2283 cessitas.
2440 2231 2691 2299 Aspiratio
2717 2230 2769 2283 in
2796 2228 2851 2282 id
2879 2230 3083 2300 negotii.
3113 2230 3235 2283 Caeli
3285 2231 3466 2299 gloria.
3494 2228 3781 2284 Caelestinum

2187 2301 2369 2354 civium
2400 2303 2604 2371 gaudia.
2634 2301 2919 2369 Propterea
2951 2315 3170 2354 necesse
3196 2310 3284 2354 est
3315 2310 3372 2355 ut
3402 2311 3634 2355 mentem
3686 2316 3783 2355 no-

2187 2382 2352 2425 Stram
2378 2387 2470 2439 per
2488 2371 2695 2425 diversa
2721 2384 2959 2440 sparsnm
2998 2371 3326 2440 colligamus,
3349 2372 3475 2425 etin
3498 2386 3606 2425 uno
3620 2380 3780 2427 teter-

2187 2443 2364 2495 uitatis
2384 2442 3059 2510 desideriocomponamus.
3092 2440 3146 2495 In
3175 2443 3621 2511 contemplatione
3642 2457 3784 2496 nam-

2186 2529 2289 2578 que
2308 2512 2575 2567 Creatoris
2598 2514 2699 2568 hoc
2718 2512 2957 2579 adepturi
2979 2527 3163 2567 sumus
3183 2526 3413 2581 semper,
3431 2523 3487 2566 ut
3505 2529 3604 2566 una
3635 2530 3781 2567 meu-

2189 2583 2257 2637 tis
2292 2584 2578 2637 stabilitate
2620 2582 2985 2649 perfruamur;
3019 2582 3119 2637 hoc
3153 2593 3252 2647 νει,
3276 2598 3397 2637 cum
3434 2583 3616 2638 labore
3644 2597 3783 2638 nunc

2186 2663 2441 2707 conantes
2490 2656 2775 2716 imitemur,
2804 2653 2943 2723 quod
2976 2663 3096 2722 post
3136 2652 3190 2707 in
3229 2669 3450 2707 munere
3489 2653 3781 2723 gaudentes

2187 2726 2527 2793 accipienms.
2550 2727 2734 2779 Annos
2763 2726 2940 2791 itaque
2985 2735 3200 2778 nostros
3226 2724 3454 2778 terrenis
3481 2724 3782 2779 subducere

2187 2796 2331 2849 curis
2377 2796 2706 2855 studeamus.
2748 2796 3047 2849 subducere
3083 2796 3358 2855 momnis,
3385 2804 3442 2848 ut
3476 2795 3525 2848 in
3562 2795 3780 2850 civitate

2189 2865 2397 2919 Demini
2428 2867 2679 2919 virtutum
2722 2865 2881 2919 liceat
2908 2866 3034 2918 hora
3068 2880 3169 2918 una
3191 2866 3272 2920 vel
3303 2866 3544 2927 dimidia.
3577 2867 3780 2935 cogita—

2191 2937 2332 2990 tiOue
2349 2946 2401 2989 et
2429 2937 2681 2989 aviditate
2725 2936 2947 2991 versari.
2973 2935 3403 2998 Consideremus,
3430 2946 3485 2988 et
3523 2947 3779 3006 quantum

2192 3022 2473 3073 possumus
2527 3007 2873 3067 aestimemus.
2920 3006 3090 3076 qualis
3137 3007 3207 3061 sit
3244 3007 3329 3060 illa
3367 3007 3555 3076 gloria,
3588 3016 3779 3078 quanta

2189 3078 2393 3142 ltetitia,
2430 3093 2549 3147 qua:
2583 3078 2913 3141 solemnitas,
2944 3093 3063 3146 quae
3110 3078 3401 3137 veneratio,
3432 3078 3574 3146 quod
3617 3079 3782 3148 tripu-

2190 3148 2332 3201 dium
2386 3150 2580 3202 civium
2624 3164 2998 3216 supernorum,
3041 3149 3129 3218 qui
3185 3148 3398 3202 assidue
3455 3149 3779 3203 Dominaturi

2192 3219 2400 3273 laudent
2467 3218 2760 3287 perferunt,
2804 3218 3060 3272 honorem
3116 3218 3383 3285 deferam,
3444 3220 3780 3274 devotionem

2189 3290 2441 3351 offerunt,
2469 3290 2790 3358 depromunt
2818 3290 3089 3343 canticum
3135 3304 3353 3353 novum,
3382 3291 3649 3343 canticum
3692 3292 3783 3344 lte-

2191 3361 2343 3426 titi:e,
2372 3361 2725 3414 inaestimabili
2779 3360 3006 3428 quodam
3050 3361 3303 3423 clamore,
3346 3362 3467 3429 quia
3502 3360 3782 3415 ferventis-

2190 3432 2329 3484 simo
2353 3446 2556 3497 amore,
2586 3431 2834 3484 ineffabili
2861 3440 3041 3493 cantu,
3073 3431 3299 3484 mirabili
3334 3430 3546 3493 all'ectu,
3572 3432 3779 3487 cmlesti

2188 3502 2523 3571 jubilatioue,
2550 3502 2807 3570 Spirituali
2849 3500 3229 3555 modulatione.
3265 3501 3379 3570 Ipse
3409 3501 3671 3570 siquidem
3698 3514 3778 3557 est

2190 3588 2377 3625 eorum
2425 3588 2584 3626 verus
2619 3572 2789 3635 cibus,
2832 3573 2983 3639 plena
3029 3572 3265 3634 satietas,
3310 3582 3508 3625 aeterna
3550 3574 3777 3639 mansio,

2191 3658 2397 3697 suuuna
2422 3642 2691 3696 beatitudo
2728 3652 2943 3696 aeternae
2984 3642 3181 3695 laetitia:
3204 3684 3217 3705 ,
3251 3643 3393 3697 salus
3439 3651 3666 3710 interna,
3698 3644 3780 3697 in-

2190 3713 2447 3767 deliciens
2476 3714 2666 3779 virtus,
2695 3721 2751 3767 et
2777 3712 2886 3767 vita
2914 3713 3250 3766 immortalis.

2345 3822 2528 3883 Szepius
2547 3822 2653 3873 haec
2674 3820 2882 3872 meditor
2896 3858 2910 3882 ,
2936 3821 3049 3873 illuc
3069 3825 3341 3873 ascendere
3363 3827 3505 3877 nitor.

2344 3885 2554 3946 Suspiro,
2581 3884 2770 3943 lreudo,
2796 3886 3051 3947 precibus,
3077 3886 3203 3934 Votis
3226 3888 3289 3935 ibi
3315 3887 3493 3937 tendo:

2348 3951 2510 4011 atque
2524 3947 2664 3995 modo
2682 3950 2804 4011 miro
2819 3958 2929 4007 qua:
2950 3947 3119 4011 sintibi
3136 3956 3413 4010 quantaque
3428 3962 3565 4011 gyro.

2349 4012 2481 4055 Mens
2500 4008 2655 4056 haeret
2668 4007 2880 4060 Christo.
2905 4020 2988 4055 cor
3008 4007 3281 4056 delectatur
3305 4007 3353 4057 in
3377 4007 3486 4059 isto.

2346 4067 2461 4119 Illuc
2478 4077 2698 4120 versatur
2712 4104 2726 4129 ,
2751 4069 2951 4132 gaudet,
2967 4076 3153 4132 stupet,
3176 4077 3227 4120 et
3250 4079 3531 4121 venenatur.

2189 4191 2301 4262 jam
2344 4188 2746 4262 tanto‘dulcins.
2780 4198 2981 4262 quanto
3020 4189 3251 4256 saepius;
3275 4190 3527 4262 aviditate
3568 4194 3781 4262 quidem

2194 4260 2381 4325 multa,
2412 4260 2505 4314 sed
2528 4260 2774 4313 satietate
2802 4260 2945 4312 nulla
2979 4277 2993 4313 :
3027 4270 3131 4313 tam
3163 4276 3278 4314 rara
3304 4271 3391 4315 est
3416 4261 3566 4327 liora,
3590 4260 3640 4317 et
3665 4266 3784 4321 bre-

2193 4332 2276 4386 vis
2305 4346 2472 4385 mora.
2505 4330 2550 4385 Ο
2577 4330 2618 4383 si
2652 4346 2882 4398 unquam
2914 4332 2964 4383 in
2992 4345 3119 4399 pace
3152 4331 3202 4383 in
3252 4331 3479 4399 idipsum
3519 4334 3779 4390 dormiam

2194 4413 2247 4455 et
2278 4403 2605 4471 requiescam
2634 4400 2802 4469 (I’sal.
2834 4416 2905 4461 iv,
2936 4400 2970 4455 9
2992 4402 3030 4468 ),
3056 4410 3113 4455 ut
3160 4400 3450 4455 inbabitem
3483 4404 3643 4458 domo
3685 4406 3784 4460 Do-

2196 4474 2324 4527 mini
2360 4470 2617 4545 omnibus
2658 4471 2847 4525 diebus
2875 4473 2995 4545 vitae
3032 4487 3165 4525 mea:
3191 4470 3361 4545 (Psal.
3386 4489 3534 4537 xxvi.
3566 4475 3638 4545 ι)
3668 4478 3683 4530 !
3728 4476 3783 4531 Si

2197 4559 2427 4613 unquam
2478 4543 2657 4595 videre
2703 4552 2888 4613 potero
2930 4542 3074 4595 illum
3104 4552 3227 4613 itam
3271 4542 3701 4611 desiderabilem,
3733 4548 3785 4600 in

2194 4612 2353 4685 quem
2399 4614 2585 4687 Augeli
2640 4612 2940 4687 prosiiicere
2967 4612 3345 4687 desiderant“
3373 4614 3699 4687 Pen-4,12),
3733 4626 3787 4670 ut

2198 4683 2620 4757 possimgdicere
2650 4700 2663 4735 :
2696 4683 2832 4757 Ecce
2877 4698 3034 4757 quem
3074 4686 3351 4757 Concupivi
3402 4686 3577 4751 video,
3626 4683 3785 4757 quem

2197 4752 2375 4824 optavi
2408 4755 2519 4824 jam
2565 4754 2755 4825 teneo_!
2787 4752 3011 4825 Quando
3052 4754 3264 4825 veniam
3290 4763 3343 4809 et
3370 4752 3785 4825 apparebo—ante

2197 4822 2389 4881 faciem
2410 4822 2645 4881 'Domini
2676 4822 2846 4893 (Prol.
2874 4840 2982 4886 xu,
3012 4825 3090 4894 '5),
3136 4824 3203 4878 ad
3241 4822 3524 4880 videndum
3565 4844 3687 4882 eum
3733 4828 3786 4883 in

2199 4896 2435 4951 bonitate
2476 4898 2768 4950 electorum
2813 4910 3052 4959 suorum,
3081 4894 3147 4948 ad
3197 4896 3481 4951 laetandum
3515 4898 3565 4951 in
3609 4899 3788 4953 laetitia

2198 4969 2370 5054 ἔρρεξε
2398 4982 2529 5054 suae,
2548 4965 3010 5054 u.t.laludetur‘cun‘i
3040 4965 3350 5054 haereditate
3378 4967 3672 5054 suap(Psal.
3700 4984 3815 5054 cv,‘

2198 5039 2288 5107 5)?
2304 5038 2525 5103 Quando
2543 5037 2734 5090 videbo
2755 5036 3024 5089 civitatem
3054 5036 3199 5091 illam
3220 5037 3289 5091 de
3313 5053 3416 5107 qua
3449 5036 3647 5094 dictum
3665 5049 3747 5093 est
3769 5080 3784 5092 .

2201 5109 2395 5162 Platem
2418 5120 2538 5170 tuae,
2564 5107 2869 5167 Jerusalem,
2899 5116 3183 5160 sternentur
3214 5124 3339 5161 auro
3364 5111 3573 5172 mundo,
3592 5122 3636 5165 et
3661 5111 3713 5163 in
3744 5120 3790 5164 te

2200 5181 2481 5232 cantabitur
2508 5179 2759 5231 canticum
2784 5178 2997 5248 lwtitite,
3026 5187 3070 5231 et
3097 5195 3185 5248 per
3221 5196 3391 5234 omnes
3416 5181 3550 5235 vicos
3577 5191 3691 5236 tuo:
3728 5180 3792 5235 ab

2200 5251 2442 5303 universis
2466 5250 2659 5303 dicetur
2687 5248 2892 5300 alleluia
2917 5247 3065 5319 (Tob.
3098 5247 3209 5314 int,
3236 5248 3308 5303 22
3326 5252 3364 5318 ).

2271 5324 2316 5374 υ
2341 5323 2528 5374 civitas
2571 5329 2775 5392 sancta,
2803 5320 2991 5373 civitas
3020 5321 3258 5392 speciosa
3277 5322 3301 5392 l7
3321 5322 3388 5375 de
3418 5321 3710 5392 longinquo
3737 5332 3791 5379 te

2202 5394 2393 5455 saluto,
2421 5392 2485 5444 ad
2514 5400 2565 5445 te
2592 5390 2786 5455 clamo,
2814 5398 2864 5443 te
2893 5393 3124 5457 requiro.
3154 5391 3406 5445 Desidere
3432 5393 3576 5447 enim
3613 5390 3793 5449 videre

2204 5474 2273 5525 te,
2293 5473 2345 5515 et
2371 5463 2707 5531 requiescere
2735 5462 2785 5512 iu
2810 5469 2888 5523 te;
2917 5461 3010 5516 sed
3041 5476 3143 5515 non
3168 5462 3314 5515 sinor
3338 5477 3502 5519 earue
3533 5474 3789 5519 retentus.

2202 5534 2246 5587 0
2271 5535 2457 5586 civitas
2504 5532 2904 5585 desiderabilis!
2939 5532 3075 5586 muri
3115 5532 3188 5585 tui
3232 5533 3364 5601 lapis
3415 5549 3571 5597 unus,
3613 5544 3794 5591 custos

2205 5614 2328 5659 tuus
2359 5604 2471 5671 ipse
2502 5603 2660 5664 Deus,
2693 5604 2839 5656 cives
2876 5603 2949 5655 tui
2992 5618 3205 5671 semper
3248 5603 3380 5666 lteti;
3412 5619 3626 5672 semper
3650 5608 3792 5661 enim

2202 5675 2535 5745 gratulantur
2566 5675 2614 5726 iu
2646 5674 2849 5727 visione
2880 5674 2993 5727 Dei.
3025 5673 3244 5745 Nonest
3265 5678 3317 5728 in
3364 5683 3414 5728 te
3452 5678 3754 5744 corruptela
3774 5716 3791 5741 ,

2206 5744 2303 5800 nec
2322 5745 2579 5807 defectus,
2613 5759 2709 5796 nec
2731 5753 2997 5806 senectus,
3019 5758 3117 5798 nec
3144 5744 3219 5797 ira
3243 5761 3256 5797 :
3277 5745 3369 5799 sed
3400 5761 3498 5813 pax
3524 5762 3794 5814 perennis,

2204 5818 2371 5888 gloria
2413 5816 2688 5881 solemnis,
2722 5814 2896 5870 lmtitia
2926 5814 3266 5885 sempiterna,
3296 5816 3605 5873 solemnitas
3628 5819 3797 5873 couti-
