4106 6508
482 346 588 400 827

482 462 558 517 Su
588 474 762 517 tamen
792 459 932 515 riuis
972 460 1166 514 mixtus
1194 457 1470 527 gravitate.
1496 463 1548 510 et
1576 455 1767 526 plenus
1795 457 2033 513 lionesti‘
2057 501 2071 514 .

482 529 678 595 Motus,
713 533 897 586 actus’
925 540 979 586 et
999 544 1127 585 usus
1149 529 1308 582 totius
1329 527 1569 593 corporis
1599 542 1719 580 cum
1746 531 2072 598 apparuerit,

482 603 552 656 sit
595 614 744 656 actus
776 617 958 671 purus,
1007 600 1306 671 modestus,
1328 599 1502 671 totius
1535 613 1728 663 eXpers
1774 599 2073 656 insolentia:

482 683 534 726 et
559 669 808 738 lascivae,
832 673 1058 728 levitatis
1076 681 1129 726 et
1166 670 1409 738 ignaviae.
1450 669 1530 722 Sit
1556 683 1733 722 sermo
1759 671 1948 735 rarior,
1970 672 2077 726 vul-

488 753 574 797 tus
603 743 843 809 hilarior,
884 739 1552 813 aspectus_verecundior,
1606 740 1846 813 incessus
1886 741 2076 813 mode-

484 814 786 868 stior.’l‘alis
809 810 1002 868 anima:
1029 810 1369 881 pulchritudo
1391 821 1442 863 et
1464 812 1656 881 mentis
1687 810 1982 876 ingenuitas
1999 814 2078 866 sic

485 885 710 940 sollicita
741 893 825 938 est
852 900 971 938 cum
1013 880 1150 938 bona
1181 881 1504 935 Conscientia
1539 880 1690 933 {anno
1718 881 2074 950 integritatem

484 970 725 1014 servare.
773 963 828 1008 ut
868 955 1019 1024 juxta
1063 952 1374 1024 Apostolum
1429 950 1708 1024 provideat
1757 950 1915 1024 bona,
1969 969 2074 1024 nou

487 1035 694 1080 tantum
725 1021 906 1079 coram
943 1026 1074 1088 Deo,
1101 1021 1192 1078 Sed
1223 1024 1608 1092 etiamcoram
1666 1021 1967 1077 hominibus
1990 1023 2008 1092 (
2035 1024 2078 1079 II

483 1095 604 1168 Cor.
658 1111 774 1168 vui,
806 1096 866 1150 ‘21
896 1096 939 1168 ).
965 1095 1122 1168 Talis
1153 1094 1334 1168 utique
1380 1091 1544 1168 decor
1589 1091 1786 1146 relictis
1830 1091 2079 1168 omnibus

485 1167 624 1220 votis
669 1163 904 1221 inhmret'
923 1168 1050 1230 Deo,
1073 1165 1201 1218 vivit
1219 1165 1346 1226 Deo,
1367 1163 1497 1216 nihil
1524 1170 1665 1215 amat
1693 1170 1885 1230 praeter
1913 1164 2076 1220 Deum

485 1247 541 1292 et
562 1236 704 1306 quod
733 1237 1020 1292 amandum
1046 1243 1131 1290 est
1173 1243 1390 1304 pmptcr
1421 1232 1606 1287 Deum.
1635 1231 1873 1288 Sollicite
1901 1235 2081 1306 st_udet

488 1304 769 1375 providere
819 1307 1096 1362 Dominum
1124 1307 1176 1359 in
1205 1314 1493 1375 conspectu
1533 1319 1631 1357 suo
1659 1318 1873 1373 semper
1901 1304 2074 1374 (Psal.

490 1374 582 1442 sv,
611 1378 689 1445 8),
717 1380 802 1433 cui
828 1378 1127 1433 consentiat
1152 1375 1216 1429 ad
1247 1374 1781 1445 correptionem,quo
1813 1375 2078 1430 illumine-

487 1457 576 1502 tur
603 1444 668 1504 ad
714 1451 1100 1519 cognitionem:
1131 1447 1214 1519 cui
1258 1447 1512 1519 innitatur
1547 1444 1620 1519 ad
1668 1446 1942 1519 virtutem,
1969 1463 2075 1515 quo

489 1514 813 1574 reforinetu‘r
838 1521 903 1573 ad
931 1517 1242 1588 sapientiam
1266 1533 1280 1579 ;
1310 1517 1394 1570 cui
1435 1514 1800 1588 conlin'mt-tur
1824 1517 1889 1588 ad
1915 1517 2089 1571 deco-'

491 1606 625 1652 rem,
655 1606 761 1660 quo
806 1585 1011 1644 fruatur
1048 1589 1114 1644 ad
1137 1588 1542 1660 iucunditatem.
1576 1585 1953 1660 Beataianitua
1993 1589 2076 1660 cui

489 1656 779 1716 datum—est
797 1661 1028 1730 desuper
1049 1670 1106 1714 ut
1129 1660 1324 1730 bonum
1356 1657 1482 1711 velit
1506 1665 1558 1730 et
1576 1656 1787 1730 noverit
1811 1667 1864 1730 et
1887 1659 2074 1730 p035“.

489 1742 751 1799 quatenus
794 1743 848 1786 et
890 1725 1134 1786 voluntas
1173 1729 1331 1788 adsit.
1377 1743 1476 1781 nec
1528 1725 1749 1799 facultas
1793 1726 1951 1783 desit.
1984 1728 2077 1783 Vze

492 1798 620 1855 mihi
653 1802 871 1865 misero,
905 1802 994 1871 qui
1027 1802 1125 1856 ista
1151 1814 1308 1854 servo
1338 1799 1389 1851 in
1432 1798 1710 1871 memoria,
1733 1808 1794 1871 et
1819 1799 1997 1871 scribo
2025 1801 2076 1853 in

487 1873 694 1936 charta,
718 1887 820 1928 nec
860 1867 1030 1927 habeo
1073 1872 1124 1924 in
1163 1871 1306 1925 vita!
1342 1884 1446 1922 non
1494 1867 1634 1936 quod
1677 1868 1796 1922 talis
1839 1870 1962 1934 sim,
1989 1871 2076 1939 qui

490 1943 589 1996 ista
611 1945 821 2013 scripsi,
850 1943 945 1998 sed
989 1941 1128 2011 quod
1155 1942 1272 1996 talis
1312 1954 1433 1995 esse
1459 1939 1671 2002 vellem,
1701 1947 1755 1994 et
1782 1939 1941 1993 talem
1972 1957 2075 1996 non

487 2027 609 2068 esse
638 2029 742 2066 non
769 2015 948 2082 pudet.

558 2079 788 2140 CAPUT
836 2082 1019 2138 LXIII.
1045 2081 1284 2150 Qmerere
1324 2079 1504 2133 Deum.
1549 2079 1686 2134 Deus
1708 2079 1833 2149 quid
1864 2081 1948 2135 sit.
1979 2081 2079 2137 Dei

488 2155 541 2206 in
570 2164 733 2208 mente
751 2165 923 2208 nostra
948 2156 1136 2223 imago.
1181 2154 1260 2219 ta)
1294 2151 1524 2211 Audisti.
1559 2151 1733 2223 anima
1756 2167 1874 2206 mea
1897 2194 1912 2219 ,
1941 2169 2076 2223 qua-

488 2223 594 2277 lem
617 2236 668 2280 te
703 2241 822 2281 esse
847 2221 1114 2294 Oporteat.
1145 2224 1291 2292 Fuge
1312 2237 1441 2294 ergo
1473 2221 1741 2294 paululum
1764 2221 2075 2291 occupatio-

486 2310 582 2348 nes
611 2305 746 2361 tuas,
774 2306 827 2351 et
850 2292 1185 2350 abscondere
1214 2293 1479 2347 modicum
1512 2307 1540 2344 a
1573 2292 1911 2347 tumultuosis
1931 2296 2072 2362 eogi-

488 2367 773 2420 tationibus
804 2367 930 2421 tuis.
975 2366 1114 2420 Intra
1143 2364 1441 2418 cubiculum
1483 2363 1676 2416 mentis
1718 2374 1819 2417 luce
1844 2405 1858 2428 ,
1889 2374 1943 2418 et
1982 2382 2076 2420 ex-

484 2437 640 2491 clude
688 2439 868 2492 omnia
911 2449 1105 2506 praeter
1156 2437 1342 2498 Deum,
1385 2433 1552 2506 etqni
1603 2433 1858 2496 adiuvent
1906 2445 1960 2492 te
2007 2436 2075 2491 ad

483 2508 834 2574 quwrcndum
882 2505 1004 2563 eum
1035 2524 1049 2560 :
1079 2521 1236 2577 quem
1285 2521 1407 2559 cum
1456 2505 1725 2577 inveneris
1749 2508 2075 2577 ,requiesce

482 2577 868 2644 aliquantulum
900 2580 950 2631 in
981 2593 1067 2634 eo.
1097 2574 1192 2631 Dic
1213 2591 1359 2644 ergo,
1387 2574 1564 2629 anima
1598 2589 1735 2638 mea,
1771 2574 1913 2640 Deo';
1945 2576 2032 2632 dic
2056 2620 2070 2644 ,

481 2647 612 2714 Quis
637 2663 717 2710 es,
752 2650 996 2711 Domine,
1019 2659 1072 2702 et
1096 2663 1251 2717 quem
1277 2656 1327 2701 te
1353 2645 1640 2717 intelligam
1663 2646 1685 2697 ?
1713 2644 1870 2717 Certe
1901 2658 1952 2701 tu
1985 2665 2073 2702 so-

484 2719 566 2771 lus
590 2734 648 2772 es
675 2721 812 2781 quod
844 2736 924 2786 es,
955 2730 1009 2774 et
1040 2727 1095 2773 tu
1116 2715 1180 2773 es
1205 2719 1292 2787 qui
1315 2733 1372 2772 es
1399 2734 1412 2770 :
1443 2715 1580 2787 ides
1608 2730 1715 2787 quo
1747 2715 1880 2771 nihil
1903 2720 2073 2786 maius

479 2789 697 2857 cogitari
727 2801 940 2860 potest,
974 2802 1074 2845 nec
1102 2786 1323 2860 melius,
1349 2801 1447 2842 nec
1488 2786 1799 2860 jucundius.
1831 2787 1950 2842 Vita
1977 2804 2068 2855 es,

480 2858 760 2927 sapientia,
791 2861 901 2924 lux,
936 2861 1151 2926 veritas,
1185 2859 1426 2922 bonitas,
1459 2858 1771 2927 azternilas,
1801 2872 2069 2915 summum

479 2926 712 2993 bonum;
743 2940 795 2984 tu
824 2931 914 2984 tibi
941 2929 1120 2984 omnia
1142 2929 1414 2983 sufﬁciens
1433 2969 1448 2992 ,
1481 2928 1628 2982 nullo
1655 2926 1896 2994 indigens
1918 2971 1935 2995 ,
1965 2946 2073 2998 quo

478 3003 657 3056 omnia
703 3001 943 3072 indigeat
978 3010 1035 3054 ut
1067 3001 1295 3072 sint,ict
1335 3007 1391 3052 ut
1431 2999 1581 3072 bene
1614 2998 2066 3072 sint._lm:enisti,

477 3071 651 3124 anima
683 3087 800 3126 mea
820 3068 850 3137 ζ,
867 3072 1007 3140 quod
1032 3071 1310 3141 quaerebas
1337 3068 1662 3138 :quzerehas
1684 3068 1829 3141 enim
1858 3069 2027 3125 Deum
2052 3111 2068 3135 ,

479 3151 533 3193 et
564 3142 809 3196 invenisti
835 3139 956 3196 eum
978 3139 1098 3196 esse
1115 3139 1366 3208 quiddam
1389 3154 1657 3211 summum
1675 3140 1937 3211 omnium,
1962 3156 2070 3211 quo

479 3211 608 3264 nihil
641 3213 812 3280 majus
837 3213 1057 3282 cogitari
1083 3219 1286 3282 potest;
1311 3221 1362 3263 et
1393 3209 1492 3262 hoc
1513 3224 1631 3264 esse
1654 3209 2074 3282 vitampsapieu-

481 3282 626 3345 tiam,
663 3282 856 3347 lucem,
888 3281 1190 3344 veritatem,
1223 3281 1536 3345 bonitatem,
1567 3288 1820 3334 aeternam
1849 3281 2072 3336 beatita-

480 3359 608 3412 tem.
650 3363 704 3407 et
734 3353 941 3407 beatam
972 3353 1347 3410 teternitalem.
1371 3361 1424 3406 et
1444 3366 1604 3405 omne
1627 3366 1817 3404 verum
1845 3349 2067 3410 bonutn.

479 3421 592 3477 iloc
615 3422 810 3476 bonum
852 3439 912 3477 es
939 3432 1025 3490 tu,
1051 3423 1192 3477 Deus
1219 3422 1395 3476 Pater.
1435 3421 1547 3475 lloc
1583 3421 1781 3479 bonum
1818 3430 1901 3476 est
1936 3422 2068 3478 Ver-

478 3492 603 3545 bum
632 3502 802 3557 tuum,
836 3494 884 3548 id
907 3505 1020 3559 est,
1050 3493 1214 3548 Filius
1255 3502 1410 3558 tuus;
1441 3493 1520 3545 sic
1549 3507 1607 3547 es
1639 3499 1693 3545 tu
1717 3492 1986 3561 simplex,
2013 3503 2072 3549 ut

477 3565 545 3616 de
575 3571 625 3618 te
661 3579 765 3618 non
796 3566 962 3633 possit
995 3564 1138 3618 aliud
1181 3563 1353 3626 nasci,
1382 3578 1540 3631 quam
1581 3564 1722 3630 quod
1764 3574 1819 3616 tu
1841 3578 1924 3619 es.
1957 3565 2069 3621 Hoc

476 3632 649 3701 ipsum
672 3645 749 3688 est
776 3632 928 3688 amor
949 3650 1086 3689 unus
1113 3643 1168 3689 et
1188 3634 1489 3688 communis
1513 3634 1604 3687 tibi
1632 3642 1688 3686 et
1715 3633 1850 3687 Filio
1879 3643 1989 3700 tuo,
2016 3637 2067 3691 id

475 3715 578 3768 est,
608 3704 839 3774 Spiritus
862 3715 1076 3760 sanctus
1103 3706 1170 3760 ab
1189 3714 1417 3774 utroque
1439 3703 1752 3773 procedens.
1777 3703 1894 3759 Non
1918 3708 2062 3761 enim

475 3791 503 3826 a
536 3789 744 3846 summa
781 3776 1121 3846 simplicitate
1159 3775 1448 3846 procedere
1489 3783 1662 3846 potest
1704 3774 1875 3838 aliud,
1908 3791 2066 3846 quam

473 3845 612 3913 quod
658 3858 740 3901 est
785 3863 814 3901 a
850 3844 956 3916 qiio
999 3847 1250 3916 procedit.
1296 3844 1507 3901 Gratias
1543 3844 1634 3916 tibi
1668 3861 1768 3915 ago
1791 3887 1806 3910 ,
1844 3844 2066 3904 Doiniue

477 3916 614 3970 Deus
642 3933 818 3981 meus,
847 3915 936 3986 qui
969 3915 1105 3972 hanc
1131 3916 1355 3986 gratiam
1380 3915 1507 3969 mihi
1535 3915 1752 3980 dedisti,
1777 3925 1833 3970 ut
1857 3925 1908 3970 te
1939 3933 2064 3986 pos-

472 4000 585 4040 setu
617 4004 856 4056 qua-rere
880 4031 896 4054 ,
927 3999 977 4043 te
1000 3990 1261 4042 invenire.
1310 3986 1364 4040 In
1411 3995 1590 4041 mente
1615 3987 1877 4056 siquidem
1906 4003 2024 4044 mea
2045 4030 2060 4050 ,

471 4072 631 4124 quam
675 4059 740 4112 ad
784 4059 1068 4126 imaginem
1103 4067 1158 4112 et
1195 4057 1596 4112 similitudinem
1645 4065 1787 4111 tuam
1829 4058 2066 4114 bonitate

473 4136 559 4180 tua
595 4131 818 4194 creasti,
845 4130 942 4183 tria
983 4129 1194 4184 invenio
1213 4171 1228 4191 ,
1258 4127 1310 4182 id
1339 4138 1457 4193 est,
1485 4127 1797 4182 memoriam
1818 4169 1834 4193 ,
1864 4128 2063 4183 intelli-

469 4199 726 4269 gentiam,
758 4209 815 4254 et
837 4214 1097 4266 amorem,
1126 4198 1321 4269 quibus
1346 4199 1419 4253 tui
1452 4198 1651 4267 possim
1672 4198 1942 4254 reminisci
1964 4241 1978 4261 ,
2013 4209 2066 4256 te

473 4267 770 4333 intelligere
795 4279 844 4322 et
863 4283 1064 4324 amare.
1091 4267 1156 4323 In
1174 4270 1430 4324 memoria
1453 4282 1683 4337 namque
1710 4284 1828 4322 mea
1854 4285 2060 4338 manes,

471 4353 539 4392 ex
565 4353 672 4406 quo
702 4339 930 4406 cognovi
962 4349 1047 4394 te:
1073 4350 1129 4394 et
1156 4339 1207 4393 in
1234 4354 1297 4394 ea
1331 4349 1381 4394 te
1408 4339 1619 4408 reperio
1637 4377 1653 4403 ,
1678 4353 1800 4393 cum
1840 4340 2063 4394 remini-

469 4421 592 4479 scor
621 4408 722 4472 tui,
749 4419 803 4462 et
826 4409 1127 4464 délectorin
1160 4420 1230 4463 te.
1261 4410 1414 4463 Mane
1451 4424 1579 4479 ergo
1619 4409 1670 4462 in
1696 4424 1759 4463 ea
1780 4451 1793 4474 ,
1824 4409 2063 4477 piissime

474 4478 636 4543 Deus,
668 4489 724 4532 ut
747 4480 818 4533 ibi
852 4480 1048 4547 possim
1083 4490 1135 4535 te
1164 4481 1436 4546 invenire,
1468 4478 1880 4548 etrequiescere
1902 4481 2061 4536 etiam

467 4549 521 4602 in
555 4559 624 4603 te.
646 4549 771 4620 Haec
799 4552 942 4604 enim
971 4558 1053 4603 est
1079 4565 1194 4604 mea
1224 4550 1411 4620 gloria,
1443 4549 1526 4604 hac
1547 4549 1887 4604 siintdeliciue
1905 4567 2058 4618 meae,

470 4619 584 4675 haec
611 4632 691 4674 est
719 4619 900 4673 lmtitia
923 4620 1102 4676 cordis
1124 4619 1249 4684 mei,
1280 4636 1402 4674 cum
1431 4633 1647 4689 possum
1679 4633 1868 4674 vacare
1894 4621 1984 4676 tibi
2009 4631 2062 4677 ct

466 4690 650 4746 videre
675 4691 799 4760 quid
828 4691 918 4747 sis.
955 4691 1034 4744 Τιι
1066 4707 1126 4746 es
1148 4692 1290 4752 enim
1322 4705 1535 4745 summa
1565 4691 1821 4755 essentia,
1853 4707 2059 4747 summa

460 4763 568 4815 vita
588 4802 604 4827 ,
638 4777 846 4817 summa
887 4763 1143 4830 sapientia
1165 4802 1179 4824 ,
1209 4777 1416 4815 summa
1458 4761 1603 4816 salus
1623 4801 1639 4826 ,
1681 4777 1891 4816 summa
1928 4762 2017 4817 lux
2039 4805 2056 4830 ,

456 4846 672 4886 summa
714 4834 911 4886 veritas
934 4873 948 4895 ,
974 4847 1180 4887 summa
1229 4832 1469 4894 bonitas,
1504 4846 1710 4885 summa
1750 4833 2054 4889 wternitas.

461 4918 667 4957 summa
700 4903 1028 4973 magnitudo,
1055 4919 1260 4956 summa
1294 4901 1634 4973 pulchritudo
1655 4943 1668 4964 ,
1694 4918 1902 4956 summa
1933 4903 2056 4957 bea-

463 4973 631 5028 titudo
651 5015 666 5038 ,
687 4972 894 5027 sununa
941 4974 1312 5030 immortalitas
1331 5015 1345 5036 ,
1371 4988 1576 5026 suuuua
1618 4972 2016 5027 immutabilitas
2039 5015 2054 5037 ,

461 5059 671 5098 summa
701 5047 896 5110 unita<,
927 5060 1195 5100 summum
1222 5045 1440 5106 bonum,
1476 5045 1528 5096 in
1554 5059 1659 5112 quo
1676 5054 1757 5098 est
1777 5059 1935 5098 omne
1964 5044 2058 5099 b0-

401 5177 410 5190 ,
463 5130 586 5190 num
617 5154 635 5181 ,
668 5115 774 5168 imo
799 5114 939 5185 quod
970 5126 1049 5170 est
1076 5131 1236 5171 omne
1260 5125 1315 5170 et
1341 5131 1502 5169 unum
1527 5123 1581 5168 et
1610 5123 1777 5168 totqu
1805 5124 1858 5169 et
1879 5115 2053 5170 solum

462 5185 676 5238 bonum.

529 5254 754 5326 (ΣᾼΡυΤ
794 5253 980 5312 LXIV.
1010 5256 1259 5310 Excitatio
1289 5256 1356 5308 ad
1389 5256 1738 5326 cogitationem
1760 5256 1942 5310 summi
1967 5255 2054 5309 bo-

458 5325 532 5396 ui.
565 5322 629 5396 In
655 5341 713 5377 eo
741 5327 910 5377 omnia
945 5327 1097 5380 bona.
1125 5327 1196 5396 (ὁ)
1231 5327 1414 5381 Ειιτίιει
1443 5322 1600 5389 nunc,
1623 5328 1797 5379 anima
1831 5343 1967 5384 utea.
1998 5337 2053 5381 et

455 5389 622 5466 erige"
645 5403 814 5448 totum
859 5389 1224 5462 intellectum,
1251 5407 1304 5452 et
1342 5399 1514 5468 cogita
1566 5407 1822 5467 quantum
1876 5409 2046 5467 potes,

527 5537 547 5570 ¹
582 5541 656 5583 Er.
682 5532 828 5593 Lugd.
865 5538 982 5598 Ven.
1007 5535 1117 5598 Iov.
1156 5527 1228 5574 sic
1265 5526 1436 5589 legunt
1461 5530 1585 5579 hunc
1610 5532 1868 5584 locum:et
1891 5537 2060 5598 ριεηηι

459 5599 644 5648 natasti
669 5603 838 5644 motus.
869 5597 1007 5641 ..ctus
1023 5597 1066 5639 et
1093 5600 1226 5649 usus,
1247 5599 1342 5638 etc.
1380 5599 1435 5638 Μ.

527 5662 548 5691 ³
584 5657 722 5713 Alias,
745 5661 920 5718 gestus.

529 5720 604 5782 tu)
640 5727 703 5767 Ex
735 5715 974 5787 prost.~,gio
997 5713 1204 5762 Anselm.
1396 5715 1438 5790 τ
1462 5713 1537 5772 22,
1570 5715 1641 5774 ιι,
1666 5718 1725 5764 ξξδ

528 5785 598 5822 tm
634 5780 859 5822 Iu-osloun
881 5777 1097 5822 eiusdem
1116 5790 1251 5822 conn.
1276 5787 1314 5822 ιι
1336 5811 1350 5822 .
1374 5775 1447 5822 2ο.
1466 5780 1705 5822 Atmendlx

1424 5748 1438 5769 ς
1465 5749 1537 5772 -.ι’
1572 5748 1641 5774 If,
1667 5748 1740 5765 ἀει.

529 5720 604 5782 (τι)
640 5709 720 5767 Εἰ
735 5709 974 5777 {iroslogio
997 5713 1204 5762 Anselm.

529 5785 598 5809 ΗΛ
634 5779 858 5809 ιιυιιυιιιηίἰ
881 5777 1097 5809 oinmhun
1116 5790 1142 5809 (ι
1159 5790 1235 5809 nm
1277 5787 1290 5799 ⁴
1305 5805 1312 5809 .

528 5775 598 5844 (ti)
634 5775 859 5842 t‘roSIogii
881 5775 1350 5844 ejusdem_capp._24,
1374 5775 1705 5844 stipendi):
1733 5784 2055 5842 Bernardi,de

463 5837 998 5898 most-tentia,Intuli;
1022 5845 1070 5886 et
1089 5838 1151 5888 de
1170 5837 1367 5887 (:ivitate
1388 5841 1490 5895 Dei.
1514 5837 1594 5888 lib.
1621 5840 1696 5892 ξεῖ.
1722 5857 1856 5897 capo.

1953 327 2318 409 anesum.

3671 363 3775 418 8‘38

2188 466 2346 546 quale
2387 476 2454 546 _et_
2490 475 2743 546 quoniam
2777 468 2844 522 sit
2893 467 2988 523 Dei
3025 467 3253 546 bonum.
3295 467 3350 523 Si
3392 472 3535 528 enim
3559 475 3774 546 (singula

2186 535 2322 610 bona
2347 535 2702 610 delectabilia
2731 549 2886 600 sunt,
2920 541 3093 610 cogita
3125 540 3324 594 intente
3351 557 3514 610 quam
3536 535 3774 604 delecta-4

2186 604 2290 678 bile
2316 606 2385 678 sit
2410 607 2535 661 illud
2560 606 2756 662 bonum
2781 650 2798 675 ,
2829 608 2968 676 quod
2991 604 3630 678 continetjucunditatem
3652 633 3773 673 om-

2183 677 2330 729 nium
2359 676 2616 749 bonorum
2639 719 2654 742 ,
2679 688 2734 734 et
2757 695 2861 734 non
2889 682 3096 749 qualem
3117 681 3166 734 in
3186 676 3344 736 rebus
3366 686 3558 740 creatis
3593 703 3774 745 sumus

2185 747 2425 814 experti,
2455 748 2546 819 sed
2577 758 2724 803 tanto
2749 747 3313 819 diii'eréntem,quanto
3339 752 3518 809 differt
3553 757 3776 816 Creator

2185 817 2730 893 a_cre.attim._Si_enim
2751 821 2886 893 bona
2908 822 3011 876 vita
3032 817 3336 885 estcreata;
3360 839 3516 893 quam
3541 827 3676 884 bona
3694 840 3774 888 est

2187 887 2548 972 Vita-creatrix
2568 891 2592 972 ’ξ
2615 891 2668 946 Si
2690 892 2757 945 ita
2775 892 3006 972 jucunda
3034 905 3113 949 est
3140 894 3282 947 salus
3308 887 3442 972 iac-ta
3469 913 3666 972 {quam
3689 887 3774 972 jué

2187 959 2358 1032 cnnda
2389 969 2471 1015 est
2499 961 2654 1016 Salus
2683 959 2802 1032 qua:
2841 962 2964 1018 fecit
3000 979 3213 1019 omnem
3247 959 3584 1024 salutem?Si
3622 959 3771 1027 auia-

2187 1028 2311 1084 bilis
2331 1039 2415 1086 est
2442 1028 2717 1109 sapientia
2745 1035 2795 1109 in
2823 1034 3129 1109 cognitione
3170 1049 3352 1089 rerum
3388 1039 3728 1109 conditarum
3752 1062 3766 1109 ;

2187 1115 2345 1176 quam
2375 1103 2618 1176 amabilis
2647 1112 2731 1159 est
2759 1103 3026 1176 Sapientia
3051 1147 3066 1169 ,
3097 1120 3216 1176 qua:
3257 1107 3432 1161 omnia
3480 1113 3684 1166 creavit
3707 1103 3770 1170 ei

2186 1171 2397 1246 nihilo?
2422 1173 2701 1246 Denique,
2738 1175 2785 1230 si
2831 1171 3010 1230 inultze
3051 1171 3356 1246 et'magnte
3392 1177 3771 1241 delectationes

2185 1253 2312 1318 sunt
2341 1243 2394 1318 in
2423 1243 2580 1318 rebus
2622 1245 3028 1318 deiectabilibus
3051 1264 3068 1318 ;
3097 1243 3268 1318 qualis
3298 1259 3352 1304 et
3378 1261 3574 1318 quanta
3619 1252 3767 1311 dele-

2187 1313 2352 1384 CIatio
2381 1315 2432 1369 in
2460 1314 2553 1370 illo
2579 1317 2668 1384 qui
2693 1315 2815 1370 fecit
2839 1316 2949 1384 ipsa
2975 1313 3350 1374 delectabilia?

2257 1383 2415 1461 Q‘qill
2444 1387 2544 1441 hoc
2575 1383 2714 1461 bono
2738 1383 2976 1461 frtlctur,
3003 1387 3131 1461 quid
3161 1388 3294 1453 erit,
3328 1401 3379 1447 et
3402 1393 3528 1461 quid
3558 1395 3632 1450 illi
3666 1412 3768 1451 non

2187 1455 2790 1534 erit?_t_3erte_quidquid
2825 1457 2968 1534 volet
2988 1455 3106 1522 erit,
3134 1469 3188 1513 et
3203 1455 3465 1534 quidquid
3490 1465 3638 1521 nolet
3665 1483 3767 1524 non

2186 1527 2307 1607 erit:
2341 1525 2415 1580 Ibi
2444 1525 2815 1607 quippeerunt
2841 1529 2990 1607 bona
3005 1525 3245 1607 corporis
3269 1542 3324 1587 et
3351 1525 3564 1602 animm,
3595 1539 3766 1607 qualia

2185 1596 2371 1651 oculus
2410 1596 2514 1652 non
2538 1596 2690 1652 "vidit
2710 1641 2726 1665 ,
2757 1615 2854 1654 nec
2879 1600 3025 1655 auris
3049 1596 3268 1667 audivit,
3299 1621 3396 1659 nec
3421 1621 3517 1660 cor
3538 1596 3767 1664 lioininis

2186 1667 2438 1748 cogitavit
2465 1667 2616 1740 (Iani.
2641 1686 2793 1748 thv_,
2816 1671 2894 1748 ξ).
2916 1668 3024 1725 Cur
3050 1687 3179 1748 ergo
3199 1687 3294 1741 per
3337 1676 3499 1730 multa
3528 1680 3762 1748 vagaris,

2187 1735 2491 1816 hoimmcio,
2515 1735 2963 1816 quaerendobona
2987 1735 3180 1796 auiuia:
3200 1735 3303 1799 tua:
3316 1754 3372 1800 et
3389 1735 3632 1816 corporis
3654 1735 3764 1806 tuii

2183 1808 2318 1882 ama
2347 1825 2512 1882 unum
2535 1808 2740 1866 bonum
2759 1853 2774 1877 ,
2809 1813 2860 1867 in
2882 1828 2987 1881 quo
3019 1823 3142 1868 sunt
3187 1817 3362 1870 omnia
3391 1808 3559 1882 bona;
3585 1828 3639 1874 et
3657 1821 3767 1875 suf-

2186 1877 2313 1933 Iicit.
2360 1880 2614 1955 Desidera
2660 1877 3124 1955 simplex'bonum
3146 1925 3162 1950 ,
3189 1886 3330 1955 quod
3365 1897 3446 1942 est
3472 1877 3631 1945 emite
3667 1891 3764 1946 bo-

2184 1964 2343 2032 num;
2373 1961 2426 2006 et
2445 1953 2702 2032 satisest.
2737 1953 2895 2032 Quid.
2911 1956 3054 2032 enim
3095 1953 3281 2032 amas!
3307 1972 3433 2032 ca_r_o
3461 1960 3615 2032 mea?
3638 1963 3761 2032 quid

2182 2018 2454 2096 desideras
2473 2023 2693 2096 ,anima
2738 2018 2897 2096 mea?
2939 2023 3028 2096 ibi,
3051 2034 3135 2081 est
3157 2026 3412 2096 quidquid
3433 2031 3624 2087 amatis
3646 2018 3671 2093 ξ
3692 2033 3760 2088 ibi

2182 2099 2265 2166 est
2290 2091 2542 2166 quidquid
2565 2094 2900 2166 desideratis.
2926 2095 2981 2150 Si
2999 2091 3227 2152 delectat
3245 2091 3581 2166 pulchritudo
3605 2119 3619 2166 ;
3645 2091 3764 2157 Fut-

2181 2162 2367 2241 gebnnt
2397 2165 2530 2241 justi
2553 2167 2682 2220 sicut
2720 2166 2800 2241 sol
2828 2165 3038 2238 (Matth.
3071 2183 3196 2241 xui,
3225 2162 3337 2239 43).
3369 2170 3424 2226 Si
3472 2162 3721 2228 velocitas
3742 2216 3760 2241 ,

2181 2241 2273 2285 aut
2303 2233 2577 2306 fortitudo,
2605 2246 2696 2292 aut
2720 2233 2938 2294 libertas
2965 2240 3224 2306 corporis,
3248 2233 3332 2294 cui
3351 2241 3481 2297 nihil
3504 2233 3763 2299 obsistere

2182 2303 2376 2384 possit;
2412 2303 2578 2360 Erunt
2601 2307 2797 2384 similes
2813 2309 3019 2384 Angelis
3043 2303 3135 2362 Dei
3157 2307 3266 2382 (Id.
3299 2327 3406 2366 xxu
3433 2357 3448 2377 ,
3475 2313 3566 2384 30)
3596 2331 3610 2369 :
3638 2317 3760 2384 quia

2179 2368 2458 2451 ifrninatur
2495 2395 2680 2451 corpus
2708 2368 2966 2446 animale,
2993 2388 3048 2434 et
3082 2368 3252 2451 surget
3286 2368 3470 2451 carptis
3501 2368 3764 2450 xiiii-itinde

2185 2443 2365 2519 (ICor.
2397 2463 2482 2512 xv,
2516 2443 2632 2519 46),
2668 2460 2930 2518 potestate
2953 2443 3140 2518 utique
3158 2443 3308 2517 ,'non
3341 2443 3548 2509 natura.
3583 2455 3636 2510 Si
3662 2457 3760 2512 de-

2179 2515 2341 2570 lectat
2365 2519 2517 2592 longa
2545 2515 2600 2575 et
2619 2515 2848 2578 salubris
2874 2521 3012 2584 vita;
3045 2515 3116 2576 ibi
3135 2515 3219 2577 est
3245 2539 3375 2578 sana
3395 2526 3682 2592 aeternitas,
3709 2536 3764 2583 et

2179 2595 2376 2668 teierna
2394 2590 2628 2668 sanitas;
2659 2594 2781 2662 quia
2794 2591 2934 2668 justi
2950 2594 3002 2647 in
3033 2604 3325 2668 perpciuuin
3347 2595 3508 2650 vivent
3531 2590 3682 2668 (Sapl
3707 2615 3758 2661 v,

2181 2657 2302 2738 I6);
2334 2667 2388 2713 et
2412 2657 2829 2738 salus‘jitst'orum
2848 2681 2880 2718 a
2896 2657 3311 2738 Domino'(Psal.
3349 2657 3675 2738 χχινιξίὸξῖ).
3705 2657 3759 2724 Si

2178 2730 2424 2807 satieias;
2466 2730 2799 2807 satiabuntur
2827 2751 2949 2792 cum
2991 2730 3295 2807 apparuerit
3336 2730 3758 2807 gloria'Domini

2179 2795 2350 2874 (PsaL
2384 2817 2498 2874 avt,
2529 2801 2641 2874 175).
2665 2803 2720 2860 Si
2746 2806 2978 2862 ebrietas
3001 2795 3435 2868 z'l'nebriabun‘iur
3457 2808 3520 2862 ab
3542 2810 3761 2865 ubertate

2179 2868 2502 2946 domus_Dei-
2539 2868 2608 2930 Si
2636 2876 2895 2940 melodia;
2924 2877 2994 2931 ibi
3037 2878 3361 2946 Angelorum
3399 2879 3548 2934 chori
3577 2883 3760 2934 conci-

2179 2949 2312 2996 nunt
2338 2943 2459 3019 sine
2481 2945 2584 3000 tine
2602 2946 2746 3019 Deo.
2765 2948 2823 3003 Si
2849 2949 3099 3018 qmelibet
3123 2943 3316 3003 munda
3345 2949 3621 3019 voluptas;
3653 2960 3759 3005 tor-

2179 3021 2333 3088 rente
2375 3015 2661 3088 voluptatis
2705 3015 2929 3088 ideitaiis
2975 3035 3087 3074 sua:
3123 3019 3328 3088 potabit
3367 3015 3758 3075 eos'Dominus

2181 3081 2222 3161 ς
2209 3082 2356 3161 Psat1
2385 3081 2556 3153 xxxv,
2587 3087 2750 3161 9).iSi
2789 3089 3049 3161 sapientia
3075 3107 3090 3156 ;
3123 3081 3312 3146 Omnes
3336 3103 3481 3145 erant
3520 3091 3759 3147 docibiles

2182 3153 2275 3231 Dei
2299 3153 2477 3231 (Joan.
2505 3174 2558 3214 Vt
2577 3199 2598 3231 ,_
2621 3160 2714 3230 45)
2739 3177 2752 3212 :
2781 3153 3052 3230 quomodo
3078 3153 3200 3229 ipsa
3225 3161 3484 3231 sapientia
3513 3164 3758 3218 ostendet

2174 3227 2254 3302 eis
2281 3240 2340 3281 se
2362 3227 2552 3302 ipsam.
2575 3229 2630 3302 Si
2657 3227 2886 3286 amicitia
2909 3247 2923 3295 ;
2948 3227 3169 3301 diligent
3197 3227 3358 3287 Deum
3383 3233 3501 3302 plus
3522 3249 3678 3302 quam
3700 3249 3758 3289 se

2177 3297 2321 3372 ipsos
2343 3339 2356 3362 ,
2388 3307 2444 3353 et
2482 3299 2715 3372 invicem
2760 3311 3012 3372 tanquam
3045 3297 3112 3357 3e
3153 3303 3334 3371 ipsos;
3365 3297 3423 3359 et
3451 3297 3590 3358 Deus
3640 3305 3758 3360 illos

2178 3368 2295 3436 plus
2313 3384 2470 3443 quam
2497 3371 2578 3443 (Illi
2604 3387 2666 3427 sc
2708 3372 2851 3440 ipsos
2871 3368 2892 3426 ἐ
2934 3373 3056 3443 quia
3087 3368 3347 3428 illi'illum
3374 3383 3428 3428 et
3455 3388 3514 3429 se
3541 3385 3596 3430 et
3625 3377 3757 3430 invi-

2173 3453 2290 3514 cem
2323 3454 2419 3509 per
2456 3441 2624 3514 illum,
2648 3451 2702 3514 et
2736 3443 2826 3499 ille
2853 3441 2974 3498 illos
3001 3460 3096 3514 per
3123 3460 3180 3498 se
3218 3443 3410 3513 ipsum.
3434 3445 3490 3501 Si
3532 3461 3756 3500 concor-

2173 3509 2296 3585 dia;
2327 3513 2578 3585 omnibus
2607 3513 2710 3567 illis
2752 3515 2856 3568 erit
2899 3509 3014 3568 una'
3043 3509 3328 3570 voluntas:
3357 3517 3478 3585 quia
3519 3517 3623 3572 illis
3650 3533 3754 3572 non

2173 3581 2275 3654 erit
2337 3582 2438 3654 nisi
2516 3585 2632 3638 sola
2689 3585 2938 3640 voluntas
2993 3586 3106 3640 Dei.
3145 3585 3200 3639 Si
3258 3581 3532 3654 potestas;
3582 3587 3754 3642 intro-

2173 3652 2326 3706 ihunt
2351 3653 2402 3706 in
2427 3655 2689 3723 potentias
2718 3655 2924 3728 Domini
2947 3654 3121 3726 (Psal.
3149 3652 3272 3722 ux,
3300 3657 3410 3727 16),
3440 3668 3494 3728 et
3513 3659 3756 3728 omnipo-

2174 3731 2348 3778 tentes
2375 3734 2530 3780 erunt
2569 3742 2680 3781 suae
2710 3726 3024 3793 voluntatis,
3049 3735 3106 3781 ut
3128 3729 3268 3782 Deus
3291 3726 3428 3783 sua}.
3450 3727 3582 3783 Nam
3617 3726 3755 3786 sicut

2173 3795 2367 3870 poterit
2390 3797 2528 3870 Deus
2548 3796 2856 3870 quodvolet
2885 3813 2982 3868 per
3009 3813 3068 3870 se
3093 3798 3285 3870 ipsum,
3311 3799 3380 3854 ita
3407 3809 3658 3870 poterunt
3680 3802 3753 3857 illi

2171 3866 2312 3934 quod
2342 3868 2521 3922 volent
2547 3882 2642 3932 per
2670 3867 2838 3922 illum.
2867 3866 2998 3934 Quia
3028 3869 3164 3923 sicut
3187 3869 3260 3922 illi
3282 3884 3386 3924 non
3407 3866 3550 3926 aliud
3577 3871 3754 3926 volent

2169 3951 2328 4004 quam
2357 3938 2496 4005 quod
2523 3937 2636 4004 ille,
2669 3938 2739 3992 ita
2768 3939 3023 4009 quidquid
3047 3939 3118 3993 illi
3149 3939 3352 4005 volent,
3382 3941 3471 3995 ille
3489 3941 3669 4006 volet;
3700 3953 3753 3997 et

2171 4009 2310 4074 quod
2341 4009 2427 4062 ille
2462 4010 2622 4073 volet,
2655 4024 2759 4064 non
2788 4011 2982 4078 poterit
3007 4026 3111 4064 non
3140 4024 3280 4064 esse.
3313 4011 3370 4066 Si
3401 4011 3575 4066 honor
3594 4022 3648 4068 et
3672 4014 3753 4068 dio

2169 4078 2312 4132 vitia:
2327 4095 2344 4152 _;
2375 4079 2672 4152 Deus_suos
2699 4095 2882 4136 servos
2897 4080 3077 4152 bonos
3103 4088 3159 4136 et
3193 4080 3381 4152 tideles
3406 4098 3568 4152 super
3588 4086 3749 4140 multa

2166 4149 2457 4222 constituet
2487 4149 2699 4217 (Matth.
2727 4166 2864 4215 xxv,
2889 4149 3017 4222 2'5);
3046 4153 3160 4222 imo,
3181 4151 3271 4206 filii
3301 4153 3393 4207 Dei
3421 4149 3573 4208 et'dii
3597 4170 3751 4209 voca-

2169 4219 2387 4294 buntur,
2421 4229 2475 4275 et
2502 4230 2664 4294 erunt
2687 4222 2893 4294 :Aetiubi
2931 4219 3034 4294 erit
3065 4221 3231 4294 Filius
3252 4223 3386 4294 ejus,
3413 4224 3484 4279 ibi
3511 4235 3668 4279 erunt
3698 4236 3751 4280 et

2169 4290 2243 4344 illi
2275 4289 2457 4363 (Joan.
2485 4308 2616 4356 xvu,
2639 4289 2754 4363 ἓξ).
2789 4292 3034 4348 luet-edes
3053 4289 3412 4362 quidem'Dei,
3439 4295 3748 4351 cohaeredes

2166 4371 2354 4434 autem
2401 4361 2598 4417 Christi
2644 4361 2818 4431 (Rom.
2870 4380 2981 4429 vui,
3026 4361 3139 4434 I7).
3195 4365 3251 4419 Si
3291 4380 3415 4420 vera
3453 4369 3744 4433 securitas;

2167 4441 2314 4505 certe
2345 4433 2416 4487 ita
2443 4435 2572 4505 certi
2615 4444 2801 4501 erunt,
2846 4433 3114 4505 nunquam
3154 4435 3253 4489 ista
3282 4435 3365 4490 vel
3410 4437 3584 4505 potius
3612 4438 3746 4492 istud

2167 4502 2364 4557 bonum
2393 4505 2491 4558 sibi
2538 4504 2844 4560 defuturum
2865 4547 2878 4570 ,
2909 4502 3044 4560 sicut
3073 4507 3203 4560 ccrti
3251 4502 3423 4560 erunt'
3442 4522 3540 4562 nec
3566 4524 3626 4564 se
3655 4523 3747 4563 sua

2166 4583 2359 4639 Sponte
2398 4575 2524 4630 illud
2563 4577 2889 4641 amissuros,
2923 4591 3024 4630 nec
3061 4576 3373 4632 dilectorem
3403 4577 3569 4632 Detun
3621 4573 3746 4633 illud

2164 4643 2513 4702 dilectoribus
2551 4646 2662 4700 suis
2702 4647 2885 4701 invitis
2925 4647 3225 4702 ablaturum
3251 4648 3289 4700 ί.
3321 4649 3583 4702 Gaudium
3621 4665 3746 4704 vero

2163 4717 2318 4784 quale
2338 4726 2429 4769 aut
2453 4728 2731 4786 quantum,
2756 4719 2844 4772 ubi
2871 4719 2973 4772 tale
2998 4733 3060 4772 ac
3088 4727 3289 4773 tantum
3313 4717 3510 4772 bonum
3538 4721 3744 4774 inveni-

2166 4787 2283 4840 tur?
2329 4786 2436 4842 Cor
2483 4788 2810 4861 humanum,
2857 4803 2950 4843 cor
3001 4788 3272 4858 indigens,
3326 4805 3420 4843 cor
3466 4801 3744 4861 expertum

2163 4872 2450 4930 aerumnas,
2482 4858 2588 4930 imo
2615 4859 2863 4930 obrutum
2889 4861 3161 4930 tertunnis,
3187 4871 3438 4928 quantum
3461 4858 3742 4930 gauderes.

2163 4928 2206 4981 si
2235 4927 2320 4980 his
2357 4928 2607 4983 omnibus
2647 4929 2991 5000 abundares?
3022 4927 3294 5000 InterrOga
3323 4927 3503 4984 intima
3538 4942 3622 4986 tua
3651 4974 3668 4999 ,
3698 4934 3745 4988 si

2161 5013 2353 5069 Capere
2393 5000 2597 5067 possint
2640 4999 2889 5069 gaudium
2931 5014 3084 5053 suum
3129 5001 3195 5056 de
3232 4999 3374 5057 tanta
3419 5001 3745 5059 beatitudine

2161 5083 2277 5140 sua.
2317 5068 2418 5140 Sed
2450 5080 2596 5124 certe
2621 5068 2666 5123 si
2697 5072 2816 5140 quis
2855 5069 3028 5134 alius,
3060 5086 3220 5140 quem
3253 5073 3473 5126 oniaino
3512 5074 3650 5128 sicut
3695 5083 3744 5130 te

2164 5139 2335 5208 ipsum
2364 5139 2631 5209 diligeres,
2660 5139 2903 5195 eamdem
2949 5139 3328 5197 beatitudinem
3355 5142 3579 5198 haberet
3600 5187 3616 5209 ,
3647 5145 3746 5201 du-

2162 5210 2446 5274 plicaretur
2475 5210 2728 5280 gaudium
2769 5220 2948 5276 tuum;
2979 5213 3100 5284 quia
3140 5229 3246 5267 non
3275 5213 3452 5266 minus
3480 5215 3743 5284 gauderes

2159 5295 2350 5352 proco
2371 5323 2387 5346 ,
2415 5297 2575 5351 quam
2619 5299 2714 5350 pro
2745 5294 2796 5335 te
2831 5283 2967 5352 ipso.
3005 5282 3060 5338 Si
3094 5301 3219 5339 vero
3249 5284 3353 5338 duo
3394 5282 3502 5339 vei
3524 5296 3634 5340 tres
3663 5289 3741 5342 vel

2156 5351 2325 5424 inuito
2354 5353 2534 5422 plures
2574 5352 2832 5407 baberent
2854 5351 3088 5424 idipsum
3111 5399 3123 5415 ,
3151 5355 3479 5409 tantumdem
3513 5373 3609 5424 pro
3635 5359 3741 5412 sin-

2155 5421 2314 5496 gulis,
2338 5421 2590 5493 quantum
2623 5440 2719 5492 pro
2747 5435 2797 5479 te
2826 5421 3248 5495 ipso'gauderes,
3281 5427 3324 5479 si
3346 5421 3584 5496 singulos
3604 5430 3741 5483 sicut

2156 5505 2207 5548 te
2238 5494 2422 5562 ipsum,
2445 5510 2672 5548 amares.
2719 5494 2858 5565 Ergo
2892 5497 2942 5549 iu
2976 5497 3061 5550 illa
3104 5497 3332 5566 perfecta
3363 5494 3623 5552 charitate
3655 5500 3742 5554 in-.

2154 5567 2561 5620 munerabiliutn
2588 5567 2864 5620 beatorum
2896 5568 3215 5635 Angelorunt
3245 5577 3298 5622 et
3323 5568 3621 5633 hominum,
3650 5570 3738 5624 ubi

2151 5636 2328 5690 nullus
2383 5641 2557 5691 minus
2585 5637 2767 5706 diliget
2794 5639 2954 5691 alium
2981 5655 3138 5707 quam
3168 5655 3227 5693 se
3255 5641 3448 5709 ipsum,
3478 5642 3582 5694 erit
3606 5658 3736 5710 gau—

2213 5779 2227 5809 ¹
2267 5777 2393 5826 Adde
2420 5790 2482 5826 ex
2518 5775 2739 5826 Anselmo
2763 5789 2774 5823 :
2802 5788 2891 5824 rec
2925 5774 3112 5839 aliquid
3163 5784 3260 5826 Deo
3301 5775 3533 5838 potnttins
3571 5773 3738 5825 invite:

2154 5849 2301 5891 Deam
2321 5850 2364 5892 ct
2384 5839 2487 5892 illos
2515 5845 2862 5898 separatorum.
