4106 6542
403 360 531 416 εῖδει

390 478 548 561 ﬂium
596 478 980 561 inntt-merabile
1010 484 1048 537 ⁸.
1078 482 1162 561 St__
1189 496 1317 552 ergo
1354 496 1446 535 cor
1471 481 1704 535 hominis
1735 482 1807 561 _tlc
1836 490 1987 534 tanto

401 550 503 605 suo
524 550 663 602 bono
686 554 769 606 vix
808 555 976 622 capiet
1008 550 1273 620 gaudium
1302 568 1485 615 suum;
1519 552 1786 622 quomodo
1819 565 1984 620 Capax

400 622 505 695 erit
531 632 607 695 tot
626 633 678 695 et
697 620 960 679 tantorum
983 626 1294 695 gaudiorum
1326 622 1493 695 iuilla
1513 620 1741 695 perfecta
1761 620 1983 695 felicita-

402 690 482 745 te?
499 692 583 765 ubi
600 692 732 747 sicut
754 690 1114 765 unusquisque
1133 697 1249 765 plus
1265 693 1462 748 amabit
1487 694 1602 765 sine
1626 708 1742 745 com
1753 692 1983 765 paratio-

401 777 473 817 ne
504 762 693 827 Deum,
726 780 883 834 quam
906 762 965 820 se
995 762 1165 833 ipsum
1184 808 1198 826 .
1227 774 1279 818 et
1295 778 1480 817 omnes
1503 764 1646 834 alios
1668 778 1882 834 secum;
1915 764 1985 817 ita

398 834 573 903 magis
601 832 849 901 gaudebit
878 832 1079 905 absque
1101 836 1455 889 a'stimatione
1481 833 1549 887 de
1578 834 1671 888 Dei
1696 832 1945 905 felicitate
1968 877 1981 898 ,

443 902 562 957 nam
600 904 669 959 de
699 922 794 960 sua
823 917 879 961 et
915 902 1153 961 omnium
1198 906 1423 959 aliorum
1463 919 1666 958 secum.
1698 902 1787 957 Sic
1820 904 1983 959 Deum

443 920 562 957 nam
600 920 669 959 ne
699 922 794 960 sua
823 920 879 961 et
915 923 1153 961 omntutn
1198 920 1423 959 auorum
1463 920 1666 958 secum.
1698 920 1787 957 διο
1821 920 1983 959 neum

397 920 623 1045 diligent
644 986 753 1031 toto
781 979 962 1043 corde,
992 988 1098 1031 tota
1128 987 1325 1043 mente,
1356 983 1465 1029 tota
1494 977 1666 1028 anima
1692 1017 1705 1037 ,
1734 982 1794 1028 ttt
1818 984 1983 1029 totum

396 1059 495 1099 cor
538 1060 643 1100 non
685 1048 915 1103 sufﬁciat
952 1048 1222 1103 dilectioni
1264 1064 1277 1099 :
1319 1058 1372 1101 et
1415 1046 1490 1099 sic
1530 1045 1833 1114 gaudebunt
1875 1054 1987 1099 toto

396 1114 593 1181 corde,
628 1127 683 1172 ut
714 1128 879 1173 telum
919 1135 1013 1174 cor
1040 1134 1144 1173 non
1176 1116 1405 1172 sufﬁciat
1435 1116 1741 1185 plenitudini
1767 1116 1942 1185 gaudii
1970 1133 1982 1168 :

400 1194 606 1240 tantum
635 1199 714 1242 est
734 1191 1005 1259 gaudium.
1042 1191 1180 1243 Deus
1200 1188 1418 1242 inﬁnita:
1447 1186 1843 1248 misericordim,
1870 1188 1988 1240 lous

396 1259 566 1331 totius
583 1258 833 1316 bonitatis
859 1272 909 1315 et
937 1262 1166 1331 pietatis,
1185 1260 1267 1314 fac
1283 1274 1381 1313 nos
1400 1258 1685 1331 participes
1709 1259 1835 1310 tanti
1858 1273 1988 1325 gau-

395 1326 497 1381 dii.
526 1328 685 1403 T_u_es
720 1332 861 1386 enim
894 1326 1142 1403 gaudium
1174 1326 1715 1403 plenum,beatitudo
1738 1344 1942 1403 summa
1970 1345 1982 1380 :

399 1406 455 1471 tu
484 1414 543 1453 es
567 1399 617 1471 id
645 1417 749 1471 quo
776 1399 1125 1457 nihil‘melius
1154 1399 1444 1457 desiderari
1472 1408 1666 1470 potest,
1699 1399 1828 1453 nihil
1856 1399 1983 1453 bea-

399 1468 508 1541 tius
534 1470 615 1523 vel
648 1468 825 1527 utilius
848 1472 1128 1541 possideri.

460 1540 700 1597 CAPUT
739 1537 898 1599 LXV.
962 1544 1023 1598 In
1082 1543 1239 1598 beatis
1293 1542 1481 1611 triplex
1530 1541 1703 1610 [milia
1754 1540 1869 1593 Dei.
1915 1537 1984 1593 In

399 1609 557 1666 beatis
586 1615 658 1667 vis
678 1616 862 1670 anima:
887 1616 1072 1684 triplex
1087 1615 1348 1684 impletur.
1366 1609 1609 1684 Corporis
1630 1611 1834 1680 gloriosi
1857 1628 1983 1684 qua-

400 1691 516 1734 tuor
540 1684 699 1739 dotes.
733 1680 1120 1740 Immortalilas.
1144 1680 1557 1753 Impassibilitas.
1579 1683 1814 1751 Agilitas.
1852 1680 1982 1753 Pul-

398 1753 656 1808 chritudo.
696 1754 751 1810 In
779 1758 865 1811 illa
895 1766 1092 1811 :rterna
1127 1752 1453 1810 beatitudine
1482 1762 1536 1807 et
1566 1753 1795 1821 perfecta
1823 1794 1836 1814 .
1874 1752 1983 1807 Deo

400 1824 678 1892 tripliciter
703 1827 939 1882 fruemur
957 1868 971 1891 ,
998 1826 1243 1882 videntes
1266 1840 1388 1880 eum
1422 1826 1475 1878 in
1501 1824 1752 1878 omnibus
1777 1833 1986 1877 creatu-

401 1893 497 1955 ris.
523 1906 578 1949 et
604 1895 862 1953 habentes
884 1914 1007 1953 eum
1041 1897 1096 1951 in
1125 1897 1280 1950 nobis
1309 1896 1436 1963 ipsis
1460 1912 1474 1957 ;
1506 1904 1562 1950 et
1591 1894 1733 1963 quod
1759 1894 1843 1947 his
1869 1910 1985 1947 om-

401 1964 558 2020 nibus
581 1968 917 2024 ineli'abiliter
939 1968 1222 2037 jucundius
1247 1968 1349 2022 erit
1372 1966 1791 2037 atqueibeatius,
1816 1965 1981 2033 ipsam

398 2051 612 2108 quoque
651 2049 1031 2108 cognoscentes
1087 2040 1138 2091 in
1184 2037 1471 2106 semetipsa
1520 2036 1874 2108 Trinitatem,
1928 2044 1985 2108 et

398 2106 683 2171 gloriosam
708 2106 851 2164 illam
866 2114 980 2165 sine
997 2110 1108 2165 ullo
1122 2111 1401 2179 aenigmate
1419 2107 1617 2179 mundo
1632 2106 1808 2161 cordis
1826 2106 1981 2159 oculo

398 2181 840 2248 contemplantes.
890 2182 942 2234 In
972 2182 1072 2235 hoc
1101 2180 1239 2234 enim
1275 2188 1359 2234 est
1397 2178 1503 2233 vita
1539 2187 1737 2248 aeterna
1767 2186 1822 2232 et
1859 2192 1982 2245 per-

400 2247 559 2321 [φρίκῃ
588 2246 645 2304 ιιί
675 2267 1060 2321 cognoscamus
1086 2252 1297 2305 Patrem
1325 2257 1378 2303 et
1407 2248 1597 2321 Filium
1631 2246 1808 2321 (loqu.
1840 2264 1945 2321 tm!
1964 2288 1980 2309 .

397 2318 453 2389 ἦ)
488 2336 607 2389 eum
645 2318 831 2376 sancto
870 2324 1097 2389 Spiritu,
1132 2332 1186 2375 et
1214 2321 1490 2374 videamus
1520 2318 1684 2372 Deum
1714 2319 1865 2373 sicuti
1900 2326 1983 2373 Bst

398 2387 445 2464 (l
472 2388 629 2443 Joan.
662 2408 738 2455 ut,
768 2393 855 2464 ‘2);
891 2387 940 2447 id
976 2403 1091 2459 est,
1120 2408 1225 2446 non
1253 2406 1318 2446 eo
1346 2390 1504 2464 modo
1528 2390 1682 2464 sicuti
1715 2391 1850 2464 inest
1888 2404 1983 2442 uo—

397 2460 480 2514 bis
500 2472 592 2516 aut
626 2460 917 2529 creaturis,
948 2465 1041 2519 sed
1077 2466 1214 2518 sicut
1240 2473 1324 2516 est
1362 2463 1415 2515 in
1452 2463 1759 2530 semetipso.
1788 2460 1980 2514 Verum

396 2546 556 2605 quam
589 2550 776 2605 magna
815 2545 899 2590 est
938 2535 1208 2590 beatitudo
1235 2534 1326 2587 illa
1350 2574 1367 2605 ,
1388 2542 1442 2605 et
1482 2547 1639 2605 quam
1672 2532 1980 2605 abscnndita

396 2602 465 2653 ab
490 2603 659 2657 oculis
684 2602 882 2660 nostris
908 2608 919 2660 ε
950 2605 1145 2661 Oculus
1175 2622 1277 2659 uott
1324 2603 1490 2668 vidit,
1519 2604 1663 2656 auris
1692 2618 1796 2656 non
1828 2603 1979 2655 audi-

398 2674 492 2737 vit,
516 2676 643 2728 etin
673 2692 763 2729 cor
792 2678 1021 2731 hominis
1047 2692 1151 2730 non
1180 2676 1453 2739 ascendit,
1486 2683 1679 2741 quanta
1706 2673 1939 2728 charitas
1963 2713 1977 2733 .

395 2753 592 2811 quanta
624 2750 877 2813 suavitas,
904 2756 1099 2817 quanta
1122 2746 1426 2813 jucunditas
1446 2753 1660 2798 maneat
1689 2760 1786 2797 nos
1812 2745 1864 2797 in
1893 2745 1980 2799 illa

394 2817 717 2882 cognitione.
744 2818 855 2873 Pax
885 2820 974 2873 Dei
1000 2829 1080 2874 est
1108 2819 1158 2871 itt
1192 2818 1278 2872 illa
1309 2832 1427 2885 quae
1456 2825 1741 2885 exsuperat
1766 2831 1980 2870 onmem

396 2833 717 2882 cognitione.
744 2833 855 2873 Pax
885 2833 974 2873 DCI
1000 2833 1080 2874 eSt
1108 2834 1158 2871 m
1192 2833 1278 2872 tua
1309 2833 1427 2885 quae
1456 2833 1583 2870 exsu
1624 2833 1741 2869 erat
1766 2833 1980 2870 onmem

396 2899 615 2961 sensum
654 2899 708 2942 et
763 2890 1087 2944 intellectum
1136 2886 1393 2961 (Philipp.
1441 2902 1535 2961 t_v.A
1559 2833 1651 2961 τεί-
1691 2894 1746 2939 et
1781 2896 1981 2961 quanto

395 2958 564 3026 magis
603 2974 814 3013 omnem
855 2956 1157 3014 sermonem
1197 2956 1478 3012 nostrum?
1502 2956 1654 3025 Quod
1696 2972 1823 3026 ergo
1852 2957 1980 3011 nulli

394 3024 650 3082 (uitiatum
689 3040 773 3084 est
798 3033 1027 3099 experiri
1050 3072 1063 3093 ,
1098 3031 1273 3084 nullus
1308 3024 1539 3084 conetur
1568 3029 1737 3082 eliari.
1764 3024 1982 3081 Mensu-

392 3116 527 3163 ram,
553 3101 629 3155 ait
661 3100 915 3156 Dominus
935 3144 950 3167 ,
981 3102 1162 3155 bonum
1191 3100 1328 3154 dabit
1361 3101 1414 3153 in
1439 3102 1581 3153 sinus
1618 3109 1832 3163 vestros,
1858 3115 1982 3152 con-

393 3174 580 3241 fertam
612 3173 662 3225 itt
709 3172 965 3227 interiore
995 3172 1231 3236 homine,
1258 3172 1561 3241 coagitatam
1593 3170 1642 3222 in
1674 3171 1976 3237 exteriore,

390 3243 825 3322 gupqeﬂlueutettt
848 3243 899 3322 in
934 3244 1042 3298 Deo
1070 3244 1182 3322 ipso
1208 3242 1359 3322 (Luc.
1391 3256 1463 3322 vt,
1633 3241 1704 3294 lbi
1735 3241 1980 3322 cumulus

392 3311 660 3384 felicitatis
674 3324 779 3379 est,
795 3314 864 3368 ibi
885 3311 1287 3384 supereminens
1301 3312 1487 3384 gloria,
1507 3311 1579 3365 ibi
1596 3311 1981 3384 supereminens

391 3383 687 3438 beatitudo.
728 3385 861 3439 Nam
902 3382 1171 3455 quomodo
1209 3382 1470 3437 videndus
1491 3385 1560 3435 sit
1595 3382 1645 3435 in
1682 3382 1976 3455 creaturis,

390 3455 661 3535 ouotnodo
690 3455 740 3535 in
769 3453 934 3535 n_obi_s_
968 3455 1241 3535 habendus
1260 3496 1275 3520 ,
1304 3468 1587 3533 possumus
1616 3453 1699 3508 vel
1732 3468 1798 3534 ex
1830 3462 1981 3535 parte

390 3524 661 3594 conjicere
680 3567 693 3589 ,
719 3528 769 3580 in
799 3527 927 3595 ipsis
962 3526 1211 3581 nimirum
1240 3540 1375 3595 quos
1396 3524 1699 3593 accepiums
1724 3523 1833 3595 jam
1870 3525 1977 3593 pri—

392 3596 559 3650 tnitiis
584 3598 800 3666 spiritus
822 3594 1003 3668 (Rom.
1028 3612 1143 3662 vut,
1169 3596 1283 3666 25).
1302 3594 1560 3668 (Cognitio
1579 3594 1977 3668 autem__in_Dco

392 3669 514 3734 ipso
562 3664 647 3720 illa
697 3664 869 3721 adhuc
911 3668 1065 3722 nobis
1106 3664 1370 3736 incognita
1410 3674 1521 3730 est,
1556 3664 1813 3736 mirabilis
1839 3666 1976 3736 facta

391 3745 497 3800 est,
525 3737 819 3793 confortata
853 3748 937 3793 est
959 3781 973 3804 ,
1005 3738 1066 3792 ul.
1102 3752 1207 3793 non
1236 3734 1517 3807 possimus
1549 3734 1615 3789 ad
1656 3750 1774 3789 eam
1804 3734 1973 3807 (l’sal.

388 3822 655 3880 curvat,
684 3807 761 3880 6).
794 3812 862 3863 At
896 3824 1023 3863 vero
1048 3806 1495 3880 quemadmodum
1526 3807 1580 3880 in
1590 3876 1600 3880 _
1612 3807 1875 3880 creaturis
1901 3806 1977 3880 vi.

390 3878 602 3933 deudus
646 3876 745 3945 sit',
773 3880 1108 3949 aliquatenus
1143 3893 1426 3949 possumus
1456 3876 1752 3949 intelligere
1776 3918 1791 3942 ,
1822 3877 1978 3949 nimi-

391 3965 512 4003 rum
540 3965 663 4003 cum
691 3947 930 4013 etmodo
956 3947 1198 4004 videatur
1224 3950 1277 4003 in
1300 3951 1447 4018 ipsis.
1483 3947 1636 4003 Unde
1653 3956 1709 4000 et
1735 3948 1977 4014 apostolo

391 4020 560 4074 Paulo
592 4029 762 4092 testeL
781 4019 883 4074 Per
907 4037 965 4074 ea
989 4036 1104 4089 qua:
1122 4025 1257 4092 facta
1281 4030 1415 4083 sunt,
1451 4018 1543 4071 Dei
1566 4018 1833 4071 invisibilia
1853 4034 1976 4071 catt-.-

388 4092 675 4159 spicittntur
704 4091 879 4162 (Rom.
908 4107 946 4158 t,
972 4092 1092 4161 20).
1124 4091 1279 4145 Unde
1301 4099 1786 4162 quantumcumque
1809 4091 1973 4158 proli-

390 4165 498 4216 ciat
526 4163 649 4233 quis
684 4160 1026 4232 intelligendo
1048 4162 1359 4231 conspicere
1382 4176 1539 4233 quam
1571 4160 1937 4233 potentissime
1957 4203 1971 4224 ,

390 4230 560 4302 quam
594 4230 1004 4303 benignissime,
1056 4230 1215 4302 quam
1262 4232 1675 4303 prudentissime
1725 4230 1976 4303 majestas

389 4314 591 4358 aeterna
619 4305 796 4358 omnia
813 4304 1016 4369 fecerit,
1044 4314 1232 4357 cuncta
1262 4314 1432 4372 regat,
1463 4302 1673 4357 ordinet
1693 4302 1970 4367 universa;

392 4390 613 4444 prorsus
638 4375 903 4429 modicum
933 4384 1015 4427 est
1051 4375 1120 4427 ab
1139 4389 1203 4428 eo
1236 4374 1376 4443 quod
1402 4372 1838 4444 comprehendat.
1873 4372 1977 4427 Ve-

392 4443 505 4500 niet
532 4455 711 4498 autem
737 4445 950 4514 quando
971 4445 1080 4514 jam
1107 4446 1313 4499 visione
1340 4454 1391 4497 et
1421 4443 1871 4511 contemplatione
1892 4453 1974 4497 at-

390 4532 495 4587 que
518 4515 711 4586 gaudio
737 4516 986 4570 ineilabili
1007 4530 1394 4584 consequemur
1408 4516 1615 4583 Agnum
1638 4528 1977 4587 quocumque

393 4584 546 4652 ierit}
572 4595 628 4642 et
667 4589 719 4641 in
759 4587 1005 4640 omnibus
1043 4600 1437 4655 consequentur
1476 4585 1735 4638 creaturis
1784 4584 1973 4653 (Apoc.

390 4674 501 4725 ιη,
527 4657 604 4727 4),
632 4667 691 4711 ut
722 4658 772 4712 in
796 4657 1044 4711 onmibus
1070 4656 1396 4727 gaudeamus
1420 4673 1431 4708 :
1463 4670 1591 4709 sane
1612 4656 1663 4709 in
1690 4656 1970 4727 omnibus,

391 4731 487 4784 sed
517 4726 621 4782 non
649 4728 864 4783 aliunde
891 4743 1050 4797 quam
1077 4726 1144 4781 de
1176 4729 1308 4796 ipso,
1337 4727 1477 4781 sicut
1502 4736 1556 4780 et
1584 4726 1697 4797 ipse
1722 4726 1842 4779 aliis
1868 4741 1974 4781 non

394 4800 605 4862 fruitur,
640 4799 732 4853 sed
755 4815 811 4853 se
835 4800 967 4868 ipso.
1002 4798 1254 4853 Jamvero
1279 4808 1333 4853 et
1360 4799 1414 4851 in
1441 4798 1594 4852 nobis
1624 4797 1974 4865 quemadmo-

390 4872 517 4926 dum
550 4870 824 4924 babendus
846 4873 933 4933 sit,
961 4870 1011 4921 in
1045 4878 1193 4936 parte
1220 4884 1502 4938 possumus
1526 4870 1777 4938 cogitare.

462 4943 684 4996 Constat
719 4942 860 4995 enim
899 4941 1195 4993 animarum
1241 4955 1363 4994 esse
1403 4940 1664 5007 triplicem
1705 4949 1971 4993 naturam.

391 5013 545 5069 Unde
589 5022 643 5066 et
678 5013 945 5082 sapientes
996 5011 1176 5063 tnttudi
1220 5010 1377 5079 hujus
1415 5012 1645 5082 animam
1690 5009 1972 5063 humanam

390 5081 1250 5152 rationalem,concupiseibilcm,
1282 5091 1336 5135 et
1362 5081 1681 5135 irascibilem
1713 5096 1834 5135 esse
1862 5089 1974 5132 tra-

389 5155 641 5210 diderunt
675 5171 687 5206 :
731 5169 887 5222 quant
918 5154 1179 5222 triplicem
1216 5154 1321 5205 vim
1359 5156 1584 5215 animae,
1620 5153 1729 5219 ipsa
1760 5166 1974 5221 quoque

390 5234 580 5281 natura
620 5235 675 5279 et
707 5223 1011 5294 quotidiana
1039 5224 1403 5290 experimenta
1438 5236 1535 5276 nos
1562 5223 1772 5275 docent.
1806 5222 1973 5294 Porro

389 5293 837 5367 quemadmodum
869 5295 1009 5348 circa
1032 5294 1294 5367 rationale
1320 5302 1560 5367 nostrum
1591 5302 1644 5347 et
1669 5293 1888 5367 scientia
1920 5300 1975 5367 et

390 5362 686 5439 ignorantia
708 5375 1256 5439 constant,tanquam
1286 5364 1494 5439 habitus
1521 5373 1573 5417 et
1604 5362 1829 5431 privatio
1853 5382 1867 5415 :
1896 5363 1975 5416 sic

386 5434 441 5494 et
464 5439 608 5493 circa
637 5436 1072 5505 concupiscibiie,
1101 5434 1425 5488 desiderium
1448 5442 1503 5486 et
1524 5443 1862 5501 contemptus
1882 5448 1903 5505 ;r
1921 5442 1976 5485 et

385 5510 526 5563 circa
559 5509 611 5561 id
637 5507 779 5577 quod
808 5504 1002 5560 dicitur
1032 5506 1328 5577 irascibile,
1374 5505 1554 5577 laetitia
1585 5505 1784 5577 pariter
1810 5512 1865 5557 et
1896 5504 1975 5559 ira

386 5575 685 5634 versantur.
734 5578 979 5646 Implebit
1006 5592 1135 5645 ergo
1165 5576 1419 5630 Dominus
1449 5575 1705 5629 rationale
1732 5583 1972 5629 nostrum

392 5669 508 5723 luce
530 5665 835 5735 sapit-num;
864 5664 934 5718 ita
963 5674 1021 5718 ut
1048 5664 1262 5734 penitus
1282 5662 1435 5717 nobis
1462 5660 1595 5715 nihil
1627 5659 1764 5714 desit
1793 5661 1844 5713 in
1876 5660 1983 5713 ulla

392 5761 613 5816 scientia
643 5757 683 5830 (1
715 5758 832 5812 Cor.
867 5773 903 5824 ι,
932 5757 1010 5827 ‘7).
1037 5755 1280 5827 Implebit
1308 5752 1723 5823 concupiscibile
1743 5760 1983 5806 nostrum

454 5878 468 5909 ¹
510 5873 780 5924 Anselmus.
810 5887 914 5935 pro,
939 5872 1031 5920 crit
1054 5870 1282 5935 gauditmt
1307 5867 1668 5935 innumerabile,
1712 5868 1987 5935 babe_t,uott

394 5939 528 5989 aliter
552 5935 778 5998 qautltbit
797 5929 841 5989 ἀι
862 5935 994 5990 isque
1024 5929 1072 5994 p7
1088 5949 1114 5982 o
1140 5933 1341 5997 singulis
1366 5933 1472 5984 aliis
1497 5946 1638 5994 quam
1673 5945 1716 5992 p;
1732 5945 1757 5979 υ
1781 5929 1950 5988 stipati.

1527 364 1725 420 LIBER
1768 365 1858 427 ΒΕ
1896 366 2165 427 81⁵181⁷1Ίῖ
2212 373 2301 430 ET
2341 366 2575 427 ΑΝῘΜΛ.

3584 394 3688 449 επο

2110 481 2259 567 fonte
2277 484 2531 567 jttstitire:
2560 495 2617 541 ut
2641 489 2857 567 omnino
2876 491 3245 567 desideremus
3268 509 3408 567 eam.
3436 505 3490 550 et
3510 510 3570 549 ea
3601 515 3691 567 pe-

2112 554 2252 637 nitus
2296 558 2621 637 repleantur,
2662 558 2797 637 sicut
2837 563 3089 637 scriptum
3133 573 3253 637 est:
3287 554 3429 637 Beati
3456 567 3542 635 qui
3578 554 3695 622 e'su-

2107 629 2246 706 ritio!
2280 638 2334 706 ,ει
2380 629 2577 706 sitiunt~
2593 630 2875 706 justitiam,
2914 635 3153 706 quoniam
3196 636 3294 706 ipsi
3335 629 3697 694 salttrabuutur

2109 648 2244 677 rium
2290 648 2333 678 et
2380 648 2577 706 surum~
2593 648 2875 695 Justitiam,
2950 650 3153 688 uomam
3196 652 3293 706 tpst
3335 648 3691 694 salttrabtmtttr

2109 693 2321 777 (Matth.
2354 698 2513 777 v,_6).
2539 700 2695 777 Nulla
2715 702 2857 777 enim
2889 648 2988 755 a7ia
3012 705 3336 777 resimplere
3355 717 3527 777 potest
3544 708 3659 763 desi
3677 741 3691 751 -

2107 766 2313 820 derittm
2344 769 2555 843 anima},
2589 770 2729 843 nulla
2759 771 2859 823 alia
2887 766 3364 843 pravterjusiitiani
3388 778 3694 836 beatil‘tmre

2106 846 2282 917 potest
2325 840 2578 892 animum.
2606 840 2902 917 immerge
2932 840 3213 913 repleverit
3253 848 3391 901 Deus
3432 852 3690 917 concupi-

2104 908 2292 987 sci_bile
2334 920 2575 963 nostrum
2598 911 2800 987 justitia
2823 908 3212 987 [qumcumque
3239 932 3490 986 respuere
3530 908 3691 977 debet

2102 980 2300 1055 anima,
2326 991 2569 1049 respuet;
2592 993 2645 1034 et
2664 980 2918 1055 quidquid
2945 985 3100 1038 debet
3125 980 3525 1055 concupiscere,
3554 1007 3687 1045 cou-

2103 1050 2369 1128 cupiscet;
2398 1060 2453 1105 et
2480 1068 2544 1105 ex
2572 1050 2936 1128 omnibushis
2974 1058 3139 1125 magis
3164 1050 3377 1126 appetet
3401 1050 3543 1128 quod
3571 1077 3687 1115 ma-

2101 1120 2181 1189 gis
2212 1122 2372 1202 luerit
2397 1122 2775 1202 appetendum.
2812 1122 2999 1202 _Merito
3036 1120 3263 1197 denique
3289 1120 3689 1202 conc'ttpiscibili

2106 1201 2291 1272 nostro
2322 1191 2579 1273 justitiam
2609 1194 2951 1273 attribuimus
2971 1238 2984 1257 ,
3015 1212 3079 1251 ex
3124 1191 3528 1273 quohuimiru'm
3558 1202 3688 1269 justi

2100 1273 2192 1337 aut
2222 1266 2403 1337 iniusti
2432 1274 2758 1337 reputantur.
2783 1266 3032 1322 Jamvero
3060 1270 3200 1337 quod
3228 1268 3419 1323 dicitur
3448 1271 3498 1323 in
3531 1266 3687 1326 nobis

2103 1331 2389 1409 irascibile.
2422 1331 2544 1409 cuin
2576 1335 2861 1409 repleverit
2888 1338 3014 1391 illud
3050 1331 3207 1404 Deus,
3235 1339 3473 1409 profecto
3498 1341 3602 1395 erit
3632 1343 3682 1396 itt

2101 1402 2255 1481 nobis
2282 1405 2665 1481 tranquillitas,
2704 1416 2757 1460 et
2785 1408 2835 1460 in
2864 1423 3126 1481 summam
3155 1402 3387 1464 lietitiam
3418 1421 3575 1481 atque
3600 1412 3688 1481 ju-

2099 1472 2421 1551 cunditatem
2456 1476 2781 1551 replehimur
2804 1493 2932 1545 pace
2958 1480 3169 1551 divina.
3186 1482 3248 1534 Et
3276 1482 3395 1535 vide
3418 1483 3463 1535 si
3490 1472 3686 1537 iton'itt

2100 1541 2183 1624 bis
2208 1545 2379 1624 tribus
2407 1541 2635 1624 perfecta
2659 1541 2814 1609 sane;
2834 1559 3088 1624 quantum
3111 1550 3176 1624 ad
3196 1552 3430 1624 animam
3454 1562 3681 1624 spectat,

2101 1613 2372 1687 beatitudo
2401 1617 2675 1681 consistit.
2716 1613 2930 1687 quando
2957 1620 3176 1675 scientia
3204 1622 3311 1686 jam
3340 1638 3445 1675 ttnn
3479 1613 3688 1678 iullabit

2100 1694 2315 1763 propter
2337 1686 2626 1763 justitiam,
2647 1686 2755 1756 jam
2787 1706 2889 1742 non
2919 1692 3265 1763 contristabit
3297 1703 3513 1763 propter
3552 1694 3686 1747 licti-

2100 1759 2224 1833 tiam
2246 1772 2269 1833 ;_
2304 1766 2362 1810 ut
2393 1759 3087 1833 cessct_jamproverbium
3127 1761 3285 1833 illud,
3329 1759 3430 1829 Qui
3472 1766 3685 1833 apponit

2095 1825 2374 1906 scientiam,
2406 1825 2620 1906 apponi?
2643 1825 2868 1906 dolorem
2894 1832 3090 1900 (Eccle.
3122 1849 3163 1906 t,
3195 1832 3280 1898 l8)
3311 1825 3570 1903 {quando
3591 1834 3683 1902 ju-

2096 1898 2238 1949 stitia
2270 1914 2368 1953 nec
2404 1898 2692 1971 indiscreta
2722 1901 2825 1955 erit
2849 1898 3069 1971 propter
3093 1898 3390 1966 scientiam,
3420 1920 3519 1959 nec
3545 1898 3683 1959 onc-

2095 1980 2214 2047 rosa
2249 1979 2464 2037 propter
2505 1970 2775 2047 laetitiam;
2822 1970 3033 2047 quando
3080 1974 3255 2028 lzetitia
3297 1986 3681 2047 uecSttSpecta

2094 2042 2197 2114 erit
2224 2050 2438 2114 propter
2464 2042 2760 2114 scientiam,
2797 2058 2896 2098 nec
2919 2045 3123 2110 impura
3153 2056 3368 2114 propter
3393 2045 3679 2113 justitiam.

2165 2107 2271 2162 Sed
2298 2111 2347 2163 iu
2381 2111 2463 2165 his
2491 2113 2737 2166 omnibus
2768 2114 2901 2167 nihil
2933 2107 3094 2168 homo
3122 2107 3304 2169 noster
3330 2107 3564 2169 exterior
3586 2132 3681 2170 ac-

2091 2179 2389 2254 cepit_._lpsi
2417 2198 2546 2251 ergo
2566 2225 2580 2247 ,
2617 2194 2670 2238 ut
2697 2184 2937 2237 inhabitet
2964 2186 3127 2254 gloria
3156 2188 3315 2240 etiam
3344 2188 3393 2239 in
3423 2197 3559 2240 terra
3584 2204 3681 2239 no-

2092 2249 2630 2325 st_ra(Psal.t.x3tx1v,
2655 2254 2763 2325 10),
2788 2249 2995 2323 etjuxta
3020 2257 3181 2309 alium
3207 2257 3516 2325 prophetarit
3535 2258 3571 2319 ¹,
3599 2273 3685 2309 re-

2092 2319 2301 2387 pleatur
2318 2323 2593 2390 majestate
2614 2319 2825 2398 Domini
2844 2319 3018 2380 omnis
3038 2336 3175 2380 terra
3202 2319 3372 2398 Ρεὶιι.
3396 2343 3535 2391 Lm,
3566 2328 3678 2397 l9),

2090 2402 2320 2458 quatuor
2344 2402 2469 2447 sunt
2494 2396 2799 2461 qumreuda,
2824 2411 2982 2465 quem
3003 2396 3296 2452 constatex
3316 2409 3543 2465 quatuor
3562 2396 3678 2451 ele-

2092 2464 2291 2539 utentis
2304 2473 2638 2539 compactum
2657 2481 2797 2539 esse.
2819 2464 3159 2539 Nccrmireris
3178 2468 3316 2537 quod
3338 2464 3581 2539 pluribus
3604 2470 3681 2521 vi-

2090 2532 2248 2611 detur
2282 2532 2521 2611 indigere
2541 2578 2554 2597 ,
2582 2538 2665 2611 _cui
2695 2552 2835 2611 nunc
2857 2538 3164 2611 indigentia:
3197 2532 3357 2611 locus
3395 2550 3495 2591 est.
3527 2537 3678 2611 [inde

2091 2604 2348 2677 prepheta
2399 2606 2449 2658 itt
2478 2606 2688 2660 Psaltuo
2719 2625 2730 2659 :
2766 2607 2935 2661 Sitivit
2973 2604 3023 2661 in
3067 2618 3115 2661 te
3151 2610 3321 2661 animo
3361 2626 3499 2667 mea:
3525 2604 3677 2677 quam

2092 2676 2437 2744 multipliciter
2474 2676 2561 2729 tibi
2587 2690 2705 2730 caro
2728 2695 2837 2731 mea
2867 2677 3040 2747 (Psal.
3071 2695 3201 2743 Lm,
3225 2678 3306 2745 2).
3341 2676 3563 2733 Habebit
3587 2697 3677 2732 er-

2089 2760 2157 2815 go
2181 2757 2317 2800 terra
2347 2757 2529 2802 nostra
2568 2748 3040 2815 immortalitatem,
3072 2766 3139 2803 ne
3158 2750 3269 2818 jam
3302 2755 3482 2804 timeat
3501 2750 3679 2803 denuo

2090 2831 2153 2871 se
2178 2818 2229 2871 itt
2271 2819 2538 2887 pulverem
2580 2818 2943 2888 redigendum.
2977 2820 3277 2888 Resurgens
3304 2820 3445 2875 enim
3483 2835 3678 2888 corpus

2092 2896 2330 2959 nostrum
2354 2931 2369 2954 ,
2410 2890 2519 2959 jam
2564 2906 2667 2942 nou
2702 2892 2945 2954 moritur,
2976 2906 3120 2943 mors
3148 2892 3218 2943 illi
3262 2892 3393 2944 ultra
3428 2890 3536 2959 jam
3569 2906 3674 2943 untt

2090 2957 2484 3031 dominabitur(
2510 2958 2661 3013 Rom.
2690 2976 2770 3024 vt,
2798 2959 2890 3031 9).
2923 2960 3026 3017 Sed
3057 2961 3387 3031 prodiderit'
3408 2957 3495 3027 {si
3541 2960 3679 3014 forte

2091 3031 2363 3099 contingat
2392 3031 2572 3085 vivere
2592 3046 2713 3084 cum
2740 3033 2971 3085 miseriis
2992 3046 3045 3086 et
3075 3034 3330 3087 aerumnis
3354 3032 3675 3101 possibilita-

2091 3102 2167 3155 tis
2187 3102 2364 3171 hujus,
2393 3118 2497 3172 qua
2528 3103 2775 3156 ttituiruttt
2804 3103 3554 3172 incessanterittcorruptibile
3575 3102 3675 3156 hoc

2089 3188 2284 3242 corpus
2309 3172 2558 3243 afﬂigitur
2581 3190 2594 3226 :
2625 3172 2729 3227 etsi
2766 3189 2870 3227 non
2895 3173 3058 3228 semel
3081 3213 3095 3238 ,
3122 3174 3301 3243 utique
3325 3189 3538 3243 semper
3564 3188 3680 3227 mo-

2089 3246 2246 3299 ritur.
2274 3243 2499 3298 Habebit
2534 3253 2677 3298 certe
2713 3245 2857 3297 onmi
2896 3244 3061 3314 modo
3087 3260 3116 3298 a
3147 3244 3253 3297 Deo
3284 3243 3678 3314 impassibilita-

2092 3324 2219 3370 tem.
2245 3317 2326 3369 Ab
2347 3315 2659 3369 humoribus
2676 3315 2819 3369 enim
2839 3313 3153 3370 inordinatis
3176 3313 3533 3369 causas’aiunt
3556 3329 3675 3383 pro-

2089 3387 2278 3442 cedere
2306 3387 2634 3455 passionum.
2663 3386 2766 3440 Sed
2793 3386 2903 3453 jam
2931 3385 3198 3440 desiderat
3223 3399 3418 3455 corpus
3440 3395 3679 3439 nostrum

2090 3457 2395 3521 levitatem,
2437 3456 2727 3511 secundum
2773 3471 2890 3510 eam
2936 3457 3185 3511 nimirum
3233 3472 3390 3525 quam
3424 3456 3582 3509 habet
3611 3472 3678 3509 ex

2088 3543 2213 3582 acre
2255 3528 2553 3597 portionem
2573 3568 2588 3592 ,
2619 3543 2685 3581 ne
2715 3528 2831 3595 ipso
2864 3543 3030 3583 onere
3068 3528 3138 3582 sit
3174 3528 3480 3580 molestum.
3506 3525 3676 3580 Tanta

2089 3600 2267 3668 itaque
2294 3598 2467 3652 futura
2497 3608 2573 3653 est
2604 3597 2870 3652 credenda
2899 3613 3183 3667 corporum
3230 3599 3414 3651 levitas
3440 3607 3495 3651 et
3522 3597 3677 3666 agili-

2090 3681 2169 3724 tas
2190 3671 2471 3735 booorum,
2495 3678 2553 3722 ut
2576 3668 2779 3737 possint
2800 3669 2844 3722 si
2873 3668 3115 3731 velimus,
3136 3670 3337 3738 absque
3357 3669 3502 3721 omni
3528 3682 3678 3721 mora

2088 3756 2181 3795 seu
2212 3738 2527 3819 difﬁcultate
2548 3781 2563 3804 ,
2611 3740 3023 3819 ipsattt_quoque
3052 3739 3429 3819 cogitatiottum
3453 3746 3676 3819 nostra:

2086 3826 2203 3866 rum
2234 3812 2382 3880 sequi
2410 3810 2477 3864 ad
2504 3806 2679 3862 omnia
2712 3806 3067 3880 velocitatem.
3098 3806 3237 3880 Quid
3268 3808 3403 3880 ultra
3433 3808 3585 3880 deest
3608 3806 3674 3880 ad

2088 3877 2378 3951 perlectam
2396 3880 2635 3949 corporis
2658 3878 3074 3951 beatitudinem?
3093 3878 3216 3951 Sola
3241 3879 3421 3951 utique
3443 3877 3679 3951 pulchri-

2087 3948 2235 4008 tudo.
2270 3951 2416 4006 Hanc
2457 3948 2899 4021 perfectissimam
2946 3950 3236 4021 habituri,_
3261 3963 3367 4002 nou
3412 3948 3680 4021 immerito

2088 4036 2369 4093 possumus
2389 4019 2680 4075 atiribuere
2711 4023 2757 4073 ei
2790 4020 2925 4089 parti
2957 4036 3113 4093 quam
3155 4019 3413 4093 habemus
3436 4020 3504 4072 ab
3534 4019 3674 4093 igne.

2089 4089 2405 4148 Saluatorem
2431 4094 2571 4146 enim
2590 4101 2957 4159 exspectamus,
2989 4100 3045 4143 ttt
3062 4091 3137 4143 ait
3158 4090 3465 4157 Apostolus,
3488 4089 3575 4157 qui
3597 4105 3681 4141 re-

2088 4165 2321 4236 [ormabit
2345 4180 2527 4236 corpus
2550 4162 2849 4236 humilitatis
2884 4171 3103 4236 nostra,
3131 4162 3502 4236 con/iguratuut
3522 4159 3677 4213 deni-

2086 4232 2190 4304 que
2213 4235 2412 4303 corpori
2438 4234 2683 4304 claritatis
2709 4248 2843 4296 sure,
2871 4234 3108 4287 exhibens
3146 4233 3279 4301 quod
3315 4232 3678 4304 pollicitusest

2088 4302 2344 4379 (Philipp.
2369 4305 2552 4379 ttt,_‘20
2580 4315 2633 4379 et
2656 4303 2717 4357 21
2747 4306 2766 4374 )
2801 4321 2813 4355 :
2848 4306 3097 4379 quoniam
3120 4303 3529 4379 fulgebuutnjusti
3550 4302 3677 4353 sicut

2085 4373 2164 4431 sol
2185 4378 2235 4429 in
2259 4373 2415 4447 regno
2442 4375 2616 4429 Patris
2642 4373 2813 4427 eorum
2842 4374 3051 4446 (Matth.
3083 4373 3198 4447 xttt.
3228 4373 3522 4447 45)._Slcut
3545 4387 3675 4439 ergo

2088 4445 2544 4517 replebit‘auiutas
2572 4455 2781 4517 nostras
2812 4445 2979 4511 Deus,
3017 4460 3137 4499 cum
3166 4445 3402 4517 fueritin
3431 4447 3522 4517 eis
3549 4457 3677 4517 per-

2089 4514 2225 4575 fecta
2250 4519 2489 4581 scientia,
2523 4516 2755 4586 perfecta
2798 4517 3001 4585 justitia
3022 4559 3035 4579 ,
3078 4516 3308 4585 perfecta
3340 4515 3516 4568 Letitia
3557 4514 3679 4586 :_sic

2089 4591 2382 4659 replebitur
2402 4583 2679 4657 majestate
2704 4583 2818 4655 eius
2839 4588 3014 4641 omnis
3034 4583 3173 4642 terra
3194 4595 3542 4659 nostra,_cum
3567 4583 3679 4637 fue-

2089 4656 2165 4716 rit'
2180 4677 2374 4731 corpus
2395 4656 2715 4723 immortale,
2742 4659 3088 4731 impassibile,
3108 4658 3266 4729 agile,
3288 4656 3675 4731 conﬁguratum

2089 4724 2317 4802 denique
2344 4732 2556 4803 corpori
2574 4802 2577 4803 ν
2598 4724 2854 4803 claritatis
2878 4744 3021 4803 sua).
3045 4730 3111 4783 Et
3137 4724 3259 4803 ἧψε
3289 4729 3545 4780 veraciter
3571 4724 3674 4779 dici

2091 4798 2285 4872 poterit
2312 4798 2460 4873 quod
2477 4802 2706 4873 quidam
2735 4810 2897 4873 poeta
2917 4800 3069 4873 dixit,
3105 4818 3122 4851 t
3160 4798 3205 4853 0
3236 4804 3677 4873 terque-quater-

2089 4864 2193 4944 que
2214 4864 2353 4928 beati
2386 4892 2404 4925 ι
2440 4864 2676 4943 (Virgil.,
2705 4864 2919 4925 Ᾰίηείά.
2948 4872 2994 4944 l.
3015 4864 3060 4944 I,
3086 4886 3210 4944 uera.
3239 4864 3365 4944 98),!
3397 4866 3562 4919 Nemo
3591 4864 3675 4944 di-

2089 4936 2192 5014 g'ne
2212 4936 2610 5016 pensare'valét
2634 4936 2844 5016 quanta
2860 4944 2960 4996 erit
2986 4943 3071 5016 illa
3088 4936 3318 5016 _l:etitia,'
3334 4946 3531 5006 quanta
3555 4936 3676 5016 glos-

2090 5012 2166 5069 ria
2188 5012 2451 5082 [quando
2484 5012 2972 5067 Deum'videbimus
3015 5012 3206 5079 ubique
3251 5016 3594 5079 praesentem,
3625 5015 3676 5062 et

2091 5086 2336 5140 universa
2362 5087 2767 5154 gubernantem.
2792 5083 2862 5136 Ita
2886 5083 2985 5135 erit
3012 5083 3343 5154 nobisuotus
3364 5086 3523 5154 atque
3543 5090 3674 5129 ροη-

2090 5158 2327 5223 Spicuus,
2360 5147 2418 5209 ut
2447 5156 2686 5209 videatur
2716 5154 2904 5228 spiritu
2933 5168 2961 5205 a
2984 5152 3207 5228 singulis
3230 5150 3404 5228 nobis,
3426 5147 3675 5228 _videatur

2090 5218 2159 5279 ab
2198 5218 2362 5279 altero
2394 5228 2443 5278 itt
2476 5228 2645 5278 altero
2666 5265 2679 5289 ,
2716 5218 2953 5277 videatur
2984 5224 3033 5274 itt
3074 5218 3132 5275 se
3163 5222 3279 5290 ipso
3304 5262 3320 5286 ,
3354 5218 3593 5273 videatur
3627 5219 3675 5271 itt

2091 5297 2229 5351 caelo
2259 5312 2396 5350 novo
2423 5338 2437 5362 ,
2465 5306 2519 5349 et
2547 5296 2599 5347 itt
2628 5305 2769 5349 terra
2797 5309 2929 5345 nova
2960 5293 3143 5364 (Apoc.
3177 5307 3293 5357 xxi,
3332 5290 3402 5358 l),
3435 5296 3596 5364 atque
3627 5290 3675 5343 itt

2092 5368 2236 5422 omni
2271 5382 2388 5436 qua:
2419 5359 2556 5419 nunc
2587 5364 2745 5419 fuerit
2774 5359 3061 5438 creatura._
3083 5364 3163 5438 Ab
3191 5364 3334 5438 omni
3361 5360 3515 5438 male
3546 5359 3675 5438 libe-

2092 5439 2191 5493 rati
2212 5480 2225 5497 .
2257 5432 2309 5491 et
2335 5437 2476 5491 omni
2508 5437 2647 5489 bono
2679 5436 2909 5504 perfecte
2938 5434 3159 5502 impleti,
3194 5432 3496 5504 vocabimus
3522 5440 3576 5483 et
3603 5432 3673 5482 vi-

2090 5508 2356 5571 debimus,
2402 5508 2522 5577 quia
2556 5503 2687 5576 ipse
2709 5514 2792 5560 est
2824 5504 2972 5577 Deus
3001 5512 3015 5571 (
3042 5504 3184 5557 Psal.
3234 5519 3357 5577 xcv,
3403 5503 3544 5577 ll‘)_,
3565 5514 3680 5577 quo

2093 5577 2234 5645 pleni
2269 5568 2469 5634 erimus
2521 5568 2731 5635 Quando
2759 5576 2863 5632 erit
2888 5568 3065 5631 omnia
3098 5576 3151 5629 itt
3185 5574 3434 5629 omnibus
3463 5568 3523 5640 (ίι
3556 5568 3674 5624 Cor.

2098 5676 2183 5721 λγ,
2215 5663 2327 5727 ‘28).
2363 5661 2476 5727 Ipse
2502 5662 2748 5714 nimirum
2779 5670 2879 5712 erit
2910 5664 3024 5713 linis
3045 5660 3432 5715 desideriorum
3468 5674 3677 5712 nostro-

2101 5770 2239 5822 ruut,
2268 5770 2426 5823 quem
2458 5755 2575 5808 sine
2620 5756 2724 5809 line
2772 5753 3033 5821 videmus,
3088 5754 3202 5809 sine
3250 5753 3457 5809 fastidio
3488 5755 3687 5809 amabi—

2159 5872 2175 5903 ¹
2214 5876 2373 5929 Forte,
2400 5871 2654 5932 psalmum.

2159 5935 2177 5964 ³
2213 5939 2374 5991 Forte.
2397 5931 2515 5988 Quid
2535 5931 2765 5985 vrodrtlt.
