4106 6494
474 366 569 420 851
1923 367 2281 424 APPENDIX.

471 492 608 548 nius,
637 478 749 531 sine
780 478 1082 547 fatigatione
1110 478 1457 533 laudabimus.
1490 478 1593 534 Sed
1621 487 1676 534 et
1700 478 1763 533 ad
1798 484 1911 533 ture
1937 480 2057 548 quis

470 547 733 601 idoneus?
754 548 877 623 Sine
898 549 1057 623 dubio
1078 550 1165 618 qui
1191 549 1360 603 ﬁdelis
1390 550 1687 623 invenimur
1709 566 1867 618 super
1891 547 2057 617 panca
2163 566 2255 623 gas
2284 567 2435 604 suum
2463 547 2749 623 possidere
2792 555 2855 623 in,
2890 547 3307 608 sanctificatione
3343 563 3400 607 et
3442 553 3648 608 honore
3684 557 3703 623 (
3730 555 3748 611 Ι

468 632 588 683 qu:e
614 619 818 685 accepit
850 619 1052 672 militia!
1084 634 1195 673 sua:
1224 631 1495 693 tempore;
1529 620 1579 673 id
1605 630 1713 683 est,
1743 634 1903 691 super
1927 634 2055 672 sen-
2165 620 2340 693 Thess.
2373 637 2446 693 Iv,
2476 622 2510 675 4
2537 627 2583 686 );
2614 632 2666 693 et
2695 622 2951 691 glorificet
2981 633 3033 678 et
3056 634 3230 693 portet
3251 625 3412 678 Deum
3444 624 3494 677 in
3523 619 3751 692 corpore

467 701 589 765 sus,
622 701 779 755 super
808 700 991 766 actus.
1012 698 1067 766 et
1092 706 1255 766 super
1282 691 1549 766 appetitus
1576 705 1741 766 suos,
1772 690 1907 766 quos
1932 706 2053 766 sus-
2161 707 2258 766 suo
2285 690 2325 758 (I
2359 691 2477 744 Cor.
2514 707 2593 757 vi,
2621 690 2715 763 20)
2747 711 2759 746 :
2793 704 3026 749 sectetur
3058 690 3239 765 pacem
3275 693 3461 766 (ffebr.
3506 710 3602 761 xu,
3624 690 3746 756 ⁷14).

465 756 605 823 cepit
646 759 928 826 rcgemlos,
954 771 1011 813 ut
1042 762 1093 813 in
1119 756 1201 813 his
1223 762 1477 829 probetur
1496 777 1653 830 quam
1673 756 1840 814 fidelis
1860 760 1929 813 sit
1949 760 2053 814 Do-
2161 756 2358 815 Amen.

3652 370 3755 426 83!

2164 484 2308 535 mino
2327 494 2423 534 suo
2453 479 2663 554 (Multlt.
2698 498 2822 543 xxv.
2856 482 2971 549 21).
3015 480 3157 538 Sciat
3185 498 3314 554 ergo
3339 497 3531 554 servus
3550 481 3747 538 Christi

465 888 3735 914 mw

1781 977 2447 1063 ADMONITIO

1288 1143 1371 1205 ΙΝ
1414 1142 2035 1217 SUBSEQUENTEM
2077 1142 2380 1203 LIBRUM
2421 1143 2527 1204 DE
2559 1141 2949 1204 AMICITIA.

1933 1289 2303 1343 Wﬁc

538 1410 864 1479 Opusculum
891 1420 973 1466 est
1000 1410 1209 1466 Aelredi
1238 1409 1631 1465 Rhievallensis
1661 1408 1713 1463 in
1761 1406 1950 1476 Anglia
1990 1405 2227 1469 Abbatis,
2261 1406 2461 1477 dialogi
2505 1406 2671 1461 forma
2701 1408 3093 1477 conscriptum,
3141 1418 3197 1463 et
3241 1417 3348 1464 tres
3387 1408 3439 1464 in
3471 1409 3636 1465 libros
3664 1411 3730 1466 ab

462 1501 581 1570 ipso
608 1504 903 1574 digestum;
944 1504 1085 1575 quod
1115 1504 1331 1574 quidem
1362 1504 1500 1557 inter
1534 1503 1635 1556 alia
1682 1501 1798 1570 ejus
1823 1515 1984 1572 opera
2019 1500 2165 1569 prelo
2189 1499 2329 1553 edita
2368 1500 2635 1554 sincerum
2663 1500 2946 1556 exhibetur
2984 1510 3039 1556 et
3076 1502 3375 1572 integrum,
3422 1502 3509 1558 hic
3532 1518 3660 1559 vero
3686 1505 3738 1560 in

460 1595 731 1661 epitomen
758 1605 1083 1651 contractum
1117 1603 1199 1649 est
1224 1596 1292 1650 ab
1341 1595 1555 1649 homine
1596 1594 1768 1649 otioso
1788 1635 1803 1660 ,
1843 1594 1931 1663 qui
1965 1608 2069 1646 non
2112 1591 2270 1645 modo
2316 1593 2495 1646 stilum
2527 1594 2760 1648 auctoris
2789 1608 2851 1649 ac
2880 1593 3188 1650 methodum
3221 1609 3326 1649 non
3352 1596 3617 1661 servavit,
3645 1597 3740 1652 sed

459 1686 579 1753 ejus
604 1702 817 1756 quoque
847 1688 1139 1743 sententias
1176 1688 1399 1741 nmtavit
1426 1686 1619 1756 passim
1646 1694 1701 1740 et
1726 1684 2004 1754 insigniter
2028 1683 2252 1737 vitiavit.
2281 1682 2412 1737 Nam
2442 1699 2505 1738 ea
2532 1684 2796 1738 interdum
2826 1701 2946 1753 qua:
2976 1684 3236 1740 Aelredus
3261 1702 3325 1740 ex
3354 1686 3746 1742 interlocutor-is

461 1791 693 1843 persona
720 1778 1007 1847 quaerendo
1036 1778 1317 1848 proponit,
1347 1792 1471 1831 mox
1513 1792 1541 1829 a
1589 1790 1649 1830 se
1677 1775 1762 1829 vel
1806 1774 2117 1844 explicanda
2166 1773 2251 1828 vel
2294 1772 2616 1840 refellenda;
2668 1774 3012 1845 proferuntur
3046 1775 3134 1831 hic
3180 1776 3450 1841 absolute,
3481 1788 3535 1833 et
3561 1787 3747 1834 contra

460 1870 625 1939 ipsius
652 1882 883 1925 mentem
914 1878 1251 1925 asseruntur.
1283 1868 1371 1924 Sic
1394 1910 1407 1933 ,
1442 1868 1673 1938 exempli
1702 1882 1860 1922 causa
1886 1907 1903 1932 ,
1948 1866 1997 1920 in
2028 1866 2130 1920 fine
2156 1865 2345 1934 capitis
2375 1865 2531 1935 primi
2556 1907 2572 1932 ,
2613 1866 2756 1936 quod
2786 1868 2944 1921 citata
2970 1866 3128 1922 Tullii
3156 1868 3421 1923 sententia
3444 1868 3746 1938 subjicitur,

471 1979 489 2009 ι
525 1958 656 2026 Quis
688 1961 807 2014 huic
833 1962 1017 2031 gentili
1051 1962 1238 2016 fortem
1266 1960 1543 2016 charitatis
1577 1959 1824 2015 affectum
1866 1957 2354 2027 benevolentiaque
2376 1972 2597 2027 Operum
2624 1959 2929 2028 expressit?
2963 1978 2981 2012 ι
3013 1958 3152 2029 apud
3182 1960 3466 2015 Aelredum
3492 1976 3558 2016 eo
3586 1971 3745 2033 pacto

460 2057 689 2120 positum
715 2062 819 2117 est,
849 2063 905 2107 ut
935 2053 1284 2107 interlocutor
1310 2052 1473 2113 dicat,
1519 2069 1538 2103 ι
1570 2050 1856 2107 Cbaritatis
1881 2049 1963 2103 vel
1996 2048 2383 2103 benevolentiae.
2418 2049 2633 2103 nomine
2662 2049 2788 2119 quid
2818 2049 3063 2107 ethnicus
3106 2052 3197 2107 ille
3226 2050 3528 2121 significare
3558 2053 3743 2121 voluit,

462 2162 482 2194 ι
520 2159 625 2196 non
665 2142 852 2209 video;
890 2162 908 2196 ι
944 2153 1052 2197 ιιιιη
1094 2142 1355 2198 Aelredus
1395 2144 1507 2212 ipse
1542 2141 1898 2210 respondeat,
1949 2158 1967 2191 ι
2002 2140 2162 2195 Forte
2193 2141 2408 2194 nomine
2436 2140 2747 2207 charitatis,
2797 2144 2990 2198 mentis
3026 2142 3320 2210 affectum;
3365 2146 3749 2203 benevolentia:

461 2255 480 2287 ι
519 2252 667 2299 vero,
700 2237 878 2305 operis
905 2238 1168 2305 expressit
1193 2236 1460 2290 effectura.
1500 2254 1518 2287 ι
1556 2234 1623 2288 Ει
1645 2235 1695 2287 in
1721 2234 1895 2302 capite
1920 2241 2110 2303 quarto
2139 2231 2288 2299 illud,
2326 2250 2343 2284 ι
2371 2232 2473 2288 Sed
2500 2233 2648 2287 multi
2673 2233 2964 2289 abutuntur
2983 2236 3263 2305 sapientia,
3296 2255 3315 2290 ι
3350 2236 3487 2292 adeo
3515 2238 3747 2294 aliemun

453 2338 537 2383 est
559 2331 628 2385 ab
648 2331 861 2385 Aelredi
893 2331 1158 2396 doctrina,
1193 2339 1249 2384 ttt
1276 2331 1389 2398 ipse
1420 2336 1626 2391 contra,
1676 2326 1880 2381 nullum
1920 2326 2182 2396 sapientia
2224 2325 2403 2391 abuti,
2446 2325 2646 2382 diserte
2674 2341 2736 2381 ac
2765 2326 3018 2397 prteclare
3060 2328 3267 2398 probet.
3300 2327 3487 2383 Melius
3513 2329 3748 2386 Aelredo

455 2434 584 2475 usus
610 2431 694 2476 est
721 2422 888 2491 ipsius
919 2438 1082 2493 prope
1114 2422 1333 2492 aequalis
1358 2420 1548 2475 Petrus
1575 2418 1865 2483 Blesensis,
1899 2418 1951 2471 in
1978 2433 2080 2473 suo
2108 2417 2176 2472 de
2208 2417 2453 2471 Amicitia
2479 2417 2769 2473 christiana
2799 2429 3046 2487 tractatu,
3075 2422 3166 2491 qui
3193 2419 3516 2477 Cassiodoro
3538 2422 3748 2480 adscri-

454 2526 575 2584 ptns
602 2516 887 2586 aliquando
908 2518 1022 2572 fuit.
1057 2517 1111 2571 ln
1144 2517 1285 2572 hunc
1310 2516 1397 2571 ille
1424 2523 1708 2569 tractatum
1737 2512 2008 2567 transtulit
2036 2528 2102 2566 ex
2133 2511 2344 2566 Aelredi
2374 2512 2521 2566 libris
2548 2528 2653 2567 non
2682 2528 2869 2582 pauca,
2899 2514 3060 2569 tacito
3081 2515 3294 2585 quidem
3320 2516 3486 2585 ipsius
3508 2516 3746 2587 nomine,

452 2608 548 2663 sed
579 2618 754 2664 tamen
788 2611 1052 2665 luculenta
1096 2610 1148 2665 in
1178 2609 1403 2679 Prologo
1436 2607 1803 2662 admonitione
1841 2605 2122 2659 consilium
2153 2603 2457 2674 factumque
2497 2619 2650 2659 suum
2682 2605 2951 2675 professus
2975 2605 3060 2662 his
3086 2608 3303 2663 verbis:
3339 2628 3357 2661 ι
3396 2609 3469 2664 De
3498 2609 3745 2677 diversis,

458 2719 477 2751 ι
515 2702 700 2772 inquit,
729 2703 1080 2773 scriptoribus
1106 2702 1257 2773 quasi
1293 2702 1452 2756 flores
1479 2701 1774 2769 excipiens,
1802 2708 1861 2752 ut
1888 2696 2251 2753 melliﬁcaretn
2280 2696 2445 2761 mihi,
2484 2698 2717 2767 plurium
2748 2709 2851 2754 tam
2875 2710 3136 2765 veterum,
3171 2717 3332 2772 quam
3362 2702 3744 2758 moderuorum

460 2812 479 2845 ι
514 2795 806 2849 sententias
828 2795 895 2851 de
925 2795 1156 2849 amicitia
1185 2803 1237 2849 et
1267 2794 1554 2849 dilectione
1585 2793 1677 2847 Dei
1701 2806 1764 2846 ac
1796 2790 2022 2860 proximi
2055 2790 2107 2843 in
2133 2805 2295 2844 unum
2324 2790 2718 2859 compendiosm
2752 2791 2996 2849 lectionis
3025 2795 3357 2849 involucrum
3388 2796 3681 2851 coarctavi.
3720 2816 3739 2849 ι

452 2885 636 2957 Neque
662 2889 873 2942 silentio
903 2888 1331 2958 praetereundum
1363 2896 1480 2951 est,
1510 2887 1684 2941 locum
1728 2899 1760 2939 a
1798 2883 1959 2939 Petro
2002 2883 2238 2938 Blesensi
2277 2882 2491 2938 laudato
2520 2884 2830 2939 nominatim
2864 2887 3157 2954 Augustino
3194 2888 3413 2942 citatum
3455 2888 3506 2943 in
3536 2904 3657 2960 cap.
3685 2889 3739 2956 8,

454 2994 562 3032 non
588 2979 965 3050 subsequentis
994 2981 1113 3034 libri
1141 2980 1211 3034 de
1254 2980 1496 3033 Amicitia
1519 3020 1534 3043 ,
1567 2978 1639 3031 uti
1668 2976 1735 3031 ad
1762 2990 1910 3029 oram
1939 2974 2058 3029 libri
2090 2974 2142 3029 in
2175 2974 2317 3029 Petri
2358 2975 2625 3030 Blesensis
2655 2986 2924 3047 postrema
2955 2979 3190 3035 editione
3215 2982 3354 3037 male
3381 2990 3617 3050 notatur,
3647 2983 3745 3040 sed

454 3086 577 3125 esse
612 3072 732 3126 libri
772 3073 946 3143 quarti
972 3071 1402 3134 Confessionum,
1430 3086 1547 3140 cap.
1581 3069 1634 3123 8.
1662 3068 1999 3123 Contulimus
2022 3066 2229 3136 singula
2265 3066 2424 3121 verba
2462 3081 2583 3123 cum
2613 3068 2861 3138 genuinis
2886 3084 2950 3125 ac
2986 3070 3210 3126 sinceris
3241 3072 3455 3129 Aelredi
3486 3074 3660 3141 libris,
3687 3085 3743 3131 et

456 3163 544 3216 ubi
573 3163 770 3232 aliquid
802 3176 1060 3219 mutatum
1087 3174 1179 3219 aut
1199 3164 1567 3233 depravatum,
1591 3168 1849 3215 annotare
1876 3159 2185 3229 sategimus.
2246 3174 2251 3179 '

1539 3383 1784 3511 DE
1833 3379 2653 3514 AMICITIA

1620 3584 2097 3694 LIBER
2155 3587 2357 3695 UN
2372 3590 2581 3697 US.

1874 3766 2350 3841 magna»

454 3294 3740 3321 ww

524 3884 749 3941 CAPUT
801 3883 1081 3940 Ριιιιιωι.
1139 3882 1278 3937 Libri
1334 3884 1486 3954 hujus
1527 3881 1774 3937 scribendi
1825 3882 2044 3938 occasio.

452 3959 584 4012 Cum
615 3972 789 4011 essem
816 3957 989 4008 adhuc.
1020 3970 1146 4021 puer
1188 3956 1240 4008 in
1276 3953 1500 4019 schelis,
1531 3962 1587 4008 et
1614 3953 1881 4006 sociorum
1909 3968 2049 4007 meo-

457 4045 573 4083 rum
618 4044 702 4081 me
745 4029 913 4094 gratia
946 4027 1230 4093 plurimum
1271 4025 1581 4088 delectaret,
1624 4024 1762 4078 inter
1786 4039 1965 4077 mores
1994 4034 2050 4078 et

455 4101 580 4153 vitia
606 4099 798 4167 quibus
843 4097 931 4150 illa
962 4106 1093 4149 tetas
1123 4096 1407 4167 periclitari
1447 4096 1609 4167 solet,
1643 4104 1750 4167 tota
1796 4109 1856 4148 se
1896 4108 2049 4167 mens

457 4184 576 4223 mea
625 4163 773 4221 dedit
810 4166 1043 4225 aifectui.
1095 4176 1149 4219 et
1189 4165 1403 4220 devovit
1444 4164 1613 4217 amori
1645 4180 1658 4215 :
1685 4164 1755 4217 ita
1805 4175 1861 4218 ut
1916 4163 2049 4218 nihil

458 4238 588 4291 tnihi
635 4238 863 4300 dulcius,
916 4236 1049 4289 nihil
1093 4236 1399 4305 jucundius,
1452 4234 1584 4287 nihil
1634 4234 1836 4298 utilius,
1886 4250 2047 4303 quam

458 4308 626 4363 amari
648 4318 702 4361 et
727 4321 907 4360 amare
936 4304 1224 4359 videretur.
1260 4306 1438 4375 Itaque
1460 4306 1598 4358 inter
1623 4304 1864 4358 diversos
1894 4320 2047 4358 amo-

460 4394 547 4433 res
592 4389 647 4431 et
695 4377 954 4429 amicitias
998 4375 1283 4440 fluctuans,
1331 4376 1633 4443 rapiebatur
1684 4376 1895 4427 animus
1945 4376 2049 4430 huc

458 4460 619 4518 atque
666 4448 822 4509 illuc;
869 4456 923 4518 et
964 4461 1108 4518 vera:
1138 4447 1394 4518 amicitia;
1412 4448 1580 4518 legem
1626 4445 1909 4518 ignorans,
1930 4445 2047 4518 ejus

458 4514 602 4588 saepe
638 4517 987 4573 similitudine
1025 4516 1326 4588 fallebatur.
1352 4517 1591 4588 Tandem
1638 4514 1782 4588 venit
1821 4514 1950 4569 mihi
1992 4515 2047 4588 in

458 4586 648 4643 manus
688 4588 820 4641 liber
863 4601 1019 4655 quem
1049 4587 1116 4639 de
1154 4587 1395 4641 Amicitia
1442 4586 1644 4639 Tullius
1682 4586 1913 4654 scripsit,
1958 4587 2047 4655 qui

459 4662 636 4714 statim
671 4658 798 4712 tnihi
843 4670 894 4711 et
934 4657 1314 4711 sententiarum
1344 4658 1605 4726 gravitate
1650 4656 1812 4718 utilis,
1843 4666 1898 4711 et
1936 4656 2049 4709 elo-

457 4732 690 4798 quentia:
733 4730 997 4782 suavitate
1023 4728 1193 4781 dulcis
1218 4727 1527 4798 apparebat.
1553 4796 1560 4798 _
1582 4726 1646 4780 Et
1684 4727 1806 4780 licet
1848 4741 1945 4779 nec
1976 4726 2046 4798 ad

460 4796 586 4855 illud
616 4801 864 4854 amicitia:
904 4814 1073 4869 genus
1114 4814 1199 4851 tne
1225 4798 1470 4869 videbam
1514 4796 1784 4869 idoneum,
1814 4796 2048 4866 gratula-

458 4871 554 4926 har
596 4882 771 4926 tzunen
816 4868 1101 4939 quamdam
1146 4868 1518 4939 meamicitige
1562 4868 1842 4921 formulam
1888 4882 2047 4935 repe-

459 4944 612 5007 risse,
656 4938 910 5010 adquam
956 4940 1118 5010 animi
1159 4938 1293 4992 mei‘
1333 4948 1387 4993 et
1428 4938 1769 4991 afl'ectionmn
1812 4939 2045 5010 valerem

457 5028 714 5068 revocare
742 5007 1035 5066 discursus.
1076 5007 1209 5063 Cum
1248 5024 1376 5063 vero
1416 5010 1610 5078 placuit
1651 5010 1790 5062 bono
1823 5008 2047 5063 Domino

458 5101 578 5137 meo
608 5084 875 5153 corrigere
910 5082 1142 5145 devium,
1188 5081 1378 5153 elisum
1407 5082 1632 5146 erigere,
1677 5079 1875 5153 salubri
1918 5096 2048 5133 con-

460 5165 601 5207 tactu
641 5150 897 5207 ttnmdare
933 5154 1220 5221 leprOsum,
1253 5152 1436 5205 relicta
1481 5166 1576 5219 spe
1605 5150 1805 5210 smculi,
1836 5151 2045 5221 ingres-

456 5237 548 5278 Stts
578 5239 695 5277 smn
722 5224 1101 5277 monasterium
1130 5242 1139 5273 τ
1176 5232 1229 5275 et
1267 5224 1444 5275 statim
1476 5221 1712 5290 legendis
1740 5222 1905 5275 sacris
1932 5220 2043 5273 Lit-

460 5296 586 5345 teris
637 5309 855 5360 operam
908 5294 1063 5353 dedi,
1117 5294 1203 5346 ubi
1247 5293 1556 5346 ntelliflntuu
1609 5292 1802 5345 Christi
1852 5306 2044 5344 nomen

460 5380 636 5415 tuenut
682 5365 779 5415 sibi
824 5372 988 5415 totum
1031 5364 1324 5416 vindicavit
1364 5364 1607 5417 allectum
1637 5360 1715 5432 (τι)
1745 5379 1757 5412 :
1789 5363 1855 5414 ita
1902 5362 2043 5426 quod

464 5433 591 5486 Lib”
620 5432 761 5483 aliud
794 5442 967 5497 potest
996 5434 1124 5485 mihi
1154 5434 1395 5501 sapidutn
1423 5449 1540 5486 esse
1571 5434 1653 5485 vel
1683 5433 1931 5486 lucidum.

528 5501 756 5556 CAPUT
801 5501 864 5554 ιι.
918 5501 1058 5554 Inter
1094 5519 1219 5571 quos
1260 5504 1325 5556 sit
1367 5504 1590 5555 amicitia
1638 5519 1771 5556 vcra.
1825 5503 2045 5557 Constat

524 5681 539 5711 ⁸
578 5676 709 5741 Apud
738 5676 1008 5732 Aelrcdnm,
1033 5689 1249 5741 natorum
1273 5690 1502 5741 meorum.

520 5742 594 5803 (ιι)
612 5738 727 5788 'ttuc
764 5751 920 5803 usque
942 5752 1003 5803 ex
1034 5738 1232 5803 prologo
1271 5738 1492 5799 Μινωὶς
1531 5738 1764 5800 deinceps
1802 5752 1859 5788 us
1877 5752 1957 5802 ,uc
1982 5740 2041 5789 ad

455 5798 636 5867 cap-f5,
672 5815 733 5851 ex
762 5798 915 5863 primo
938 5798 1045 5860 cjus
1068 5798 1206 5847 libro.

2153 3887 2304 3965 mihi,
2328 3888 2557 3965 Tullium
2586 3905 2726 3965 verae
2751 3891 3003 3965 amicitiae
3018 3894 3296 3965 ignorasse
3324 3897 3593 3965 virtutem,
3617 3915 3738 3956 cunt

2152 3959 2268 4038 ejus
2300 3959 2616 4039 principium
2660 3960 2929 4039 finemque
2970 3959 3245 4039 Christum
3282 3967 3491 4035 penitus
3528 3959 3741 4039 ignora-

2152 4029 2331 4107 veritlz
2364 4031 2452 4107 qui
2496 4041 2579 4085 est
2623 4032 2803 4107 alphaA
2820 4042 3117 4107 et_omega,
3171 4029 3485 4107 principium
3524 4029 3581 4095 ei
3623 4043 3743 4097 linis

2155 4099 2393 4152 ninnium
2440 4099 2723 4155 bonorum.
2769 4101 2903 4169 Quid
2942 4099 3582 4163 est-amicitiai'Tullius
3622 4113 3737 4167 ait:

2152 4169 2386 4222 Amicitia
2415 4180 2487 4223 est
2516 4188 2682 4225 rerum
2708 4173 3043 4228 humanarum
3071 4186 3117 4229 et
3141 4178 3425 4233 divinarum
3454 4197 3569 4234 cum
3599 4182 3742 4237 bene-

2151 4239 2367 4320 volentia
2385 4251 2438 4320 _et
2464 4242 2709 4320 cllaritate
2733 4259 3021 4320 consensus.
3045 4246 3175 4320 Quis
3198 4248 3320 4303 huic
3346 4251 3526 4320 gentili
3554 4253 3737 4307 fortem

2151 4310 2430 4394 charintatis
2456 4312 2725 4379 affectum,
2753 4310 3243 4394 benevolentiteque
3271 4310 3493 4394 optimm
3515 4338 3737 4394 expres-

2153 4380 2257 4455 sit?
2282 4381 2383 4455 Sed
2418 4381 2531 4455 h_:ec
2548 4399 2684 4455 vera
2722 4386 2953 4439 amicitia
2995 4403 3099 4440 non
3134 4380 3449 4455 potest'esse
3478 4380 3619 4446 inte'r
3641 4409 3733 4448 eos

2151 4451 2253 4529 qui
2287 4452 2647 4529 sineHCln-isto
2674 4463 2829 4529 sunt.
2881 4456 2962 4511 Ab
2990 4451 3196 4529 amore,
3244 4469 3301 4514 ut
3344 4461 3475 4515 mihi
3508 4462 3736 4529 videtur,

2152 4522 2354 4603 amicus
2380 4523 2615 4613 dicitur":
2639 4524 2920 4613 abﬂamico,
2942 4522 3195 4583 amicitia.
3228 4530 3323 4611 Est
3346 4547 3500 4613 am-or
3522 4522 3735 4613 quidam

2150 4592 2342 4673 anima:
2368 4595 2645 4673 rationalis
2672 4592 3038 4673 aﬂ‘ectus,_per
3058 4614 3216 4673 quem
3248 4602 3359 4673 ipsa
3394 4592 3593 4673 aliquid
3614 4620 3732 4660 cum

2152 4662 2417 4745 desiderio
2442 4666 2631 4732 quierit
2673 4675 2727 4719 et
2764 4662 2965 4745 appetit
3006 4662 3419 4745 adimendum:
3452 4662 3544 4745 pér
3580 4690 3737 4745 quem

2151 4742 2217 4814 et.
2233 4734 2424 4814 fruitur
2451 4750 2516 4788 eo
2542 4750 2662 4789 cum
2685 4734 2912 4814 quadam
2940 4740 3198 4814 suavita_te
3239 4734 3497 4804 interiori.
3528 4734 3735 4814 ample-

2151 4805 2316 4886 ctitur_
2359 4812 2414 4859 et
2445 4816 2762 4886 _conservat_
2796 4808 3291 4886 adeptum-Porro
3340 4815 3544 4869 amicus
3583 4805 3731 4886 quasi

2151 4877 2350 4930 amoris
2376 4874 2459 4929 vel
2488 4876 2839 4953 ipsius_animi
2863 4874 3044 4953 custos
3063 4880 3255 4953 dicitur
3280 4900 3293 4937 :
3320 4886 3573 4953 quoniam
3600 4874 3729 4941 ami-

2150 4959 2271 5027 cum
2298 4962 2473 5000 meum
2505 4946 2703 5027 amoris
2732 4950 2921 5012 mutui,
2942 4951 3032 5027 vel
3055 4951 3227 5027 ipsius
3247 4946 3420 5027 animi
3442 4958 3544 5027 mei
3575 4970 3734 5027 opor-

2153 5024 2228 5088 tet
2250 5030 2371 5071 esse
2398 5016 2693 5081 custodem,
2725 5028 2785 5072 ut
2809 5021 2988 5074 omnia
3016 5016 3133 5088 ejus
3161 5036 3365 5079 secreta
3398 5024 3543 5081 ﬁdeli
3571 5016 3731 5081 silen-

2152 5086 2227 5166 tio
2255 5098 2463 5148 servet;
2506 5087 2761 5166 quidquid
2810 5090 2860 5166 in
2905 5086 3250 5166 eo_vitiosum
3286 5095 3498 5160 viderit,
3538 5113 3635 5166 pro
3664 5100 3731 5152 vi-

2151 5156 2839 5237 ribus_caveatet_deleat‘
2866 5180 2877 5219 ;
2906 5162 2990 5215 cui
3022 5172 3075 5237 et
3108 5164 3355 5232 gaudenti
3386 5156 3734 5237 congaudcat,

2151 5237 2203 5280 c-t
2244 5226 2445 5309 dolenti
2471 5229 2786 5309 ‘condolcat,
2814 5234 3073 5309 _et_omnia
3100 5226 3193 5309 sua
3222 5226 3575 5302 consentiant,
3607 5226 3734 5309 quii

2153 5300 2484 5377 amici__sunt
2505 5338 2517 5352 .
2549 5300 2790 5377 Amicitia
2812 5302 3123 5377 igituripsa
3146 5307 3316 5360 virtus
3346 5319 3448 5374 est,
3478 5300 3599 5377 quin
3622 5300 3739 5365 {alis

2151 5368 2525 5449 dulcedinisac
2554 5368 2861 5449 dilectionis
2886 5368 3090 5449 findere
3114 5376 3212 5449 ipsi
3238 5379 3410 5433 amico
3427 5368 3728 5449 copulatur.

2153 5451 2207 5492 ut
2249 5455 2409 5493 unum
2452 5441 2542 5494 fiat
2594 5441 2661 5495 de
2706 5442 3003 5513 pluribus’.
3051 5441 3200 5503 Unde
3240 5450 3408 5520 ipsam
3451 5441 3736 5511 amicitiam

2213 5551 2231 5582 ί
2267 5550 2398 5613 Apud
2422 5550 2698 5612 aelredum,
2722 5560 2857 5603 curet
2880 5561 2926 5603 et
2944 5554 3130 5607 toleret.

2213 5614 2234 5683 ξ
2266 5614 2396 5683 Apud
2421 5613 2697 5683 Aetredum,
2738 5622 2783 5665 et
2822 5616 2982 5683 onutia
3011 5632 3098 5683 sua
3130 5633 3233 5670 es:
3255 5621 3424 5674 sentiat
3446 5637 3571 5683 qua.

2215 5676 2235 5752 ξ
2268 5677 2395 5752 aput
2420 5676 2691 5752 selredum,
2710 5691 2805 5730 oua
2827 5677 2919 5742 ipsi
2940 5678 3089 5732 mtiliti
3112 5683 3394 5747 coputwuur
3409 5676 3743 5752 demittuntur

2150 5736 2381 5787 umma‘dc
2403 5736 2634 5800 pluribus.
