4106 6554
437 433 546 488 833

437 571 546 611 non
572 556 711 609 inter
739 551 952 607 fortuita
985 551 1067 605 vel
1099 550 1315 615 caduca,
1345 549 1437 605 sed
1472 552 1607 604 inter
1632 550 1773 618 ipsas
1800 550 2022 604 virtutes

437 642 558 687 quae
583 636 798 679 :eternte
818 633 962 683 sunt,
991 623 1150 676 etiam
1180 620 1360 675 mundi
1394 621 1551 691 huius
1578 620 1876 691 philosophi
1905 621 2021 674 col-

437 696 701 751 locarunt.
741 693 891 749 Unde
932 693 1186 748 Salomon
1230 694 1280 746 in
1329 688 1648 753 Proverbiis,
1697 688 1850 746 Omni
1893 702 2023 745 tem-

438 783 564 835 pore
588 766 754 835 diligit
779 765 867 835 qui
888 766 1082 818 amicus
1109 773 1179 817 est
1208 760 1388 833 (Prov.
1419 759 1674 835 xvu,_l7)
1700 779 1713 815 :
1743 762 2024 835 manifeste

437 832 717 891 declarans
742 832 861 891 eam
887 845 1163 899 aeternam,
1191 832 1234 888 si
1266 848 1388 888 vera
1428 844 1527 888 est.
1558 833 1611 888 Si
1639 832 1817 888 autem
1851 832 2025 888 desie-

437 909 529 972 rit,
563 922 831 976 nunquam
871 920 995 960 vera
1026 904 1140 959 fuit.
1175 903 1286 976 Hoc
1313 905 1434 958 volo
1468 913 1519 959 te
1561 907 1720 976 scire,
1754 919 2020 976 nunquam

438 978 604 1051 fuisse
640 974 892 1051 amicum.
940 976 1031 1046 qui
1076 975 1213 1030 laesit
1257 991 1378 1029 eum
1424 990 1585 1051 quem
1636 974 1688 1029 in
1733 975 2022 1051 amicitiam

438 1047 607 1103 semel
634 1045 837 1117 recepit
860 1064 873 1101 :
904 1045 1002 1101 nec
1022 1062 1146 1117 eum
1181 1062 1322 1117 verte
1350 1045 1598 1099 anticitire
1621 1053 1861 1117 gustasse
1887 1045 2023 1100 deli-

435 1119 571 1188 cias,
601 1119 690 1188 qui
714 1116 796 1173 vel
821 1118 982 1172 ltesus
1002 1116 1160 1188 desiit
1184 1116 1405 1188 diligere
1424 1132 1582 1188 quem
1610 1116 1779 1188 semel
1794 1116 2019 1188 amavit.

434 1186 544 1245 Sed
571 1185 917 1257 si'arguatur,
962 1188 1005 1241 si
1040 1185 1563 1251 tradaturﬂammis,
1589 1187 1632 1241 si
1662 1186 1805 1257 cruci
1820 1186 2019 1257 affiga-

437 1268 545 1324 tur,
579 1256 729 1315 omni
755 1266 995 1327 tempore
1034 1257 1203 1327 diligit
1241 1257 1328 1326 qui
1357 1258 1560 1311 amicus
1583 1266 1685 1311 est.
1716 1256 1867 1313 Unde
1896 1256 2025 1313 dicit

441 1330 796 1401 Hieronymus
820 1346 834 1382 :
860 1329 1095 1401 Amicitia
1124 1343 1245 1401 qua:
1284 1327 1509 1401 desinere
1549 1337 1732 1401 potest,
1770 1345 2025 1401 nunquam

438 1418 557 1472 uera
610 1398 739 1472 fuit,
809 1416 921 1472 curn
964 1398 1217 1472 amicitia:
1274 1398 1512 1472 deberent
1564 1414 1672 1472 esse
1717 1400 2025 1472 immortales

438 1468 630 1545 (Epist.
649 1473 749 1545 μ,
771 1470 839 1523 ad
864 1468 1099 1545 (tumin).
1129 1468 1260 1524 Cum
1293 1477 1435 1545 tanta
1471 1469 1539 1545 sit
1563 1469 1614 1545 i_n
1640 1469 1869 1545 amicitia
1901 1486 2023 1526 vera

437 1539 719 1612 perfectio,
756 1556 858 1594 non
887 1539 969 1612 est
1007 1541 1201 1612 mirum
1229 1539 1370 1610 quod
1416 1540 1533 1612 rari
1562 1539 1755 1612 fuerint
1786 1539 1862 1601 hi,
1889 1557 2024 1611 quos

434 1608 598 1667 veros
632 1612 835 1666 amicos
865 1611 1150 1679 antiquitas
1166 1608 1582 1665 commendavit.
1613 1628 1631 1660 ι
1656 1608 1751 1663 Vix
1788 1608 1941 1676 enim,
1970 1622 2024 1664 ut

434 1685 506 1736 ait
535 1683 753 1747 Tullius,
785 1683 881 1735 tria
906 1681 982 1735 vel
1006 1691 1221 1751 quatuor
1243 1683 1519 1735 amicorum
1550 1683 1695 1751 paria
1718 1680 1771 1751 in
1799 1690 1871 1734 tot
1893 1693 2024 1737 retro

437 1753 637 1808 swculis
659 1757 798 1825 fama
812 1752 1155 1825 concelebrati
1170 1750 1388 1825 (Lib._de
1407 1749 1568 1804 Amic.
1598 1749 1770 1823 21.15).
1798 1769 1815 1802 ι
1832 1751 2024 1822 Magna

434 1840 516 1878 res
543 1834 635 1888 est,
659 1822 740 1877 'ait
762 1823 989 1891 quidam,
1017 1832 1064 1876 et
1089 1825 1239 1875 etiam
1257 1824 1272 1853 ¹
1300 1822 1408 1893 ipse
1427 1831 1634 1875 conatus
1655 1822 1866 1892 magnus
1890 1832 2017 1893 est.)

439 1894 592 1950 Unde
631 1894 879 1949 virtuosze
919 1894 1112 1947 mentis
1139 1902 1221 1947 est
1258 1892 1503 1947 sublimia
1546 1907 1760 1961 semper
1784 1902 1837 1946 et
1861 1892 2023 1948 ardua

437 1964 703 2029 meditari,
736 1974 793 2018 ut
816 1964 1142 2033 adipiscatur
1166 1972 1367 2033 optata,
1393 1962 1478 2017 vel
1511 1962 1745 2033 lucidius
1765 1964 2025 2033 intelligat

435 2044 492 2091 et
520 2045 809 2107 cognoscat
833 2032 1103 2107 optanda:
1134 2032 1254 2089 cum
1284 2050 1389 2107 non
1420 2049 1604 2107 parum
1617 2032 1924 2107 credendus
1942 2032 2024 2089 isit

434 2104 751 2178 profecisse,
788 2104 883 2178 qui:
908 2106 1115 2178 virtutis
1140 2104 1650 2178 cognitiotteudidicit
1683 2106 2023 2178 quamlonge

434 2175 562 2233 sita
597 2175 819 2232 virtute.‘
845 2177 1031 2231 Nonne
1065 2175 1291 2246 Pylades
1338 2185 1393 2230 et
1432 2176 1653 2246 Orestes
1698 2176 1866 2243 parati
1910 2176 2025 2231 fue-

436 2258 563 2303 runt
602 2262 696 2317 pro
737 2248 962 2303 invicem
1010 2244 1177 2299 mori?
1215 2246 1318 2301 Sed
1354 2244 1552 2317 majori
1580 2246 1793 2317 virtutis
1828 2262 2021 2317 amore

437 2314 712 2388 pollebant
750 2318 820 2374 de
857 2317 1049 2387 quibus
1077 2317 1269 2388 legitur
1298 2334 1312 2370 :
1344 2314 1693 2388 Multitudinis
1713 2316 2022 2388 credentium

432 2385 542 2443 erat
574 2406 664 2443 cor
690 2385 885 2451 unum,
914 2398 960 2442 et
981 2387 1169 2459 anima
1195 2404 1306 2459 una
1334 2385 1469 2459 (Act.
1498 2402 1571 2452 tv,
1612 2385 1726 2458 32).
1760 2386 1828 2441 Et
1853 2388 2022 2442 sancti

432 2470 702 2531 martyres
722 2475 817 2529 pro
846 2457 1095 2513 fratribus
1119 2457 1331 2531 animas
1345 2457 1659 2531 posuerunt.
1689 2473 1815 2531 ητιηᾷ
1828 2473 2018 2531 peper-

430 2526 627 2585 cerunt
653 2526 943 2595 iaiiorihus,
991 2543 1096 2583 non
1122 2526 1365 2597 corporis
1394 2528 1735 2584 cruciatibus.
1783 2526 1888 2583 Sed
1917 2530 2020 2582 mi-

433 2617 553 2656 rum
594 2617 701 2655 non
742 2610 826 2655 est
870 2599 1010 2670 quod
1053 2601 1222 2654 multo
1272 2599 1453 2670 plures
1495 2599 1700 2670 gremio
1746 2599 2022 2655 cltaritatis

430 2687 593 2741 quam
622 2671 868 2726 amicitia:
893 2669 1228 2738 amplexibus
1266 2669 1610 2741 recipiendos
1644 2669 1820 2723 divina
1847 2672 2023 2724 sanxit

430 2739 747 2809 auctoritas,
778 2758 897 2813 qua:
938 2756 1045 2795 non
1070 2741 1240 2813 solum
1272 2741 1493 2813 amicos,
1522 2739 1615 2813 sed
1650 2742 1812 2813 etiam
1847 2741 2023 2813 inimi-

430 2829 528 2869 cos
556 2808 830 2868 charitatis
858 2814 972 2882 lege
998 2812 1369 2881 complectitur
1396 2808 1612 2880 (Matth.
1642 2826 1697 2874 v,
1727 2811 1841 2881 44).
1875 2812 2020 2882 Ami-

430 2899 528 2939 cos
553 2886 698 2939 solos
727 2884 846 2939 illos
872 2881 1120 2948 dicimus,
1159 2882 1352 2953 quibus
1375 2896 1470 2935 cor
1497 2891 1759 2953 nostrum,
1789 2892 1843 2937 et
1870 2881 2020 2953 quid-

431 2954 562 3025 quid
612 2955 663 3008 in
710 2954 801 3009 illo
842 2962 945 3013 est.
972 2952 1329 3025 committere
1363 2968 1466 3004 non
1507 2952 1872 3025 formidamus,
1919 2952 2023 3025 illis

436 3022 677 3080 vicissim
710 3026 863 3080 nobis
887 3023 1073 3079 eadem
1105 3023 1223 3077 fidei
1259 3023 1373 3093 lege
1399 3031 1453 3077 et
1480 3022 1764 3077 securitate
1790 3024 2022 3077 constri-

430 3098 555 3152 ctis.
600 3096 757 3151 Falso
796 3110 926 3165 ergo
972 3094 1285 3164 prteelarum
1336 3108 1528 3147 nomen
1569 3093 1818 3148 amicitiae
1866 3107 2021 3165 assu-

432 3176 606 3231 munt,
637 3168 776 3221 inter
802 3181 936 3236 quos
955 3175 1038 3236 est
1060 3165 1434 3236 convenientia
1454 3165 1702 3218 vitiorum
1730 3182 1743 3219 :
1771 3164 2022 3236 quoniam

431 3239 523 3307 qui
555 3252 660 3292 non
687 3233 850 3295 amat.
884 3235 1223 3307 amicusinon
1260 3242 1362 3289 est.
1393 3234 1506 3289 Non
1544 3244 1722 3307 autem
1751 3233 1893 3307 amat
1922 3233 2024 3288 ho-

432 3304 659 3374 minem,
690 3308 779 3370 (μή
824 3307 997 3376 diligit
1044 3306 1373 3375 iniquitatem
1404 3323 1417 3359 :
1446 3315 1501 3360 et
1544 3304 1629 3360 hic
1651 3306 1767 3376 odit
1794 3305 2022 3360 animam

432 3394 608 3443 suam,
654 3393 708 3434 et
747 3374 968 3433 alterius
998 3374 1179 3430 amare
1230 3392 1333 3431 non
1379 3377 1594 3446 poterit.
1636 3374 1768 3431 Cutn
1802 3393 1929 3430 vero
1969 3375 2021 3431 iu

434 3451 527 3504 tali
556 3449 811 3514 amicitia,
840 3464 1001 3519 quam
1026 3448 1108 3502 vel
1145 3447 1310 3519 libido
1330 3448 1703 3519 commaculat,
1734 3447 1815 3519 vel
1846 3448 2023 3501 avari-

433 3521 505 3575 tia
553 3520 739 3583 ftedat,
788 3517 871 3574 vel
903 3519 1129 3574 inceStat
1169 3517 1399 3581 luxuria,
1423 3526 1566 3571 tanta
1608 3527 1662 3571 et
1706 3518 1824 3570 talis
1864 3533 2027 3586 expe-

436 3593 604 3645 riatur
629 3590 884 3653 dulcedo;
927 3590 1055 3644 libet
1085 3590 1353 3657 conjicere
1380 3598 1634 3658 quantum
1679 3588 1870 3642 habeat
1903 3603 2026 3641 sua-

436 3663 617 3715 vitatis
655 3661 741 3715 illa
768 3701 784 3724 ,
827 3677 947 3731 qua!
993 3668 1194 3729 quanto
1229 3659 1502 3731 honestior
1529 3666 1812 3731 est,gtanto
1840 3668 1925 3713 est
1972 3668 2026 3712 et

432 3732 710 3796 securior;
757 3729 973 3801 quanto
1006 3731 1223 3797 castior,
1267 3737 1417 3784 tanto
1460 3729 1779 3799 jucundior;
1826 3738 2028 3798 quanto

434 3803 672 3865 liberior,
701 3799 849 3855 tanto
873 3812 927 3856 et
955 3799 1180 3855 felicior.

506 3872 733 3929 CAPUT
761 3870 848 3927 lll.
880 3872 1116 3926 Amicitia
1133 3870 1603 3941 triplexwarnalis,
1626 3868 1915 3934 mundialis,
1931 3870 2030 3940 spi-

433 3944 635 3999 rituafis
654 3953 700 3996 ει
724 3958 860 3996 vera.
886 3940 1328 4011 Amicitiaitaque
1352 3941 1452 3994 alia
1468 3941 1714 4004 Carnalis,
1749 3940 1849 3994 alia
1876 3956 2031 3994 mun-

408 4015 612 4081 _dialis,
641 4015 744 4068 alia
786 4014 1095 4083 spiritualis.
1124 4010 1404 4067 Carnalcm
1431 4021 1578 4065 creat
1597 4012 1875 4083 hvitiorum
1903 4026 2030 4083 eon-

436 4080 627 4142 sensns
646 4126 663 4150 ,
680 4080 1002 4140 mundialem
1020 4099 1144 4153 Spes
1164 4090 1398 4151 qumsttts
1415 4081 1682 4153 accendit:
1702 4080 2028 4153 spiritualetn

438 4158 577 4211 inter
592 4156 761 4210 bonos
778 4158 920 4217 vitm,
936 4151 1165 4218 morum,
1179 4152 1585 4218 studiorumque
1601 4151 1891 4205 similitudo
1904 4168 2033 4207 con-

437 4226 689 4297 glutinat.
734 4225 1027 4281 Exordium
1070 4224 1299 4297 carnalis
1334 4222 1589 4297 amicitiae
1639 4223 1707 4277 ab
1748 4221 2028 4297 affectione

438 4293 701 4367 procedit,
737 4313 858 4367 qua:
886 4296 1053 4367 instar
1079 4293 1377 4349 meretricis
1414 4294 1673 4367 divaricat
1712 4295 1873 4362 pedes
1901 4308 2030 4347 suos

436 4363 583 4423 omni
630 4363 945 4431 transeunti,
995 4380 1226 4435 sequens
1267 4378 1431 4435 aures
1467 4373 1523 4418 et
1558 4363 1743 4418 oculos
1783 4378 1908 4435 suos
1933 4380 2032 4435 per

437 4440 583 4493 varia
607 4438 928 4493 fornicantcs
953 4455 966 4491 :
1000 4434 1094 4506 per
1119 4451 1340 4506 quorutn
1371 4434 1546 4506 aditus
1572 4449 1738 4503 usque
1766 4435 1830 4506 ad
1860 4434 2027 4503 ipsam

438 4519 673 4564 mentem
712 4504 1054 4580 pulchrorum
1096 4504 1383 4580 corporum
1416 4504 2024 4580 v_el__rerum_voluptuo-

437 4596 620 4635 sarum
651 4573 875 4634 infertur
916 4580 1110 4648 imago,
1151 4573 1344 4647 quibus
1386 4575 1452 4629 ad
1483 4575 1687 4648 libitum
1717 4573 1841 4648 frui,
1875 4584 2024 4646 putat

437 4665 562 4707 esse
602 4651 852 4711 beatum;
885 4648 980 4702 sed
1015 4646 1130 4702 sine
1167 4646 1335 4711 socio,
1386 4648 1561 4700 minus
1599 4646 1869 4701 existimat
1909 4661 2030 4701 esse

435 4722 752 4791 jucundum.
791 4719 941 4773 Tunc
982 4730 1151 4791 motu,
1184 4727 1339 4782 nutu,
1370 4717 1568 4781 verbis,
1598 4717 1871 4791 obsequiis
1914 4732 2032 4791 ant-

438 4786 562 4848 inus
609 4792 677 4845 ab
725 4794 904 4845 animo
958 4790 1293 4858 captivatur;
1336 4796 1388 4842 et
1434 4786 1924 4858 accenditur'unus
1963 4787 2032 4842 ab

438 4863 632 4925 altero.
666 4872 719 4916 et
748 4857 1245 4916 conterminantur'
1280 4860 1330 4913 in
1361 4874 1545 4921 unum,
1579 4865 1640 4912 ut
1673 4857 1804 4912 inito
1828 4858 2031 4913 fmdcre

440 4933 756 4995 miserabili,
788 4931 1042 5002 quidquid
1074 4930 1312 5002 sceleris,
1345 4929 1600 5002 quidquid
1632 4928 1893 5002 sacrilegii
1924 4937 2026 5002 est,

437 5005 577 5060 alter
601 5013 723 5073 agat
750 4998 1060 5072 et'pati'atur
1085 5016 1182 5071 pro
1208 5000 1380 5073 altero
1408 5018 1427 5073 :_
1440 4998 1685 5073 nihilque
1710 4998 1810 5073 hac
1837 4998 2025 5073 amici-

440 5076 511 5129 tia
557 5069 768 5130 dulcius
820 5069 1164 5134 arbitrantur,
1212 5071 1297 5126 vel
1334 5070 1579 5138 judicant
1620 5070 1838 5140 justins,
1888 5069 2026 5125 idem

439 5146 578 5201 velle
603 5154 657 5199 et
683 5144 822 5199 idem
850 5144 991 5199 nolle
1020 5143 1118 5197 sibi
1146 5143 1515 5196 existimantes
1553 5142 1802 5195 amicitite
1827 5141 2031 5210 legibus

440 5215 873 5287 imperari.ll:nc
900 5214 1134 5287 amicitia
1174 5227 1272 5267 nec
1300 5211 1688 5287 deliberatione
1716 5212 2027 5287 suscipitur,

438 5283 541 5341 nec
579 5286 779 5355 judicio
826 5284 1101 5355 probatur.
1151 5298 1250 5337 nec
1285 5283 1485 5351 regitur
1517 5283 1764 5355 ratione;
1803 5283 1896 5337 sed
1938 5296 2030 5336 sc-

437 5352 672 5412 cuntlum
721 5352 974 5426 impetum
1019 5354 1315 5426 affectionis
1358 5367 1455 5423 per
1498 5352 1705 5407 diversa
1746 5361 2025 5421 raptatur:

437 5443 547 5483 non
594 5423 811 5481 modum
856 5440 1096 5483 servans.
1144 5439 1250 5478 non
1296 5423 1517 5477 honesta
1565 5437 1879 5492 procurans,
1923 5439 2027 5477 non

433 5498 719 5556 commoda
764 5496 1166 5551 incommodave
1207 5494 1566 5563 prospiciens;
1605 5492 1697 5545 sed
1744 5493 1809 5547 ad
1848 5495 2027 5547 omnia

440 5569 851 5630 inconsiderate,
883 5567 1187 5627 indiscrete,
1219 5565 1405 5619 leviter
1431 5563 1883 5632 immoderateque
1906 5579 2030 5632 pro.

438 5640 707 5712 gredieus.
756 5637 959 5694 Idcirco
1001 5637 1193 5707 quibus
1239 5636 1434 5706 agitata
1478 5633 1630 5688 furiis
1673 5648 1703 5687 a
1743 5635 2027 5704 semetipsa

499 5862 517 5896 ί
557 5860 814 5910 Aelrettus:
835 5867 1114 5922 Magnarum
1136 5868 1319 5916 rerum,
1342 5854 1409 5905 ait
1433 5855 1652 5919 quidam.
1676 5854 1820 5905 ttitzm

499 5926 521 5957 ³
554 5923 808 5983 aetrettus,
838 5919 1120 5983 conﬂantur.

1724 429 1921 483 LIBER
1966 429 2053 484 DE
2094 427 2415 486 AMIClTlA.

2110 3802 2145 3870 ’ί
2204 3800 2431 3855 CAPUT
2464 3800 2526 3852 V.
2560 3798 2636 3852 De
2655 3800 2889 3870 amicitia:
2915 3797 3180 3870 trudibus.
3210 3797 3286 3868 (α)

3634 448 3732 503 8η

2132 551 2496 633 consumitur,
2517 551 2702 607 eadem
2734 554 2949 633 levitate
2980 558 3280 622 resolvitur,
3322 576 3423 631 qua
3451 569 3721 623 contrahi-

2132 628 2238 674 tur.
2287 622 2530 697 Amicitia
2586 626 2886 697 mundialis,
2930 644 3049 697 ane
3102 645 3280 685 rerum
3326 622 3406 686 vel
3463 622 3722 696 honorum

2134 693 2505 776 temporalium
2551 695 2801 776 cupidine
2834 693 3147 776 partiuntur,
3196 716 3407 772 semper
3439 716 3521 760 est
3569 693 3722 776 plena

2130 761 2329 815 fraudis
2362 773 2519 839 a_t_qi_te
2552 763 2805 827 fallacim;
2836 761 2971 822 nihil
2998 770 3047 821 in
3076 761 3140 823 ea
3174 761 3399 839 certum,
3433 761 3723 835 nihil'coii:

2130 844 2300 916 stans.
2347 833 2476 915 nihil
2507 850 2753 916 securum
2784 855 2796 885 .-
2831 853 3045 916 semper
3082 856 3199 916 cum
3229 833 3436 899 fortuna
3467 833 3721 916 mutatur,

2130 911 2185 958 et
2228 905 2468 971 sequitur
2512 908 2858 972 marsupium.
2912 907 3064 964 Unde
3119 911 3370 967 Salomon
3417 916 3586 972 dicit:
3622 905 3716 974 Esi

2129 975 2322 1060 anticus
2347 977 2621 1060 secundum
2645 988 2939 1060 terripusuet
2962 984 3391 1060 ngupermanebit
3418 987 3469 1039 in
3500 998 3724 1060 tetttpore

2130 1045 2468 1126 tribulationis
2510 1047 2528 1117 (
2558 1046 2716 1101 Eccli.
2750 1045 2832 1126 vt,
2861 1047 2940 1121 8).
2968 1045 3139 1126 _'_I‘ol_le
3176 1068 3324 1126 spem
3361 1045 3617 1126 qutestns',
3665 1045 3721 1117 et

2129 1116 2308 1169 statim
2329 1116 2539 1172 desinet
2565 1134 2684 1173 esse
2710 1116 2935 1174 amicus.
2968 1120 3123 1176 Unde
3143 1116 3358 1191 quidam
3380 1116 3401 1178 Ξ

2177 1245 2180 1248 ’
2253 1236 2351 1279 Non
2377 1237 2453 1280 est
2470 1245 2721 1297 pet-sonte,
2748 1234 2837 1283 sed
2863 1234 3200 1297 prosperitatis
3221 1238 3408 1288 amicus

2313 1300 2465 1351 Quem
2488 1293 2677 1343 fortuna
2700 1293 2840 1345 tenet
2858 1293 3043 1357 dulcis,
3068 1298 3250 1349 acerba
3270 1298 3427 1362 fugat.

2203 1397 2447 1470 Amicitia
2502 1399 2814 1470 spiritualis,
2867 1419 3024 1469 quam
3074 1420 3258 1458 veram
3311 1405 3560 1470 dicimus,
3614 1425 3718 1464 non

2130 1469 2370 1524 utilitatis
2420 1469 2678 1541 cujusque
2733 1473 3015 1546 mundialis
3065 1474 3278 1538 intuitu,
3330 1491 3433 1529 non
3485 1477 3720 1546 qualibet

2130 1548 2279 1593 extra
2321 1551 2571 1618 nascente
2600 1558 2780 1618 causa,
2814 1544 2907 1618 sed
2950 1561 3012 1597 ex
3042 1546 3279 1618 prOpriae
3317 1544 3521 1601 naturai
3550 1550 3724 1618 digni-

2132 1619 2259 1673 tate,
2301 1619 2356 1665 et
2399 1612 2613 1666 humani
2658 1614 2888 1679 pectoris
2930 1612 3091 1668 sensu
3134 1615 3500 1679 desideratur;
3554 1612 3633 1672 ita
3668 1631 3725 1675 ut

2132 1679 2478 1759 [ructusque
2525 1684 2911 1759 prtemitimque
2941 1687 3177 1759 _nou_sit
3214 1686 3357 1759 aliud
3385 1704 3542 1757 quam
3588 1690 3721 1759 ipsa.

2128 1749 2284 1829 Unde
2327 1749 2581 1829 Dominus
2624 1754 2675 1807 in
2709 1749 3030 1829 Evangelia,
3064 1753 3226 1810 Posui
3269 1774 3377 1829 eos,
3404 1749 3620 1829 'inquit:
3662 1770 3719 1815 ut

2128 1822 2273 1898 eatis,
2323 1832 2370 1875 et
2396 1826 2619 1898 [ructant
2661 1822 2894 1898 offeratis
2930 1825 3106 1896 (Joan.
3139 1843 3231 1890 xv,
3260 1827 3386 1898 16);
3438 1822 3630 1893 iit-est,
3664 1843 3721 1886 nt

2129 1892 2355 1966 invicem
2386 1893 2637 1966 diligatis.
2682 1895 2738 1949 lu
2778 1896 2889 1964 ipsa
2920 1892 3147 1966 namque
3174 1913 3295 1951 vera
3330 1892 3571 1954 amicitia
3616 1892 3721 1956 itur

2131 1962 2479 2035 proficiendo,
2512 1974 2564 2018 et
2592 1962 3030 2035 fruetns'capittn-
3053 1962 3392 2035 perfectionis
3431 1969 3569 2023 illius
3601 1971 3723 2025 dul-

2128 2032 2373 2088 cedinem
2413 2035 2714 2109 sentiendo.
2748 2032 2901 2091 Vera
2924 2032 3158 2092 Charitas
3184 2039 3416 2109 amicitia
3447 2056 3726 2109 nuncupa-

2130 2116 2235 2166 tur.
2286 2115 2343 2159 ut
2379 2121 2538 2160 omne
2568 2107 2749 2160 vitium
2795 2109 3126 2162 excludatur.
3170 2108 3303 2163 Cum
3343 2107 3714 2167 benevolentia

2128 2174 2342 2250 dicitur,
2387 2176 2501 2244 ipse
2543 2179 3148 2250 consensus‘ramandi,
3190 2179 3278 2245 qui
3323 2195 3443 2250 cum
3488 2183 3715 2250 quadam

2126 2246 2408 2319 dulcedine
2430 2258 2713 2319 rtnovetur.
2750 2249 2970 2319 interius
2996 2251 3330 2319 exprimitur.
3362 2248 3460 2305 Ubi
3494 2246 3611 2305 talis
3635 2264 3718 2307 est

2127 2316 2382 2379 amicitia,
2427 2316 2498 2370 ibi
2540 2317 2681 2371 idem
2726 2318 2881 2384 velle,
2927 2330 2981 2374 et
3010 2316 3147 2373 idem
3192 2321 3366 2383 nolle;
3418 2330 3564 2375 tanto
3592 2322 3714 2376 dul-

2127 2387 2262 2451 cius,
2298 2399 2496 2459 quanto
2521 2388 2813 2451 sincerius;
2854 2398 2999 2443 tanto
3039 2391 3273 2452 suavius,
3315 2404 3513 2459 quan:o
3538 2408 3716 2446 sacra-

2130 2460 2265 2522 tius;
2304 2457 2399 2533 uh_i_
2426 2459 2507 2533 sic
2534 2468 2774 2533 amantes
2800 2459 2926 2533 nihil
2953 2470 3173 2533 possunt
3210 2457 3344 2533 velle
3378 2463 3523 2533 quod
3546 2463 3713 2533 dede-

2126 2537 2264 2589 ceat,
2328 2528 2457 2582 nihil
2514 2528 2651 2596 quod
2702 2530 2950 2598 expediat
3010 2530 3169 2585 nolle.
3226 2528 3712 2588 Hane’atnicitiatn

2128 2599 2405 2667 prudentia
2433 2598 2647 2672 dirigit,
2688 2598 2893 2668 justitia
2941 2602 3099 2672 regit,
3150 2600 3407 2656 fortitudo
3457 2603 3712 2669 custodit,

2129 2670 2477 2737 temperantia
2519 2670 2844 2724 moderatur.

2197 2738 2425 2794 CAPUT
2468 2739 2553 2794 IV.
2602 2742 2851 2813 Amicitia:
2886 2741 3028 2813 origo
3067 2750 3114 2813 et
3155 2759 3469 2813 progressus.
3518 2744 3717 2800 Amici-

2130 2810 2215 2865 tia:
2247 2812 2495 2877 primum,
2549 2821 2603 2864 nt
2654 2811 2780 2865 tnihi
2817 2810 3046 2874 videtur,
3088 2812 3199 2881 ipsa
3235 2810 3421 2868 natura
3467 2815 3713 2871 humanis

2128 2881 2393 2935 mentibus
2417 2882 2964 2949 impressitalfectum.
2987 2882 3178 2937 deinde
3192 2886 3516 2951 experientia
3539 2888 3710 2951 auxit,

2129 2961 2399 3021 postremo
2424 2952 2555 3021 legis
2576 2953 2861 3007 auctoritas
2879 2953 3160 3007 ordinavit.
3185 2954 3324 3009 Deus
3340 2959 3481 3009 enim
3504 2972 3717 3012 summe

2128 3032 2339 3147 potens,
2382 3032 2437 3078 et
2463 3039 2670 3077 summe
2697 3022 2888 3088 bonus,
2919 3024 3018 3078 sibi
3050 3033 3133 3078 est
3167 3025 3263 3092 ipsi
3294 3026 3583 3092 sufficiens,
3623 3028 3716 3097 qui

2166 3109 2391 3147 onorttm
2421 3102 2719 3147 nostrorum
2748 3109 2852 3147 non
2881 3103 3034 3147 eaet:
3066 3095 3231 3147 voluit
3261 3105 3317 3147 ut
3346 3111 3534 3147 omnes
3559 3113 3713 3147 crea—

2166 3109 2391 3147 onorttm
2421 3102 2719 3147 nostrorum
2748 3109 2852 3147 non
2881 3103 3034 3163 eget;
3066 3095 3231 3149 voluit
3261 3105 3317 3150 ttt
3346 3111 3534 3150 omnes
3559 3095 3713 3151 crea—

2130 3173 2276 3218 turas
2322 3179 2448 3218 suas
2487 3180 2586 3232 pax
2627 3175 2994 3233 componeret,
3039 3174 3093 3218 et
3135 3166 3311 3219 uniret
3353 3170 3605 3222 societas.
3637 3166 3716 3223 ιω

2129 3245 2319 3290 natura
2344 3236 2609 3290 mentibus
2633 3235 2877 3289 humanis
2905 3237 2972 3289 ab
3004 3236 3117 3304 ipso
3140 3237 3362 3290 exordio
3387 3238 3634 3293 amicitia:
3658 3248 3715 3293 et

2130 3306 2405 3360 char-itatis
2447 3306 2716 3374 impressit
2751 3305 3019 3369 alii-ctum,
3054 3322 3211 3375 quem
3244 3307 3555 3362 interiorum
3600 3325 3718 3363 mo-

2129 3393 2248 3432 rum
2276 3391 2465 3430 Sensus
2480 3378 2500 3407 ²
2518 3377 2729 3430 amandi
2757 3376 2986 3444 quodam
3005 3388 3160 3446 gustu
3186 3379 3460 3433 suavitatis
3475 3380 3712 3433 adauxit.

2132 3448 2468 3502 Manifestum
2513 3457 2596 3501 est
2625 3448 2911 3500 amicitiam
2962 3448 3257 3502 naturalem
3287 3463 3407 3503 esse
3445 3450 3587 3503 sicut
3614 3451 3724 3502 vir-

2134 3528 2322 3581 tutem,
2350 3519 2489 3571 sicut
2513 3517 2822 3586 sapientiam
2843 3525 2898 3572 et
2915 3529 3141 3573 cteteras
3165 3519 3407 3572 virtutes.
3430 3519 3535 3574 Sed
3563 3520 3716 3573 multi

2131 3589 2421 3642 abutuntur
2469 3590 2747 3656 sapientia,
2786 3589 2876 3659 qui
2915 3604 3010 3656 pro
3049 3603 3110 3641 ea
3153 3589 3350 3658 aliquid
3382 3590 3504 3643 inde
3551 3590 3720 3643 susci-

2134 3660 2303 3728 piunt.
2338 3658 2420 3713 vel
2449 3660 2535 3727 qui
2571 3675 2687 3712 eam
2731 3658 2956 3728 vendunt
2987 3675 2999 3710 :
3032 3658 3110 3713 sic
3144 3659 3307 3728 aliqui
3333 3660 3471 3714 male
3499 3669 3719 3714 utuntur

2132 3725 2387 3794 amicitia,
2430 3725 2519 3797 qui
2552 3745 2647 3796 pro
2677 3741 2741 3781 ea
2772 3725 2963 3796 aliquid
2990 3725 3274 3798 appetunt,
3301 3730 3383 3782 vel
3410 3745 3528 3783 cum
3556 3746 3642 3783 ea.

3314 3799 3448 3866 Quid
3477 3800 3718 3854 utilitatis

2134 3869 2347 3931 habeat.
2376 3886 2495 3924 cum
2530 3871 2579 3923 in
2611 3870 2768 3923 rebus
2798 3868 3044 3922 humanis
3078 3868 3205 3921 nihil
3238 3870 3472 3922 sanctius
3496 3880 3718 3938 appeta-

2136 3951 2241 4005 tur,
2274 3941 2399 3994 nihil
2424 3952 2692 4010 quteratur
2715 3939 2914 4000 utilius,
2943 3938 3364 4010 nihildiflicilius
3396 3940 3717 3998 inveniatur.

2136 4013 2265 4066 nihil
2302 4007 2611 4079 experiatur
2639 4011 2878 4073 dulcius,
2911 4008 3043 4063 nihil
3076 4007 3398 4063 fructuosius
3434 4012 3721 4064 teneatur?

2138 4083 2305 4137 liabet
2344 4082 2486 4137 enim
2530 4080 2757 4135 fructum
2793 4081 2913 4133 vita:
2956 4080 3231 4148 praesentis
3263 4088 3317 4134 et
3352 4082 3539 4133 futnrte
3570 4085 3721 4148 :ipsa

2135 4154 2278 4210 enim
2318 4167 2506 4207 omnes
2545 4152 2767 4205 virtutes
2809 4165 2902 4204 sua
2932 4149 3114 4205 condit
3150 4150 3428 4214 suavitate,
3454 4148 3579 4203 vitia
3624 4165 3718 4203 sua

2136 4227 2330 4279 virtute
2354 4222 2619 4288 confodit;
2649 4222 2869 4277 adversa
2894 4229 3176 4289 temperat,
3200 4221 3474 4286 componit
3500 4236 3715 4290 prOSpe-

2136 4312 2195 4351 ra
2228 4296 2336 4350 :ita
2369 4304 2427 4348 ut
2455 4293 2573 4348 sine
2611 4293 2782 4347 amico
2812 4293 2951 4347 inter
2982 4293 3233 4345 mortales
3260 4292 3387 4344 nihil
3421 4290 3530 4346 fere
3556 4292 3725 4358 possit

2136 4382 2256 4422 esse
2279 4365 2608 4435 jucundum;
2636 4374 2691 4418 et
2720 4364 2879 4435 homo
2903 4362 3087 4435 bestia:
3115 4371 3473 4435 comparetur.
3499 4378 3603 4435 non
3628 4359 3717 4435 ha-

2135 4431 2396 4504 bens'qui
2435 4451 2616 4490 secum
2646 4434 2944 4488 eollzetetur
2974 4431 3025 4485 in
3059 4433 3224 4504 rebus
3243 4431 3510 4504 secundis,
3543 4432 3594 4485 in
3625 4433 3718 4485 tri-

2135 4508 2306 4562 stibus
2329 4503 2703 4571 contristetur;
2750 4505 2834 4559 cui
2875 4511 3147 4572 evaporet,
3184 4503 3227 4556 si
3271 4503 3395 4572 quid
3435 4504 3719 4557 molestum

2136 4594 2289 4634 mens
2314 4578 2647 4645 conceperit;
2678 4576 2762 4631 cui
2784 4574 3163 4645 communicet,
3186 4574 3228 4627 si
3257 4573 3380 4645 quid
3410 4583 3605 4645 praftcr
3631 4588 3720 4645 so-

2135 4649 2285 4704 litum
2316 4641 2547 4703 sublime
2573 4647 2655 4701 vel
2687 4647 2912 4701 livosum
2932 4644 2953 4675 ³
2983 4641 3289 4700 accesserit.
3331 4641 3416 4697 Vw
3439 4644 3536 4696 soli
3556 4682 3573 4706 ,
3603 4644 3723 4711 quia

2134 4737 2249 4793 cum
2272 4719 2525 4793 ceciderit,
2551 4735 2652 4772 non
2672 4716 2817 4793 habet
2837 4715 3176 4793 sublevantem
3201 4730 3254 4767 se
3283 4714 3474 4793 (ξι-διε.
3509 4729 3578 4793 ιν2

2136 4791 2294 4846 Solus
2321 4790 2539 4843 omnino
2571 4799 2651 4843 est
2674 4829 2692 4853 ,
2719 4788 2806 4858 qui
2833 4790 2952 4842 sine
2979 4786 3152 4858 amico
3176 4782 3380 4858 estJAt
3405 4799 3524 4858 quae
3554 4782 3721 4836 felici-

2136 4872 2236 4925 tas,
2266 4876 2384 4932 qua:
2419 4852 2709 4932 securitas,
2735 4852 2855 4932 qua:
2886 4856 3190 4932 iucunditas
3213 4862 3327 4932 est.
3362 4852 3562 4932 habere
3599 4868 3720 4932 cum

2134 4923 2241 5001 quo
2274 4923 2426 5001 {eque
2453 4931 2652 5001 audeas
2683 4923 2861 5001 loqui,
2887 4923 3104 5001 uttibt;
3142 4925 3226 4978 cui
3246 4923 3490 5001 confiteri
3521 4938 3623 5001 non
3655 4924 3720 4978 ti-

2136 4992 2301 5065 meas,
2321 4992 2366 5055 si
2396 5001 2520 5070 quid
2549 4992 2868 5070 deliqueris;
2898 4999 2982 5053 cui
3014 5012 3119 5070 non
3146 4995 3430 5070 erubescas
3457 4992 3718 5070 revelare.

2135 5074 2187 5129 in
2233 5062 2599 5155 spiritualibus
2638 5062 2690 5124 si
2728 5069 2857 5155 quid
2881 5062 3722 5155 gprofeceris;Aetliucordisntnl

2134 5133 2311 5197 omnia
2350 5151 2553 5197 secreta
2597 5133 2935 5201 committas;
2980 5147 3035 5191 et
3071 5133 3414 5189 cmntueudes
3458 5133 3721 5186 consilia?

2133 5214 2272 5284 Quid
2300 5214 2459 5283 igitur
2479 5211 2787 5284 jucundius,
2822 5224 2981 5284 quam
3009 5209 3077 5284 ita
3106 5205 3255 5259 unire
3286 5206 3519 5284 animum
3542 5202 3564 5235 ⁵
3588 5204 3722 5284 alte-

2135 5273 2276 5349 ﬁus,
2302 5273 2359 5339 evt
2406 5273 2568 5337 unum
2596 5280 2813 5335 efﬁcere.
2837 5273 2904 5333 de
2947 5278 3185 5349 dunbtts,
3219 5287 3275 5328 ut
3308 5274 3451 5329 nulla
3472 5273 3724 5339 jactantia

2137 5346 2404 5419 timeatur,
2448 5353 2590 5406 nulla
2634 5350 2949 5405 formidetur
2992 5346 3253 5419 suspicio;
3307 5361 3404 5419 nec
3441 5354 3726 5419 correptus

2133 5429 2268 5481 alter
2295 5426 2363 5479 ab
2389 5416 2556 5479 altero
2584 5420 2797 5485 doleat;
2840 5435 2938 5474 nec
2983 5416 3284 5473 laudantem
3329 5416 3469 5472 alter
3497 5417 3723 5470 alterum

2133 5495 2454 5553 adulationis
2500 5501 2654 5549 notet
2690 5491 2773 5546 vel
2817 5489 3047 5561 arguat?
3082 5488 3318 5555 Amicus,
3368 5487 3442 5542 ait
3480 5485 3726 5555 Sapiens,

2196 5667 2217 5705 ι
2254 5664 2501 5722 Aclt‘cdus.
2527 5677 2705 5717 sensus.

2197 5734 2219 5764 ³
2254 5730 2382 5791 Apud
2409 5728 2684 5791 Aclrt'dutn,
2708 5725 2904 5777 interior
2928 5737 3041 5775 mox
3066 5738 3249 5775 sensus.

2202 5795 2221 5826 ³
2254 5789 2504 5847 Aelrcdtts,
2529 5789 2828 5839 lutninosttm.

2203 5859 2217 5887 ι
2257 5853 2385 5916 Αριιιι
2416 5852 2693 5916 Aelretlttm,
2719 5849 2895 5900 animo.

2201 5920 2275 5979 (tt)
2294 5913 2371 5965 ἰιι
2400 5914 2588 5963 Aelredi
2617 5914 2740 5963 libro
2764 5913 2999 5962 secundo.
