4006 6478
503 377 607 430 813

503 489 597 553 cit,
631 488 728 542 nisi
758 485 869 540 hrcc
888 486 1010 540 vilia
1027 495 1077 541 et
1095 485 1505 556 contemptibilia
1535 483 1788 554 abjecerit
1810 485 1845 535 ί.
1870 483 2076 556 Caven-

502 559 627 612 dum
659 567 740 611 est
764 572 830 610 ne
852 555 1322 612 teneriorall‘ectus
1351 557 1581 625 majores
1616 556 1866 608 utilitates
1907 555 2078 623 impe-

503 629 630 691 diat,
663 627 786 682 dum
813 641 905 680 eos
927 642 1059 695 quos
1092 627 1332 696 ampliori
1359 626 1616 680 charitate
1651 625 2076 696 complectimur,

499 698 546 751 si
576 712 760 766 magna
791 712 913 766 spes
938 699 1136 751 fructus
1153 695 1416 750 uberioris
1442 698 1632 761 elucet,
1652 710 1751 750 nec
1775 695 2078 766 absentare,

502 765 770 829 volumus,
800 765 900 820 nec
928 781 1170 821 onerare.
1199 767 1323 821 Illuc
1345 777 1426 821 est
1451 768 1592 820 enim
1621 766 1848 818 amicitia
1873 765 2083 818 ordina-

501 847 572 896 ta,
605 846 659 890 nt
684 831 987 906 ratio‘regat
1011 837 1278 904 affectum,
1311 853 1409 891 nec
1439 847 1544 889 tam
1571 837 1695 905 quid
1719 836 1928 906 illorum
1954 850 2079 890 sua-

498 907 655 971 vitas,
687 923 843 975 quam
873 905 999 976 quid
1020 908 1303 960 multorum
1325 916 1462 976 petat
1480 907 1697 970 utilitas,
1720 905 2075 958 attendamus.

499 975 599 1044 Qui
629 975 970 1046 semetipsum
995 992 1098 1030 non
1139 987 1302 1042 amat,
1328 975 1498 1030 alium
1527 991 1708 1030 amare
1737 990 1842 1028 non
1886 985 2076 1043 potest.

499 1051 570 1101 5e
614 1055 791 1101 autem
834 1063 939 1100 non
985 1047 1174 1116 diligit,
1203 1049 1288 1114 qni
1321 1055 1475 1115 turpe
1499 1046 1695 1114 aliquid
1723 1046 1806 1100 vel
1853 1046 2076 1098 inhone-

499 1127 662 1178 stum,
686 1118 771 1171 vel
798 1133 827 1170 a
857 1131 916 1171 se
955 1118 1134 1186 exigit,
1165 1119 1246 1170 vel
1279 1118 1378 1170 sibi
1407 1118 1659 1186 impertit.
1683 1116 1920 1186 Primum
1949 1129 2076 1186 ergo

500 1196 603 1260 est,
635 1196 694 1260 ut
723 1185 1068 1260 semetipsum
1109 1188 1330 1260 quisque
1374 1185 1649 1260 ca_s_tit_icet,_
1682 1185 1813 1260 nihil
1865 1185 2079 1260 sibimet

503 1256 782 1324 indulgens
812 1257 951 1326 quod
985 1255 1261 1310 indecens
1288 1259 1374 1318 sil,
1402 1257 1531 1309 nihil
1571 1255 1892 1309 subtrahens
1939 1256 2077 1323 quod

501 1327 631 1379 utile
656 1328 744 1380 sit.
796 1327 900 1381 Sed
929 1328 1048 1395 quia
1081 1327 1164 1379 hic
1193 1342 1344 1380 amor
1385 1327 1578 1380 multos
1602 1326 1826 1394 diligit”,
1861 1341 1926 1378 ex
1952 1326 2077 1393 ipsis

498 1397 658 1463 eligat
683 1413 836 1466 quem
862 1397 926 1449 ad
978 1397 1220 1450 amicitia:
1272 1406 1474 1451 secreta
1527 1397 1640 1464 lege
1688 1395 1933 1466 familiari
1983 1396 2079 1447 ad-

500 1465 709 1529 mittat,
758 1468 806 1520 in
862 1483 1017 1534 quem
1065 1468 1278 1535 copiose
1321 1482 1474 1520 suum
1526 1465 1766 1519 infundat
1808 1465 2073 1529 allectum,

496 1537 774 1590 tlenudans
824 1547 1006 1606 pectus
1060 1553 1213 1590 suum
1273 1551 1437 1606 usque
1464 1535 1527 1590 ad
1571 1535 1954 1606 inspectionetn
1995 1536 2076 1587 vi-

499 1621 746 1667 scerum,
797 1607 1183 1668 medullarum,
1229 1605 1548 1675 cogitatuum
1606 1615 1660 1659 et
1723 1605 2074 1659 iutentiouum

501 1676 698 1746 cordis.
729 1676 843 1730 Non
874 1679 1096 1746 eligatur
1125 1679 1414 1730 secundum
1445 1675 1758 1740 affectionis,
1785 1675 2072 1746 lasciviam,

501 1745 594 1798 sed
648 1745 964 1800 secunduur
991 1748 1367 1815 perSpicaciam
1407 1747 1628 1799 rationis
1673 1745 2075 1800 similitudinem

499 1829 727 1879 morum,
743 1826 794 1869 et
812 1817 1310 1886 contemplationem
1328 1817 1597 1869 virtutum.
1620 1815 1709 1869 Sic
1733 1831 1790 1870 se
1808 1815 2077 1884 impendat

494 1886 687 1952 amico,
717 1895 772 1955 ut
801 1886 983 1939 levitas
1009 1885 1180 1939 omnis
1196 1886 1351 1952 absit,
1378 1885 1682 1955 jucunditas
1701 1886 1856 1949 adsit,
1876 1901 1974 1940 nec
1989 1901 2078 1938 or-

494 1956 676 2025 dinata
714 1954 890 2010 desmt
919 1957 1299 2010 benevolentia:
1329 1967 1381 2011 et
1409 1957 1682 2010 charitatis
1707 1956 1960 2025 obsequia
1992 1957 2075 2009 vel

493 2024 692 2096 ofﬁcia.
747 2026 1006 2080 Probetur
1053 2026 1185 2082 tides
1229 2027 1363 2095 ejus,
1413 2027 1660 2080 honestas
1695 2033 1759 2096 et
1800 2024 2071 2096 patientia.

493 2093 727 2150 Accedat
752 2096 1043 2151 amicorum
1069 2093 1410 2151 consiliorum
1437 2095 1763 2162 communio,
1793 2093 2074 2149 assiduitas

559 2249 574 2312 ξ
610 2257 636 2294 Α
647 2247 854 2312 elredus,
871 2247 1133 2312 adfecerit.

557 2309 576 2337 '
610 2309 747 2368 Alias,
771 2309 968 2374 colligit.

1945 373 2304 428 AI‘I‘ENDIX.

3672 383 3768 437 8H

2207 487 2393 542 larium
2422 488 2734 552 Studiorum,
2778 487 3090 559 etqttmdant
3119 487 3474 542 conformatio
3502 489 3760 544 vultuum.

2215 571 2262 610 ta
2299 560 2499 613 electus
2539 571 2592 614 et
2616 561 2870 630 probatus
2899 560 3024 612 nihil
3050 560 3175 612 velit
3201 559 3338 627 qttod
3363 559 3657 623 dedeceat,
3688 564 3766 615 vel

2187 639 2368 697 petere
2387 632 2453 682 ab
2481 631 2670 694 amico,
2690 631 2770 684 vel
2792 639 3044 698 priestare
3072 641 3312 698 rogatus.
3335 630 3644 683 Amicitiam
3665 634 3768 683 vir-

2188 710 2349 753 tutent
2383 711 2566 768 putare
2589 702 2627 764 ί,
2670 715 2775 753 non
2803 709 3101 769 qua-stum;
3151 699 3514 752 adulationem
3567 700 3765 767 figere,

2183 770 2437 824 detestari
2455 772 2863 824 assentationem
2886 785 2900 834 ;
2926 772 2945 801 ³
2968 771 3097 824 liber
3119 769 3169 822 in
3192 769 3542 832 discretione,
3569 781 3769 835 patiens

2186 842 2235 894 in
2264 843 2622 908 correptione,
2669 841 2852 894 ﬁrmus
2889 849 2945 894 et
2971 841 3172 894 stabilis
3201 839 3252 892 in
3279 839 3570 893 dilectione
3601 854 3616 889 :
3643 839 3768 892 utile

2185 921 2308 964 tttnc
2330 911 2510 965 dolere
2541 927 2634 979 pro
2656 911 2898 971 invicem,
2925 912 3186 975 laborare,
3219 925 3382 964 onera
3402 924 3499 964 sua
3525 918 3760 978 portare,

2187 997 2281 1049 pro
2306 983 2475 1035 altero
2501 983 2840 1048 semetipsum
2874 981 3159 1051 negligere,
3191 981 3410 1034 alterius
3440 981 3764 1034 voluntatem

2184 1066 2292 1104 sum
2316 1051 2586 1119 praeferre,
2633 1052 2772 1104 illius
2821 1052 3120 1105 necessitati
3159 1053 3325 1120 magis
3361 1067 3520 1120 quam
3544 1065 3658 1106 sua:
3679 1066 3768 1105 oc-

2183 1136 2417 1186 currere,
2448 1123 2685 1176 adversis
2711 1124 3051 1188 semetipsum
3079 1136 3346 1188 opp-mere
3368 1132 3421 1174 et
3449 1137 3760 1190 exponere;

2182 1191 2368 1245 dulce’
2395 1192 2458 1245 ad
2483 1193 2704 1245 invicem
2736 1198 2999 1257 conici-re,
3029 1193 3197 1244 studia
3230 1207 3320 1244 sua
3348 1201 3532 1244 ntutuo
3559 1190 3766 1260 patefa-

2181 1277 2321 1315 cere.
2354 1264 2571 1316 Accedit
2597 1278 2694 1331 pro
2722 1263 2944 1316 invicem
2977 1263 3167 1324 oratio,
3201 1277 3318 1329 qua:
3354 1263 3402 1315 in
3443 1262 3602 1315 amici
3655 1278 3768 1316 me-

2183 1336 2348 1385 moria
2379 1345 2522 1385 tanto
2544 1334 2831 1396 elticacius,
2857 1342 3055 1401 quanto
3073 1332 3415 1386 all‘cctuosius
3442 1332 3766 1398 admittitur,

2183 1403 2566 1470 proﬂuentibus
2605 1404 2873 1473 lat-rymis,
2919 1418 3050 1471 quas
3085 1402 3378 1473 velrtims-r
3410 1403 3635 1467 excutit,
3689 1405 3770 1456 vel

2181 1473 2398 1526 :ill'ccuts
2449 1475 2589 1526 elicit
2635 1472 2729 1525 vel
2762 1473 2914 1525 dolor
2956 1473 3152 1526 educit.
3189 1472 3260 1525 lla
3292 1488 3386 1540 pro
3411 1473 3584 1525 amico
3613 1487 3772 1525 orans

2181 1543 2469 1605 Christum,
2501 1544 2666 1612 ipsun
2698 1542 3064 1596 desideranter
3092 1552 3145 1596 et
3170 1543 3457 1611 diligenter
3488 1543 3722 1597 intendit
3751 1561 3762 1594 :

2181 1628 2299 1665 cum
2327 1615 2503 1666 subito
2549 1614 2812 1666 transiens
2843 1613 3063 1667 allectus
3107 1613 3157 1666 in
3190 1613 3462 1673 allectum,
3506 1622 3562 1667 et
3605 1613 3773 1682 ipsius

2181 1684 2375 1736 t.hristi
2419 1683 2754 1736 dulcedinem
2803 1693 3050 1751 tangens,
3103 1684 3286 1750 incipit
3333 1692 3552 1752 gustare
3609 1698 3770 1751 quam

2181 1753 2351 1806 dulcis
2397 1765 2497 1816 est,
2550 1763 2604 1807 et
2645 1754 2842 1807 sentire
2871 1770 3026 1822 quam
3058 1754 3249 1807 suavis.
3284 1752 3358 1806 Ita
3387 1771 3414 1803 a
3446 1761 3639 1806 saneto
3685 1754 3772 1806 illo

2179 1839 2382 1888 amore,
2412 1839 2516 1892 quo
2564 1824 2898 1890 amplectitur
2927 1825 3178 1886 amicum,
3225 1823 3291 1876 ad
3335 1824 3479 1875 illum
3508 1837 3770 1877 conscen-

2180 1897 2311 2016 llens
2335 1912 2439 1962 quo
2464 1894 2801 1974 amplectitur
2831 1895 3121 1959 Christum,
3154 1894 3488 1963 spiritualem
3515 1895 3769 1946 amicitim

2205 1973 2407 2016 ruclunt
2430 1976 2587 2016 canit.

2205 1973 2407 2018 ructum
2430 1966 2587 2032 capit.

2243 2165 2258 2194 ¹
2295 2169 2426 2223 t.eg.,
2466 2173 2576 2210 cum
2620 2159 2876 2210 constiterit
2912 2157 3172 2209 amicitiam
3197 2171 3306 2210 eum
3329 2157 3550 2208 virtutem
3576 2165 3660 2221 put
3679 2172 3766 2207 ire.

2241 2227 2261 2255 ¹
2303 2225 2442 2280 addc,
2467 2223 2790 2274 inventusque.

2243 2287 2263 2317 ³
2298 2286 2442 2342 Αυιγ..
2467 2283 2768 2345 quamdith
2800 2282 2989 2333 habent.

1780 2523 2418 2600 ADMONITIO

1292 2689 1373 2750 IN
1403 2689 1703 2752 LIBRUM
1746 2688 1851 2750 DE
1894 2683 2393 2749 SUBSTANTIA
2436 2678 2963 2742 DILECTIONIS.

1957 2808 2339 2888 i<£©€>i

555 2981 776 3034 Constat
797 2981 894 3035 iste
919 2980 1128 3036 libellus
1155 2979 1424 3050 opusculis
1451 2978 1503 3032 in
1529 2993 1690 3033 unum
1720 2975 1956 3032 confusis
1984 2973 2211 3039 duobus,
2243 2986 2361 3044 qua:
2390 2969 2444 3027 in
2464 2969 2677 3039 scriptis
2694 2969 2842 3025 libris
2871 2982 2975 3023 non
3001 2968 3079 3023 sic
3110 2969 3225 3023 loco
3243 2968 3566 3038 junguntur,
3582 2969 3708 3038 quin
3731 2985 3758 3022 a

486 3085 546 3125 se
573 3070 796 3125 invicem
821 3087 916 3125 suo
944 3073 1128 3126 saltem
1156 3071 1379 3141 praefixo
1397 3069 1591 3140 cuique
1613 3069 1762 3122 titulo
1793 3075 2125 3136 separentur.
2151 3063 2476 3134 Opusculum
2500 3063 2749 3132 primum,
2776 3062 2861 3116 cui
2889 3061 3072 3116 titulus
3097 3068 3200 3127 est,
3228 3060 3307 3114 De
3336 3059 3648 3116 Substamia
3675 3059 3768 3113 Di-

485 3157 713 3213 tectionis
731 3200 747 3225 ,
775 3159 970 3215 desinit
992 3161 1059 3215 ad
1084 3161 1266 3214 ultima
1293 3159 1455 3214 verba
1479 3158 1668 3228 capitis
1692 3157 1897 3227 quarti,
1933 3165 1987 3209 et
2013 3153 2294 3225 Augustini
2315 3167 2437 3207 raro
2473 3151 2758 3206 admodum
2780 3193 2794 3218 ,
2831 3151 3066 3222 llugonis
3095 3159 3271 3206 autem
3313 3152 3639 3222 plerumque
3666 3167 3764 3206 no-

487 3264 611 3322 men
634 3251 686 3304 in
717 3251 840 3305 Mss.
874 3251 1263 3321 exemplaribus
1291 3249 1505 3320 praefert
1527 3268 1542 3302 :
1565 3258 1618 3304 et
1637 3262 1766 3304 sane
1791 3254 1963 3302 exstat
1982 3247 2119 3302 inter
2148 3259 2310 3316 opera
2328 3245 2542 3300 nomine
2561 3244 2796 3315 Hugonis
2821 3245 3031 3315 vulgata
3053 3285 3066 3308 ,
3087 3244 3223 3298 libro
3252 3244 3461 3298 scilicet
3491 3255 3764 3308 assutum,

484 3341 577 3408 qui
606 3340 918 3410 appellatur,
945 3340 1304 3396 lnstitutiones
1321 3341 1595 3394 catholicae
1623 3341 1674 3394 in
1699 3339 2034 3408 Deealogum.
2050 3337 2292 3392 Alterum
2322 3336 2638 3406 opusculum
2659 3336 2726 3391 ab
2747 3335 2850 3390 illis
2865 3336 3042 3391 verbis
3071 3336 3260 3406 capitis
3285 3336 3457 3405 quinti
3484 3337 3763 3406 incipiens,

494 3431 610 3484 Vita
634 3433 799 3485 cordis
823 3449 967 3485 amor
985 3442 1076 3498 est,
1101 3442 1228 3495 etc.,
1253 3431 1461 3486 titulum
1490 3432 1606 3486 sine
1634 3431 1870 3486 auctoris
1894 3429 2109 3484 nomine
2139 3428 2279 3484 hunc
2297 3429 2382 3484 vel
2409 3429 2634 3484 similem
2668 3428 2825 3483 habet
2849 3445 2862 3481 :
2891 3427 3038 3493 Quod
3063 3429 3165 3482 vita
3187 3429 3356 3483 cordis
3381 3430 3444 3482 sit
3465 3444 3633 3482 antor.
3661 3429 3767 3482 Hoc

482 3524 643 3577 etiam
664 3539 784 3580 cum
811 3525 1059 3593 operibus
1088 3524 1325 3595 Ilugonis
1355 3523 1552 3579 editum
1581 3532 1664 3578 est
1692 3521 1743 3577 in
1763 3522 1858 3578 lib.
1897 3523 1921 3576 1
1954 3521 2435 3587 Miscellancorum,
2459 3521 2536 3576 tit.
2568 3521 2672 3576 170
2693 3521 2772 3576 vel
2794 3521 2885 3575 l'il
2913 3519 3275 3576 eruditionem
3319 3520 3763 3592 theologicarum,

484 3610 748 3668 Nonnulla
779 3615 833 3667 in
861 3612 962 3668 hoc
986 3613 1162 3668 libello
1189 3613 1360 3684 carpit
1382 3612 1682 3669 Bernardus
1709 3611 2281 3682 VindingusinCritico
2306 3611 2720 3682 Augustiniano,
2742 3613 2836 3666 sed
2863 3626 2982 3681 quae
3013 3627 3143 3667 sane
3176 3611 3314 3667 haud
3336 3613 3512 3668 aliena
3541 3622 3673 3667 sunt
3698 3615 3763 3666 ab

487 3704 708 3775 llugone
739 3704 1023 3761 Victorino.
1055 3705 1184 3759 Illud
1207 3746 1220 3767 ,
1244 3705 1472 3775 exempli
1499 3704 1666 3776 gratia
1686 3745 1701 3770 ,
1732 3703 1874 3773 quod
1899 3718 2123 3758 censura
2153 3702 2369 3773 dignum
2393 3711 2567 3772 putat,
2592 3703 2713 3772 quia
2743 3702 2938 3758 dicitur
2956 3702 3092 3757 Deus
3117 3713 3354 3774 aperatus
3377 3720 3532 3773 apera
3559 3714 3763 3757 restau-

480 3798 691 3853 rationis
715 3797 950 3852 humauit:
967 3799 1150 3867 partim
1177 3814 1264 3868 per
1283 3797 1526 3861 homines,
1557 3797 1740 3865 partim
1766 3812 1854 3866 per
1874 3795 2098 3866 angelos,
2124 3795 2305 3865 partim
2345 3811 2430 3862 per
2455 3795 2802 3862 semetipsum,
2831 3794 3110 3863 aliquoties
3141 3796 3335 3863 repetit
3360 3795 3510 3864 llugo
3538 3797 3591 3847 in
3625 3793 3760 3848 libro

478 3887 514 3940 4
547 3885 616 3941 de
642 3887 777 3942 Area
803 3887 1011 3953 morali,
1038 3902 1191 3956 capp.
1216 3889 1268 3951 5,
1292 3887 1344 3953 5,
1377 3887 1431 3951 9,
1459 3887 1584 3940 etin
1608 3884 1699 3939 lib.
1722 3885 1758 3937 ‘2
1785 3884 1852 3940 de
1879 3885 2120 3940 \‘anitate
2143 3885 2342 3947 mutuli,
2372 3895 2478 3939 etc.
2507 3884 2781 3938 Postremo
2801 3884 3125 3940 Trithemitts
3151 3886 3320 3940 abbas
3351 3887 3490 3940 inter
3522 3886 3760 3956 [lagonis

482 3989 643 4046 opera
671 3987 854 4033 Censet
883 3977 1073 4031 librum
1105 3977 1171 4030 de
1192 3977 1497 4032 Substantia
1529 3975 1849 4031 Dilectionis.

652 4201 925 4341 DE
989 4197 2239 4344 SUBSTANTIA
2300 4197 3382 4349 DILECTION
3399 4203 3580 4349 IS

1623 4418 2088 4525 LIBER
2175 4418 2604 4526 UNUS.

543 4733 767 4793 CAPUT
831 4731 1110 4786 PRIMUM.
1164 4729 1362 4782 Amoris
1407 4728 1506 4781 duo
1559 4725 1696 4790 rivi,
1738 4724 1958 4778 Charitas
2015 4735 2060 4778 et

473 4807 744 4880 cupiditas.
773 4802 902 4880 lude
924 4818 1077 4880 omne
1115 4799 1410 4880 (ltil‘tmlthvel
1445 4797 1849 4880 maluimuAmor
1891 4805 2058 4848 motus

473 4866 550 4934 esi
569 4894 701 4933 unus
721 4885 766 4931 et
794 4874 1096 4945 multiplex.‘
1125 4870 1498 4945 Quotidiamlin
1531 4869 1599 4945 lle
1628 4866 1911 4945 dilectione
1942 4879 2058 4945 ser-

471 4963 686 5005 monem
713 4935 958 5008 serimus,
982 4960 1048 4998 ne
1078 4935 1210 4996 forte
1227 4943 1241 4972 ί
1265 4940 1513 4995 scintillet
1531 4938 1582 4991 in
1600 4936 1847 4992 cordibus
1864 4935 2060 4990 nostris

471 5030 527 5076 et
554 5017 867 5074 exardescat
891 5016 1025 5084 ignis
1056 5014 1320 5066 "animum
1341 5011 1546 5084 [aniens
1569 5049 1582 5069 ,
1613 5017 1703 5060 aut
1729 5018 1894 5060 totum
1924 5020 2057 5059 cou-

471 5104 720 5156 sumens,
747 5097 838 5141 aut
862 5082 1094 5157 purgans
1121 5093 1308 5137 tottun.
1339 5082 1414 5157 Es
1433 5095 1496 5134 eo
1515 5094 1744 5157 namque
1769 5087 1935 5130 tolttnt
1954 5084 2054 5157 est,

471 5159 614 5230 quod
643 5150 1230 5230 bonumcst_f'et_tolum
1258 5152 1399 5230 quod
1427 5150 1620 5230 malum
1650 5157 1749 5228 est,
1782 5163 1848 5202 ex
1871 5155 2052 5230 ctLest.

471 5215 623 5288 ﬁnus
654 5229 768 5283 fons
795 5226 1093 5281 dilectionis
1121 5215 1484 5278 intus-saliens
1505 5261 1519 5283 ,
1549 5220 1683 5273 duos
1711 5221 1854 5272 rivos
1880 5215 2054 5271 eﬂ'un-

471 5301 550 5354 dit
575 5318 588 5354 :
620 5299 753 5352 alter
776 5305 859 5351 est
887 5312 1036 5350 amor
1066 5294 1246 5348 mundi
1272 5335 1286 5358 ,
1316 5291 1607 5359 cuiiiditas;
1636 5291 1769 5344 alter
1795 5297 1879 5343 est
1906 5301 2058 5359 amor

477 5370 605 5435 Dei,
629 5368 881 5422 Charitas.
914 5366 1139 5420 Medium
1164 5365 1358 5432 quippe
1384 5357 1466 5416 est
1486 5375 1579 5413 cer
1625 5360 1885 5435 hominis,
1916 5357 2056 5412 unde

473 5428 810 5492 fons-amoris
833 5437 1064 5504 erumpit
1085 5453 1096 5486 :
1121 5428 1314 5488 etcum
1355 5448 1450 5500 per
1477 5431 1769 5504 appetitum
1909 5436 2056 5504 eate-

472 5512 612 5562 riora
643 5509 891 5566 decurrit,
912 5498 1171 5573 cupiditas
1203 5498 1420 5562 dicitur;
1441 5498 1559 5552 cuin
1581 5517 1705 5573 vero
1729 5498 2050 5573 dcsidepium

471 5594 625 5632 suum
657 5577 721 5629 ad
753 5569 999 5630 interiora
1030 5575 1205 5640 dirigit
1227 5614 1238 5630 ,
1268 5573 1498 5627 charitas
1543 5572 1874 5625 nominatur.
1911 5569 2052 5639 Ergo

473 5648 580 5703 duo
608 5656 732 5699 sunt
769 5647 900 5708 rivi,
929 5647 1014 5713 qui
1047 5645 1112 5697 de
1144 5643 1287 5696 fonte
1315 5641 1609 5695 dilectionis
1653 5650 1928 5703 emanant,
1961 5656 2050 5694 Ctt-

541 5801 558 5833 ι
593 5797 720 5862 Apud
761 5805 876 5861 Itug.
917 5795 1122 5853 additur,
1163 5805 1251 5842 non
1274 5789 1750 5842 animadrertmtt'bus
1774 5789 1922 5841 nobis.

2171 4723 2362 4801 piditas
2400 4732 2452 4779 et
2476 4724 2746 4801 Charitas:
2777 4735 2832 4780 et
2871 4727 3106 4801 omnium
3141 4727 3396 4801 malorum
3429 4730 3578 4801 radix
3606 4747 3754 4801 Cllpl-

2165 4795 2301 4848 ditas
2323 4836 2336 4856 ,
2366 4804 2419 4848 et
2439 4793 2673 4849 omnium
2707 4796 2964 4871 bonorum
2995 4798 3144 4850 radix
3171 4798 3422 4852 charitas.
3458 4800 3537 4871 Ex
3565 4817 3632 4856 eo
3663 4793 3747 4871 igi‘

2167 4875 2251 4918 tur
2276 4873 2442 4919 totum
2471 4875 2553 4919 est
2571 4905 2585 4929 ,
2609 4866 2752 4939 quod
2775 4867 2968 4939 bonum
2993 4877 3102 4939 est;
3130 4877 3370 4939 etltotum
3388 4870 3531 4939 quod
3553 4866 3748 4926 malum

2163 4944 2368 5009 estac‘x
2402 4952 2466 4986 eo
2489 4945 2594 5009 est.
2623 4937 2883 5006 Quidquid
2916 4952 3041 5004 ergo
3072 4937 3194 4991 illttd
3223 4949 3338 5004 est,
3369 4937 3621 5009 triagnum
3674 4951 3749 4996 cst

2164 5006 2302 5080 quod
2338 5007 2388 5080 i_u
2415 5006 2566 5058 nobis
2597 5020 2708 5071 est;
2739 5018 2791 5061 et
2817 5024 2880 5060 ex
2903 5025 2966 5058 eo
2998 5019 3162 5080 totum
3189 5019 3300 5074 est,
3333 5006 3482 5080 quod
3505 5028 3570 5066 ex
3602 5013 3751 5066 nobis

2161 5079 2276 5128 οειί
2305 5095 2316 5129 :
2350 5077 2450 5129 hoc
2487 5087 2660 5131 autem
2691 5087 2773 5131 est
2812 5093 2980 5150 amor.
3017 5078 3150 5143 Quid
3181 5088 3263 5133 est
3297 5077 3470 5145 amor,
3495 5091 3547 5134 et
3576 5098 3748 5150 quan-

2164 5154 2271 5199 tum
2317 5157 2399 5200 cst
2438 5162 2608 5212 amor,
2657 5156 2749 5200 aut
2779 5148 2916 5201 ttnde
2941 5159 3020 5202 est
3043 5150 3235 5203 amor?
3267 5150 3333 5203 Et
3361 5166 3536 5205 sermo
3568 5148 3661 5207 Dei
3687 5153 3752 5206 de

2160 5231 2340 5292 amore
2383 5219 2632 5292 loquitur.
2665 5217 2929 5292 Numquid
2972 5218 3072 5274 hoc
3111 5221 3378 5292 negotium
3419 5236 3526 5275 non
3573 5224 3746 5292 potius

2160 5287 2369 5341 illorum
2393 5299 2473 5341 est
2491 5329 2505 5351 ,
2529 5289 2616 5357 qui
2640 5289 2943 5357 pudicitiam
2973 5287 3290 5356 prostituere
3314 5287 3747 5347 consueverunt?

2162 5357 2296 5412 Ecce
2315 5374 2470 5428 quam
2505 5359 2652 5412 multi
2684 5359 2772 5428 qui
2795 5359 2911 5428 ejus
2939 5361 3230 5413 ministeria
3258 5362 3278 5392 '
3304 5363 3547 5417 volentes
3576 5364 3746 5416 susci-

2158 5429 2342 5501 piunt:
2369 5439 2421 5483 et
2441 5444 2599 5501 quam
2631 5429 2780 5497 pauci
2800 5429 2898 5501 qui
2926 5431 3086 5501 verba
3113 5429 3228 5500 ejus
3258 5431 3309 5485 in
3353 5431 3590 5487 medium
3617 5450 3739 5501 pro-

2158 5500 2296 5553 ferre
2317 5514 2420 5553 non
2452 5500 2773 5554 erubescunt
2796 5500 2808 5552 !
2839 5499 2974 5565 Quid
2999 5515 3126 5569 ergo
3152 5516 3251 5554 nos
3274 5502 3492 5556 facimus
3513 5503 3538 5554 ?
3559 5499 3710 5557 Forsi
3729 5533 3742 5544 -

2159 5578 2244 5624 tau
2275 5571 2437 5624 multa
2470 5569 2808 5640 improbitate
2837 5569 3064 5624 frontem
3095 5570 3315 5626 fractam
3345 5571 3628 5642 habemus,
3653 5575 3739 5644 qui

2219 5727 2231 5791 ξ
2274 5722 2562 5791 .tpud_ttug._,
2589 5731 2715 5781 quoa
2739 5727 2859 5771 mest
2881 5719 3056 5791 nobis,
3123 5779 3135 5791 .

2218 5789 2236 5817 ³
2272 5792 2348 5833 Ms.
2379 5787 2659 5843 \iclm'tnus,
2685 5792 2737 5834 et
2757 5791 2911 5847 nugo,
2934 5787 3182 5846 mysteria.
