4006 6500
447 394 550 448 847

447 505 541 561 sed
569 503 832 559 miseriam
863 517 966 554 non
993 499 1244 554 excludit.
1275 498 1524 552 Feliciter
1548 510 1674 565 ergo
1702 510 1804 549 non
1826 493 2017 562 diligit,

446 577 617 630 donec
642 573 707 628 ad
736 588 916 627 verum
946 581 993 624 et
1023 585 1287 624 summum
1315 569 1510 622 bonum
1541 582 1634 634 per
1656 565 1852 618 amoris
1876 565 2019 616 desi-

445 646 650 701 derium
682 659 740 696 se
767 643 1045 696 convertit.
1091 641 1222 705 Quia
1266 654 1393 692 vero
1439 652 1702 691 summum
1743 644 1796 687 et
1835 649 2018 687 verum

446 717 642 769 bonum
674 715 810 766 Deus
839 723 918 764 est
945 713 1088 763 Solus
1108 751 1122 774 ,
1156 711 1243 763 ille
1284 709 1506 762 feliciter
1535 717 1704 771 amat,
1732 705 1821 774 qui
1855 705 2018 758 Deum

444 795 607 846 amat,
636 793 683 837 et
715 791 858 835 tanto
890 781 1090 834 felicius
1117 789 1314 848 quanto
1339 779 1583 846 amplius.
1616 777 1736 848 Iltec
1766 775 1921 848 igitur
1941 784 2021 848 est

445 871 568 909 vera
595 843 772 906 cordis
799 851 961 904 nostri
993 843 1222 918 requies.
1251 864 1370 902 cum
1401 843 1451 900 in
1480 861 1661 901 amore
1686 845 1778 918 Dei
1807 860 1900 914 per
1923 843 2020 918 de-

445 925 698 978 siderimn
731 923 934 990 figitur,
967 914 1221 990 nec'ultra
1253 918 1552 990 quidquam
1578 916 1814 990 appetit,
1843 914 1936 968 sed
1968 915 2018 967 in

444 1009 511 1045 eo
539 993 674 1062 quod
716 985 895 1064 tenet,
934 991 1158 1060 quadam
1203 989 1339 1064 felici
1383 985 1666 1064 securitate
1696 985 2016 1064 delectatur.

443 1057 574 1131 Quia
603 1063 741 1117 enim
776 1061 900 1115 illud
932 1057 1029 1115 nec
1057 1059 1482 1131 appetitusultra
1512 1057 1800 1131 protrahit,
1835 1070 1930 1131 nec
1958 1057 2022 1131 t_i-

445 1124 562 1185 inor
594 1134 829 1201 repellit,
859 1124 1105 1205 quodam'
1129 1124 1295 1205 modo
1323 1130 1375 1205 in
1416 1124 1640 1205 idipsum
1678 1124 2022 1205 jucunditatis

445 1205 560 1257 sine
600 1197 892 1257 vexatione
921 1201 1221 1264 requiescit.
1263 1197 1364 1254 Sed
1401 1199 1527 1268 quia
1555 1197 1798 1268 humana:
1829 1197 2020 1268 mentis

447 1273 746 1334 infirmitas,
776 1281 832 1326 ιιι
855 1286 959 1326 non
986 1271 1154 1325 dicam
1183 1264 1530 1337 scmperfsed
1554 1269 1640 1321 vix
1662 1264 1946 1336 aliquando
1967 1265 2020 1318 in

448 1344 589 1396 illam
626 1344 818 1397 divinze
846 1341 1304 1409 contemplationis
1335 1338 1666 1409 dulcedinem
1703 1337 1788 1406 ligi
1824 1344 2018 1409 potest,

445 1413 674 1480 quodam
717 1412 924 1467 interim
966 1406 1140 1466 studio
1176 1411 1241 1464 ad
1283 1410 1420 1462 illam
1443 1447 1457 1470 ,
1487 1408 1751 1480 adquam
1796 1406 2019 1480 necdum

449 1475 746 1552 pertingere
777 1482 997 1548 sufficit,
1027 1481 1362 1535 stabilitatem
1391 1476 1786 1532 assuefacienda
1811 1486 1936 1552 est:
1969 1475 2020 1530 id

447 1546 560 1616 est,
595 1546 647 1606 si
671 1554 832 1606 Deum
859 1546 1070 1620 semper
1096 1552 1324 1620 cogitare
1354 1565 1457 1602 non
1480 1562 1797 1620 possumus,
1831 1546 2020 1620 saltem

449 1640 541 1676 eor
568 1621 804 1676 noStrum
827 1623 894 1676 ab
917 1617 1110 1676 illicitis
1135 1617 1187 1675 et
1209 1620 1355 1674 vanis
1375 1618 1780 1690 cogitationibus
1801 1617 2022 1690 restrin-

446 1693 652 1761 gendo.
687 1694 738 1745 in
774 1692 1194 1746 consideratione
1236 1687 1464 1758 operum
1499 1689 1676 1761 Dei_et
1704 1687 2021 1761 mirabilium

447 1757 564 1829 Ejus
592 1763 714 1816 illud
744 1770 1054 1826 teneamus;
1083 1769 1139 1816 ut
1161 1757 1287 1815 dum
1315 1775 1525 1829 semper
1549 1759 1722 1812 minus
1747 1757 2022 1812 instabiles

447 1848 565 1886 esse
595 1832 913 1898 satagimus.
947 1831 1160 1887 tandem
1189 1831 1473 1900 aliquando
1501 1829 1732 1884 donante
1762 1829 1871 1883 Deo
1897 1842 2022 1882 vere

447 1903 662 1957 stabiles
695 1902 803 1954 fieri
835 1902 1127 1956 valeamus.

517 1971 741 2027 CAPUT
781 1971 891 2026 VII.
936 1972 1206 2041 Quomodo,
1226 1971 1586 2041 comparanda.
1621 1969 1775 2041 Fides
1804 1969 1944 2022 navis
1969 1968 2022 2021 in

448 2043 598 2104 huius
643 2043 817 2097 mundi
858 2041 1112 2111 ﬂuctibus.
1166 2040 1312 2096 Unde
1339 2039 1683 2108 'wdiﬁcanda.
1732 2039 1801 2111 Ut
1827 2048 2019 2111 autem

449 2114 796 2180 promotionis
833 2109 989 2182 hujus
1015 2111 1226 2180 aliquod
1258 2112 1348 2165 tibi
1379 2112 1679 2182 exemplum
1719 2109 2018 2178 subjiciam,

447 2185 724 2236 universus
761 2184 860 2237 iste
899 2181 1126 2235 mundus
1155 2183 1302 2251 quasi
1333 2181 1595 2251 quoddam
1631 2181 1886 2251 diluvium
1917 2189 2018 2245 est,

446 2268 513 2322 eo
537 2253 674 2322 quod
703 2254 878 2306 omnia
907 2267 1024 2321 quze
1054 2253 1104 2306 in
1134 2250 1234 2305 hec
1262 2250 1458 2322 mundo
1487 2260 1643 2315 sunt,
1671 2250 1745 2322 ad
1775 2250 2022 2304 similitu-

446 2321 624 2392 dinem
653 2337 803 2392 aqua:
833 2323 1050 2378 incertis
1079 2323 1355 2378 eventibus
1393 2321 1692 2375 ﬂuctuando
1717 2321 2020 2392 decurrant.

447 2391 583 2446 Vera
608 2391 780 2446 autem
809 2392 973 2458 fides,
1012 2408 1131 2461 quae
1173 2408 1277 2446 non
1321 2392 1650 2458 transitoria,
1692 2391 1785 2446 sed
1825 2402 2020 2445 mterna

446 2463 736 2532 promittit,
768 2462 923 2532 quasi
951 2479 980 2516 a
1007 2463 1318 2532 quibusdam
1349 2462 1624 2524 ﬂuctibus,
1667 2461 1744 2516 sic
1781 2476 1810 2514 a
1841 2461 2021 2515 mundi

447 2531 604 2604 hujus
631 2531 914 2604 cupiditate
943 2535 994 2587 in
1017 2531 1247 2604 sttperna
1283 2533 1514 2586 animum
1541 2531 1733 2604 attollit
1763 2541 1858 2604 :et
1897 2545 2022 2600 por-

447 2603 545 2656 tari
573 2603 784 2672 quidem
814 2604 880 2657 ab
909 2603 1059 2672 aquis
1092 2613 1289 2672 potest,
1321 2605 1413 2656 sed
1455 2603 1630 2673 mergi
1659 2603 1878 2657 omnino
1919 2617 2021 2673 non

447 2671 650 2746 potest;
682 2674 811 2746 quia
824 2673 896 2746 ad
925 2671 1293 2746 itecessitatein
1336 2673 1440 2746 hoe
1475 2671 1672 2746 mundo
1701 2673 1900 2746 utitur,
1930 2671 2023 2746 sed

448 2743 562 2807 eius
589 2743 866 2798 desideriis
904 2759 998 2813 per
1022 2744 1267 2798 allectum
1298 2759 1400 2798 non
1430 2744 1746 2812 implicatur.
1775 2743 2024 2811 Quisquis

446 2825 573 2879 ergo
597 2822 792 2867 aeterna
820 2829 922 2868 non
949 2814 1191 2874 credens,
1222 2815 1332 2868 sola
1361 2829 1477 2882 qua:
1505 2822 1780 2868 transeunt
1799 2813 2020 2883 appetit,

1890 377 2249 434 APPENDIX.

3621 380 3723 435 833

2129 495 2266 548 hunc
2295 492 2442 566 quasi
2474 492 2731 566 sine_navi
2761 492 3086 566 laborantem
3103 492 3459 566 ringlluctibus,
3487 496 3724 566 impetus

2124 580 2276 634 aqua:
2305 563 2636 634 decurrentis
2665 577 2842 634 secum
2872 563 3052 634 trahit.
3088 564 3187 630 Qui
3219 580 3346 618 vero
3374 563 3579 620 :eterna
3606 585 3717 620 erc-

2125 633 2277 694 dens.
2312 633 2614 687 transitoria
2652 633 2852 701 diligit,
2882 633 2967 687 hic
2986 633 3132 703 juxta
3167 651 3354 688 navem
3385 635 3722 704 naufragium

2125 704 2268 758 facit.
2297 705 2396 771 Qui
2422 713 2598 757 autem
2630 713 2824 774 geterna
2857 705 2990 756 bona
3020 713 3072 758 et
3101 706 3290 767 credit,
3322 715 3373 758 et
3400 706 3607 774 diligit,
3639 709 3726 762 hic

2125 774 2178 829 in
2205 777 2322 828 uati
2354 775 2553 843 positus
2573 814 2591 846 ,ᾗ
2621 772 2927 846 fluctuantis
2953 775 3114 846 maris
3142 775 3308 828 undas
3337 772 3564 830 securus
3597 794 3722 846 per-

2127 847 2316 898 transit
2355 861 2368 895 :
2411 853 2466 898 et
2508 844 2628 912 quia
2675 859 2770 914 per
2818 844 3144 914 desiderium
3197 846 3316 900 fidei
3369 862 3561 901 navem
3600 844 3725 903 non

2126 915 2540 980 transgreditur,
2568 913 2932 983 janiquodam
2975 915 3132 969 modo
3173 915 3226 969 in
3269 915 3517 970 ﬂuctibus
3560 926 3724 972 terra:

2125 985 2467 1038 stabilitatem
2499 986 2751 1037 imitatur.
2785 985 3020 1038 Primum
3045 1001 3192 1054 ergo,
3223 989 3265 1040 si
3295 985 3396 1040 hoc
3425 1004 3576 1042 mare
3606 1005 3725 1041 ma—

2123 1070 2282 1124 gnum
2313 1056 2461 1109 illa‘si
2492 1055 2814 1123 pertransire
2843 1056 3114 1115 volumus,
3147 1056 3465 1112 fabricemus
3498 1074 3722 1121 navem,

2125 1135 2184 1178 ttt
2210 1127 2366 1180 fidem
2397 1127 2651 1194 integram
2683 1124 3004 1186 habeamus;
3037 1126 3228 1178 deinde
3261 1143 3448 1181 navem
3480 1130 3604 1182 lidci
3639 1129 3724 1181 iu-

2124 1195 2422 1268 habitemus
2450 1211 2542 1264 per
2567 1195 2878 1268 charitatem
2897 1237 2911 1257 ,
2942 1207 2998 1250 ut
3025 1206 3076 1249 et
3103 1195 3385 1268 credamus
3416 1201 3559 1268 quod
3603 1199 3729 1253 dili—

2122 1281 2249 1338 gere
2278 1267 2532 1338 debemus
2553 1307 2566 1328 ,
2610 1275 2664 1338 et
2699 1266 2980 1335 diligamus
3018 1267 3156 1334 quod
3199 1266 3465 1321 credimus
3492 1286 3506 1322 :
3535 1270 3725 1338 sicque

2123 1347 2179 1391 et
2207 1337 2288 1392 lex
2317 1337 2408 1391 Dei
2442 1337 2492 1390 in
2519 1337 2679 1390 corde
2710 1346 2891 1408 nostro
2918 1339 2982 1391 sit
3010 1353 3104 1408 per
3129 1347 3288 1390 recta:
3315 1337 3433 1391 fidei
3457 1337 3726 1408 cognitio-

2125 1423 2267 1468 nem,
2300 1417 2354 1462 et
2381 1421 2474 1462 cor
2502 1416 2743 1460 nostrum
2775 1407 2825 1459 itt
2859 1407 2972 1476 lege
3003 1407 3092 1461 Dei
3125 1408 3195 1462 sit
3230 1423 3324 1476 per
3349 1407 3718 1464 dilectionem.

2193 1477 2297 1533 Sed
2328 1486 2384 1530 ut
2415 1476 2621 1531 facilius
2644 1491 2936 1546 cognoscas
2976 1477 3244 1545 quomodo
3276 1479 3355 1532 vel
3387 1480 3529 1532 unde.
3561 1479 3722 1544 hanc,

2162 1564 2280 1602 uam
2323 1547 2463 1610 dixi,
2514 1563 2700 1601 navem
2743 1548 2822 1601 vel
2859 1562 3038 1601 arcam
3067 1548 3116 1600 in
3143 1548 3304 1602 corde
3332 1558 3421 1602 tuo
3448 1550 3724 1606 azditicare

2163 1619 2341 1682 ebeas,
2371 1633 2465 1686 per
2487 1633 2643 1686 quam
2674 1617 2831 1685 hujus
2857 1617 3037 1671 diluvii
3069 1619 3342 1688 naufragio
3369 1619 3619 1685 eductus,
3651 1623 3719 1676 ad

2127 1701 2334 1758 portum
2373 1689 2568 1758 quietis
2609 1689 2921 1758 pervenias;
2963 1689 3068 1742 duo
3097 1703 3257 1758 opera
3286 1689 3379 1743 Dei
3409 1691 3719 1757 considera,

2125 1757 2552 1828 videlicet’opus
2601 1757 2959 1824 conditionis,
3005 1767 3060 1813 et
3106 1757 3241 1828 opus
3289 1761 3720 1815 restaurationis.

2124 1829 2270 1901 Opus
2297 1840 2473 1884 autem
2500 1829 2819 1901 conditionis
2845 1837 2927 1901 est
2952 1829 3152 1883 creatio
3180 1829 3300 1884 cceli
3338 1839 3622 1901 etiterrze.
3668 1843 3724 1886 et

2123 1899 2360 1955 omnium
2387 1915 2505 1968 qua:
2536 1899 2587 1953 in
2614 1900 2691 1953 eis
2715 1900 3074 1961 continentur,
3103 1915 3222 1968 qua:
3248 1916 3344 1954 sex
3367 1900 3559 1954 diebus
3581 1900 3721 1955 facta

2125 1979 2270 2025 sunt.
2303 1970 2449 2038 Opus
2479 1985 2605 2024 vero
2643 1970 3042 2024 restatn-ationis
3061 2011 3077 2035 ,
3117 1969 3415 2024 incarnatio
3441 1969 3638 2036 Verbi,
3667 1983 3722 2025 et

2125 2041 2302 2096 omnia
2329 2057 2448 2111 quae
2474 2057 2502 2093 a
2534 2039 2793 2111 principio
2817 2039 2998 2094 mundi
3031 2054 3201 2109 usque
3230 2040 3296 2094 ad
3331 2041 3507 2104 linem,
3541 2041 3624 2095 vel
3654 2042 3725 2096 ad

2126 2127 2242 2166 eam
2269 2110 2724 2180 pnenuntiandam
2755 2120 3160 2180 pra-cesserunt,
3192 2111 3274 2164 vel
3302 2111 3366 2164 ad
3394 2112 3562 2181 ipsam
3591 2127 3724 2167 con-

2127 2182 2437 2236 firmandam
2479 2191 2724 2235 secutura
2763 2190 2927 2235 sunt:
2957 2196 3077 2251 quae
3114 2182 3290 2235 omnia
3333 2196 3427 2236 sex
3472 2185 3724 2238 aetatibus

2129 2253 2278 2306 liuut.
2323 2253 2427 2307 Sed
2473 2268 2634 2320 opera
2683 2252 3083 2305 restauratiouis
3125 2252 3295 2321 magis
3339 2253 3611 2320 pertinent
3650 2255 3717 2308 ad

2127 2323 2284 2377 ﬁdem
2313 2322 2662 2385 catholicam,
2709 2338 2827 2392 qua:
2873 2322 3070 2376 idcirco
3113 2323 3282 2392 sancti
3321 2322 3552 2390 amplius
3594 2324 3722 2378 dili-

2125 2402 2274 2463 gunt,
2307 2394 2428 2462 quia
2457 2393 2508 2445 in
2537 2393 2617 2448 eis
2643 2409 2753 2445 suae
2780 2392 2965 2446 salutis
2989 2391 3222 2446 remedia
3247 2403 3566 2461 agnoscunt.
3595 2394 3724 2449 llmc

2127 2474 2303 2518 autem
2333 2464 2520 2532 partim
2555 2478 2646 2531 per
2674 2463 2934 2522 honines,
2964 2463 3154 2531 partim
3185 2477 3282 2532 per
3308 2463 3562 2530 Angelos.
3599 2481 3721 2534 par-

2129 2534 2220 2587 tim
2266 2550 2358 2602 per
2398 2534 2739 2603 semetipsum
2773 2540 3026 2602 operatus
3052 2541 3136 2587 est
3172 2534 3310 2587 Deus
3348 2550 3362 2586 :
3402 2545 3460 2587 ut
3505 2549 3558 2586 In
3600 2549 3721 2587 arca

2127 2604 2387 2673 Spirituali
2420 2604 2586 2673 prima
2615 2604 2684 2658 sit
2714 2605 2920 2658 mansio
2949 2617 3109 2673 Opera
3142 2603 3415 2656 hominum
3441 2645 3455 2662 .
3483 2605 3722 2657 secunda

2127 2672 2292 2742 opera
2318 2672 2639 2743 Angelorum
2661 2715 2676 2739 ,
2710 2674 2863 2728 tertia
2893 2688 3054 2742 opera
3087 2672 3211 2741 Dei,
3245 2688 3530 2742 supremus
3570 2675 3724 2728 cubi-

2131 2753 2234 2809 tus,
2265 2753 2452 2799 auctor
2486 2745 2851 2800 universorum
2886 2745 3045 2798 Deus.

1538 3031 2586 3145 ΔυΜοΝιτιο

1515 3202 1596 3264 IN
1639 3200 2261 3276 SUBSEQUENTEM
2303 3200 2627 3262 LIBRUM.

520 3345 677 3400 Liber
704 3344 770 3401 de
801 3343 1078 3416 Diligendo
1107 3345 1218 3399 Deo
1247 3345 1364 3413 pius
1390 3351 1498 3408 est,
1523 3343 1724 3414 judicio
1754 3343 1955 3398 Erasmi
1985 3358 2048 3398 ac
2074 3343 2465 3413 Theologorum
2492 3342 2900 3397 Lovaniensium
2923 3384 2937 3408 ,
2968 3357 3066 3396 nec
3102 3341 3398 3396 ineruditus
3427 3359 3440 3395 :
3475 3342 3570 3397 sed
3603 3345 3729 3398 sub—

446 3435 650 3490 tlititius
681 3444 854 3490 tamen
875 3476 892 3503 ,
923 3434 1006 3489 vel
1037 3434 1148 3502 ipsa
1175 3449 1240 3488 ex
1271 3433 1445 3503 phrasi
1474 3434 1758 3502 plurimum
1799 3433 2136 3504 discrepante
2165 3434 2232 3489 ab
2258 3433 2640 3504 Augustiniana
2663 3473 2678 3499 ρ
2712 3433 2904 3488 merito
2932 3433 3117 3487 iisdem
3145 3435 3312 3488 visus.
3351 3435 3554 3488 Auctor
3579 3447 3730 3491 certe.

445 3541 505 3582 se
531 3527 644 3597 ipse
672 3527 842 3581 aetatis
881 3525 1193 3581 reccntioris
1232 3539 1350 3579 esse
1379 3525 1508 3578 satis
1537 3539 1604 3599 eo_
1630 3524 1838 3594 prodit,
1867 3524 2007 3592 quod
2041 3523 2347 3594 Hieronymi
2375 3524 2577 3578 dictum
2609 3538 2676 3579 ex
2707 3523 2800 3578 lib.
2829 3524 2863 3578 5
2891 3523 2942 3577 in
2971 3522 3159 3577 Matth.
3191 3539 3316 3577 xvtu
3345 3525 3475 3578 citat
3504 3525 3556 3578 in
3589 3524 3728 3580 hunc

445 3617 660 3686 modum
695 3637 708 3672 :
743 3616 887 3672 Unde
922 3616 1127 3685 quidam
1155 3627 1358 3670 sanctus
1385 3617 1489 3682 ait,
1523 3615 1713 3685 Magna
1751 3616 1970 3685 dignitas
1999 3615 2310 3679 animarum,
2340 3624 2442 3669 etc.
2480 3613 2717 3670 Contulit
2745 3614 2849 3669 huc
2877 3615 3166 3670 sententias
3194 3615 3259 3668 ad
3292 3615 3729 3671 inflammandam

443 3709 781 3764 dilectionem
816 3708 943 3775 Dei,
977 3707 1135 3762 variis
1163 3723 1225 3760 ex
1258 3707 1406 3760 libris
1427 3747 1440 3770 ,
1477 3705 1710 3775 llugonis
1742 3705 1998 3759 Victorini
2037 3705 2090 3758 in
2119 3705 2333 3774 primis,
2381 3705 2635 3759 Bernardi
2679 3713 2733 3760 et
2778 3704 3039 3759 Anselmi.
3083 3705 3150 3758 Et
3190 3704 3406 3774 quidem
3435 3720 3465 3758 a
3497 3707 3674 3774 capite
3697 3707 3729 3761 ι

443 3799 508 3853 ad
541 3801 626 3866 Η,
660 3799 790 3854 nihil
819 3799 971 3854 nobis
1001 3799 1278 3868 legendum
1310 3797 1448 3851 aliud
1483 3798 1702 3867 praebet,
1730 3811 1886 3866 quam
1907 3795 2048 3866 quod
2071 3796 2243 3851 verbis
2271 3797 2456 3851 iisdem
2482 3811 2545 3851 ac
2572 3797 2681 3851 fere
2710 3796 2926 3851 totidem
2951 3797 3164 3867 scripsit
3187 3797 3337 3867 llugo
3358 3799 3409 3851 in
3431 3797 3728 3869 Soliloquio

443 3888 510 3943 de
537 3889 709 3944 Arrha
737 3889 948 3944 animat.
981 3890 1096 3944 Alia
1125 3888 1304 3943 itidem
1335 3897 1461 3942 sunt
1486 3903 1549 3942 ex
1577 3887 1696 3941 aliis
1724 3887 1955 3956 llugonis
1994 3888 2260 3956 opusculis
2290 3897 2537 3958 excerpta
2570 3888 2714 3954 loca,
2744 3888 2894 3958 plura
2926 3890 3083 3943 etiam
3115 3905 3181 3944 ex
3211 3889 3438 3944 diversis
3469 3891 3726 3946 Bernardi

441 3978 829 4045 Concionibns,
873 3989 931 4036 et
971 3979 1212 4052 qnmdam
1249 3994 1315 4034 ex
1343 3978 1681 4033 Meditatione
1710 3979 1844 4049 apud
1872 3978 2182 4053 Anselmum
2215 3988 2497 4048 postrema:
2524 3981 2770 4034 editionis
2801 3980 3004 4036 decima
3037 3991 3182 4035 Sexta
3203 4022 3218 4046 ,
3251 3997 3369 4051 qua:
3399 3997 3499 4036 nos
3529 3985 3729 4052 passim

445 4072 630 4138 positis
659 4071 796 4124 notis
825 4087 855 4125 e
883 4072 1103 4142 regione
1133 4080 1494 4124 monstramus
1523 4068 1620 4142 (a).
1656 4069 1735 4122 Ad
1761 4079 2065 4124 extremum
2085 4110 2101 4135 ,
2129 4070 2300 4139 capite
2332 4071 2396 4125 l8
2426 4071 2705 4126 exhibetur
2745 4071 2965 4142 insignis
3007 4072 3154 4127 locus
3195 4073 3434 4127 Ansclmi
3463 4090 3529 4128 ex
3563 4075 3732 4145 ipsius

448 4161 736 4232 l‘roslogio.
768 4160 916 4230 Sapit
945 4161 1047 4215 hoc
1069 4176 1202 4230 opus
1227 4160 1470 4216 eumdem
1497 4171 1764 4215 auctorem
1793 4175 1853 4215 ac
1883 4161 2020 4216 liber
2047 4160 2115 4217 de
2143 4161 2341 4231 Spiritu
2368 4172 2422 4216 et
2444 4163 2653 4217 Anima.
2684 4164 2792 4218 Nec
2819 4163 2954 4220 forte
2981 4164 3130 4219 alteri
3159 4165 3347 4219 melius
3375 4166 3728 4237 adscripseris

443 4249 681 4305 Manuale
701 4293 714 4318 ,
747 4259 802 4306 et
825 4251 924 4304 alia
955 4251 1196 4321 quardam
1225 4251 1477 4321 Opuscula
1518 4267 1635 4320 qu:e
1667 4251 1750 4306 hic
1782 4261 1961 4320 postea
1992 4263 2474 4322 repraesentantur,
2506 4254 2739 4324 itemque
2771 4256 2932 4310 libros
2964 4255 3105 4325 apud
3135 4256 3408 4326 llugoncm
3441 4257 3510 4312 de
3538 4261 3728 4313 Anima

443 4343 674 4411 primunt
714 4352 768 4398 et
809 4343 1058 4407 tertium,
1099 4342 1186 4412 qui
1225 4341 1362 4412 apud
1397 4341 1718 4397 Bernardum
1750 4343 2114 4397 Meditationcs
2143 4353 2196 4399 et
2225 4343 2289 4398 de
2318 4344 2652 4400 Conscientia
2684 4357 3078 4414 nuncupantur.
3125 4347 3386 4401 Cancrum
3417 4347 3731 4404 Vincentius

443 4433 856 4496 Bellovacensis,
887 4435 980 4488 lib.
1007 4433 1078 4488 ‘23
1101 4433 1311 4502 Speculi
1338 4433 1611 4492 naturalis.
1641 4449 1758 4502 cap.
1791 4435 1841 4498 t,
1874 4434 2110 4488 nonnihil
2138 4435 2274 4503 quod
2305 4435 2482 4504 legere
2511 4445 2592 4491 est
2617 4451 2736 4506 cap.
2759 4437 2792 4492 ὅ
2822 4437 2983 4506 hujus
3015 4437 3152 4501 libri,
3184 4437 3312 4492 citat
3337 4438 3559 4494 nomine
3585 4441 3731 4496 Petri

441 4517 788 4580 Comestoris.
818 4524 1034 4580 Librum
1066 4524 1382 4578 contulimus
1411 4539 1530 4578 cum
1561 4525 1684 4579 Mss.
1720 4525 1898 4595 Regiis
1923 4525 2131 4580 duobus
2159 4527 2208 4578 in
2236 4527 2426 4596 quibus
2451 4528 2732 4598 Augustini
2758 4530 2974 4585 nomine
3003 4529 3134 4584 falso
3164 4538 3518 4600 przenotatur.

503 4635 578 4700 (α)
615 4643 734 4688 Ante
760 4637 860 4699 ipsa
880 4633 1089 4699 capitula
1107 4635 1234 4684 notis
1255 4633 1572 4697 alphabeticis
1594 4635 1905 4684 indicavimus
1927 4634 2074 4684 libros
2097 4649 2160 4684 ex
2181 4651 2214 4698 q
2235 4637 2358 4685 tibus
2375 4639 2501 4685 varia
2521 4637 2623 4688 loca
2647 4640 2824 4701 passim
2847 4648 3197 4702 excerpuntur.
3280 4647 3338 4689 nt.

1020 4849 1290 4990 DE
1411 4763 2020 4997 DILIE]

2130 4852 2539 5000 NDO
2687 4858 3104 5005 ΠΕΟ

1572 5076 2041 5183 LIBER
2109 5078 2572 5188 U'JV‘U'S.
3043 5083 3046 5085 ’

1881 4762 3674 4785 ._______.._______.__—____________.

1881 5307 2281 5341 ’ψ

512 5421 732 5477 CAPUT
769 5422 1054 5479 PRIMUM.
1115 5421 1210 5476 Via
1251 5423 1319 5475 ad
1358 5424 1508 5475 vitam
1550 5424 1788 5478 charitas.
1839 5425 2025 5480 Modus

425 5492 684 5564 ⁸ιϋιὶςμνηίέὶ
724 5492 880 5545 Deum
905 5503 952 5546 et
995 5494 1297 5561 proximum.
1343 5494 1493 5564 Vigili
1521 5508 1645 5547 cura
1671 5536 1686 5561 ,
1717 5505 1894 5550 mente
1920 5498 2027 5549 sol-

449 5563 584 5615 licita
612 5603 626 5625 ,
657 5577 863 5614 summo
891 5571 1106 5621 conatu,
1138 5571 1192 5616 et
1220 5563 1574 5617 sollicitudine
1601 5566 1844 5620 continua
1873 5567 2028 5621 decet

448 5647 546 5687 nos
575 5632 840 5706 inqnirerc
865 5641 916 5685 et
942 5633 1219 5706 addiscere
1247 5633 1514 5706 quomodo
1537 5643 1590 5688 et
1613 5651 1712 5698 qua
1743 5638 1824 5690 via
1851 5638 2027 5706 possi-

450 5716 567 5757 mus
586 5700 850 5777 infernale
879 5703 1193 5777 supplicium
1223 5700 1412 5777 vitare.
1434 5715 1498 5777 _ct
1527 5706 1745 5777 caeleste
1772 5700 2022 5777 gaudium

449 5773 757 5842 acquirere;
787 5787 905 5824 cum
938 5788 1036 5826 nec
1067 5772 1193 5826 illud
1224 5773 1539 5842 supplicium
1567 5776 1738 5839 vitari,
1771 5772 1871 5832 nec
1897 5778 2022 5832 illud

447 5841 697 5907 gaudium
725 5843 926 5911 acquiri
957 5844 1141 5914 possit,
1176 5843 1280 5898 nisi
1309 5841 1390 5896 \‘ia
1418 5846 1625 5912 cognita
1654 5862 1756 5916 qua
1785 5859 1869 5904 est
1898 5848 2023 5903 illud

2133 5427 2426 5515 ‘virtandom,
2469 5440 2522 5512 et
2558 5431 2686 5512 illud
2729 5435 3128 5515 acquircndum.
3161 5439 3460 5515 ._Audiamns
3487 5459 3615 5515 ergo
3659 5447 3723 5499 li-

2134 5498 2365 5585 bentius.
2388 5501 2728 5585 inspiciamus
2747 5498 3050 5585 diligentius
3075 5510 3235 5585 verba
3257 5515 3290 5563 Α
3302 5498 3724 5585 ροεῑιιιίπῖιιὶιηίς

2135 5569 2264 5654 ipse;
2277 5569 2384 5654 duo
2412 5569 2676 5654 ostendit,
2709 5569 2930 5654 scili_c'et_
2949 5579 3088 5648 quod
3134 5569 3375 5654 cteles'tis
3404 5569 3589 5654 gloria:
3619 5589 3723 5640 vita

2135 5639 2414 5722 inell'abilis
2440 5652 2540 5704 est,
2568 5653 2620 5722 et
2645 5648 2858 5722 qugesit
2885 5639 2978 5703 via'
2996 5666 3114 5720 qua:
3142 5652 3288 5707 ducit
3316 5655 3382 5706 ad
3405 5639 3581 5709 ‘vitani
3611 5675 3623 5710 :
3652 5639 3722 5710 ait

2132 5710 2273 5792 enim
2298 5753 2324 5792 .n
2350 5710 2458 5764 Nec
2485 5710 2836 5792 oculusividit,
2869 5736 2958 5771 nec
2993 5710 3131 5774 a'uris
3160 5723 3386 5792 audivit,
3419 5743 3507 5779 nec
3547 5729 3597 5779 in
3643 5744 3726 5778 την

2133 5781 2348 5864 {ieiuniis
2377 5786 2641 5864 ascendit,
2671 5803 2787 5854 qua:
2811 5793 3112 5864 pt'teparavit
3147 5791 3286 5864 Deus
3313 5781 3636 5864 diligentibus
3675 5813 3727 5850 ει

2134 5850 2186 5920 (l
2217 5850 2332 5907 Cor.
2368 5869 2428 5919 ιι,
2457 5852 2527 5924 9)
2587 5850 2724 5914 Ecce
2771 5850 2865 5929 per
2896 5850 2995 5917 hoc
3039 5863 3182 5933 quod
3211 5865 3338 5919 dicit
3387 5850 3552 5922 licunt
3585 5885 3719 5938 pm:-
