4070 6552
446 448 552 505 855

450 561 740 630 biliaibona
767 557 940 630 fecisti
969 555 1120 623 mihi,
1154 553 1377 630 Domine
1400 552 1538 606 Deus
1562 566 1732 630 meus,
1757 548 2034 630 dequibus

448 624 755 686 miliiﬁdulce
777 628 878 684 erit
895 622 1111 700 semper
1129 625 1381 700 cogitare,
1400 636 1615 690 semper
1638 622 2035 700 loqttinsemper

448 702 645 771 gratias
674 707 940 771 agere,_ut
962 691 1251 771 te:la_udein
1283 703 1337 771 et
1362 708 1534 746 amem
1559 708 1654 760 pro
1676 691 1921 771 «muribus
1945 692 2033 743 be-

450 760 652 825 neficiis
682 760 802 822 iiiis.
837 760 976 822 Ecce
1015 767 1198 826 habes,
1228 765 1401 818 anima
1442 777 1580 825 mea,
1608 760 1821 814 arrham
1854 769 2029 821 tuam;

447 852 503 895 et
536 842 587 894 in
614 839 769 894 arrha
802 847 890 892 tua
920 837 1199 910 cognoscis
1225 848 1478 910 Sponsum
1512 842 1679 885 tuum.
1712 834 1875 910 tierva
1905 845 2033 910 ergo

450 924 501 966 te
541 912 616 965 illi
660 910 933 972 intactam,
962 902 1114 961 scrva
1152 902 1504 972 impollutam,
1538 917 1687 954 serva
1717 902 2031 972 incontami-

450 990 649 1039 natain.
678 995 829 1033 serva
858 970 1138 1046 integram.
1181 970 1240 1031 Si
1261 975 1392 1046 olim
1444 974 1694 1046 meretrix
1724 972 1885 1031 fuisti,
1920 970 2029 1046 jam

448 1054 595 1121 virgo
623 1050 756 1103 facta
786 1064 845 1103 es
878 1067 890 1101 :
914 1042 1364 1121 quemadmodum
1392 1060 1553 1121 arnor
1593 1043 1731 1121 illius
1759 1042 2031 1121 con-suevit

446 1112 711 1189 corruptis
739 1112 1091 1192 integritatem
1119 1116 1363 1179 reddere,
1390 1116 1405 1145 ¹
1429 1123 1481 1167 et
1503 1112 1716 1180 integris
1737 1113 2030 1192 castitatem

448 1206 686 1246 scrvare.
729 1191 954 1257 Semper
1000 1191 1171 1257 cogita
1221 1195 1471 1257 quantam
1516 1194 1685 1236 tecum
1727 1191 2031 1257 miscricor-

448 1262 594 1315 diam
625 1261 746 1315 fecit
781 1278 793 1311 :
827 1252 883 1313 et
910 1262 958 1311 in
991 1252 1092 1312 hoe
1132 1252 1397 1324 perpende
1423 1263 1676 1321 quantum
1717 1253 1782 1304 ab
1812 1252 2033 1324 ipsodi-

450 1332 651 1400 ligeris,
683 1330 823 1400 quod
850 1329 965 1398 ejus
996 1322 1327 1400 beneficium
1351 1340 1618 1394 nunquam
1666 1323 1757 1400 tibi
1798 1322 2032 1400 defuisse

448 1394 747 1470 cognoscis.
791 1394 893 1455 Sic'
918 1407 1062 1453 certe
1090 1398 1219 1473 mihi
1245 1396 1490 1473 videtur:
1514 1409 1633 1447 cum
1664 1396 1779 1473 ejus
1806 1394 2031 1473 unseen:

450 1462 623 1544 tiuvnes
650 1473 790 1544 circa
822 1486 905 1524 me
931 1469 1168 1544 attendo,
1199 1467 1361 1535 quod,
1394 1466 1437 1544 si
1465 1464 1543 1544 fas
1566 1463 1865 1544 estdicere,
1899 1462 2031 1544 nihil

450 1542 593 1596 aliud
620 1550 739 1611 agat
768 1543 925 1605 Deus,
955 1540 1065 1611 nisi
1099 1549 1154 1592 ut
1182 1534 1314 1611 mea:
1355 1536 1511 1589 saluti
1544 1534 1815 1611 providi-at
1841 1550 1852 1584 :
1882 1542 1934 1586 et
1962 1534 2029 1611 ita

452 1622 620 1665 totum
655 1604 735 1665 'ad
779 1604 1074 1664 custodiam
1131 1610 1233 1661 mei
1286 1615 1598 1673 occupatum
1655 1604 1827 1669 video,
1880 1604 2029 1667 quasi

450 1683 686 1737 omnium
718 1683 912 1735 oblitus
937 1683 1025 1742 sit,
1061 1690 1114 1733 et
1150 1678 1277 1731 mihi
1315 1678 1412 1729 soli
1467 1691 1655 1728 vacare
1683 1675 1826 1728 velit.
1875 1673 2030 1728 Sem-

449 1767 547 1820 per
583 1761 896 1820 praesentem
937 1750 1065 1803 mihi
1113 1764 1171 1803 se
1205 1748 1420 1801 exhibet
1454 1747 1623 1810 Deus,
1663 1760 1875 1813 semper
1937 1760 2030 1812 pa-

453 1832 623 1876 ratum
680 1836 738 1875 se
787 1822 986 1875 offert:
1021 1833 1353 1889 quocumque
1406 1834 1491 1870 me
1546 1826 1783 1889 vertero,
1814 1832 2028 1889 menon

448 1892 679 1956 deserit;
735 1885 1061 1965 ubicumque
1095 1885 1282 1954 fuero,
1331 1903 1434 1965 non
1489 1886 1721 1965 recedit;
1778 1885 2029 1965 quidquid

450 1978 629 2031 egero,
665 1964 860 2030 pariter
887 1961 1088 2017 assistit
1116 2000 1130 2023 ,
1154 1970 1208 2014 et
1228 1958 1366 2026 quod
1395 1958 1604 2011 tandem
1631 1958 1833 2009 cunctis
1863 1958 2029 2031 actio-

450 2026 606 2087 nibus
640 2026 774 2086 meis
808 2043 1094 2101 perpetuus
1131 2031 1418 2097 inspector,
1447 2037 1505 2101 et
1520 2036 1786 2101 quantum
1828 2026 1891 2078 ad
1938 2027 2031 2078 ho-

451 2104 669 2156 nitatem
715 2097 864 2157 suam
900 2097 1147 2171 pertinet,
1179 2101 1328 2170 quasi
1372 2097 1672 2151 individuus
1714 2106 2030 2171 cooperat_or

447 2174 681 2239 assistat,
716 2174 831 2241 ipso
856 2166 1033 2241 operis
1056 2176 1134 2226 sui
1160 2166 1351 2225 effectu
1384 2177 1625 2237 patenter
1643 2168 1907 2241 _o_sten_t_lit.
1949 2166 2028 2241 Ex

447 2259 558 2317 quo
578 2236 785 2297 constat
823 2236 961 2317 quod
1009 2243 1128 2296 licet
1176 2240 1337 2295 facies
1364 2236 1479 2307 ejus
1509 2254 1535 2290 a
1568 2238 1722 2317 nobis
1747 2236 1918 2291 adhuc
1948 2238 2028 2290 vi-

446 2312 560 2367 deri
602 2328 708 2367 non
742 2308 928 2388 possit,
958 2328 1225 2388 nunquam
1251 2308 1621 2388 intuetrppssit
1650 2308 2028 2388 ejus_pr;csen-

449 2387 519 2436 tia
567 2378 776 2438 evitari.
819 2383 926 2437 Sed
964 2378 1097 2452 quid
1127 2390 1209 2437 est
1250 2380 1375 2434 illud
1415 2380 1603 2443 dulce,
1646 2378 1786 2452 quod
1829 2378 1880 2430 in
1912 2378 2027 2445 ejus

448 2454 813 2507 recordatione
848 2470 933 2506 me
964 2449 1180 2523 tangere
1228 2452 1383 2514 solet,
1436 2459 1490 2503 et
1535 2459 1639 2502 tam
1684 2449 2028 2523 vehementer

445 2533 601 2593 atque
631 2527 864 2598 suaviter
884 2518 1100 2598 allicere
1133 2542 1147 2578 :
1182 2532 1237 2575 ut
1274 2522 1382 2598 j.u_u
1417 2531 1523 2574 tota
1559 2519 1786 2598 quodam
1811 2518 2025 2598 inodoa

447 2589 761 2659 iuémetipso
790 2595 1101 2658 abalienari,
1130 2603 1184 2648 et
1213 2589 1393 2647 nescio
1431 2608 1536 2661 quo
1560 2589 1584 2655 ,
1626 2590 1859 2644 abstrahi
1894 2589 2026 2661 inci-

446 2664 624 2732 piam?
651 2664 838 2719 Subito
866 2675 974 2719 tota
1001 2666 1225 2719 innovor
1261 2673 1313 2717 et
1355 2660 1463 2715 tota
1509 2662 1779 2732 immutor,
1810 2668 1876 2732 et
1891 2660 2027 2732 bene

446 2729 574 2789 inihi
603 2750 723 2789 esse
763 2736 947 2804 incipit
977 2736 1111 2789 ultra
1157 2750 1313 2803 quam
1345 2733 1524 2787 dicere
1553 2731 1829 2804 sufﬁciam.
1862 2729 2026 2783 Exhi-

446 2805 645 2859 laratur
671 2802 1014 2871 conscientia,
1036 2806 1086 2859 in
1104 2802 1424 2860 oblivionem
1452 2802 1782 2856 venitomnis
1804 2812 2025 2869 praeter-

446 2877 637 2928 itorum
681 2876 924 2931 dolorum
954 2876 1189 2941 miseria,
1221 2875 1451 2929 exsultat
1494 2874 1736 2934 animus,
1782 2873 2028 2927 clarescit

445 2946 765 3009 intellectus,
818 2961 913 3001 cor
964 2947 1311 3009 illutninatur,
1357 2944 1615 2998 desideria
1644 2942 2023 3009 jucundantur.

442 3016 665 3084 Jamque
694 3016 815 3071 alibi
844 3059 856 3080 ,
902 3017 1086 3070 nescio
1116 3016 1226 3079 ubi,
1260 3030 1345 3068 me
1374 3029 1493 3068 esse
1524 3014 1677 3067 video
1700 3054 1714 3074 ,
1770 3024 1823 3066 et
1874 3014 2024 3081 quasi

442 3086 694 3157 quiddam
716 3156 719 3157 ν
741 3087 1074 3157 amplexibus
1113 3087 1311 3157 amoris
1343 3086 1482 3157 intus
1513 3092 1670 3137 leuco
1694 3125 1708 3148 ,
1764 3093 1817 3136 et
1846 3084 2027 3137 nescio

442 3155 568 3222 quid
598 3156 725 3209 illud
752 3155 857 3210 sit}
885 3166 940 3210 et
962 3168 1135 3211 tamen
1165 3156 1291 3210 illud
1322 3156 1552 3208 retinere
1579 3167 1790 3222 semper
1811 3162 1864 3207 et
1890 3170 2027 3207 nun-

442 3242 605 3293 quam
636 3226 858 3295 perdere
910 3237 1020 3281 toto
1073 3228 1190 3280 nisu
1238 3226 1440 3279 laboro.
1499 3225 1755 3279 Luctatur
1796 3225 2023 3292 quodam

444 3295 606 3349 modo
642 3294 1044 3351 delectabiliter
1094 3299 1270 3351 anima
1326 3310 1391 3349 ne
1438 3296 1653 3350 recedat
1689 3294 1757 3347 ab
1791 3310 1855 3348 eo
1885 3295 2025 3363 quod

442 3381 656 3434 semper
682 3368 927 3435 amplecti
959 3368 1226 3423 desiderat
1254 3385 1267 3419 :
1301 3375 1354 3420 et
1382 3366 1532 3435 quasi
1576 3366 1626 3419 iu
1669 3365 1759 3419 illo
1788 3366 2026 3420 omnium

442 3437 830 3490 desideriorum
861 3438 1016 3490 linem
1046 3439 1325 3497 invenerit,
1357 3452 1564 3490 summe
1590 3444 1643 3489 et
1686 3435 2027 3491 iueli'abiliter

442 3508 692 3569 exsultat,
724 3507 857 3560 nihil
888 3509 1118 3578 amplius
1138 3524 1405 3577 quzcreus,
1437 3507 1564 3560 nihil
1590 3507 1721 3559 ultra
1743 3518 2023 3578 appetens.

442 3592 659 3644 semper
708 3579 787 3631 sic
831 3594 951 3633 esse
978 3576 1182 3634 volens.
1228 3578 1490 3647 Numquid
1532 3578 1618 3632 ille
1652 3585 1733 3630 est
1759 3576 2025 3647 dilectus?

446 3648 584 3702 Vere
610 3648 694 3702 ille
719 3658 800 3703 est
832 3649 1085 3703 Dominus
1110 3665 1261 3704 meus
1290 3646 1587 3717 qui’visitat
1611 3663 1696 3701 me
1728 3666 1739 3699 :
1764 3646 1857 3701 sed
1882 3652 2026 3704 venit

446 3719 741 3784 invisibilis,
778 3720 922 3773 venit
950 3721 1209 3787 occultus,
1251 3719 1395 3774 venit
1446 3719 2021 3788 incomprehensibilis.

444 3788 601 3843 Venit
642 3800 698 3844 ut
728 3800 907 3859 tangat
947 3807 1053 3857 me,
1094 3807 1200 3846 non
1229 3801 1284 3843 ιιι
1318 3790 1562 3844 videatur
1586 3806 1614 3843 a
1642 3805 1761 3853 me;
1800 3791 1945 3843 venit
1970 3803 2027 3845 ut

439 3861 725 3915 admoneat
746 3878 850 3921 me.
875 3878 981 3915 non
1012 3873 1066 3916 ut
1094 3861 1578 3930 comprehendatur
1602 3877 1631 3914 a
1656 3876 1761 3925 me;
1790 3863 1936 3916 venit
1964 3870 2022 3916 ut

446 3948 549 3985 non
580 3940 745 3986 totum
774 3932 1017 3987 infundat
1041 3948 1120 3999 se,
1150 3933 1242 3988 sed
1270 3932 1661 4003 utgustandum
1689 3932 1921 4000 pra-beat
1943 3947 2020 3996 se;

443 4018 547 4054 non
595 4011 652 4054 ut
699 4003 915 4072 impleat
954 4003 1316 4068 desiderium,
1367 4018 1470 4056 non
1537 4012 1594 4056 ut
1642 4003 2021 4071 plenitudinem

442 4072 690 4127 exhibeat
719 4088 828 4127 suae
880 4075 1125 4143 perfecta:
1164 4074 1442 4129 satietatis.
1489 4074 1556 4127 Et
1610 4072 1711 4127 hoc
1758 4083 1840 4128 est
1882 4075 2025 4143 quod

444 4143 671 4214 maxime
693 4144 922 4212 pertinet
940 4144 1004 4198 ad
1026 4146 1237 4199 arrham
1261 4145 1690 4213 desponsationis
1718 4145 1832 4210 ejus
1851 4162 1864 4197 :
1883 4145 2025 4214 quod

444 4213 532 4284 ille
558 4214 646 4284 qui
675 4214 724 4267 in
752 4213 930 4268 futuro
958 4230 1016 4269 se
1046 4216 1137 4269 tibi
1168 4215 1453 4270 videndum
1481 4224 1534 4269 et
1565 4216 1823 4284 perpetuo
1854 4213 2024 4283 possi-

443 4282 676 4337 dendum
703 4284 868 4347 dabit,
896 4301 1034 4339 nunc
1056 4287 1233 4354 aliquo
1263 4286 1421 4339 modo
1461 4294 1519 4339 ut
1552 4282 1712 4354 quain
1754 4282 1926 4340 duleis
1955 4288 2026 4341 sit

443 4368 817 4426 agiioseastse
835 4356 931 4426 tibi
962 4356 1027 4409 ad
1053 4357 1367 4425 gustandum
1396 4356 1599 4425 praebet
1620 4355 1714 4426 (a).

515 4422 741 4480 CAPUT
779 4424 871 4478 XI.
909 4426 982 4479 De
1010 4422 1211 4480 munere
1238 4429 1349 4480 vita:
1376 4422 1428 4479 in
1454 4436 1570 4480 ortu
1594 4422 1820 4481 serrane.
1851 4428 1927 4481 De
1943 4427 2024 4482 in-

444 4494 935 4569 dultis_sen§ibilibus
961 4498 1388 4569 oblectationibus.
1444 4495 1519 4569 De
1558 4499 1671 4551 aliis
1725 4502 2024 4569 praerogati-

444 4566 537 4637 vis.
573 4564 647 4635 (ὁ)
678 4565 894 4620 Multum
928 4568 1083 4637 igitur
1114 4568 1254 4621 Deus
1295 4578 1412 4620 tuus
1438 4564 1736 4637 diligendus
1778 4580 1859 4623 est
1886 4564 1981 4624 tibi
2007 4614 2022 4636 ,

443 4636 529 4710 cui
578 4645 721 4691 tanta
761 4636 1017 4710 beneliCIa
1056 4640 1297 4710 contulit.
1342 4637 1410 4693 Ut
1462 4636 1637 4691 autem
1682 4641 1880 4710 amoris
1908 4642 2024 4710 ejus

444 4707 656 4780 flamma
697 4708 932 4780 amplius
980 4709 1289 4764 accendaris
1314 4728 1326 4762 :
1355 4710 1633 4780 considera
1662 4707 1958 4780 diligenter,
1992 4728 2026 4766 o

443 4778 641 4851 anima,
664 4779 709 4851 si
738 4789 933 4851 pra-ter
956 4780 1040 4833 illa
1061 4796 1178 4846 qua:
1206 4795 1367 4847 supra
1391 4779 1533 4832 dicta
1558 4791 1703 4844 sunt,
1729 4778 1904 4851 aliqua
1930 4783 2025 4837 tibi

443 4850 728 4903 contulerit
771 4850 1046 4904 beneﬁcia.
1080 4852 1209 4905 Cum
1251 4867 1378 4920 ergo
1429 4866 1548 4919 qum
1602 4851 1685 4905 hic
1732 4850 2025 4907 memorata

443 4930 567 4973 sunt
594 4920 730 4973 bona
758 4921 848 4974 tibi
881 4921 1027 4976 vides
1056 4922 1269 4986 collata,
1298 4922 1520 4974 multum
1542 4922 1589 4975 ei
1617 4936 1645 4973 a
1668 4937 1773 4990 quo
1793 4924 1885 4977 tibi
1911 4923 2025 4977 ha-c

443 4992 633 5043 collata
679 5003 801 5045 sunt
852 4992 1016 5046 debes
1056 4995 1321 5062 gratiosus
1347 5001 1401 5045 et
1434 4992 1659 5045 devotus
1688 4993 1938 5055 existere,
1972 5004 2028 5048 et

441 5062 637 5124 gratias
665 5078 828 5131 agens
858 5065 1037 5117 dicere
1068 5083 1080 5119 :
1114 5063 1276 5117 Valde
1303 5062 1430 5118 mihi
1451 5062 1753 5132 diligendus
1780 5072 1863 5118 cst
1883 5064 2025 5119 Deus

443 5146 614 5197 meus,
647 5134 734 5201 qui
766 5135 901 5189 bene
925 5144 1079 5188 utens
1104 5135 1243 5188 malo
1264 5142 1543 5202 parentum
1583 5148 1847 5201 meorum,
1875 5150 2026 5189 crea-

444 5201 633 5256 vitme
658 5203 725 5257 de
752 5219 911 5259 carne
942 5206 1175 5271 illorum,
1207 5201 1273 5260 et
1291 5204 1565 5272 inspiravit
1592 5204 1642 5256 in
1674 5219 1761 5257 me
1789 5206 2028 5273 spiracu-

445 5273 732 5344 lunivitze;
760 5275 1071 5330 discernens
1102 5290 1185 5329 me
1210 5277 1276 5329 ab
1298 5276 1401 5328 illis
1421 5275 1508 5341 qui
1538 5275 1619 5329 vel
1649 5275 1871 5329 aburtivi
1901 5291 2026 5344 pro-

437 5342 566 5409 jecti
591 5354 712 5396 sunt
729 5345 795 5397 ab
813 5356 984 5409 utero,
1003 5348 1086 5401 vel
1113 5347 1247 5400 intra
1279 5356 1517 5399 materna
1540 5346 1739 5398 viscera
1763 5342 2024 5412 sulfocali,

446 5427 615 5487 pinna:
642 5414 1177 5487 videnturconcepti,
1227 5433 1330 5469 nun
1371 5417 1512 5469 vine.
1557 5416 1750 5484 Accepi
1795 5432 1922 5487 ergo
1970 5429 2027 5472 ut

442 5483 564 5558 sim,
595 5484 773 5558 accepi
806 5494 861 5536 ut
891 5486 1049 5538 homo
1084 5483 1191 5540 ‘sim
1217 5527 1231 5545 .
1291 5487 1467 5553 accepi
1514 5483 1880 5558 intellectum,
1921 5504 2027 5558 quo

446 5552 652 5626 intersit
677 5554 820 5626 inter
849 5570 934 5607 me
960 5564 1015 5608 et
1041 5572 1223 5624 pecus.
1264 5552 1455 5623 Accepi
1485 5558 1728 5626 corporis
1757 5552 1981 5611 formam
2008 5599 2026 5624 ,

443 5622 621 5691 accepi
673 5622 725 5675 in
774 5638 998 5691 corpore
1041 5622 1439 5681 distinctionem
1506 5622 1795 5694 sensuum;
1846 5622 2029 5685 oculos

560 5714 712 5770 Adde,
737 5712 823 5763 ita.

507 5776 578 5833 ta)
606 5783 848 5824 Hactenus
869 5777 1081 5837 Hugonis
1104 5779 1253 5827 verba
1276 5779 1339 5827 de
1366 5778 1511 5826 arrba
1530 5782 1719 5829 animze.

505 5842 521 5893 (
543 5843 662 5907 I)__F.x
686 5837 896 5886 .Iurselmi
922 5837 1079 5887 Medii.
1104 5841 1191 5901 16;
1216 5842 1481 5902 ltug.\‘ict.,
1499 5840 1611 5890 lib.7
1632 5842 1808 5891 Erudit.
1825 5842 2026 5907 didasc.,

441 5911 541 5959 cap.
575 5900 638 5948 1'3.

1902 429 2266 487 APPENDIX.

3624 430 3725 489 856

2139 546 2205 599 ad
2239 546 2523 600 videndum
2551 588 2563 610 ,
2596 562 2751 601 aures
2800 546 2865 599 ad
2904 547 3255 614 audiendum,
3309 564 3469 605 nares
3518 547 3590 605 ad
3631 551 3728 607 oil-

2139 618 2422 692 orantlum,
2465 632 2653 692 manus
2683 617 2755 692 ad
2778 617 3245 692 contrectandum,
3273 621 3504 687 palatum
3536 621 3602 675 ad
3631 641 3729 692 go-

2139 687 2407 751 standum,
2434 687 2602 759 pedes
2632 687 2699 741 ad
2734 687 3135 759 ambulandum,
3179 699 3511 759 satutemque
3557 687 3726 759 ipsam

2139 703 2407 751 Stanaum,
2478 703 2602 741 edes
2632 703 2699 741 au
2737 703 3135 756 ambumnaum,
3179 703 3511 759 satutemque
3557 708 3724 759 ipsam

2138 759 2394 824 corporis.
2430 703 2673 827 lllagnum
2723 758 2817 811 fuit
2858 768 2911 811 et
2959 757 3097 822 hoc,
3146 759 3288 827 quod
3319 760 3384 813 ad
3413 764 3724 815 eorumdctu

2138 841 2388 898 sensuum
2435 844 2672 881 meorum
2706 829 3096 883 oblectamenta
3123 830 3325 898 singula
3340 832 3585 884 sensibus
3609 836 3724 887 sin-

2135 897 2275 970 gulis
2301 899 2669 970 convenientia
2699 899 2915 970 creavit
2959 898 3116 965 Deus,
3150 897 3310 952 multa
3345 901 3562 970 pulchre
3591 920 3723 956 eou-

2138 968 2400 1022 venientia
2431 978 2482 1023 et
2515 969 2763 1032 lucentia,
2815 982 3011 1022 canore
3045 968 3356 1031 mulcentia,
3380 988 3539 1026 suave
3568 975 3724 1027 oleu-

2139 1038 2230 1103 tia,
2277 1038 2433 1093 dulce
2462 1040 2739 1100 sapientia.
2777 1040 2935 1094 tactui
2979 1038 3258 1105 placentia.
3308 1040 3388 1095 Ob
3436 1041 3537 1096 hoc
3581 1046 3725 1098 enim

2138 1110 2464 1181 providentia
2509 1110 2777 1163 Creatoris
2817 1119 2924 1181 tam
2965 1109 3206 1165 diversas
3244 1112 3526 1181 qualitates
3560 1114 3725 1167 rebus

2138 1178 2346 1244 indidit,
2378 1189 2434 1233 ut
2463 1195 2653 1233 onmes
2681 1195 2872 1234 sensus
2917 1180 3145 1234 hominis
3184 1178 3277 1235 sua
3326 1182 3719 1238 oblectamenta

2138 1249 2427 1303 inveniant.
2463 1250 2615 1304 Aliud
2644 1252 2784 1303 enim
2815 1251 3037 1319 percipit
3067 1250 3232 1313 visus,
3263 1252 3405 1305 aliud
3438 1253 3715 1320 odoratus,

2134 1320 2277 1373 aliud
2310 1321 2521 1374 auditus
2550 1364 2565 1385 ,
2616 1321 2758 1375 aliud
2810 1322 3075 1386 olfactus,
3118 1322 3257 1375 aliud
3308 1332 3529 1390 gustus,
3577 1326 3720 1381 aliud

2137 1399 2326 1444 tactus.
2362 1391 2542 1445 Visum
2590 1392 2756 1460 pascit
2798 1390 3133 1460 pulchritudo
3182 1393 3442 1459 colorum,
3485 1397 3722 1451 suavitas

2134 1460 2415 1533 cantilena:
2458 1462 2724 1533 demulcet
2766 1463 3021 1525 auditum,
3062 1461 3345 1533 fragrantia
3373 1465 3555 1519 odoris
3581 1465 3715 1519 olfa-

2134 1538 2299 1603 ctum,
2331 1532 2559 1586 dulcedo
2604 1532 2809 1601 saporis
2847 1541 3077 1602 gustum.
3114 1532 3180 1586 Et
3224 1534 3344 1603 quis
3368 1549 3556 1589 omnes
3581 1536 3719 1591 deli-

2134 1602 2244 1655 cias
2272 1616 2525 1674 sensuum
2551 1618 2865 1657 enumerare
2889 1604 3088 1672 queat?
3113 1602 3366 1669 quartam
3397 1607 3719 1674 multiplices

2134 1682 2256 1725 sunt
2289 1673 2341 1725 in
2379 1674 2619 1743 singulis,
2649 1685 2705 1726 ut
2733 1674 2775 1727 si
2803 1674 2921 1741 quis
2945 1674 3235 1743 quemlibet
3264 1690 3361 1743 per
3391 1690 3449 1729 se
3472 1673 3717 1733 conside-

2133 1750 2254 1815 ret,
2307 1744 2599 1815 quemlibet
2652 1758 2747 1813 per
2792 1760 2852 1798 se
2893 1744 3231 1815 singulariter
3273 1746 3495 1799 ditatum
3549 1758 3714 1815 putet.

2134 1812 2273 1879 Quot
2302 1812 2689 1867 oblectamenta
2730 1814 3002 1868 oculorum
3050 1814 3099 1867 in
3145 1814 3451 1870 diversitate
3475 1812 3714 1872 colomm

2132 1894 2513 1949 monstramus,
2546 1894 2623 1938 tot
2664 1884 3052 1939 oblectamenta
3097 1886 3301 1939 aurium
3330 1887 3382 1940 iu
3408 1887 3716 1944 diversitate

2132 1968 2385 2007 sonorum
2414 1956 2691 2019 audimus;
2724 1956 2863 2009 inter
2885 1972 3003 2023 quae
3024 1955 3195 2024 prima
3236 1968 3359 2010 sunt
3392 1958 3563 2012 dulcia
3598 1974 3715 2013 ser-

2132 2038 2347 2095 monum
2379 2027 2719 2092 commercia,
2746 2025 2936 2095 quibus
2980 2027 3223 2080 homines
3248 2028 3312 2080 ad
3339 2027 3564 2082 invicem
3592 2045 3715 2085 suas

2131 2094 2430 2167 voluntates
2469 2094 3173 2167 eoinmunieant,pra-terita
3204 2106 3443 2162 narrant,
3476 2115 3711 2167 praesen-

2134 2165 2201 2216 tia
2230 2165 2485 2231 indicant,
2532 2165 2705 2220 futura
2748 2166 3011 2234 nuntiant,
3038 2169 3243 2221 occulta
3279 2165 3547 2229 revelant:
3580 2171 3714 2224 adeo

2134 2243 2190 2307 ut
2216 2235 2262 2288 si
2288 2246 2465 2307 careat
2489 2236 2580 2307 his
2607 2238 2711 2290 vita
2740 2236 2966 2290 humana
2986 2278 2999 2299 ,
3031 2238 3213 2291 bestiis
3233 2240 3605 2307 comparabilis
3626 2243 3711 2294 vi-

2130 2304 2338 2378 deatur.
2364 2306 2500 2373 Quid
2521 2316 2702 2378 autem
2730 2317 3017 2361 concentus
3042 2308 3217 2361 avium
3245 2350 3259 2372 ,
3290 2304 3416 2378 quid
3465 2310 3713 2366 humana:

2133 2376 2277 2429 vocis
2306 2380 2473 2430 melos
2510 2377 2823 2444 jucundum,
2859 2378 2985 2447 quid
3016 2378 3201 2433 dulces
3229 2376 3417 2433 modos
3454 2396 3709 2436 sooorum

2130 2447 2365 2518 omnium
2406 2448 2860 2501 commemorem?
2905 2449 3026 2518 quia
3074 2458 3179 2501 tam
3225 2450 3388 2503 multa
3428 2460 3553 2505 sunt
3585 2452 3709 2505 har-

2131 2517 2322 2569 monia:
2346 2532 2564 2586 genera,
2599 2527 2654 2571 ut
2690 2534 2750 2571 ea
2791 2533 2889 2572 nec
2919 2517 3178 2587 Cogitatus
3230 2535 3563 2588 percurrere,
3616 2538 3712 2577 nec

2130 2600 2308 2641 sermo
2343 2589 2494 2643 facile
2532 2589 2798 2657 explicare
2839 2591 3003 2657 possit
3054 2608 3067 2640 :
3110 2606 3228 2657 qua:
3285 2600 3460 2645 tamen
3523 2604 3711 2647 cuncta

2128 2658 2329 2711 auditui
2364 2659 2601 2713 serviunt
2629 2700 2642 2719 ,
2674 2668 2728 2712 et
2769 2660 2818 2712 iu
2846 2660 2959 2727 ejus
3002 2660 3221 2714 delicias
3247 2672 3423 2715 creata
3453 2672 3596 2716 sunt.
3623 2664 3713 2719 Sic

2129 2738 2210 2782 est
2252 2729 2319 2783 de
2357 2730 2553 2784 olfactu
2586 2746 2598 2783 :
2628 2730 2823 2783 habent
2868 2731 3210 2801 thymiamata
3261 2732 3477 2786 odorem
3518 2748 3668 2787 suum
3694 2777 3712 2801 ,

2128 2808 2184 2852 et
2225 2809 2411 2853 cuncta
2451 2816 2570 2869 qua:
2612 2815 2829 2870 suavem
2866 2808 3119 2870 praestant
3146 2802 3363 2856 odorem
3393 2844 3407 2868 ,
3449 2813 3503 2857 et
3531 2804 3713 2860 dulces

2128 2870 2333 2935 Spirant
2368 2870 2582 2933 odores,
2610 2869 2824 2924 olfactui
2860 2869 3137 2934 Serviunt,
3164 2882 3219 2926 et
3262 2873 3312 2925 in
3354 2878 3469 2941 ejus
3494 2875 3713 2929 delicias

2128 2949 2306 3011 creata
2351 2951 2493 2995 sunt.
2526 2941 2730 2995 Eodem
2759 2942 2919 2995 modo
2958 2952 3142 3011 gustus
3171 2952 3224 2997 et
3251 2952 3418 2997 tactus
3445 2947 3586 2998 varia
3615 2946 3711 2998 ha-

2129 3010 2253 3064 bent
2285 3012 2695 3077 oblectamenta,
2725 3029 2842 3080 quae
2861 3028 2925 3067 ex
2948 3010 3293 3066 sintilituditte
3316 3016 3552 3081 priorum
3584 3017 3713 3071 satis

2129 3081 2385 3154 perpendi
2419 3092 2659 3150 possunt.
2692 3083 2935 3154 magnum
2968 3093 3049 3136 est
3086 3093 3231 3137 certe
3279 3094 3330 3137 et
3381 3085 3481 3138 hoc
3506 3128 3520 3149 ,
3571 3087 3712 3154 quod

2127 3167 2256 3205 sana
2282 3162 2337 3206 et
2372 3153 2572 3222 integra
2603 3153 2838 3207 membra
2871 3154 3070 3208 creavit
3091 3154 3218 3207 mihi
3243 3155 3411 3221 Deus;
3446 3171 3513 3210 ne
3537 3153 3711 3212 essem

2129 3223 2263 3277 meis
2292 3223 2464 3290 dolor,
2510 3224 2851 3292 opprobrium
2902 3224 3109 3278 alienis.
3154 3226 3347 3293 Accepi
3397 3227 3556 3280 etiam
3600 3242 3715 3281 am-

2128 3292 2288 3367 plius,
2321 3303 2552 3347 mentem
2594 3294 2817 3367 scilicet,
2862 3311 2979 3362 qua:
3024 3295 3199 3367 possit,
3218 3295 3512 3366 intelligere
3538 3340 3551 3360 ,
3594 3314 3713 3367 qua:

2130 3364 2297 3435 possit
2322 3379 2513 3432 capere
2541 3365 2839 3431 veritatem,
2860 3382 2976 3435 qua!
2995 3367 3159 3434 possit
3182 3364 3483 3434 justum'ab
3516 3364 3712 3435 injuste

2128 3432 2455 3499 discernere,
2487 3451 2605 3505 qua:
2636 3436 2803 3504 possit
2833 3432 3082 3503 indagare
3104 3478 3116 3497 ,
3148 3432 3457 3491 desiderare
3487 3432 3713 3493 Creatoo

2128 3520 2260 3577 rem,
2280 3506 2508 3577 glaudare
2551 3516 2603 3560 et
2635 3506 2895 3560 inhmrere
2925 3506 3019 3559 illi.
3049 3507 3288 3577 Magnum
3317 3509 3476 3561 etiam
3506 3511 3714 3563 a-stimo

2127 3575 2443 3629 beneficium
2465 3618 2479 3639 ,
2513 3577 2653 3645 quod
2684 3592 2750 3630 eo
2778 3588 3015 3646 tempore
3040 3587 3087 3630 et
3122 3575 3260 3631 inter
3287 3580 3419 3631 tales
3451 3596 3536 3633 me
3567 3583 3711 3634 nasci

2125 3645 2293 3700 voluit
2332 3648 2489 3712 Deus,
2532 3663 2627 3715 per
2652 3662 2785 3716 quos
2816 3645 2899 3700 ad
2921 3647 3077 3702 fidem
3118 3663 3265 3702 suam
3301 3659 3355 3703 et
3382 3661 3713 3705 sacramenta

2128 3718 2483 3784 pervenirem.
2531 3717 2697 3771 Video
2746 3718 3214 3773 innumerabilibus
3262 3720 3563 3775 hominibus
3613 3722 3715 3776 hoc

2126 3797 2397 3856 negatum,
2426 3788 2564 3857 quod
2616 3788 2745 3842 mihi
2774 3790 3012 3856 gratulor
3039 3804 3158 3843 esse
3197 3805 3509 3843 concessum
3545 3809 3557 3843 :
3591 3808 3712 3847 cum

2126 3858 2317 3926 quibus
2348 3869 2521 3913 tamen
2551 3860 2704 3913 nobis
2728 3869 2871 3913 esset
2904 3860 2918 3890 ¹
2950 3876 3050 3912 una
3082 3861 3335 3914 conditio.
3365 3862 3438 3913 llli
3467 3862 3711 3917 derelicti

2126 3937 2253 3981 sunt
2284 3946 2377 3997 per
2400 3929 2682 3997 justitiam,
2716 3939 2768 3983 et
2799 3944 2897 3999 ego
2928 3941 3143 3984 vocatus
3178 3947 3293 3984 sum
3339 3946 3434 4000 per
3462 3934 3707 3999 gratiam.

2131 4000 2416 4071 Procedam
2445 4001 2640 4061 adhuc,
2682 4002 2841 4053 etiam
2896 4002 3107 4054 intuens
3156 4018 3348 4055 muntts
3389 4002 3503 4071 ejus
3550 4004 3714 4058 fuisse

2126 4070 2266 4141 quod
2289 4072 2545 4125 educatus
2568 4072 2639 4125 fui
2666 4087 2694 4124 a
2724 4073 3057 4139 parentibus;
3087 4074 3225 4141 quod
3254 4088 3339 4127 me
3367 4070 3579 4127 llautma
3607 4090 3713 4129 nou

2128 4140 2286 4212 lgesit,
2319 4141 2461 4210 quod
2488 4158 2624 4209 aqua
2656 4158 2760 4195 non
2788 4142 3088 4204 absorbuit,
3108 4140 3259 4212 quod
3299 4159 3405 4196 non
3439 4155 3654 4199 tentatus
3684 4164 3715 4199 a

2126 4211 2390 4283 daemone,
2421 4212 2560 4281 quod
2613 4228 2641 4263 a
2690 4212 2873 4283 bestiis
2923 4228 3025 4266 non
3076 4211 3381 4281 percussus,
3428 4215 3569 4283 quod
3604 4231 3715 4271 non

2130 4282 2422 4350 pravcipitio
2457 4294 2692 4348 necatus,
2727 4282 2865 4351 quod
2897 4298 3063 4351 usque
3093 4284 3156 4336 ad
3186 4299 3473 4351 congruam
3502 4296 3715 4341 aetatem

2128 4355 2181 4407 ιιι
2209 4352 2313 4407 fide
2339 4354 2453 4421 ejus
2483 4366 2535 4407 et
2567 4355 2700 4406 bona
2730 4355 3003 4407 voluntate
3032 4371 3148 4407 sum
3178 4356 3427 4407 nutritus.

2196 4423 2422 4479 CAPUT
2465 4424 2575 4478 ΧΠ.
2632 4423 2706 4477 De
2751 4425 2868 4493 long
2888 4426 3127 4477 mimitate
3164 4424 3277 4477 Dei.
3323 4424 3503 4478 Tribus
3554 4429 3720 4482 modis

2127 4512 2159 4547 a
2208 4497 2464 4565 peccando
2517 4512 2791 4549 servantur.
2840 4495 2917 4548 De
2966 4495 3156 4566 Angela
3192 4496 3415 4549 custode.
3478 4498 3723 4552 l’eccator

2127 4582 2323 4618 onmem
2366 4568 2418 4619 in
2461 4583 2514 4621 sc
2549 4577 2830 4619 creaturam
2885 4575 3176 4619 commovet.
3229 4566 3392 4630 Quam
3446 4568 3724 4622 liberaliter

2125 4636 2354 4705 ignoscat
2401 4636 2694 4709 Deus.h(a)
2740 4636 2977 4709 Magnum
3031 4638 3220 4707 igitur,
3256 4638 3476 4692 Domine
3534 4640 3673 4693 Dens
3703 4684 3719 4703 ,
3774 4686 3781 4709 _.

2126 4722 2252 4777 erga
2285 4722 2371 4761 me
2400 4707 2676 4761 ostendisti
2729 4708 2996 4774 pietatem.
3041 4711 3171 4761 tium
3215 4718 3392 4762 autem
3426 4712 3477 4762 in
3513 4712 3725 4765 cunctis

2128 4778 2380 4848 operibus
2411 4779 2514 4831 tuis
2542 4779 2616 4831 sis
2644 4778 2930 4840 mirabilis,
2961 4778 3249 4832 mirabilior
3272 4789 3448 4833 tamen
3479 4780 3723 4835 crederis

2129 4864 2249 4903 esse
2297 4848 2351 4902 in
2399 4849 2695 4903 visceribus
2741 4848 2951 4917 pictatis
2985 4867 2997 4903 :
3029 4849 3231 4902 nullum
3270 4850 3410 4903 enim
3458 4852 3667 4919 spernis
3702 4894 3720 4917 ,

2130 4919 2331 4972 nullum
2358 4919 2543 4987 abjicis
2562 4960 2575 4983 ,
2606 4920 2871 4973 neminem
2900 4920 3262 4989 perhorrescis
3282 4962 3295 4985 ,
3332 4922 3430 4974 nisi
3462 4924 3549 4991 qui
3578 4922 3726 4978 forte

2130 5000 2184 5044 te
2208 5005 2394 5045 amens
2420 4991 2775 5045 exhorruerit.
2813 4991 2957 5044 Dona
2989 4991 3148 5060 igitur
3177 5000 3263 5044 tua
3293 4999 3419 5045 sunt
3448 4992 3581 5056 hinc.
3613 4993 3727 5047 Do-

2132 5060 2305 5128 mine,
2340 5062 2468 5114 mihi
2499 5077 2527 5114 a
2558 5069 2611 5114 te
2640 5060 3055 5116 misericorditer
3083 5061 3307 5123 indulta,
3352 5062 3493 5132 quod
3529 5078 3615 5119 me
3664 5066 3725 5118 in

2130 5132 2381 5200 periculis
2410 5147 2552 5201 saepe
2582 5133 2923 5185 constitutum
2968 5132 3264 5187 clementer
3300 5133 3542 5203 eripuisti
3565 5176 3582 5196 ,
3621 5150 3727 5189 nec

2131 5217 2364 5271 unquam
2416 5218 2512 5271 pro
2569 5203 2798 5271 peccatis
2843 5204 2976 5256 meis
3021 5205 3306 5272 quominus
3349 5206 3679 5259 miserereris
3708 5248 3723 5269 ,

2132 5274 2272 5327 vinci
2302 5274 2513 5343 potuisti
2540 5290 2554 5337 ;
2584 5273 2805 5327 oblitum
2834 5274 2905 5327 tui
2935 5274 2999 5328 de
3027 5283 3078 5328 te
3103 5274 3444 5339 admonuisti,
3471 5291 3725 5330 avcrsmn

2133 5358 2165 5396 a
2195 5354 2244 5398 te
2274 5346 2555 5405 revocasti,
2589 5346 2887 5399 venientem
2928 5345 2992 5397 ad
3042 5355 3092 5398 te
3140 5346 3366 5415 benigne
3396 5348 3677 5415 suscepisti
3710 5389 3726 5409 ,

2140 5416 2416 5482 pmniteuti
2448 5415 2707 5468 indulsisti
2741 5431 2844 5469 non
2876 5417 3048 5469 solum
3078 5432 3136 5469 ea
3169 5431 3287 5485 qua:
3316 5419 3559 5471 commisi
3595 5432 3729 5486 pec-

2135 5496 2273 5548 cata,
2334 5486 2425 5540 sed
2471 5489 2627 5540 etiam
2678 5502 2797 5556 qum
2844 5495 2893 5538 te
2942 5496 3250 5556 protegente
3297 5503 3401 5541 non
3452 5489 3720 5541 commisi.

2136 5557 2520 5626 Quodcumque
2547 5558 2690 5611 enim
2721 5557 2841 5610 mali
2875 5567 3186 5626 protegente
3215 5567 3265 5611 te
3296 5574 3400 5611 non
3428 5560 3669 5613 commisi
3708 5600 3726 5622 ,

2138 5637 2305 5682 totum
2336 5643 2365 5680 a
2395 5638 2445 5682 te
2474 5628 2752 5683 dimissum
2784 5628 3145 5697 deputandum
3186 5637 3289 5683 est.
3320 5628 3451 5683 Nam
3491 5632 3629 5684 sicut
3673 5630 3726 5682 in

2203 5722 2219 5752 ι
2256 5718 2388 5780 Apud
2412 5718 2705 5777 Anselmum,
2746 5725 2831 5768 est.

2200 5778 2369 5843 (a)'Ex
2398 5782 2574 5839 Medit.,
2600 5795 2703 5842 cap.
2730 5780 2791 5840 2;
2830 5794 2891 5829 ex
2940 5786 3060 5843 aug.
3104 5782 3241 5839 V’ict.,
3288 5781 3371 5830 lib.
3419 5782 3451 5829 5
3486 5778 3551 5830 de
3597 5780 3731 5829 Modo

2136 5845 2319 5901 orandi,
2339 5857 2442 5903 cap.
2474 5845 2491 5892 l
2518 5856 2529 5899 ;
2552 5843 2777 5889 Beru'trd.
2802 5857 2949 5906 serm.
2978 5844 3024 5901 5,
3070 5844 3115 5892 in
3156 5851 3282 5893 Dum.
3311 5844 3342 5893 6
3379 5854 3483 5906 [just
3510 5852 3731 5896 ιιυιιως..

2138 5921 2185 5955 ιι.
2219 5908 2321 5962 l-l;
2343 5915 2459 5955 etcx
2488 5906 2692 5955 Ausehni
2731 5905 2887 5955 Medit.
2925 5906 2996 5953 lli.
