4070 6508
276 475 376 531 861

277 590 494 650 tienter,
547 589 654 644 imo
702 589 947 653 libenter,
993 604 1098 643 non
1146 589 1318 642 solum
1369 598 1544 642 autem
1595 587 1716 647 hoc,
1769 584 1861 639 sed

275 663 441 714 etiam
482 661 731 716 ardenter
759 676 856 730 pro
887 661 976 713 illo
1005 660 1267 712 sustinere
1298 658 1507 730 lab_orcs
1545 667 1599 712 et
1628 658 1861 730 dolores.

276 730 371 800 qui
402 746 497 798 pro
535 746 594 784 se
635 727 779 785 tanta
808 747 869 784 ac
899 732 1022 785 talia
1048 730 1317 784 sustinuit.
1365 727 1469 782 Per
1497 730 1681 781 multas
1721 729 1863 781 enim

277 802 630 854 tribulationes
676 812 871 870 Oportet
913 817 1004 854 nos
1053 803 1239 853 intrare
1277 801 1328 852 in
1378 816 1585 871 regnum
1627 800 1866 851 cwloruut

279 875 421 929 (Art.
457 886 581 934 XIV,
611 871 675 926 2|
703 875 742 941 ).
789 872 1156 940 Amplectatttr
1205 871 1361 939 igitttr
1409 879 1460 924 te
1505 871 1861 941 animamea,

283 942 509 996 Domine
537 939 1056 1004 Jesu,'crttcilisnm,
1091 951 1264 995 sumat
1307 941 1377 994 ttti
1419 939 1708 994 dulcissimi
1739 954 1864 992 san-

279 1013 461 1080 guinis
511 1012 758 1066 haustum
816 1031 828 1066 :
885 1022 1108 1079 occupet
1161 1012 1470 1064 memoriam
1526 1026 1698 1063 meam
1755 1009 1870 1064 lurc

279 1083 464 1136 suavis
509 1084 800 1141 meditatio.
847 1101 913 1137 ne
955 1100 1018 1138 ex
1064 1091 1174 1134 toto
1214 1097 1332 1136 eam
1376 1081 1570 1135 oblivio
1597 1083 1864 1134 obscuret.

279 1153 528 1208 Judicem
553 1171 638 1209 tne
668 1155 792 1208 nihil
821 1155 975 1214 scire,
1005 1154 1101 1206 nisi
1129 1153 1310 1207 Jesum
1333 1152 1622 1212 Christum,
1649 1161 1704 1204 et
1730 1150 1868 1204 hunc

279 1225 633 1289 cruciﬁxum;
675 1241 742 1279 ne
779 1226 1053 1278 scientiam
1084 1239 1253 1276 meam
1281 1237 1310 1275 a
1341 1223 1603 1276 soliditate
1632 1221 1750 1275 ﬁdei
1779 1237 1871 1274 va-

283 1310 390 1348 nus
441 1311 593 1348 error
641 1295 867 1350 abducat
919 1313 931 1349 :
979 1295 1208 1348 vi::dicet
1257 1293 1358 1347 sibi
1412 1301 1581 1346 totum
1628 1307 1868 1345 amorem

282 1380 467 1419 meum
517 1365 630 1419 lnec
679 1376 764 1419 tua
815 1365 944 1419 mira
995 1365 1251 1428 dilectio;
1303 1379 1369 1418 ne
1417 1363 1563 1416 illum
1609 1362 1870 1430 cupiditas

281 1436 574 1489 mundialis
615 1437 914 1491 abSorbeat.
950 1437 1176 1490 Mentem
1207 1435 1347 1490 enim
1378 1449 1535 1503 quam
1580 1444 1714 1496 tuze,
1763 1433 1870 1486 Do-

282 1505 456 1570 mine,
489 1507 714 1559 dult-edo
744 1508 1016 1560 charitatis
1046 1505 1422 1573 compleverit,
1452 1519 1556 1558 non
1589 1505 1747 1557 timor
1771 1518 1870 1557 an-

281 1585 486 1644 gustat,
519 1592 623 1630 non
651 1578 812 1632 libido
843 1577 1214 1640 commaculat,
1248 1590 1356 1628 non
1386 1575 1463 1629 ira
1492 1574 1736 1637 dilaniat,
1765 1589 1869 1627 non

285 1649 542 1715 superbia
570 1648 770 1707 elevat,
803 1663 904 1700 non
943 1646 1256 1701 cenodoxiae
1287 1646 1455 1699 inanis
1503 1645 1676 1699 fumus
1705 1659 1870 1698 even-

285 1719 427 1781 tilat,
475 1734 580 1772 non
625 1719 856 1787 exagitat
901 1717 1079 1780 furor,
1127 1732 1232 1770 non
1279 1716 1526 1787 stimulus
1569 1715 1873 1787 ambitionis

283 1789 571 1853 eviscerat,
599 1803 704 1842 non
731 1786 951 1843 avaritia
979 1787 1264 1854 contrahit,
1295 1803 1399 1840 non
1428 1786 1609 1854 dejicit
1639 1786 1870 1851 tristitia,

286 1874 398 1912 non
433 1859 626 1912 invidia
672 1860 920 1914 tabefacit
964 1876 976 1911 :
1021 1859 1221 1912 nullum
1267 1857 1496 1926 denique
1527 1857 1707 1926 vitium
1754 1871 1870 1910 eam

285 1930 620 1996 corrumpit,
651 1929 776 1984 dum
809 1931 858 1983 in
887 1929 1071 1984 eadem
1102 1928 1383 1983 dulcedine
1412 1925 1706 1981 immobilis
1748 1942 1872 1995 per-

287 1999 454 2054 sistit.
477 2000 576 2065 Qui
604 2017 732 2070 ergo
756 2002 867 2055 suis
893 2011 1034 2054 tanta
1063 2009 1280 2069 pratstat
1305 2000 1355 2052 in
1387 1997 1654 2070 praesenti,
1679 2006 1874 2066 quanta

288 2070 401 2123 illis
430 2078 606 2125 servat
637 2069 688 2124 in
721 2072 936 2125 futuro?
978 2074 1106 2135 Qua:
1137 2071 1227 2124 dat
1271 2071 1322 2123 in
1356 2069 1602 2138 pricsenti
1623 2110 1637 2132 ,
1673 2077 1879 2135 tempo-

291 2141 429 2193 ralia
455 2151 578 2193 suut
607 2159 619 2193 :
650 2158 769 2210 qua:
798 2154 974 2196 autem
1008 2142 1058 2194 itt
1090 2141 1264 2194 futuro
1292 2139 1503 2210 smculo
1532 2156 1589 2193 se
1620 2139 1879 2206 promittit

293 2211 442 2265 Deus
469 2213 579 2264 suis
607 2209 875 2277 daturum,
907 2222 1106 2266 :rterna
1133 2222 1278 2274 sunt,
1307 2220 1360 2264 et
1385 2209 1538 2264 bonis
1572 2211 1875 2278 temporali-

289 2281 397 2334 bus
428 2282 911 2348 incomparabiliter
938 2283 1181 2337 meliora.
1212 2282 1543 2350 Tcmporalia
1572 2281 1712 2333 enim
1741 2281 1876 2334 bona

288 2351 514 2406 difﬁcile
550 2355 926 2422 acquiruntur,
958 2363 1012 2408 ct
1048 2353 1304 2422 acquisita
1349 2352 1502 2406 facile
1528 2351 1832 2422 dilabuntur
1861 2367 1874 2404 :

287 2431 352 2476 ct
390 2439 507 2490 qua:
545 2421 704 2478 etiam
750 2423 927 2478 habita
973 2421 1141 2484 sunt,
1171 2438 1290 2477 cum
1336 2422 1480 2490 gravi
1523 2421 1879 2476 sollicitudine

289 2493 703 2554 custodiuntur,
735 2505 788 2548 et
822 2511 941 2548 cum
973 2495 1159 2548 dolore
1203 2496 1548 2552 amittuntnr.
1589 2503 1643 2546 et
1683 2492 1878 2545 amissa

289 2579 420 2634 eum
447 2565 592 2632 gravi
624 2565 807 2620 labore
847 2573 1245 2634 recuperantur.
1278 2563 1460 2616 Futuri
1491 2571 1668 2616 autem
1698 2563 1876 2616 smcnli

289 2632 436 2687 bona
461 2650 729 2704 nunquam
751 2632 1087 2702 amittantur,
1114 2651 1380 2703 nunquam
1405 2635 1734 2695 minuuntur,
1757 2649 1878 2687 cum

291 2704 492 2776 gaudio
520 2716 572 2758 et
596 2707 776 2775 quiete
804 2707 1165 2776 possidentur,
1190 2721 1402 2773 semper
1428 2704 1710 2776 habentur,
1737 2719 1882 2758 sem-

292 2790 395 2842 per
420 2775 812 2844 desiderantur,
835 2787 890 2831 et
919 2793 1185 2847 nunquam
1216 2776 1570 2829 fastidiuntur.
1603 2775 1730 2842 Qua:
1758 2789 1878 2828 cum

292 2847 466 2899 semel
496 2848 615 2916 quis
641 2850 927 2916 acceperit,
960 2849 1026 2901 ita
1060 2862 1278 2901 securus
1303 2847 1401 2900 erit
1433 2861 1494 2898 ea
1522 2861 1581 2899 se
1610 2861 1878 2913 nunquam

291 2916 621 2971 amissurum
642 2959 654 2980 ,
684 2919 822 2974 sicut
850 2930 1029 2975 certus
1054 2929 1136 2974 est
1165 2918 1247 2972 vel
1275 2918 1377 2972 erit
1404 2917 1492 2971 illa
1519 2932 1579 2972 se
1608 2932 1878 2986 nunquam

294 2986 435 3041 velle
463 2988 727 3042 amittere.
1787 3040 1792 3046 .

368 3057 597 3113 CAPUT
636 3058 798 3113 XVII.
851 3058 1107 3112 Promissa
1149 3057 1260 3112 Dei.
1304 3057 1384 3112 Ea
1424 3058 1634 3110 nimium
1679 3057 1877 3110 deside-

292 3129 403 3180 rari
447 3145 547 3181 non
599 3141 826 3196 possunt.
865 3131 1028 3184 Valde
1072 3131 1231 3199 igitur
1272 3129 1571 3198 diligendus
1614 3137 1696 3180 est
1743 3129 1881 3199 Deus

292 3199 352 3252 in
386 3199 664 3267 promissis
689 3203 799 3255 Suis
823 3219 834 3252 :
866 3202 953 3270 qui
981 3197 1170 3268 magna
1195 3201 1348 3255 nobis
1373 3197 1538 3264 dedit,
1561 3199 1654 3252 sed
1681 3197 1880 3267 majora

296 3270 565 3337 promisit.
611 3271 859 3326 Promisit
897 3272 1049 3325 nobis
1076 3290 1105 3326 a
1136 3272 1316 3326 labore
1345 3272 1619 3339 requiem,
1651 3284 1682 3322 a
1710 3271 1881 3323 servi-

295 3348 414 3393 tute
456 3341 795 3407 libertatem,
842 3360 870 3397 a
919 3343 1108 3396 timore
1152 3343 1529 3407 securitatem,
1575 3358 1604 3393 a
1651 3354 1881 3394 interere

291 3411 748 3478 Consolationem,
780 3428 808 3465 a
839 3423 1009 3466 morte
1038 3413 1482 3467 resurrectionem
1501 3453 1514 3472 ,
1545 3420 1597 3463 et
1626 3411 1676 3462 in
1705 3425 1884 3464 resur-

295 3482 537 3536 rectione
593 3483 805 3550 plenum
857 3484 1148 3552 gaudium,
1202 3499 1469 3536 sumnnnn
1524 3481 1784 3552 gaudium
1827 3489 1882 3534 ct

293 3552 631 3623 indeliciens.
667 3550 906 3622 Denique
946 3555 1185 3623 promisit
1220 3554 1375 3608 nobis
1404 3570 1464 3608 se
1509 3550 1710 3623 ipsum,
1744 3550 1882 3623 sicut

286 3622 493 3704 iuravit
521 3625 754 3704 patribus
780 3621 974 3680 nostris
993 3625 1240 3704 daturum
1269 3641 1326 3704 se
1354 3625 1506 3704 nobis
1529 3621 1676 3704 (ιλιιςᾴ
1702 3621 1878 3704 1,.75).

295 3691 515 3766 Magnae
535 3704 657 3749 sunt
689 3696 846 3766 igitur
875 3697 1256 3765 prou'tissiones
1290 3695 1380 3748 Dei
1403 3703 1502 3766 ,7et
1532 3691 1877 3766 ineﬁ'abiles;

291 3773 351 3817 et
383 3780 479 3833 pro
506 3765 618 3832 his,
645 3764 779 3820 etin
813 3764 891 3821 his
922 3769 1033 3821 vult
1058 3767 1224 3820 amari
1253 3781 1282 3818 a
1315 3765 1465 3818 nobis
1495 3764 1672 3832 aliquo
1700 3765 1878 3816 modo.

293 3835 353 3888 Si
385 3835 602 3890 modum
633 3853 872 3905 quan'as,
905 3839 1190 3891 vehemens
1217 3835 1537 3890 desiderium
1571 3834 1880 3902 promissio-

292 3906 421 3972 nis,
453 3907 644 3961 tnodus
669 3919 748 3962 est
774 3911 990 3961 altioris.
1028 3907 1314 3961 l't'omissio
1346 3906 1439 3960 Dei
1471 3914 1880 3974 quantumcum-

291 3991 405 4039 que
454 3977 828 4041 desideretur,
883 3980 1055 4032 minus
1108 3976 1442 4031 desideratur
1487 3992 1645 4044 quam
1700 3975 1879 4028 debet.

291 4046 432 4102 Nam
466 4059 952 4119 quantnmcumque
999 4049 1315 4118 profecerit,
1347 4049 1464 4119 plus
1492 4047 1670 4119 debet.
1702 4044 1882 4100 Vehe~

293 4133 456 4173 mens
482 4121 658 4188 itaque
686 4117 1010 4174 desiderium
1042 4121 1220 4185 aliquo
1259 4118 1417 4170 modo
1445 4132 1547 4171 non
1579 4117 1737 4170 habet
1763 4132 1882 4188 mo-

292 4189 426 4244 dum
452 4230 466 4254 ,
492 4187 612 4244 cum
645 4206 748 4244 non
797 4194 960 4259 pessit
988 4209 1106 4244 esse
1135 4189 1376 4242 nimium.
1409 4188 1539 4242 Cum
1581 4189 1632 4241 in
1674 4187 1885 4259 casteris

293 4259 462 4314 rebus
510 4258 838 4330 impatientia
887 4264 1054 4315 soleat
1100 4260 1336 4330 culpari,
1389 4261 1439 4313 in
1487 4258 1885 4330 exspectatione

296 4341 464 4385 tanta:
493 4329 662 4397 promi
693 4334 859 4387 sionis
890 4333 1165 4385 laudabilis
1190 4329 1272 4385 est
1295 4332 1585 4384 vehemens
1612 4329 1884 4398 impatien-

296 4402 373 4455 tia
404 4401 694 4456 dilationis.
727 4406 858 4456 L‘um
904 4420 1024 4456 eum
1069 4403 1158 4470 qui
1202 4403 1319 4470 plus
1349 4409 1524 4459 amat.
1571 4410 1625 4454 et
1649 4400 1738 4467 qui
1771 4402 1885 4468 plus

293 4473 592 4538 desiderat,
623 4474 891 4527 dilationis
933 4474 1262 4542 impatientia
1293 4471 1462 4541 magis
1485 4471 1722 4534 cruciat,
1749 4485 1886 4542 ,spes

294 4559 420 4612 qn:e
444 4543 687 4597 dilfertnr
706 4545 891 4612 allligit
914 4541 1166 4602 animam.
1195 4543 1309 4596 lucc
1335 4554 1512 4596 autem
1542 4542 1719 4594 omnia
1747 4541 1882 4612 bona

297 4611 353 4667 in
381 4615 588 4668 ccrlesti
620 4611 881 4668 habentur
912 4615 1101 4682 patria.
1140 4615 1210 4667 De
1238 4614 1328 4667 illo
1363 4614 1522 4682 igitur
1547 4612 1710 4675 bono,
1743 4611 1882 4681 quod

294 4687 542 4739 omnium
585 4687 842 4739 bonorum
875 4681 1142 4739 summum
1173 4693 1286 4753 cst,
1332 4681 1459 4754 quid
1492 4683 1577 4736 vel
1607 4681 1762 4752 quale
1792 4681 1882 4747 sit,

295 4757 529 4826 primum
555 4757 838 4810 dicendum
869 4768 969 4809 est.

371 4825 598 4882 CAPUT
643 4827 825 4881 XVlll.
881 4827 1042 4894 Quale
1071 4836 1117 4880 ct
1160 4836 1405 4895 quantum
1451 4826 1722 4895 electorum
1759 4840 1886 4894 gau-

296 4897 460 4949 dium.
517 4897 790 4952 Βιιηιονιιηι
845 4909 1030 4953 mentes
1086 4893 1294 4950 invicem
1345 4897 1601 4966 patebunt.
1657 4893 1886 4962 Corpora

297 4979 447 5040 erunt
477 4969 688 5040 integra.
721 4969 795 5040 (η)
831 4971 1133 5023 lixcitemus
1161 4967 1397 5040 igituriet
1425 4967 1689 5040 erigamus
1715 4974 1882 5040 totum

298 5036 630 5094 intellectum
659 5036 921 5102 titistrum,
955 5041 1007 5093 in
1043 5050 1296 5108 quantum
1327 5039 1466 5092 Deus
1498 5036 1803 5108 donaverit.
1831 5045 1886 5089 et

296 5112 596 5181 cogitemus.
625 5111 781 5181 quale
805 5123 857 5165 et
883 5107 1138 5180 quantum
1179 5110 1468 5181 electorum
1497 5109 1566 5161 sit
1589 5107 1803 5163 unicum
1831 5115 1887 5160 et

297 5179 570 5252 singulare
611 5179 858 5252 gaudium
903 5179 1072 5248 istud,
1101 5180 1304 5252 scilicet
1332 5193 1495 5252 unum
1522 5187 1576 5232 et
1616 5192 1882 5252 summum

297 5247 521 5316 bomnn,
566 5247 707 5322 quod
756 5262 838 5307 est
886 5253 1024 5315 vita,
1078 5252 1198 5314 lux,
1246 5249 1554 5322 beatitudo,
1598 5247 1880 5317 sapientia,

297 5320 654 5378 :rternitas‘et
699 5325 860 5378 multa
906 5323 1206 5391 hujnsmodi
1252 5320 1428 5384 bona;
1459 5329 1514 5373 et
1559 5329 1737 5391 tamen
1777 5334 1881 5391 non

297 5404 380 5445 est
429 5395 528 5447 nisi
578 5398 790 5448 unicum
834 5403 887 5447 et
936 5387 1202 5448 summum
1251 5393 1468 5455 bonum,
1519 5389 1738 5443 omnino
1780 5387 1881 5441 sibi

296 5463 605 5528 sufficiens,
653 5467 798 5518 nullo
849 5465 1111 5532 indigens,
1159 5479 1264 5532 quo
1312 5463 1489 5514 otuttia
1540 5460 1794 5532 indigent
1827 5468 1882 5512 ttt

295 5535 438 5594 sint,
477 5546 528 5588 et
561 5536 695 5590 bene
723 5536 848 5589 sint.
900 5528 1008 5588 Iloe
1047 5528 1239 5588 bonum
1272 5543 1354 5587 est
1393 5533 1532 5585 Deus
1560 5531 1749 5591 Pater,
1781 5528 1884 5581 hoe

295 5619 379 5658 est
408 5605 656 5667 Verbum,
711 5609 761 5660 id
807 5619 908 5668 est,
963 5607 1125 5678 Filius
1171 5605 1392 5678 Patris;
1433 5602 1751 5678 hoeui‘psntn
1793 5608 1884 5678 est

295 5690 447 5730 amor
477 5693 614 5732 unus
641 5689 689 5731 ct
720 5678 1017 5729 connnunis
1049 5677 1186 5728 l’atri
1214 5687 1266 5729 et
1299 5673 1454 5733 Filio,
1489 5673 1691 5726 scilicet
1715 5670 1884 5738 Spiri-

299 5756 382 5800 tus
415 5762 631 5802 sanctus
673 5752 740 5803 ab
786 5759 1006 5817 utroque
1037 5748 1350 5818 p-ocedens.
1387 5743 1538 5810 Quod
1579 5753 1756 5796 autem
1799 5749 1883 5797 est

299 5888 518 6002 ι...(αὲιιῖδε
543 5887 748 5938 \nsolmi
771 5895 780 5930 ξ
802 5885 980 5947 roslog.
1010 5897 1113 5946 cap.
1139 5881 1312 5941 ‘32-‘25;
1341 5896 1401 5931 ex
1431 5879 1514 5930 lib.
1540 5879 1722 5940 .‘tcdit.,
1740 5891 1809 5942 ca;
1831 5893 1876 5943 p.

331 5967 372 6002 Ι.
395 5963 469 6002 2.2--

331 5963 372 6011 ι,
395 5963 469 6002 :2.

1444 470 1644 526 LIBER
1686 469 1770 524 DE
1810 444 2176 526 miacmoo
2220 471 2371 527 DEO.

3455 489 3560 541 802’.

1975 587 2212 668 singttltts
2236 590 2494 668 quisque,
2527 593 2626 646 hoc
2653 603 2734 648 est
2775 605 2881 650 tota
2918 597 3148 654 Trinitas
3177 600 3355 666 simul,
3397 603 3556 659 Pater

1973 669 2027 712 et
2053 659 2218 714 Filius
2248 670 2301 714 et
2327 659 2558 744 Spiritus
2584 675 2795 719 sanctus
2825 684 2837 718 :
2869 672 3115 744 quoniam
3144 659 3383 744 singultis
3411 677 3554 744 quis-

1973 745 2076 797 que
2117 746 2221 784 non
2262 743 2344 786 est
2385 733 2532 811 aliud
2566 733 2974 811 quatn'snmme
3013 733 3460 811 simplexvuniuts,
3503 756 3557 798 et

1973 816 2181 880 suturae
2213 818 2313 880 una
2361 803 2706 880 simplicitas,
2738 824 2854 880 qtt;_e
2900 825 2994 862 nec
3040 803 3404 880 multiplicari,
3449 803 3554 868 'ncc

1975 871 2114 924 aliud
2149 881 2200 943 e_t
2244 872 2385 926 aliud
2417 871 2536 928 che
2577 871 2772 943 potest.
2807 877 2972 930 Porro
3001 896 3158 933 unum
3187 871 3266 936 est
3305 871 3554 938 necessa-

1979 941 2281 1022 rium(f.uc.
2318 945 2500 1011 x,49.).
2524 941 2688 1022 Porro
2718 947 2819 1001 hoc
2845 957 2926 1022 est
2957 949 3082 1002 illtnl
3113 968 3271 1022 unum
3305 969 3554 1007 necessa-

1975 1014 2142 1078 rium,
2173 1014 2223 1067 in
2255 1031 2360 1082 qtto
2390 1032 2548 1069 omne
2573 1016 2768 1088 bonum
2805 1035 2818 1070 :
2851 1019 2957 1070 imo
2997 1021 3132 1088 quod
3165 1031 3246 1075 e~t
3281 1037 3438 1077 onme
3459 1066 3472 1086 ,
3502 1035 3556 1078 et

1975 1098 2171 1162 unum,
2201 1095 2254 1162 et
2297 1096 2460 1162 totum
2484 1127 2496 1144 .
2527 1096 2578 1140 et
2609 1087 3037 1162 solnnrbonum.
3079 1093 3131 1144 Si
3163 1093 3302 1145 enitn
3346 1095 3550 1162 singula

1975 1152 2111 1230 bona
2140 1155 2473 1230 delectabilia
2511 1166 2662 1219 sunt,
2696 1160 2866 1230 Cogita
2894 1170 3094 1214 attente
3131 1179 3287 1230 quam
3316 1152 3551 1216 delecta-

1977 1224 2078 1277 bile
2108 1225 2192 1299 _sit
2245 1226 2368 1299 illud
2413 1226 2648 1292 bonum,
2695 1228 2832 1296 qunti
2885 1231 3121 1284 continet
3150 1224 3552 1299 'jucnnditatem

1974 1297 2210 1347 oumimn
2255 1297 2545 1352 bonarum.
2581 1309 2635 1351 et
2677 1315 2780 1351 non
2814 1301 3023 1364 qualem
3069 1303 3121 1354 in
3163 1297 3320 1357 rebus
3364 1307 3556 1358 Creatis

1975 1380 2160 1440 smnus
2191 1367 2416 1434 experti,
2453 1369 2544 1421 sed
2575 1377 2722 1440 tanto
2763 1369 3127 1435 dilfercntem,
3157 1384 3353 1440 quanto
3379 1374 3556 1428 dill'ert

1974 1433 2193 1509 Creator
2231 1433 2554 1492 a’crcatura.
2603 1439 2658 1492 Si
2705 1441 2845 1493 enim
2889 1451 2970 1493 est
3018 1433 3296 1497 bona-vita
3341 1455 3552 1509 creata;

1975 1521 2132 1581 quam
2167 1506 2302 1560 bona
2343 1519 2424 1581 est
2451 1509 2878 1581 Vitaicreatrix?
2924 1511 2980 1565 Si
3021 1512 3248 1581 jucunda
3294 1525 3374 1568 est
3413 1506 3556 1568 salus

1978 1575 2150 1650 tacta;
2189 1593 2350 1650 quam
2390 1579 2621 1647 jucunda
2662 1590 2744 1634 est
2770 1581 2924 1635 Salus
2955 1575 3070 1650 quae
3119 1584 3240 1638 fecit
3283 1585 3556 1639 salutem?

1975 1647 2029 1701 Si
2061 1648 2304 1702 amabilis
2342 1660 2421 1704 est
2453 1651 2708 1718 sapientia
2735 1668 2854 1704 cum
2882 1647 3184 1719 cognitione
3215 1670 3390 1708 rerum
3419 1672 3550 1709 con-

1978 1719 2247 1794 όίωιςυιιις
2291 1735 2446 1794 quam
2467 1722 2719 1794 amabilis
2758 1732 2845 1794 est
2865 1722 3129 1794 Sapientia
3165 1741 3282 1794 qua:
3321 1726 3556 1780 condidit

1977 1789 2154 1864 omnia
2183 1804 2246 1843 ex
2279 1790 2486 1864 nihilo?
2535 1791 2772 1860 Denique
2806 1793 2863 1864 si
2884 1793 3060 1846 multa:
3087 1804 3140 1846 et
3165 1789 3368 1864 magna:
3407 1797 3553 1850 deleo

1977 1860 2239 1914 ctationes
2290 1871 2414 1934 sunt
2468 1862 2516 1914 in
2569 1864 2729 1934 rebus
2785 1860 3452 1934 delectabilibus{qualis
3501 1875 3557 1920 et

1979 1939 2175 2002 quanta
2205 1938 2287 2002 est
2314 1930 2599 1986 delectatio
2630 1933 2679 1985 in
2713 1934 2805 1986 illo
2841 1934 2928 2002 qui
2963 1933 3086 1987 fecit
3115 1930 3558 1990 omnia'delecta-

1979 1999 2148 2078 hilia?
2189 2001 2233 2055 Ο
2261 2002 2354 2078 qui
2381 2003 2480 2078 hoc
2512 1999 2915 2078 bonofrnetur,
2940 2005 3064 2072 qttid
3100 2006 3170 2078 illi
3201 2007 3319 2069 erit,
3350 2007 3556 2078 etquid

1982 2070 2066 2147 illi
2085 2086 2188 2124 non
2216 2073 2358 2126 erit?
2395 2072 2830 2147 Certeqnidqnid
2861 2070 3020 2138 vellet,
3050 2076 3185 2147 erit;
3228 2088 3280 2130 et
3302 2070 3557 2147 quidquid

1981 2142 2153 2216 nolet,
2199 2158 2302 2196 non
2335 2145 2454 2216 erit.
2504 2144 2576 2198 lbi
2600 2142 2810 2213 quippe
2847 2157 3001 2198 erunt
3049 2145 3184 2199 bona
3223 2142 3464 2216 corporis
3503 2158 3559 2201 et

1980 2214 2193 2277 animm,
2239 2214 2408 2282 qualia
2454 2230 2551 2268 nec
2592 2216 2778 2268 oculus
2809 2217 2969 2277 vidit,
3019 2232 3115 2269 nec
3159 2214 3554 2282 attrisaudivit,

1982 2298 2080 2337 nec
2111 2283 2162 2336 in
2189 2298 2284 2356 cor
2307 2283 2539 2338 hominis
2564 2286 2800 2339 ascendit
2827 2288 2842 2316 ¹
2874 2286 2923 2346 (Ι
2950 2285 3065 2339 Cor.
3096 2303 3152 2350 n,
3181 2289 3258 2354 9).
3291 2288 3400 2341 Cur
3429 2304 3559 2356 ergo

1983 2367 2076 2422 per
2101 2354 2263 2406 multa
2286 2370 2536 2424 vagamur
2555 2355 2843 2423 qtucrendo
2872 2358 3002 2408 bona
3030 2361 3268 2425 corporis
3290 2369 3340 2411 et
3363 2354 3555 2411 anima:

1982 2425 2220 2495 nostra)?
2259 2429 2514 2478 Amemus
2543 2441 2704 2480 unum
2737 2428 2930 2480 bonum
2955 2469 2966 2487 ,
3014 2428 3064 2480 in
3097 2444 3201 2495 quo
3228 2439 3352 2482 sunt
3380 2427 3556 2481 omnia

1982 2493 2117 2548 bona
2144 2513 2158 2558 ;
2187 2505 2236 2548 et
2265 2495 2478 2549 sufﬁcit.
2514 2495 2884 2549 Desideremtts
2910 2493 3132 2560 simpleit
3167 2499 3383 2562 bonum,
3413 2498 3555 2566 quod

1983 2576 2064 2618 est
2091 2579 2250 2619 onme
2292 2567 2486 2619 bonum
2513 2582 2526 2627 ;
2569 2576 2621 2619 et
2649 2567 2778 2622 satis
2810 2575 2910 2621 est.
2959 2567 3095 2632 Quid
3139 2567 3278 2621 enim
3310 2583 3490 2632 amas,
3525 2585 3560 2617 o

1981 2637 2149 2690 Caro?
2194 2636 2320 2707 quid
2363 2636 2655 2707 desideras,
2705 2651 2738 2688 ο
2781 2637 3004 2690 anima?
3053 2638 3123 2691 lbi
3173 2647 3255 2691 est
3301 2637 3557 2707 quidquid

1982 2721 2160 2777 amas,
2195 2706 2450 2775 quidquid
2477 2706 2770 2760 desideras.
2808 2707 2948 2760 Bona
2981 2723 3109 2777 ergo
3137 2709 3281 2777 regni
3322 2706 3557 2763 caelestis

1983 2776 2162 2830 dicere
2206 2779 2284 2831 vel
2329 2777 2564 2847 eogiIare
2609 2777 2688 2830 vel
2737 2776 3136 2847 intelligerent
3176 2776 3334 2845 sunt,
3382 2779 3557 2832 nullus

1985 2855 2158 2916 potest
2186 2863 2348 2902 carne
2377 2849 2598 2902 vestitus
2635 2865 2647 2899 :
2696 2848 2862 2900 multo
2903 2850 3044 2901 enitn
3096 2849 3295 2914 maiora
3339 2860 3464 2903 sunt
3507 2859 3560 2904 et

1984 2918 2225 2979 meliora,
2257 2934 2413 2988 quam
2444 2934 2562 2986 quae
2592 2919 2887 2986 cogitamus
2921 2928 3012 2972 aut
3043 2920 3404 2988 intelligimus.
3450 2921 3556 2973 lte-

1983 3004 2141 3056 gntun
2173 3005 2398 3058 namque
2425 2989 2514 3042 Dei
2543 2992 2685 3041 onmi
2729 2989 2862 3041 fama
2895 2991 3067 3055 majus
3096 3000 3198 3054 est,
3228 2991 3373 3044 omni
3403 2989 3558 3044 laude

1985 3060 2204 3124 melius,
2245 3061 2388 3113 omni
2429 3060 2647 3113 scientia
2692 3059 3170 3130 innumerabilins,
3216 3063 3360 3114 omni
3388 3061 3558 3130 gloria

1984 3145 2102 3197 qua:
2130 3139 2343 3198 putatur
2369 3130 2730 3183 excellentius.
2767 3129 3028 3199 Regnum,
3062 3131 3298 3198 inquam,
3329 3129 3419 3185 Dei
3449 3130 3560 3198 ple-

1984 3217 2110 3253 nttm
2139 3211 2219 3254 est
2249 3201 2383 3254 lucis
2409 3215 2471 3257 ac
2500 3199 2964 3271 pacis.icharitatis
2988 3210 3041 3254 et
3065 3202 3356 3271 sapientiae,
3389 3203 3560 3256 hone-

1983 3271 2135 3326 statis
2162 3281 2218 3325 et
2259 3272 2460 3341 gloriae,
2497 3270 2795 3325 dulcedinis
2822 3280 2874 3323 et
2913 3270 3235 3334 dilectionis,
3266 3273 3463 3325 laetitia:
3504 3281 3556 3324 et

1985 3341 2328 3396 beatitudinis
2359 3342 2627 3411 perennis,
2655 3350 2708 3395 et
2735 3341 2910 3394 omnis
2936 3342 3054 3394 boni
3087 3343 3391 3408 ineliabilis‘,
3418 3343 3558 3409 quod

1985 3428 2084 3466 nec
2106 3412 2207 3466 dici
2247 3429 2344 3465 nec
2370 3412 2588 3482 cogitari
2617 3420 2811 3480 potest.
2859 3412 2964 3466 Nec
3013 3413 3132 3466 ideo
3175 3422 3348 3466 tamen
3389 3413 3561 3467 debeo

1985 3493 2181 3546 tacere,
2211 3484 2302 3538 sed
2333 3483 2509 3536 dicere
2537 3492 2792 3552 quantum
2823 3483 2995 3547 valeo,
3029 3485 3148 3551 quia
3183 3484 3361 3538 dicere
3394 3499 3562 3552 quan-

1985 3563 2095 3607 tum
2123 3553 2245 3607 γυΙο
2275 3569 2378 3607 non
2410 3554 2578 3607 valeo.
2627 3551 2806 3622 Neque
2842 3553 2985 3606 enim
3015 3555 3134 3621 quia
3164 3554 3334 3608 Deum
3379 3551 3561 3607 iuell’a-

1985 3624 2142 3677 bilem
2192 3624 2494 3686 credimus,
2544 3623 2642 3676 fari
2685 3623 2752 3676 de
2801 3623 2894 3676 illo
2942 3624 3081 3690 quod
3133 3639 3412 3692 possumus
3454 3639 3558 3678 non

1983 3693 2259 3747 debemus.
2291 3693 2363 3746 lta
2391 3709 2518 3748 sane
2544 3702 2594 3746 et
2623 3693 2739 3761 plus
2764 3693 3014 3747 credatur
3036 3693 3102 3746 de
3134 3695 3217 3746 illa
3243 3697 3366 3757 vita,
3401 3709 3561 3763 quam

1985 3765 2271 3826 scribitur;
2317 3765 2438 3839 quia
2471 3779 2572 3817 non
2603 3772 2773 3831 potest
2801 3773 3001 3816 tantum
3036 3763 3157 3839 inde
3190 3764 3412 3839 proferri
3442 3780 3559 3839 ser-

1984 3851 2177 3899 mone,
2211 3834 2465 3904 qnantnm
2508 3843 2682 3902 potest
2727 3843 2902 3886 mente
2930 3834 3250 3904 complecti;
3293 3844 3345 3887 et
3387 3834 3561 3889 minus

1983 3906 2215 3975 concipit
2232 3903 2428 3960 utentis
2456 3903 2701 3975 humana:
2722 3903 3109 3975 quantumlibet
3135 3904 3390 3971 profunda
3414 3919 3561 3975 eom-

1987 3973 2190 4043 plexio,
2221 3991 2378 4043 quam
2409 3991 2467 4029 se
2507 3973 2701 4027 habeat
2730 3974 2893 4042 ipsius
2933 3975 3008 4026 rei
3051 3975 3374 4041 magnitudo.
3421 3974 3562 4043 Ergo

1986 4047 2158 4100 futura
2193 4047 2296 4099 vita
2325 4045 2574 4100 credatur
2605 4044 2756 4098 beate
2795 4043 3114 4112 sempiterna
3147 4055 3197 4097 et
3237 4044 3560 4114 sempiterne

1987 4116 2183 4170 beata:
2217 4116 2302 4171 ubi
2341 4124 2427 4170 est
2464 4125 2605 4169 certa
2643 4114 2921 4178 securitas,
2962 4130 3147 4168 Secura
3189 4117 3558 4184 tranquillitas,

1990 4187 2274 4258 tranquilla
2310 4186 2632 4256 iucunditas,
2660 4186 2804 4258 felix
2843 4186 3357 4258 witet'nitas,a~lerna
3392 4185 3560 4239 felici-

1989 4267 2069 4312 tas
2092 4275 2106 4322 ;
2130 4256 2238 4312 ubi
2265 4273 2416 4312 amor
2441 4265 2521 4310 cst
2552 4256 2833 4324 perfectus,
2863 4257 3020 4310 timor
3045 4257 3241 4316 nullus.
3269 4257 3384 4310 dies
3408 4265 3564 4310 aiter-

1989 4344 2125 4394 nus,
2171 4329 2350 4384 alacer
2398 4338 2606 4393 motus,
2652 4336 2706 4380 et
2749 4343 2883 4379 unus
2932 4330 3167 4379 omnium
3212 4327 3449 4393 spiritus,
3496 4327 3564 4382 de

1988 4400 2437 4468 Contemplatione
2463 4397 2555 4451 Dei
2581 4397 2659 4451 sui
2683 4439 2697 4461 ,
2733 4412 2796 4451 ac
2831 4396 2898 4450 de
2926 4412 3020 4450 sua
3048 4414 3166 4450 eum
3195 4397 3285 4449 illo
3312 4413 3562 4465 perman-

1989 4470 2139 4524 sione
2164 4486 2420 4534 securus;
2469 4468 2556 4522 ubi
2584 4468 2695 4536 ipsa
2733 4468 2938 4532 civitas,
2971 4484 3089 4536 qtae
3127 4477 3208 4520 est
3242 4468 3562 4536 Angelorum

1989 4542 2225 4594 omnium
2253 4552 2411 4605 atque
2438 4547 2742 4592 sanctorum
2769 4540 3175 4607 t-mtgregatione
3207 4539 3378 4599 beata,
3408 4539 3566 4591 meri-

1993 4614 2058 4665 tis
2104 4611 2426 4681 fulgentibus
2475 4609 2672 4681 micat;
2724 4609 2822 4681 nhi
2859 4620 3054 4681 a-terua
3102 4609 3244 4663 salus
3285 4610 3562 4681 exuberat,

1991 4678 2432 4750 veritas-'regaat;
2472 4680 2558 4732 ttbi
2589 4695 2687 4732 nec
2722 4678 2852 4732 fallit
2881 4679 3180 4748 quisquam,
3207 4696 3302 4750 nec
3332 4679 3561 4750 fallitur;

1991 4753 2132 4807 uade
2157 4748 2343 4806 beatus
2369 4750 2546 4805 nullus
2579 4751 2786 4817 t-jicitur
2810 4765 2824 4812 ;
2871 4750 2956 4802 ubi
2985 4750 3158 4803 nullus
3186 4749 3347 4801 miser
3371 4748 3563 4801 admit-

1990 4824 2136 4878 titur.
2165 4824 2287 4877 llatc
2320 4831 2402 4875 est
2428 4821 2835 4888 contemplativa
2863 4820 2963 4873 vita
3007 4819 3178 4880 beata,
3201 4817 3265 4870 ad
3295 4835 3450 4884 quam
3473 4819 3564 4884 qtti

1988 4894 2250 4948 bonorum
2280 4908 2500 4962 opermn
2523 4891 2982 4962 consutumatimie
3013 4889 3371 4962 pervenerint,
3398 4889 3566 4962 beatis

1989 4965 2190 5018 similes
2220 4959 2393 5024 erunt,
2420 4971 2475 5016 et
2508 4961 2665 5013 simul
2696 4976 2816 5013 cmn
2843 4959 2952 5012 Deo
2981 4962 3096 5012 sine
3124 4960 3226 5012 line
3251 4959 3563 5026 regnabunt.

1989 5034 2142 5101 Quod
2169 5043 2346 5088 autem
2383 5032 2470 5086 hic
2496 5030 2853 5093 crediderunt,
2879 5029 2948 5083 ibi
2979 5029 3232 5101 videbunt
3257 5045 3270 5078 :
3301 5030 3380 5082 sui
3405 5028 3567 5101 Grea-

1991 5100 2121 5160 teris
2150 5102 2500 5160 substantiam
2532 5101 2896 5155 mundissimis
2928 5100 3176 5152 cordibus
3201 5100 3567 5168 contemplan-

1991 5186 2091 5243 tes,
2119 5184 2317 5230 zeterna
2358 5171 2707 5243 exsultatione
2729 5169 3048 5243 gaudebunt,
3077 5169 3267 5243 divitue
3290 5169 3568 5224 charitatis

1987 5255 2044 5302 et
2064 5239 2259 5300 mutua:
2281 5239 2939 5312 dilectionis-possessione
2959 5241 3186 5312 Deosuo
3208 5239 3259 5292 in
3283 5249 3568 5312 internum,

1988 5327 2043 5372 et
2072 5317 2296 5370 invicem
2335 5315 2438 5368 sibi
2463 5310 2847 5365 adhairebnnt:
2891 5310 3119 5376 receptis
3158 5327 3277 5364 cum
3325 5310 3568 5364 incorru-

1990 5389 2170 5456 ptione
2192 5395 2350 5454 atque
2373 5381 2768 5456 immortalitate
2792 5381 3125 5456 corporibus,
3151 5382 3528 5456 mtmicipatmn
3552 5383 3572 5412 '

1991 5451 2173 5527 patria!
2195 5451 2429 5527 caelestis
2448 5453 2733 5527 accipient,
2756 5462 2912 5520 atque
2934 5451 3047 5527 ejus
3072 5452 3121 5504 in
3144 5462 3403 5527 :_t_-.ternum
3425 5452 3569 5527 cives

1988 5522 2160 5583 effecti
2188 5525 2404 5595 pra-mia
2446 5523 2705 5592 promissa
2747 5523 3110 5592 reportabant.
3147 5522 3218 5595 lbi
3249 5523 3570 5595 eis_exttbe-

1990 5601 2124 5653 rabit
2151 5592 2294 5652 tanta
2316 5595 2521 5657 laalitia,
2546 5604 2688 5647 tanta
2718 5595 3012 5648 cmlestinm
3035 5594 3202 5662 gratia
3226 5592 3568 5661 gaudiorum,

1991 5679 2048 5724 ut
2072 5679 2125 5724 ct
2148 5667 2532 5722 remuneratori
2563 5681 2660 5718 suo
2702 5680 2796 5734 pro
2837 5665 2994 5717 tantis
3028 5666 3337 5719 muneribus
3375 5664 3574 5732 gratias

1988 5752 2165 5812 agant,
2190 5755 2244 5794 et
2271 5739 2474 5793 nullutu
2511 5736 2776 5791 fastidium
2801 5751 2864 5792 cx
2890 5737 3002 5797 ipsa
3022 5735 3256 5789 aflluenti
3280 5734 3570 5804 gratiarum

2054 5880 2067 5910 ι
2109 5876 2238 5937 Αιιυιι
2264 5874 2488 5925 Ansclmtl
2509 5888 2556 5933 n,
2581 5887 2667 5942 nec
2690 5887 2778 5942 eor;
2812 5871 3014 5942 (taurinis
3037 5869 3278 5938 regiurt't.

2056 5945 2072 5974 ²
2109 5935 2188 5990 32s.
2218 5943 2409 6004 tit-gius,
2437 5950 2606 5988 manus
2631 5935 2930 6002 indrﬁct'cus.
