4070 6514
436 472 541 527 865

439 585 810 648 bonorumque
844 576 1185 647 perceptione
1207 573 1527 648 sustineant.
1554 572 1627 627 Ibi
1668 572 1745 648 ita
1778 571 2033 648 patebunt

441 642 768 721 singulorum
797 642 1018 721 singulis
1044 657 1271 721 mentes,
1298 644 1434 721 sicut
1467 643 1831 721 corporalibus
1859 642 2031 695 oculis

444 714 907 789 sulﬁaceutfacies
928 717 1276 784 corporales;
1320 716 1439 789 quia
1480 714 1831 789 humanorum
1857 724 2035 789 pecto-

444 783 560 844 rum
606 799 750 845 tanta
780 790 881 843 erit
909 790 978 840 ibi
1009 783 1063 840 et
1103 798 1207 839 tam
1252 786 1479 855 perit-cla
1526 783 1807 848 munditia,
1844 794 1899 836 ttt
1937 785 2034 836 ha-

446 864 604 915 beant
649 860 787 915 unde
828 859 1130 912 tnttndatori
1168 854 1264 910 suo
1306 857 1505 925 gratias
1545 865 1723 924 agant,
1748 871 1852 907 nott
1896 854 2036 909 unde

442 932 635 985 otlensi
672 930 939 999 aliquibus
968 931 983 959 ³
1017 927 1268 981 sordibus
1300 936 1637 995 pet-eatot'tuu
1674 926 1993 979 erubescant
2019 945 2033 979 :

451 1003 575 1071 quia
609 1002 677 1055 ibi
710 1016 804 1055 nec
849 1000 955 1071 ulla
984 1008 1222 1067 peccata,
1266 1014 1362 1051 nec
1403 1008 1706 1065 peccaturos
1746 1004 1940 1071 erunt}
1985 1006 2039 1049 Cl

448 1065 519 1126 ibi
549 1072 639 1142 qui
688 1072 903 1133 fuerint,
942 1065 1050 1142 jam
1082 1083 1437 1142 pecearenou
1472 1075 1742 1135 poterunt.
1772 1065 1879 1142 Nec
1908 1066 2039 1142 late:

451 1145 529 1197 bit
551 1137 661 1211 j'am
690 1141 1136 1211 perfectebeatos
1160 1138 1357 1208 aliquid
1379 1147 1733 1211 secretorum,
1762 1137 1872 1211 qui,
1897 1137 2038 1205 quod

451 1206 904 1282 est'pra‘stantius
932 1210 1108 1282 longe,
1142 1206 1312 1282 ipsum
1342 1208 1505 1282 visuri
1532 1218 1649 1261 sunt
1686 1206 1899 1260 mundis
1922 1222 2041 1282 eor-

448 1278 605 1337 tlilttis
636 1283 800 1337 Deum
848 1300 861 1335 :
914 1278 1344 1349 quandoquidem
1400 1278 1628 1330 humana
1678 1286 1921 1331 creatura
1971 1278 2040 1332 ita

452 1353 687 1422 perfecta
728 1354 847 1417 erit,
882 1348 941 1404 ut
977 1352 1030 1422 i_n
1067 1352 1259 1405 melius
1289 1358 1377 1401 aut
1419 1350 1469 1401 itt
1499 1349 1736 1422 deterius
1762 1348 1897 1422 ultra
1913 1364 2044 1422 _mu-

454 1418 553 1478 iari
596 1440 700 1476 non
745 1422 932 1492 possit.
963 1420 1127 1488 Cujus
1169 1421 1413 1492 humanze
1456 1419 1864 1492 sttbstautitead
1901 1418 2045 1476 Con-

451 1494 643 1547 ditoris
671 1489 757 1545 sui
779 1492 1181 1547 similitudinem
1210 1489 1530 1554 Stlblitttulgtt,
1555 1491 1733 1563 omnia
1764 1489 1900 1546 bona
1923 1508 2045 1563 qua:

458 1565 775 1617 naturaliter
799 1572 1013 1631 accepta
1052 1570 1371 1627 corruperat
1399 1559 1689 1632 peccando,
1716 1559 2044 1632 reparabun-

460 1646 546 1687 tttr
576 1635 625 1686 in
654 1634 867 1699 melius,
895 1630 944 1687 id
966 1641 1068 1696 est,
1095 1632 1397 1687 intellectus
1423 1630 1538 1687 sine
1559 1648 1761 1695 errore,
1779 1630 2045 1688 memoria

457 1706 578 1758 sine
609 1702 898 1767 oblivione,
942 1703 1192 1774 cogitatio
1221 1702 1338 1759 sine
1377 1705 1773 1773 pervagatioue,
1815 1704 2048 1759 charitas

463 1775 582 1831 sine
615 1774 974 1839 simulatione,
999 1790 1190 1828 sensus
1215 1774 1330 1828 sine
1354 1774 1668 1838 offensione,
1713 1776 2048 1829 iueuhnnitas

457 1846 577 1900 sine
622 1846 915 1910 debilitate,
965 1846 1107 1899 salus
1148 1846 1266 1900 sine
1308 1844 1516 1908 dolore,
1550 1847 1654 1897 vita
1695 1847 1810 1899 sine
1852 1860 2044 1909 morte,

457 1918 686 1971 facilitas
712 1916 827 1970 sine
867 1915 1274 1985 impedimento,
1302 1915 1551 1969 saturitas
1591 1918 1704 1969 sine
1734 1918 1962 1981 fastidio,
1998 1928 2050 1970 et

459 1998 567 2040 tota
598 1987 797 2041 sanitas
823 1988 939 2040 sine
983 1986 1191 2041 morbo.
1240 1986 1502 2051 Quoniam
1531 1987 1786 2056 quidquid
1819 1986 1902 2040 hie
1952 1990 2048 2040 hn-

459 2060 633 2111 mauis
679 2056 992 2125 corporibus
1037 2057 1231 2110 vitiatis
1273 2066 1364 2109 aut
1408 2056 1640 2110 ferarum
1689 2074 1917 2119 tnot'Stt~‘,
1960 2068 2049 2111 aut

1897 446 2257 507 AI’PENDIX.

3628 434 3730 491 865

2138 578 2333 633 genera
2363 561 2567 633 diversa
2609 559 2991 633 decerpserint,
3039 555 3388 633 attt__hutna_t_ta
3428 550 3719 633 crudelitas

2139 624 2513 702 atnputavet-it,
2551 640 2643 683 aut
2673 631 2825 698 ignis,
2872 640 2964 702 aut
2998 628 3248 696 qumlibet
3273 628 3374 681 alia
3408 639 3495 702 res
3523 624 3719 702 aliquid

2140 695 2427 758 debilitatis
2476 695 2746 765 intulerit,
2796 711 2889 753 aut
2935 695 3044 767 ipsa
3076 709 3324 753 senectus
3367 696 3531 751 etiam
3577 695 3723 747 sanis

2141 792 2366 828 onero~a
2396 772 2707 841 negaverit;
2755 771 2869 824 lucc
2898 781 3058 839 atque
3089 771 3173 841 his
3199 768 3394 841 similia
3438 778 3723 833 corporum

2141 846 2330 899 damna
2367 840 2481 896 una
2521 842 2591 914 ibi
2623 842 2943 914 resurrectio
2974 840 3260 907 reparabit,
3308 848 3471 914 atque
3506 850 3571 888 ea
3589 850 3721 914 cor-

2143 931 2273 985 pora
2325 913 2583 985 membris
2629 912 2876 985 omnibus
2929 905 3257 985 instaurata,
3308 905 3729 985 incorruptibilis

2144 975 2345 1040 sanitas
2393 984 2669 1037 obtinebit.
2726 983 3013 1050 l’r0pterea
3056 981 3381 1049 quicumque
3425 984 3589 1050 erunt
3633 975 3728 1042 ibi,

2144 1058 2244 1111 etsi
2276 1054 2640 1109 differentibus
2686 1048 2889 1108 meritis
2937 1053 3004 1105 ab
3054 1048 3279 1110 invicem
3310 1048 3616 1118 distabunt,
3649 1056 3729 1116 (α)

2144 1142 2333 1181 omnes
2365 1139 2540 1179 tamen
2573 1139 2675 1178 una
2708 1124 3037 1193 perfectione
3064 1122 3206 1181 beati
3236 1136 3426 1186 erunt;
3467 1125 3590 1193 quia
3618 1124 3725 1176 sin-

2146 1198 2286 1267 gulis
2314 1196 2528 1267 praemia
2562 1210 2658 1254 sua
2702 1193 3019 1253 sufficientia
3049 1207 3225 1251 erunt.
3255 1197 3404 1267 Sient
3437 1196 3583 1267 enim
3608 1208 3727 1267 eor.

2148 1264 2344 1337 poralis
2398 1266 2620 1324 satietas
2672 1284 2860 1324 omnes
2908 1276 3177 1322 saturatos
3227 1266 3504 1337 aequaliter
3552 1264 3731 1322 habet.

2147 1336 2389 1411 quamvis
2428 1341 2618 1409 singuli
2658 1340 2834 1411 cibum
2868 1356 2974 1392 nott
3018 1338 3328 1411 aequaliter,
3361 1336 3454 1390 sed
3479 1350 3580 1411 pro
3611 1348 3736 1411 pos-

2149 1404 2402 1466 sibilitate
2445 1404 2706 1480 etiperint
2742 1428 2755 1463 :
2808 1410 2877 1463 ita
2924 1404 3114 1480 omnes
3146 1409 3339 1480 saneti,
3392 1406 3494 1480 etsi
3529 1404 3740 1480 fuerint

2149 1483 2326 1552 aliqua
2373 1476 2647 1552 gradmtur
2686 1496 2902 1533 suorum
2953 1479 3261 1533 diversitate
3305 1476 3544 1552 distincti
3570 1517 3586 1541 ,
3618 1488 3739 1552 _una

2154 1545 2483 1607 beatitudine
2530 1549 2749 1619 perfecti
2780 1559 2974 1613 erunt;
3022 1553 3144 1617 quia
3174 1560 3226 1603 et
3261 1563 3366 1601 una
3402 1545 3739 1619 perfectione

2152 1624 2292 1676 beati
2336 1622 2496 1676 futttri
2527 1615 2670 1674 Sunt.
2702 1622 2968 1675 Ca-tt-rutn
2998 1615 3052 1672 in
3092 1620 3174 1672 illa
3208 1627 3369 1671 tanta:
3398 1615 3741 1669 beatitudinis

2153 1696 2371 1762 regione
2412 1708 2507 1745 nec
2537 1694 2753 1760 majoris
2799 1691 2975 1745 meriti
3006 1690 3106 1743 sibi
3150 1688 3347 1755 aliquid
3394 1686 3739 1762 arrofgabunt,

2152 1756 2273 1833 quia
2304 1756 2720 1831 arrogantia—ibi
2764 1764 2906 1816 nulla
2937 1762 3077 1833 erit;
3122 1775 3230 1833 nec
3271 1757 3636 1827 superioribus
3664 1756 3747 1833 in-

2156 1826 2375 1889 feriores
2398 1826 2726 1897 itividebttnt,
2753 1834 2874 1899 quia
2898 1832 2969 1886 ibi
2996 1830 3203 1885 invidus
3230 1826 3352 1884 esse
3379 1843 3485 1881 non
3514 1826 3744 1899 pcterit:

2154 1914 2207 1957 et
2238 1905 2355 1958 ideo
2381 1904 2481 1958 etsi
2509 1904 2609 1957 erit
2652 1905 2719 1957 ibi
2750 1897 3000 1957 distantia
3029 1901 3395 1964 mansionum,
3441 1912 3650 1950 summa
3690 1897 3744 1948 in

2156 1976 2258 2028 illis
2302 1977 2403 2028 erit
2449 1976 2603 2027 unius
2652 1974 2990 2043 perfectionis
3034 1972 3311 2042 aequalitas
3340 2012 3356 2037 ,
3405 1970 3601 2039 quibus
3642 1967 3746 2020 erit

2155 2047 2301 2115 regni
2331 2045 2565 2099 cmlestis
2593 2061 2693 2098 tnta
2726 2044 2976 2098 felicitas.

460 2128 732 2199 improvisi
758 2142 912 2183 casus
938 2128 1274 2191 abstulerint,
1292 2136 1384 2181 aut
1406 2129 1663 2180 malarum
1690 2129 2047 2182 valetudintun

2219 2202 2291 2255 (ai
2340 2213 2452 2259 Qua:
2496 2208 2781 2262 supersunt,
2830 2212 2893 2247 ex
2933 2210 3029 2247 uno
3070 2210 3099 2245 e
3126 2204 3231 2244 Mss.
3256 2202 3371 2255 lteg.
3419 2193 3623 2254 primum
3664 2190 3745 2236 da-

2156 2275 2289 2309 "HIS.

1576 2469 2624 2583 ADMONITIO

1561 2664 1637 2724 ΙΝ
1684 2664 2310 2737 SUBSEQUENTEM
2352 2664 2679 2726 LIBRUM.

542 2803 831 2873 Soliloquia
863 2803 930 2857 ab
956 2805 1250 2875 Augustum
1274 2806 1568 2874 composita
1592 2815 1851 2859 memorat
1878 2805 2150 2859 Possidius
2177 2806 2228 2859 itt
2256 2804 2510 2872 lndiculu,
2542 2819 2661 2874 cap.
2694 2804 2760 2866 6;
2794 2812 2847 2857 et
2884 2818 2944 2856 ea
2986 2810 3230 2856 recenset
3270 2800 3596 2869 Augustinus
3625 2801 3765 2867 ipse,

467 2895 562 2949 lib.
598 2895 623 2948 l
655 2894 919 2961 Retract.,
951 2911 1067 2966 cap.
1099 2896 1260 2960 4,5ed
1290 2912 1410 2966 qua:
1439 2898 1705 2951 scribendi
1736 2899 1987 2951 tnethodo
2010 2907 2065 2951 et
2095 2898 2391 2966 argumenti
2425 2897 2631 2950 ratione
2656 2897 2787 2949 satis
2818 2894 3185 2960 intelliguntur
3219 2894 3375 2961 longe
3399 2891 3611 2947 diversa
3644 2906 3768 2945 esse

464 2986 535 3040 ab
563 3001 725 3055 opere
752 2986 1127 3056 subsequente,
1145 2997 1309 3057 atque
1337 2988 1522 3041 eadem
1553 2990 1707 3057 plane
1731 3004 1793 3042 ac
1824 2989 1908 3042 illa
1936 3004 2056 3059 quae
2078 2990 2129 3043 itt
2159 2992 2327 3059 primo
2359 2999 2502 3043 tomo
2527 2995 2739 3043 exstant
2769 2988 2907 3041 inter
2934 2987 3132 3057 primas
3162 2986 3325 3055 ipsius
3351 2985 3773 3039 lucubrationes.

470 3079 540 3132 lis
566 3078 709 3133 enim
740 3079 874 3132 duos
904 3079 955 3131 itt
986 3080 1148 3133 libros
1176 3078 1495 3144 distributis,
1525 3090 1580 3134 et
1608 3080 1803 3150 dialogi
1835 3080 2001 3135 forma
2030 3081 2373 3151 conscriptis,
2405 3096 2501 3137 cur
2525 3080 2835 3150 Soliloquiis
2863 3094 3057 3133 nomen
3093 3079 3277 3133 fecerit
3306 3077 3655 3145 Augustinus.
3698 3076 3777 3128 sie

469 3170 523 3222 in
553 3168 739 3222 eodem
772 3169 1226 3224 Retractalionum
1254 3171 1426 3240 capite
1454 3170 1612 3226 docet
1635 3191 1647 3224 :
1682 3171 1896 3241 Scripti,
1922 3175 2020 3238 ait,
2054 3173 2154 3226 duo
2184 3173 2533 3227 volumina...
2567 3172 2631 3227 de
2675 3173 2752 3227 Itis
2778 3172 2944 3235 rebus,
2962 3188 3087 3241 quas
3104 3172 3321 3224 maxime
3341 3170 3468 3223 scire
3487 3169 3775 3237 cupiebam,

470 3279 551 3316 me
580 3262 898 3332 interrogans
944 3263 1167 3330 nti/tique
1194 3263 1525 3332 respondens,
1550 3274 1791 3333 tanquam
1813 3264 1913 3318 duo
1932 3281 2175 3333 euentus,
2210 3266 2362 3321 Ratio
2384 3275 2428 3320 et
2457 3282 2569 3336 ego,
2595 3282 2708 3319 cum
2758 3265 2896 3319 solus
2925 3280 3114 3328 essent;
3147 3262 3281 3315 unde
3308 3263 3401 3316 hoc
3452 3280 3579 3332 opus
3625 3262 3741 3316 Soli
3752 3290 3773 3299 -

467 3354 643 3422 loquia
669 3354 940 3406 nominavi.
973 3354 1108 3407 'I'um
1153 3354 1275 3409 inde
1300 3396 1313 3421 ,
1343 3371 1474 3425 quas
1505 3356 1558 3409 in
1589 3356 1762 3425 printo
1793 3356 1949 3424 libro,
1976 3374 2107 3427 quas
2162 3358 2214 3412 in
2244 3358 2480 3412 secundo
2532 3358 2856 3427 quaestiones
2909 3357 3157 3420 moverit,
3185 3370 3372 3425 qureve
3424 3356 3474 3408 itt
3516 3356 3581 3408 iis
3624 3355 3770 3409 dicta

472 3446 730 3515 repererit
759 3446 934 3499 minus
959 3446 1249 3516 probanda,
1280 3448 1492 3503 disertis
1518 3449 1697 3503 verbis
1720 3448 1958 3504 declarat
1982 3468 1997 3504 :
2024 3466 2193 3520 eaque
2220 3451 2396 3505 omnia
2425 3451 2477 3503 in
2509 3449 2818 3519 Soliloquiis
2842 3447 3113 3517 pncdietis
3141 3449 3295 3517 primi
3328 3448 3453 3501 tomi
3476 3445 3786 3514 deprehen-

471 3537 692 3599 duntur,
721 3545 879 3606 atque
912 3538 973 3591 iis
1000 3538 1127 3591 solis
1156 3539 1500 3593 conveniunt.
1534 3540 1774 3593 Alterum
1804 3557 1869 3595 ex
1900 3540 2087 3595 iisdem
2114 3541 2526 3611 Soliloquiorttm
2556 3541 2704 3594 libris
2733 3542 2860 3595 citat
2887 3539 3076 3593 Florus
3104 3555 3205 3593 seu
3248 3539 3389 3593 Beda
3432 3538 3678 3607 vulgatus
3716 3539 3783 3590 ad

474 3628 493 3684 1
519 3628 645 3683 Cor.
672 3643 787 3681 xm.
818 3628 1079 3682 (Ia-terum
1109 3628 1225 3682 libri
1249 3628 1642 3698 subsequentis,
1671 3631 1754 3683 cui
1796 3631 1839 3683 si
1872 3646 1975 3684 non
2008 3631 2207 3700 inepte,
2240 3632 2456 3685 minimc
2488 3641 2663 3685 tamen
2690 3629 2930 3684 eamdem
2960 3630 3030 3683 ob
3058 3645 3273 3685 causam
3313 3630 3535 3682 inditum
3580 3628 3785 3681 Solilo-

473 3721 720 3789 quiorum
756 3736 972 3787 nomen,
1008 3721 1183 3775 nullus
1214 3730 1452 3776 veterum
1484 3730 1607 3776 ante
1631 3738 1801 3777 annos
1830 3722 1967 3777 forte
1995 3723 2336 3794 quingentos,
2364 3723 2560 3779 nedum
2584 3724 2699 3793 ipse
2727 3724 3074 3792 Augustinus,
3108 3723 3418 3777 meminisse
3440 3737 3661 3788 usquam
3697 3738 3789 3789 [mo

477 3813 594 3866 tttit.
622 3812 826 3882 Quippe
855 3814 1122 3867 rt-eetttius
1143 3814 1208 3869 ab
1236 3815 1438 3869 incerto
1456 3825 1676 3869 auctore
1706 3815 1963 3869 collectus
1986 3825 2087 3880 est,
2118 3832 2222 3869 non
2246 3816 2406 3870 modo
2430 3831 2496 3869 ex
2520 3815 2837 3883 Augustino,
2870 3813 3021 3868 libris
3047 3814 3343 3883 prtesertim
3373 3810 3675 3865 Confessior
3696 3830 3789 3865 tun

477 3905 664 3973 ipsius,
697 3904 790 3959 sed
820 3906 979 3959 etiam
1007 3921 1073 3959 ex
1104 3905 1325 3977 Hugone
1356 3906 1648 3971 Victorino,
1684 3908 1821 3962 libro
1846 3908 1912 3962 de
1941 3908 2114 3962 Arrba
2142 3910 2356 3974 anime,
2391 3908 2656 3978 habetque
2677 3908 2727 3961 in
2752 3907 3025 3976 trigesimo
3058 3905 3294 3961 secundo
3314 3905 3489 3975 capite
3513 3906 3781 3958 insertum

475 4003 637 4065 caput
665 3995 891 4064 primum
923 3996 1142 4051 Coucilii
1176 3996 1552 4050 Lateranensis
1580 3998 1777 4068 qttarti,
1808 3998 2024 4052 circiter
2052 4011 2143 4051 an.
2176 3997 2317 4052 H98
2352 3998 2538 4059 habiti,
2568 3996 3151 4068 mucis‘prtetermtssis
3181 3996 3359 4050 verbis
3388 3996 3488 4064 (a).
3534 3995 3788 4064 Magnam

477 4102 642 4157 porro
672 4090 1078 4141 consensionem
1111 4096 1164 4141 ct
1186 4088 1500 4142 afﬁnitatem
1531 4089 1581 4143 itt
1614 4106 1678 4143 eo
1718 4090 1955 4160 reperies
1986 4104 2109 4144 cum
2156 4089 2423 4160 plerisque
2463 4090 2805 4144 eollectaneis
2838 4089 3108 4159 opusculis
3148 4088 3371 4157 hujusce
3414 4087 3746 4157 Appendieis
3774 4105 3791 4153 ;

480 4181 683 4235 scilicet
705 4196 825 4234 cunt
843 4180 991 4235 libris
1019 4180 1087 4235 de
1112 4179 1310 4249 Spiritu
1338 4190 1393 4235 et
1419 4182 1629 4247 Anima,
1648 4191 1703 4236 et
1722 4182 1789 4235 de
1819 4182 2096 4251 Diligendo
2120 4180 2249 4244 Deo,
2268 4198 2388 4236 cum
2414 4181 2660 4247 Manuali,
2685 4191 2787 4236 etc.
2818 4181 2933 4235 Pne
2958 4180 3166 4236 caeteris
3185 4197 3315 4235 vero
3343 4180 3410 4234 ad
3436 4180 3789 4234 excitandum

483 4271 580 4325 Dei
600 4285 835 4324 amorem
861 4280 1220 4340 comparatus,
1252 4286 1315 4326 ac
1338 4272 1440 4341 piis
1468 4287 1593 4341 erga
1623 4274 1795 4342 ipsum
1820 4273 2097 4327 affectibus
2127 4272 2354 4327 refertus
2378 4282 2479 4327 est.
2512 4272 2834 4343 Castigatior
2861 4272 2947 4327 hic
2972 4270 3188 4326 demum
3215 4271 3495 4326 exhibetur
3519 4270 3619 4325 istc
3649 4272 3793 4324 liber

487 4359 728 4415 subsidio
757 4370 995 4415 veterum
1023 4361 1265 4417 codicum
1292 4362 1629 4418 bibliotheca:
1654 4364 1856 4435 Regiae,
1888 4364 2229 4430 Colbertina‘,
2257 4365 2485 4421 emnobii
2517 4366 2574 4419 S.
2608 4363 2845 4419 Medardi
2882 4363 3022 4434 apud
3051 4363 3389 4427 Suessiones,
3436 4372 3496 4418 et
3535 4364 3592 4417 S.
3635 4348 3794 4418 Petri

490 4452 559 4508 de
588 4452 803 4507 Cultura
830 4453 968 4522 apud
996 4453 1353 4509 Cenomanos.

524 2258 540 2288 ί
577 2258 649 2306 sic
674 2265 776 2306 Mss.
811 2264 865 2307 At
900 2255 1037 2316 editi,
1062 2255 1288 2319 antiquis.

489 4567 627 4678 loc(ia)
650 4573 766 4615 loca
790 4580 855 4677 {ex
880 4574 924 4614 s.
947 4574 1151 4639 pectore
1174 4566 1253 4616 vel
1279 4581 1339 4617 ex
1362 4567 1466 4617 aliis
1489 4571 1763 4618 auctoribus
1783 4569 2038 4631 desumpta
2064 4568 2377 4617 indicavimus
2401 4570 2527 4617 uotis
2558 4568 2619 4632 all
2640 4569 2874 4618 habetieis
2898 4567 3174 4630 parenthesi
3200 4567 3423 4627 inclusis,
3445 4580 3503 4616 ae
3532 4567 3626 4615 sub
3649 4567 3797 4617 initio

604 4642 822 4678 excernt
858 4638 1041 4678 nosuts.
1170 4637 1225 4677 Μ.

604 4638 822 4692 excerptt
858 4638 1041 4692 posuis.

560 4754 3720 5019 mw

584 5168 637 5184 πη
1277 5094 1542 5236 AN
1555 5092 1978 5233 IMZE

2158 5094 2329 5234 1)
2420 5092 2985 5237 DEUM

1637 5315 2123 5423 LIBER
2195 5312 2635 5424 U'NUS.

2023 5503 2178 5548 τὸέῦδ
2190 5504 2286 5545 Eia-‘33

3727 4753 3798 4769 _

565 5632 793 5691 CAPUT
888 5633 1166 5688 PRIMUM.
1261 5632 1514 5702 Aspiratio
1598 5632 1666 5683 ad
1752 5634 2083 5701 cognitionem

498 5718 542 5762 et
574 5722 795 5759 amorem
835 5703 948 5758 Dei.
1015 5703 1226 5757 Visiottis
1272 5705 1361 5755 Hei
1402 5702 1726 5755 desiderium.
1751 5703 1949 5756 Amoris
1993 5704 2085 5757 Dei

496 5780 723 5848 defectus
752 5791 937 5829 cattsw.
960 5773 1192 5848 [laminis
1216 5792 1247 5826 α
1271 5774 1374 5826 Deo
1396 5772 1763 5841 discrepantiaz.
1789 5775 2085 5848 Agnoscam

500 5844 598 5912 ιε’,
635 5848 857 5902 Domine
899 5844 1139 5903 cognitor
1180 5860 1368 5907 meus;
1410 5856 1725 5912 cognoscam
1786 5854 1871 5909 te,
1922 5844 2088 5897 virtus

500 5920 690 5974 animm
744 5932 897 5976 mete.
951 5914 1185 5973 Ostende
1238 5923 1288 5970 te
1338 5913 1498 5981 tnilti,
1545 5912 1849 5969 consolator
1901 5930 2085 5979 meus;

2189 5633 2396 5688 videam
2427 5642 2477 5687 te
2502 5632 2719 5707 ,_|utn_en
2742 5633 3017 5707 oculorum
3042 5634 3469 5707 meornut.‘Veni
3495 5677 3511 5701 .
3533 5638 3790 5707 gaudium

2190 5707 2408 5779 spiritus
2440 5704 2576 5779 mei;
2617 5702 2823 5757 videam
2856 5714 2905 5779 te
2928 5745 2943 5770 ,
2974 5705 3153 5758 [anilia
3178 5705 3361 5779 cordis
3386 5708 3488 5761 mei
3511 5702 3791 5779 {diligam

2192 5785 2243 5827 te
2264 5816 2279 5838 ,
2313 5775 2416 5827 vita
2446 5774 2639 5826 anima:
2669 5790 2821 5827 ηιρςυ.
2864 5778 3075 5844 Appare
3119 5776 3248 5829 tttilti
3286 5793 3301 5840 ;
3333 5776 3621 5832 delectatio
3669 5774 3787 5833 mea

2194 5861 2381 5913 magna
2411 5887 2424 5905 ,
2456 5845 2702 5899 solatium
2734 5861 2908 5897 meum
2936 5846 3090 5899 dulce
3116 5887 3130 5909 ,
3175 5848 3395 5901 Domine
3429 5849 3566 5902 Deus
3600 5866 3751 5901 meus
3776 5892 3788 5907 ,

2196 5920 2297 5969 vita
2332 5927 2379 5970 et
2411 5917 2575 5985 gloria
2611 5924 2719 5970 tota
2747 5916 2939 5972 animae
2970 5932 3121 5974 mea:-
3158 5918 3423 5975 Inveniam
3454 5932 3503 5975 te
3527 5960 3542 5986 ,
3575 5920 3789 5974 destde-

2634 6470 3003 6494 *Α
3088 6474 3116 6479 4
