  <div class='ocr_page' id='page_1' title='image "/cluster/home/n/w/nwhite01/storage/ocr_20150623/40-41/uc1.31175026811482/443.png"; bbox 0 0 4006 6494; ppageno 0'>
   <div class='ocr_carea' id='block_1_1' title="bbox 530 464 2347 537">
    <p class='ocr_par' dir='ltr' id='par_1_1' title="bbox 530 464 2347 537">
     <span class='ocr_line' id='line_1_1' title="bbox 530 464 2347 537; baseline -0.01 -1"><span class='ocrx_word' id='word_1_1' title='bbox 530 482 623 537; x_wconf 67' lang='grc' dir='ltr'><strong>ενι</strong></span> <span class='ocrx_word' id='word_1_2' title='bbox 1988 464 2347 521; x_wconf 71' lang='grc' dir='ltr'><strong>ΑΡΡΕΝΒΙΧ.</strong></span> 
     </span>
    </p>
   </div>
   <div class='ocr_carea' id='block_1_2' title="bbox 525 580 2103 651">
    <p class='ocr_par' dir='ltr' id='par_1_2' title="bbox 525 580 2103 651">
     <span class='ocr_line' id='line_1_2' title="bbox 525 580 2103 651; baseline -0.011 -1"><span class='ocrx_word' id='word_1_3' title='bbox 525 596 627 650; x_wconf 88' lang='lat' dir='ltr'><strong>lius</strong></span> <span class='ocrx_word' id='word_1_4' title='bbox 665 589 893 647; x_wconf 75' lang='lat' dir='ltr'><strong>hominis</strong></span> <span class='ocrx_word' id='word_1_5' title='bbox 922 592 1091 643; x_wconf 67' lang='lat' dir='ltr'><strong>lactus</strong></span> <span class='ocrx_word' id='word_1_6' title='bbox 1116 594 1197 639; x_wconf 88' lang='lat' dir='ltr'><strong>est</strong></span> <span class='ocrx_word' id='word_1_7' title='bbox 1223 583 1391 638; x_wconf 81' lang='lat' dir='ltr'><strong>Filius</strong></span> <span class='ocrx_word' id='word_1_8' title='bbox 1418 581 1532 637; x_wconf 99' lang='lat' dir='ltr'><strong>Dei.</strong></span> <span class='ocrx_word' id='word_1_9' title='bbox 1578 581 1692 637; x_wconf 87' lang='lat' dir='ltr'><strong>lloc</strong></span> <span class='ocrx_word' id='word_1_10' title='bbox 1721 582 1895 651; x_wconf 90' lang='lat' dir='ltr'><strong>itaque</strong></span> <span class='ocrx_word' id='word_1_11' title='bbox 1922 580 2103 634; x_wconf 88' lang='lat' dir='ltr'><strong>consi-</strong></span> 
     </span>
    </p>
   </div>
   <div class='ocr_carea' id='block_1_3' title="bbox 524 652 2108 719">
    <p class='ocr_par' dir='ltr' id='par_1_3' title="bbox 524 652 2108 719">
     <span class='ocr_line' id='line_1_3' title="bbox 524 652 2108 719; baseline -0.011 0"><span class='ocrx_word' id='word_1_12' title='bbox 524 665 729 719; x_wconf 86' lang='lat' dir='ltr'><strong>deranti</strong></span> <span class='ocrx_word' id='word_1_13' title='bbox 779 661 905 715; x_wconf 90' lang='lat' dir='ltr'><strong>mibi</strong></span> <span class='ocrx_word' id='word_1_14' title='bbox 955 658 1142 713; x_wconf 81' lang='lat' dir='ltr'><strong>lidueia</strong></span> <span class='ocrx_word' id='word_1_15' title='bbox 1199 666 1280 709; x_wconf 91' lang='lat' dir='ltr'><strong>est</strong></span> <span class='ocrx_word' id='word_1_16' title='bbox 1323 654 1531 713; x_wconf 87' lang='lat' dir='ltr'><strong>dicere.</strong></span> <span class='ocrx_word' id='word_1_17' title='bbox 1565 653 1676 705; x_wconf 89' lang='lat' dir='ltr'><strong>Non</strong></span> <span class='ocrx_word' id='word_1_18' title='bbox 1728 652 1887 705; x_wconf 89' lang='lat' dir='ltr'><strong>homo</strong></span> <span class='ocrx_word' id='word_1_19' title='bbox 1933 653 2108 705; x_wconf 90' lang='lat' dir='ltr'><strong>minor</strong></span> 
     </span>
    </p>
   </div>
   <div class='ocr_carea' id='block_1_4' title="bbox 526 723 2108 807">
    <p class='ocr_par' dir='ltr' id='par_1_4' title="bbox 526 723 2108 807">
     <span class='ocr_line' id='line_1_4' title="bbox 526 723 2108 807; baseline -0.009 -20"><span class='ocrx_word' id='word_1_20' title='bbox 526 737 683 803; x_wconf 82' lang='lat' dir='ltr'><strong>patdo</strong></span> <span class='ocrx_word' id='word_1_21' title='bbox 714 734 886 786; x_wconf 89' lang='lat' dir='ltr'><strong>minus</strong></span> <span class='ocrx_word' id='word_1_22' title='bbox 908 738 989 807; x_wconf 75' lang='lat' dir='ltr'><strong>est</strong></span> <span class='ocrx_word' id='word_1_23' title='bbox 1014 729 1081 781; x_wconf 90' lang='lat' dir='ltr'><strong>ab</strong></span> <span class='ocrx_word' id='word_1_24' title='bbox 1104 725 1352 807; x_wconf 75' lang='lat' dir='ltr'><strong>Angelis.</strong></span> <span class='ocrx_word' id='word_1_25' title='bbox 1385 738 1487 807; x_wconf 67' lang='lat' dir='ltr'><strong>non</strong></span> <span class='ocrx_word' id='word_1_26' title='bbox 1512 723 1690 803; x_wconf 84' lang='lat' dir='ltr'><strong>utique</strong></span> <span class='ocrx_word' id='word_1_27' title='bbox 1708 731 1909 807; x_wconf 73' lang='lat' dir='ltr'><strong>tantum</strong></span> <span class='ocrx_word' id='word_1_28' title='bbox 1931 733 2108 807; x_wconf 48' lang='lat' dir='ltr'><strong>atqua-</strong></span> 
     </span>
    </p>
   </div>
   <div class='ocr_carea' id='block_1_5' title="bbox 527 791 2104 872">
    <p class='ocr_par' dir='ltr' id='par_1_5' title="bbox 527 791 2104 872">
     <span class='ocr_line' id='line_1_5' title="bbox 527 791 2104 872; baseline -0.01 -15"><span class='ocrx_word' id='word_1_29' title='bbox 527 791 589 857; x_wconf 78' lang='lat' dir='ltr'><strong>lis</strong></span> <span class='ocrx_word' id='word_1_30' title='bbox 623 803 861 872; x_wconf 77' lang='lat' dir='ltr'><strong>Angelis;</strong></span> <span class='ocrx_word' id='word_1_31' title='bbox 895 799 987 853; x_wconf 87' lang='lat' dir='ltr'><strong>sed</strong></span> <span class='ocrx_word' id='word_1_32' title='bbox 1028 791 1270 865; x_wconf 79' lang='lat' dir='ltr'><strong>superior</strong></span> <span class='ocrx_word' id='word_1_33' title='bbox 1298 794 1514 872; x_wconf 61' lang='lat' dir='ltr'><strong>Angelis</strong></span> <span class='ocrx_word' id='word_1_34' title='bbox 1544 810 1557 842; x_wconf 86' lang='lat'><strong>:</strong></span> <span class='ocrx_word' id='word_1_35' title='bbox 1584 794 1713 872; x_wconf 69' lang='lat' dir='ltr'><strong>quia</strong></span> <span class='ocrx_word' id='word_1_36' title='bbox 1741 791 2066 872; x_wconf 77' lang='lat' dir='ltr'><strong>homoDcus</strong></span> <span class='ocrx_word' id='word_1_37' title='bbox 2088 830 2104 854; x_wconf 92' lang='lat'><strong>,</strong></span> 
     </span>
    </p>
   </div>
   <div class='ocr_carea' id='block_1_6' title="bbox 524 861 2108 935">
    <p class='ocr_par' dir='ltr' id='par_1_6' title="bbox 524 861 2108 935">
     <span class='ocr_line' id='line_1_6' title="bbox 524 861 2108 935; baseline -0.009 -7"><span class='ocrx_word' id='word_1_38' title='bbox 524 884 579 927; x_wconf 88' lang='lat' dir='ltr'><strong>et</strong></span> <span class='ocrx_word' id='word_1_39' title='bbox 628 861 765 927; x_wconf 69' lang='lat' dir='ltr'><strong>Deus</strong></span> <span class='ocrx_word' id='word_1_40' title='bbox 796 861 987 934; x_wconf 89' lang='lat' dir='ltr'><strong>homo,</strong></span> <span class='ocrx_word' id='word_1_41' title='bbox 1038 861 1143 921; x_wconf 81' lang='lat' dir='ltr'><strong>non</strong></span> <span class='ocrx_word' id='word_1_42' title='bbox 1192 861 1433 935; x_wconf 78' lang='lat' dir='ltr'><strong>angelus.</strong></span> <span class='ocrx_word' id='word_1_43' title='bbox 1476 863 1541 917; x_wconf 85' lang='lat' dir='ltr'><strong>Et</strong></span> <span class='ocrx_word' id='word_1_44' title='bbox 1565 863 1733 916; x_wconf 89' lang='lat' dir='ltr'><strong>dicam</strong></span> <span class='ocrx_word' id='word_1_45' title='bbox 1766 861 2108 935; x_wconf 68' lang='lat' dir='ltr'><strong>propterhoc</strong></span> 
     </span>
    </p>
   </div>
   <div class='ocr_carea' id='block_1_7' title="bbox 528 931 2107 1002">
    <p class='ocr_par' dir='ltr' id='par_1_7' title="bbox 528 931 2107 1002">
     <span class='ocr_line' id='line_1_7' title="bbox 528 931 2107 1002; baseline -0.01 -4"><span class='ocrx_word' id='word_1_46' title='bbox 528 946 796 998; x_wconf 88' lang='lat' dir='ltr'><strong>hominem</strong></span> <span class='ocrx_word' id='word_1_47' title='bbox 821 956 939 995; x_wconf 86' lang='lat' dir='ltr'><strong>esse</strong></span> <span class='ocrx_word' id='word_1_48' title='bbox 963 931 1688 1002; x_wconf 48' lang='lat' dir='ltr'><strong>creaturam&#39;dignissimam,</strong></span> <span class='ocrx_word' id='word_1_49' title='bbox 1729 931 1848 1001; x_wconf 85' lang='lat' dir='ltr'><strong>quia</strong></span> <span class='ocrx_word' id='word_1_50' title='bbox 1880 931 2107 1002; x_wconf 85' lang='lat' dir='ltr'><strong>Verbum</strong></span> 
     </span>
    </p>
   </div>
   <div class='ocr_carea' id='block_1_8' title="bbox 525 1000 2106 1083">
    <p class='ocr_par' dir='ltr' id='par_1_8' title="bbox 525 1000 2106 1083">
     <span class='ocr_line' id='line_1_8' title="bbox 525 1000 2106 1083; baseline -0.009 -17"><span class='ocrx_word' id='word_1_51' title='bbox 525 1014 667 1083; x_wconf 89' lang='lat' dir='ltr'><strong>quod</strong></span> <span class='ocrx_word' id='word_1_52' title='bbox 698 1021 835 1083; x_wconf 15' lang='lat' dir='ltr'><strong>erat,</strong></span> <span class='ocrx_word' id='word_1_53' title='bbox 860 1014 911 1064; x_wconf 89' lang='lat' dir='ltr'><strong>in</strong></span> <span class='ocrx_word' id='word_1_54' title='bbox 950 1000 1395 1083; x_wconf 77' lang='lat' dir='ltr'><strong>principio__De_tts</strong></span> <span class='ocrx_word' id='word_1_55' title='bbox 1438 1004 1574 1083; x_wconf 81' lang='lat' dir='ltr'><strong>apud</strong></span> <span class='ocrx_word' id='word_1_56' title='bbox 1624 1000 1785 1057; x_wconf 88' lang='lat' dir='ltr'><strong>Deum</strong></span> <span class='ocrx_word' id='word_1_57' title='bbox 1811 1020 1841 1083; x_wconf 47' lang='grc' dir='ltr'><strong>ς,</strong></span> <span class='ocrx_word' id='word_1_58' title='bbox 1875 1000 2106 1083; x_wconf 67' lang='lat' dir='ltr'><strong>Verbum</strong></span> 
     </span>
    </p>
   </div>
   <div class='ocr_carea' id='block_1_9' title="bbox 526 1069 2105 1153">
    <p class='ocr_par' dir='ltr' id='par_1_9' title="bbox 526 1069 2105 1153">
     <span class='ocr_line' id='line_1_9' title="bbox 526 1069 2105 1153; baseline -0.01 -15"><span class='ocrx_word' id='word_1_59' title='bbox 526 1069 623 1153; x_wconf 71' lang='lat' dir='ltr'><strong>per</strong></span> <span class='ocrx_word' id='word_1_60' title='bbox 642 1083 783 1151; x_wconf 90' lang='lat' dir='ltr'><strong>quod</strong></span> <span class='ocrx_word' id='word_1_61' title='bbox 812 1069 1142 1153; x_wconf 11' lang='lat' dir='ltr'><strong>Deus&#39;digxit&#39;,</strong></span> <span class='ocrx_word' id='word_1_62' title='bbox 1178 1076 1296 1129; x_wconf 79' lang='lat' dir='ltr'><strong>Fiat</strong></span> <span class='ocrx_word' id='word_1_63' title='bbox 1324 1069 1681 1153; x_wconf 29' lang='lat' dir='ltr'><strong>luas‘x&#39;etfncta</strong></span> <span class='ocrx_word' id='word_1_64' title='bbox 1724 1082 1795 1125; x_wconf 80' lang='lat' dir='ltr'><strong>est</strong></span> <span class='ocrx_word' id='word_1_65' title='bbox 1824 1069 2105 1153; x_wconf 48' lang='grc' dir='ltr'><strong>ιτα-(ραι.</strong></span> 
     </span>
    </p>
   </div>
   <div class='ocr_carea' id='block_1_10' title="bbox 529 1141 2110 1223">
    <p class='ocr_par' dir='ltr' id='par_1_10' title="bbox 529 1141 2110 1223">
     <span class='ocr_line' id='line_1_10' title="bbox 529 1141 2110 1223; baseline -0.01 -14"><span class='ocrx_word' id='word_1_66' title='bbox 529 1141 568 1215; x_wconf 73' lang='grc' dir='ltr'><strong>ἱ.</strong></span> <span class='ocrx_word' id='word_1_67' title='bbox 597 1141 677 1223; x_wconf 66' lang='grc' dir='ltr'><strong>5)ξ</strong></span> <span class='ocrx_word' id='word_1_68' title='bbox 706 1152 945 1223; x_wconf 85' lang='lat' dir='ltr'><strong>angelica</strong></span> <span class='ocrx_word' id='word_1_69' title='bbox 960 1150 1165 1223; x_wconf 82' lang='lat' dir='ltr'><strong>scilicet</strong></span> <span class='ocrx_word' id='word_1_70' title='bbox 1190 1141 1654 1223; x_wconf 77' lang='lat' dir='ltr'><strong>na_tura;_Verb_utn</strong></span> <span class='ocrx_word' id='word_1_71' title='bbox 1685 1158 1779 1213; x_wconf 91' lang='lat' dir='ltr'><strong>per</strong></span> <span class='ocrx_word' id='word_1_72' title='bbox 1800 1141 1950 1223; x_wconf 76' lang='lat' dir='ltr'><strong>quod</strong></span> <span class='ocrx_word' id='word_1_73' title='bbox 1972 1142 2110 1223; x_wconf 85' lang='lat' dir='ltr'><strong>Deus</strong></span> 
     </span>
    </p>
   </div>
   <div class='ocr_carea' id='block_1_11' title="bbox 529 1213 2109 1287">
    <p class='ocr_par' dir='ltr' id='par_1_11' title="bbox 529 1213 2109 1287">
     <span class='ocr_line' id='line_1_11' title="bbox 529 1213 2109 1287; baseline -0.009 -12"><span class='ocrx_word' id='word_1_74' title='bbox 529 1213 727 1277; x_wconf 70' lang='lat' dir='ltr'><strong>ereavit</strong></span> <span class='ocrx_word' id='word_1_75' title='bbox 755 1213 931 1277; x_wconf 49' lang='lat' dir='ltr'><strong>ovmnia</strong></span> <span class='ocrx_word' id='word_1_76' title='bbox 960 1222 1011 1273; x_wconf 91' lang='lat' dir='ltr'><strong>in</strong></span> <span class='ocrx_word' id='word_1_77' title='bbox 1039 1217 1297 1287; x_wconf 89' lang='lat' dir='ltr'><strong>principio</strong></span> <span class='ocrx_word' id='word_1_78' title='bbox 1315 1256 1329 1279; x_wconf 95' lang='lat'><strong>,</strong></span> <span class='ocrx_word' id='word_1_79' title='bbox 1360 1214 1497 1287; x_wconf 80' lang='lat' dir='ltr'><strong>idem</strong></span> <span class='ocrx_word' id='word_1_80' title='bbox 1537 1213 1749 1287; x_wconf 73' lang='lat' dir='ltr'><strong>Verbum</strong></span> <span class='ocrx_word' id='word_1_81' title='bbox 1777 1228 1893 1287; x_wconf 84' lang='lat' dir='ltr'><strong>caro</strong></span> <span class='ocrx_word' id='word_1_82' title='bbox 1922 1216 2109 1287; x_wconf 63' lang='lat' dir='ltr'><strong>factum</strong></span> 
     </span>
    </p>
   </div>
   <div class='ocr_carea' id='block_1_12' title="bbox 528 1280 2107 1357">
    <p class='ocr_par' dir='ltr' id='par_1_12' title="bbox 528 1280 2107 1357">
     <span class='ocr_line' id='line_1_12' title="bbox 528 1280 2107 1357; baseline -0.009 -9"><span class='ocrx_word' id='word_1_83' title='bbox 528 1306 637 1357; x_wconf 81' lang='lat' dir='ltr'><strong>est,</strong></span> <span class='ocrx_word' id='word_1_84' title='bbox 664 1302 711 1346; x_wconf 89' lang='lat' dir='ltr'><strong>et</strong></span> <span class='ocrx_word' id='word_1_85' title='bbox 738 1291 974 1345; x_wconf 82' lang='lat' dir='ltr'><strong>habitavit</strong></span> <span class='ocrx_word' id='word_1_86' title='bbox 994 1280 1054 1342; x_wconf 71' lang='lat' dir='ltr'><strong>iri</strong></span> <span class='ocrx_word' id='word_1_87' title='bbox 1066 1280 1235 1351; x_wconf 47' lang='lat' dir='ltr'><strong>nobis,</strong></span> <span class='ocrx_word' id='word_1_88' title='bbox 1259 1296 1306 1340; x_wconf 87' lang='lat' dir='ltr'><strong>et</strong></span> <span class='ocrx_word' id='word_1_89' title='bbox 1327 1285 1539 1338; x_wconf 76' lang='lat' dir='ltr'><strong>vidimus</strong></span> <span class='ocrx_word' id='word_1_90' title='bbox 1560 1285 1774 1357; x_wconf 82' lang='lat' dir='ltr'><strong>gloriam</strong></span> <span class='ocrx_word' id='word_1_91' title='bbox 1794 1284 1901 1352; x_wconf 84' lang='lat' dir='ltr'><strong>ejus</strong></span> <span class='ocrx_word' id='word_1_92' title='bbox 1926 1280 2107 1357; x_wconf 78' lang='lat' dir='ltr'><strong>(_Joan.</strong></span> 
     </span>
    </p>
   </div>
   <div class='ocr_carea' id='block_1_13' title="bbox 532 1351 2109 1431">
    <p class='ocr_par' dir='ltr' id='par_1_13' title="bbox 532 1351 2109 1431">
     <span class='ocr_line' id='line_1_13' title="bbox 532 1351 2109 1431; baseline -0.01 -13"><span class='ocrx_word' id='word_1_93' title='bbox 532 1382 584 1428; x_wconf 87' lang='grc' dir='ltr'>ι,</span> <span class='ocrx_word' id='word_1_94' title='bbox 614 1351 638 1417; x_wconf 73' lang='lat' dir='ltr'><strong>l</strong></span> <span class='ocrx_word' id='word_1_95' title='bbox 664 1406 681 1428; x_wconf 95' lang='lat'><strong>,</strong></span> <span class='ocrx_word' id='word_1_96' title='bbox 714 1364 827 1431; x_wconf 76' lang='grc' dir='ltr'><strong>Μ).</strong></span> <span class='ocrx_word' id='word_1_97' title='bbox 862 1362 995 1415; x_wconf 83' lang='lat' dir='ltr'><strong>Ecce</strong></span> <span class='ocrx_word' id='word_1_98' title='bbox 1018 1360 1182 1430; x_wconf 79' lang='lat' dir='ltr'><strong>gloria</strong></span> <span class='ocrx_word' id='word_1_99' title='bbox 1211 1372 1304 1431; x_wconf 78' lang='lat' dir='ltr'><strong>per</strong></span> <span class='ocrx_word' id='word_1_100' title='bbox 1347 1371 1501 1425; x_wconf 91' lang='lat' dir='ltr'><strong>quam</strong></span> <span class='ocrx_word' id='word_1_101' title='bbox 1532 1351 1991 1431; x_wconf 27' lang='lat' dir='ltr'><strong>g‘lorior,_quando</strong></span> <span class='ocrx_word' id='word_1_102' title='bbox 2020 1365 2109 1431; x_wconf 74' lang='lat' dir='ltr'><strong>sa-</strong></span> 
     </span>
    </p>
   </div>
   <div class='ocr_carea' id='block_1_14' title="bbox 533 1421 2111 1504">
    <p class='ocr_par' dir='ltr' id='par_1_14' title="bbox 533 1421 2111 1504">
     <span class='ocr_line' id='line_1_14' title="bbox 533 1421 2111 1504; baseline -0.012 -15"><span class='ocrx_word' id='word_1_103' title='bbox 533 1421 899 1504; x_wconf 49' lang='lat' dir='ltr'><strong>num&#39;glorior.</strong></span> <span class='ocrx_word' id='word_1_104' title='bbox 929 1421 1063 1504; x_wconf 68' lang='lat' dir='ltr'><strong>Ecc:e</strong></span> <span class='ocrx_word' id='word_1_105' title='bbox 1089 1421 1334 1504; x_wconf 77' lang='lat' dir='ltr'><strong>gaudium</strong></span> <span class='ocrx_word' id='word_1_106' title='bbox 1363 1421 1454 1493; x_wconf 81' lang='lat' dir='ltr'><strong>per</strong></span> <span class='ocrx_word' id='word_1_107' title='bbox 1475 1421 1614 1494; x_wconf 74' lang='lat' dir='ltr'><strong>quod</strong></span> <span class='ocrx_word' id='word_1_108' title='bbox 1637 1424 1841 1504; x_wconf 76' lang='lat' dir='ltr'><strong>gaudeo</strong></span> <span class='ocrx_word' id='word_1_109' title='bbox 1863 1421 2111 1504; x_wconf 20' lang='lat' dir='ltr'><strong>[quando</strong></span> 
     </span>
    </p>
   </div>
   <div class='ocr_carea' id='block_1_15' title="bbox 532 1492 2111 1572">
    <p class='ocr_par' dir='ltr' id='par_1_15' title="bbox 532 1492 2111 1572">
     <span class='ocr_line' id='line_1_15' title="bbox 532 1492 2111 1572; baseline -0.008 -14"><span class='ocrx_word' id='word_1_110' title='bbox 532 1492 722 1559; x_wconf 72' lang='lat' dir='ltr'><strong>sanum</strong></span> <span class='ocrx_word' id='word_1_111' title='bbox 750 1501 980 1572; x_wconf 81' lang='lat' dir='ltr'><strong>gaudeo.</strong></span> <span class='ocrx_word' id='word_1_112' title='bbox 1013 1492 1239 1553; x_wconf 73' lang='lat' dir='ltr'><strong>Domine</strong></span> <span class='ocrx_word' id='word_1_113' title='bbox 1283 1492 1421 1549; x_wconf 87' lang='lat' dir='ltr'><strong>Deus</strong></span> <span class='ocrx_word' id='word_1_114' title='bbox 1469 1492 1657 1558; x_wconf 68' lang='lat' dir='ltr'><strong>meus,</strong></span> <span class='ocrx_word' id='word_1_115' title='bbox 1698 1495 1801 1548; x_wconf 84' lang='lat' dir='ltr'><strong>vita</strong></span> <span class='ocrx_word' id='word_1_116' title='bbox 1848 1502 1902 1547; x_wconf 92' lang='lat' dir='ltr'><strong>et</strong></span> <span class='ocrx_word' id='word_1_117' title='bbox 1943 1492 2111 1562; x_wconf 83' lang='lat' dir='ltr'><strong>gloria</strong></span> 
     </span>
    </p>
   </div>
   <div class='ocr_carea' id='block_1_16' title="bbox 534 1576 1039 1629">
    <p class='ocr_par' dir='ltr' id='par_1_16' title="bbox 534 1576 1039 1629">
     <span class='ocr_line' id='line_1_16' title="bbox 534 1576 1039 1629; baseline -0.014 0"><span class='ocrx_word' id='word_1_118' title='bbox 534 1583 643 1629; x_wconf 82' lang='lat' dir='ltr'><strong>tota</strong></span> <span class='ocrx_word' id='word_1_119' title='bbox 668 1576 856 1628; x_wconf 72' lang='lat' dir='ltr'><strong>unione</strong></span> <span class='ocrx_word' id='word_1_120' title='bbox 886 1586 1039 1625; x_wconf 73' lang='lat' dir='ltr'><strong>nteze.</strong></span> 
     </span>
    </p>
   </div>
   <div class='ocr_carea' id='block_1_17' title="bbox 603 1635 2115 1709">
    <p class='ocr_par' dir='ltr' id='par_1_17' title="bbox 603 1635 2115 1709">
     <span class='ocr_line' id='line_1_17' title="bbox 603 1635 2115 1709; baseline -0.009 -11"><span class='ocrx_word' id='word_1_121' title='bbox 603 1644 873 1698; x_wconf 80' lang='lat' dir='ltr'><strong>Conﬁteor</strong></span> <span class='ocrx_word' id='word_1_122' title='bbox 919 1656 1081 1709; x_wconf 89' lang='lat' dir='ltr'><strong>ergo,</strong></span> <span class='ocrx_word' id='word_1_123' title='bbox 1134 1636 1356 1691; x_wconf 86' lang='lat' dir='ltr'><strong>Domine</strong></span> <span class='ocrx_word' id='word_1_124' title='bbox 1410 1635 1550 1709; x_wconf 86' lang='lat' dir='ltr'><strong>Deus</strong></span> <span class='ocrx_word' id='word_1_125' title='bbox 1604 1649 1791 1709; x_wconf 85' lang='lat' dir='ltr'><strong>meus,</strong></span> <span class='ocrx_word' id='word_1_126' title='bbox 1855 1647 1975 1709; x_wconf 82' lang='lat' dir='ltr'><strong>cum</strong></span> <span class='ocrx_word' id='word_1_127' title='bbox 2030 1646 2115 1685; x_wconf 91' lang='lat' dir='ltr'><strong>me</strong></span> 
     </span>
    </p>
   </div>
   <div class='ocr_carea' id='block_1_18' title="bbox 539 1703 2115 1777">
    <p class='ocr_par' dir='ltr' id='par_1_18' title="bbox 539 1703 2115 1777">
     <span class='ocr_line' id='line_1_18' title="bbox 539 1703 2115 1777; baseline -0.011 -7"><span class='ocrx_word' id='word_1_128' title='bbox 539 1712 735 1770; x_wconf 75' lang='lat' dir='ltr'><strong>creasti</strong></span> <span class='ocrx_word' id='word_1_129' title='bbox 762 1703 1282 1777; x_wconf 58' lang='lat' dir='ltr'><strong>rationis&#39;capacem,</strong></span> <span class='ocrx_word' id='word_1_130' title='bbox 1330 1706 1542 1774; x_wconf 80' lang='lat' dir='ltr'><strong>Angelis</strong></span> <span class='ocrx_word' id='word_1_131' title='bbox 1570 1705 1802 1777; x_wconf 77' lang='lat' dir='ltr'><strong>quodam</strong></span> <span class='ocrx_word' id='word_1_132' title='bbox 1832 1703 1991 1757; x_wconf 91' lang='lat' dir='ltr'><strong>modo</strong></span> <span class='ocrx_word' id='word_1_133' title='bbox 2020 1717 2115 1771; x_wconf 84' lang='lat' dir='ltr'><strong>pa-</strong></span> 
     </span>
    </p>
   </div>
   <div class='ocr_carea' id='block_1_19' title="bbox 536 1774 2113 1851">
    <p class='ocr_par' dir='ltr' id='par_1_19' title="bbox 536 1774 2113 1851">
     <span class='ocr_line' id='line_1_19' title="bbox 536 1774 2113 1851; baseline -0.01 -11"><span class='ocrx_word' id='word_1_134' title='bbox 536 1800 651 1840; x_wconf 90' lang='lat' dir='ltr'><strong>rem</strong></span> <span class='ocrx_word' id='word_1_135' title='bbox 677 1783 866 1839; x_wconf 86' lang='lat' dir='ltr'><strong>creasti</strong></span> <span class='ocrx_word' id='word_1_136' title='bbox 896 1800 910 1836; x_wconf 73' lang='grc' dir='ltr'>ε</span> <span class='ocrx_word' id='word_1_137' title='bbox 939 1781 1057 1851; x_wconf 87' lang='lat' dir='ltr'><strong>quia</strong></span> <span class='ocrx_word' id='word_1_138' title='bbox 1074 1774 1262 1851; x_wconf 84' lang='lat' dir='ltr'><strong>perlici</strong></span> <span class='ocrx_word' id='word_1_139' title='bbox 1282 1779 1298 1808; x_wconf 71' lang='grc' dir='ltr'>ί</span> <span class='ocrx_word' id='word_1_140' title='bbox 1333 1792 1551 1851; x_wconf 62' lang='lat' dir='ltr'><strong>possunt</strong></span> <span class='ocrx_word' id='word_1_141' title='bbox 1569 1790 1663 1844; x_wconf 88' lang='lat' dir='ltr'><strong>per</strong></span> <span class='ocrx_word' id='word_1_142' title='bbox 1684 1774 1913 1851; x_wconf 78' lang='lat' dir='ltr'><strong>Verbum</strong></span> <span class='ocrx_word' id='word_1_143' title='bbox 1945 1782 2113 1851; x_wconf 79' lang='lat' dir='ltr'><strong>tuum,</strong></span> 
     </span>
    </p>
   </div>
   <div class='ocr_carea' id='block_1_20' title="bbox 538 1842 2116 1918">
    <p class='ocr_par' dir='ltr' id='par_1_20' title="bbox 538 1842 2116 1918">
     <span class='ocr_line' id='line_1_20' title="bbox 538 1842 2116 1918; baseline -0.009 -8"><span class='ocrx_word' id='word_1_144' title='bbox 538 1865 596 1910; x_wconf 89' lang='lat' dir='ltr'><strong>ut</strong></span> <span class='ocrx_word' id='word_1_145' title='bbox 623 1856 829 1909; x_wconf 78' lang='lat' dir='ltr'><strong>veniam</strong></span> <span class='ocrx_word' id='word_1_146' title='bbox 874 1852 937 1905; x_wconf 88' lang='lat' dir='ltr'><strong>ad</strong></span> <span class='ocrx_word' id='word_1_147' title='bbox 959 1842 1345 1918; x_wconf 54' lang='lat' dir='ltr'><strong>&#39;mqualitatem&#39;</strong></span> <span class='ocrx_word' id='word_1_148' title='bbox 1386 1842 1707 1918; x_wconf 74' lang='lat' dir='ltr'><strong>Angelorum</strong></span> <span class='ocrx_word' id='word_1_149' title='bbox 1728 1885 1743 1909; x_wconf 89' lang='lat'><strong>,</strong></span> <span class='ocrx_word' id='word_1_150' title='bbox 1775 1853 1847 1918; x_wconf 79' lang='lat' dir='ltr'><strong>ut</strong></span> <span class='ocrx_word' id='word_1_151' title='bbox 1893 1842 2116 1897; x_wconf 81' lang='lat' dir='ltr'><strong>habeam</strong></span> 
     </span>
    </p>
   </div>
   <div class='ocr_carea' id='block_1_21' title="bbox 538 1915 2114 1994">
    <p class='ocr_par' dir='ltr' id='par_1_21' title="bbox 538 1915 2114 1994">
     <span class='ocr_line' id='line_1_21' title="bbox 538 1915 2114 1994; baseline -0.01 -15"><span class='ocrx_word' id='word_1_152' title='bbox 538 1925 875 1994; x_wconf 89' lang='lat' dir='ltr'><strong>adoptionem</strong></span> <span class='ocrx_word' id='word_1_153' title='bbox 915 1915 1142 1994; x_wconf 66' lang='lat' dir='ltr'><strong>ﬁliorum</strong></span> <span class='ocrx_word' id='word_1_154' title='bbox 1188 1933 1283 1987; x_wconf 85' lang='lat' dir='ltr'><strong>per</strong></span> <span class='ocrx_word' id='word_1_155' title='bbox 1311 1915 2072 1994; x_wconf 41' lang='lat' dir='ltr'><strong>unigenitnmﬂerbum-tuum</strong></span> <span class='ocrx_word' id='word_1_156' title='bbox 2099 1953 2114 1977; x_wconf 93' lang='lat'><strong>,</strong></span> 
     </span>
    </p>
   </div>
   <div class='ocr_carea' id='block_1_22' title="bbox 541 1984 2118 2060">
    <p class='ocr_par' dir='ltr' id='par_1_22' title="bbox 541 1984 2118 2060">
     <span class='ocr_line' id='line_1_22' title="bbox 541 1984 2118 2060; baseline -0.008 -10"><span class='ocrx_word' id='word_1_157' title='bbox 541 1984 795 2058; x_wconf 82' lang='lat' dir='ltr'><strong>Domine,</strong></span> <span class='ocrx_word' id='word_1_158' title='bbox 825 2009 917 2060; x_wconf 92' lang='lat' dir='ltr'><strong>per</strong></span> <span class='ocrx_word' id='word_1_159' title='bbox 944 1991 1133 2045; x_wconf 84' lang='lat' dir='ltr'><strong>Filium</strong></span> <span class='ocrx_word' id='word_1_160' title='bbox 1163 1984 1581 2060; x_wconf 80' lang='lat' dir='ltr'><strong>tuumdilectum</strong></span> <span class='ocrx_word' id='word_1_161' title='bbox 1606 1986 1696 2060; x_wconf 36' lang='lat' dir='ltr'><strong>Kin</strong></span> <span class='ocrx_word' id='word_1_162' title='bbox 1726 2000 1831 2054; x_wconf 90' lang='lat' dir='ltr'><strong>quo</strong></span> <span class='ocrx_word' id='word_1_163' title='bbox 1856 1984 1949 2060; x_wconf 80' lang='lat' dir='ltr'><strong>tibi</strong></span> <span class='ocrx_word' id='word_1_164' title='bbox 1979 1985 2118 2038; x_wconf 89' lang='lat' dir='ltr'><strong>bene</strong></span> 
     </span>
    </p>
   </div>
   <div class='ocr_carea' id='block_1_23' title="bbox 538 2054 2118 2134">
    <p class='ocr_par' dir='ltr' id='par_1_23' title="bbox 538 2054 2118 2134">
     <span class='ocr_line' id='line_1_23' title="bbox 538 2054 2118 2134; baseline -0.009 -15"><span class='ocrx_word' id='word_1_165' title='bbox 538 2054 888 2134; x_wconf 85' lang='lat' dir='ltr'><strong>complacuit,</strong></span> <span class='ocrx_word' id='word_1_166' title='bbox 922 2077 1017 2131; x_wconf 89' lang='lat' dir='ltr'><strong>per</strong></span> <span class='ocrx_word' id='word_1_167' title='bbox 1057 2060 1225 2113; x_wconf 88' lang='lat' dir='ltr'><strong>virum</strong></span> <span class='ocrx_word' id='word_1_168' title='bbox 1252 2057 1612 2134; x_wconf 60' lang='lat' dir='ltr'><strong>colimrenlem</strong></span> <span class='ocrx_word' id='word_1_169' title='bbox 1630 2058 1743 2134; x_wconf 82' lang='lat' dir='ltr'><strong>’_et</strong></span> <span class='ocrx_word' id='word_1_170' title='bbox 1768 2054 2118 2134; x_wconf 76' lang='lat' dir='ltr'><strong>consubstan-</strong></span> 
     </span>
    </p>
   </div>
   <div class='ocr_carea' id='block_1_24' title="bbox 541 2125 2117 2190">
    <p class='ocr_par' dir='ltr' id='par_1_24' title="bbox 541 2125 2117 2190">
     <span class='ocr_line' id='line_1_24' title="bbox 541 2125 2117 2190; baseline -0.008 -1"><span class='ocrx_word' id='word_1_171' title='bbox 541 2125 718 2190; x_wconf 70' lang='lat' dir='ltr'><strong>tialem</strong></span> <span class='ocrx_word' id='word_1_172' title='bbox 751 2134 840 2186; x_wconf 89' lang='lat' dir='ltr'><strong>tibi</strong></span> <span class='ocrx_word' id='word_1_173' title='bbox 868 2125 935 2187; x_wconf 51' lang='lat' dir='ltr'><strong>et&#39;</strong></span> <span class='ocrx_word' id='word_1_174' title='bbox 967 2139 1289 2184; x_wconf 68' lang='lat' dir='ltr'><strong>eomternum</strong></span> <span class='ocrx_word' id='word_1_175' title='bbox 1331 2127 1511 2181; x_wconf 87' lang='lat' dir='ltr'><strong>Jesutn</strong></span> <span class='ocrx_word' id='word_1_176' title='bbox 1557 2126 1820 2181; x_wconf 84' lang='lat' dir='ltr'><strong>Christum</strong></span> <span class='ocrx_word' id='word_1_177' title='bbox 1846 2167 1859 2187; x_wconf 94' lang='lat'><strong>,</strong></span> <span class='ocrx_word' id='word_1_178' title='bbox 1907 2125 2117 2177; x_wconf 86' lang='lat' dir='ltr'><strong>unicum</strong></span> 
     </span>
    </p>
   </div>
   <div class='ocr_carea' id='block_1_25' title="bbox 542 2196 2117 2267">
    <p class='ocr_par' dir='ltr' id='par_1_25' title="bbox 542 2196 2117 2267">
     <span class='ocr_line' id='line_1_25' title="bbox 542 2196 2117 2267; baseline -0.008 -8"><span class='ocrx_word' id='word_1_179' title='bbox 542 2206 823 2260; x_wconf 88' lang='lat' dir='ltr'><strong>Dominum</strong></span> <span class='ocrx_word' id='word_1_180' title='bbox 849 2214 903 2255; x_wconf 91' lang='lat' dir='ltr'><strong>et</strong></span> <span class='ocrx_word' id='word_1_181' title='bbox 944 2201 1335 2267; x_wconf 85' lang='lat' dir='ltr'><strong>redemptorem</strong></span> <span class='ocrx_word' id='word_1_182' title='bbox 1384 2207 1659 2259; x_wconf 90' lang='lat' dir='ltr'><strong>nostrum,</strong></span> <span class='ocrx_word' id='word_1_183' title='bbox 1713 2196 2117 2267; x_wconf 72' lang='lat' dir='ltr'><strong>illuminatorent</strong></span> 
     </span>
    </p>
   </div>
   <div class='ocr_carea' id='block_1_26' title="bbox 538 2264 2118 2333">
    <p class='ocr_par' dir='ltr' id='par_1_26' title="bbox 538 2264 2118 2333">
     <span class='ocr_line' id='line_1_26' title="bbox 538 2264 2118 2333; baseline -0.009 -2"><span class='ocrx_word' id='word_1_184' title='bbox 538 2286 597 2331; x_wconf 91' lang='lat' dir='ltr'><strong>et</strong></span> <span class='ocrx_word' id='word_1_185' title='bbox 643 2275 1030 2329; x_wconf 78' lang='lat' dir='ltr'><strong>consolatorem</strong></span> <span class='ocrx_word' id='word_1_186' title='bbox 1062 2264 1329 2328; x_wconf 84' lang='lat' dir='ltr'><strong>nostrum,</strong></span> <span class='ocrx_word' id='word_1_187' title='bbox 1358 2268 1668 2321; x_wconf 86' lang='lat' dir='ltr'><strong>advocatum</strong></span> <span class='ocrx_word' id='word_1_188' title='bbox 1697 2278 1934 2320; x_wconf 84' lang='lat' dir='ltr'><strong>nostrum</strong></span> <span class='ocrx_word' id='word_1_189' title='bbox 1980 2264 2118 2333; x_wconf 88' lang='lat' dir='ltr'><strong>apud</strong></span> 
     </span>
    </p>
   </div>
   <div class='ocr_carea' id='block_1_27' title="bbox 542 2336 2122 2406">
    <p class='ocr_par' dir='ltr' id='par_1_27' title="bbox 542 2336 2122 2406">
     <span class='ocr_line' id='line_1_27' title="bbox 542 2336 2122 2406; baseline -0.008 -7"><span class='ocrx_word' id='word_1_190' title='bbox 542 2356 625 2406; x_wconf 88' lang='lat' dir='ltr'><strong>te.</strong></span> <span class='ocrx_word' id='word_1_191' title='bbox 665 2355 719 2399; x_wconf 87' lang='lat' dir='ltr'><strong>et</strong></span> <span class='ocrx_word' id='word_1_192' title='bbox 745 2345 920 2397; x_wconf 86' lang='lat' dir='ltr'><strong>lumen</strong></span> <span class='ocrx_word' id='word_1_193' title='bbox 965 2341 1239 2396; x_wconf 90' lang='lat' dir='ltr'><strong>oculorum</strong></span> <span class='ocrx_word' id='word_1_194' title='bbox 1288 2347 1623 2402; x_wconf 91' lang='lat' dir='ltr'><strong>nostrorum,</strong></span> <span class='ocrx_word' id='word_1_195' title='bbox 1663 2340 1750 2405; x_wconf 89' lang='lat' dir='ltr'><strong>qui</strong></span> <span class='ocrx_word' id='word_1_196' title='bbox 1798 2346 1879 2391; x_wconf 88' lang='lat' dir='ltr'><strong>est</strong></span> <span class='ocrx_word' id='word_1_197' title='bbox 1921 2336 2023 2388; x_wconf 87' lang='lat' dir='ltr'><strong>vita</strong></span> <span class='ocrx_word' id='word_1_198' title='bbox 2070 2344 2122 2388; x_wconf 90' lang='lat' dir='ltr'><strong>et</strong></span> 
     </span>
    </p>
   </div>
   <div class='ocr_carea' id='block_1_28' title="bbox 539 2406 2123 2479">
    <p class='ocr_par' dir='ltr' id='par_1_28' title="bbox 539 2406 2123 2479">
     <span class='ocr_line' id='line_1_28' title="bbox 539 2406 2123 2479; baseline -0.008 -8"><span class='ocrx_word' id='word_1_199' title='bbox 539 2417 773 2471; x_wconf 77' lang='lat' dir='ltr'><strong>Salvator</strong></span> <span class='ocrx_word' id='word_1_200' title='bbox 799 2422 1002 2473; x_wconf 83' lang='lat' dir='ltr'><strong>noster.</strong></span> <span class='ocrx_word' id='word_1_201' title='bbox 1034 2421 1087 2463; x_wconf 87' lang='lat' dir='ltr'><strong>et</strong></span> <span class='ocrx_word' id='word_1_202' title='bbox 1111 2425 1231 2479; x_wconf 89' lang='lat' dir='ltr'><strong>spes</strong></span> <span class='ocrx_word' id='word_1_203' title='bbox 1272 2410 1421 2463; x_wconf 87' lang='lat' dir='ltr'><strong>unica</strong></span> <span class='ocrx_word' id='word_1_204' title='bbox 1445 2419 1620 2461; x_wconf 90' lang='lat' dir='ltr'><strong>nostra</strong></span> <span class='ocrx_word' id='word_1_205' title='bbox 1642 2424 1679 2479; x_wconf 89' lang='lat'><strong>;_</strong></span> <span class='ocrx_word' id='word_1_206' title='bbox 1701 2408 1787 2479; x_wconf 84' lang='lat' dir='ltr'><strong>qui</strong></span> <span class='ocrx_word' id='word_1_207' title='bbox 1821 2421 1916 2459; x_wconf 92' lang='lat' dir='ltr'><strong>nos</strong></span> <span class='ocrx_word' id='word_1_208' title='bbox 1940 2406 2123 2479; x_wconf 77' lang='lat' dir='ltr'><strong>dilexit</strong></span> 
     </span>
    </p>
   </div>
   <div class='ocr_carea' id='block_1_29' title="bbox 542 2477 2126 2555">
    <p class='ocr_par' dir='ltr' id='par_1_29' title="bbox 542 2477 2126 2555">
     <span class='ocr_line' id='line_1_29' title="bbox 542 2477 2126 2555; baseline -0.006 -16"><span class='ocrx_word' id='word_1_209' title='bbox 542 2486 710 2555; x_wconf 89' lang='lat' dir='ltr'><strong>magis</strong></span> <span class='ocrx_word' id='word_1_210' title='bbox 738 2500 894 2553; x_wconf 90' lang='lat' dir='ltr'><strong>quam</strong></span> <span class='ocrx_word' id='word_1_211' title='bbox 926 2498 982 2537; x_wconf 91' lang='lat' dir='ltr'><strong>se</strong></span> <span class='ocrx_word' id='word_1_212' title='bbox 1002 2524 1015 2546; x_wconf 93' lang='lat'><strong>,</strong></span> <span class='ocrx_word' id='word_1_213' title='bbox 1048 2477 1153 2550; x_wconf 79' lang='lat' dir='ltr'><strong>per</strong></span> <span class='ocrx_word' id='word_1_214' title='bbox 1184 2496 1339 2555; x_wconf 84' lang='lat' dir='ltr'><strong>quem</strong></span> <span class='ocrx_word' id='word_1_215' title='bbox 1370 2480 1624 2533; x_wconf 88' lang='lat' dir='ltr'><strong>habemus</strong></span> <span class='ocrx_word' id='word_1_216' title='bbox 1654 2477 1894 2531; x_wconf 89' lang='lat' dir='ltr'><strong>lidueiam</strong></span> <span class='ocrx_word' id='word_1_217' title='bbox 1924 2477 2126 2555; x_wconf 64' lang='lat' dir='ltr'><strong>reposi:</strong></span> 
     </span>
    </p>
   </div>
   <div class='ocr_carea' id='block_1_30' title="bbox 543 2546 2122 2621">
    <p class='ocr_par' dir='ltr' id='par_1_30' title="bbox 543 2546 2122 2621">
     <span class='ocr_line' id='line_1_30' title="bbox 543 2546 2122 2621; baseline -0.008 -11"><span class='ocrx_word' id='word_1_218' title='bbox 543 2546 659 2611; x_wconf 74' lang='grc' dir='ltr'>ιιιιιῖ</span> <span class='ocrx_word' id='word_1_219' title='bbox 677 2565 731 2610; x_wconf 90' lang='lat' dir='ltr'><strong>et</strong></span> <span class='ocrx_word' id='word_1_220' title='bbox 758 2546 963 2607; x_wconf 66' lang='lat' dir='ltr'><strong>ﬁrmam</strong></span> <span class='ocrx_word' id='word_1_221' title='bbox 992 2546 1138 2621; x_wconf 82' lang='lat' dir='ltr'><strong>spem</strong></span> <span class='ocrx_word' id='word_1_222' title='bbox 1170 2546 1305 2619; x_wconf 80' lang='lat' dir='ltr'><strong>apud</strong></span> <span class='ocrx_word' id='word_1_223' title='bbox 1340 2558 1389 2602; x_wconf 92' lang='lat' dir='ltr'><strong>te</strong></span> <span class='ocrx_word' id='word_1_224' title='bbox 1409 2591 1422 2610; x_wconf 93' lang='lat'><strong>,</strong></span> <span class='ocrx_word' id='word_1_225' title='bbox 1471 2561 1518 2603; x_wconf 93' lang='lat' dir='ltr'><strong>et</strong></span> <span class='ocrx_word' id='word_1_226' title='bbox 1540 2620 1543 2621; x_wconf 15' lang='grc' dir='ltr'><em>ν</em></span> <span class='ocrx_word' id='word_1_227' title='bbox 1563 2562 1837 2621; x_wconf 71' lang='lat' dir='ltr'><strong>accessum</strong></span> <span class='ocrx_word' id='word_1_228' title='bbox 1880 2546 2122 2621; x_wconf 78' lang='lat' dir='ltr'><strong>veniendi</strong></span> 
     </span>
    </p>
   </div>
   <div class='ocr_carea' id='block_1_31' title="bbox 544 2617 2122 2694">
    <p class='ocr_par' dir='ltr' id='par_1_31' title="bbox 544 2617 2122 2694">
     <span class='ocr_line' id='line_1_31' title="bbox 544 2617 2122 2694; baseline -0.007 -14"><span class='ocrx_word' id='word_1_229' title='bbox 544 2627 611 2680; x_wconf 85' lang='lat' dir='ltr'><strong>ad</strong></span> <span class='ocrx_word' id='word_1_230' title='bbox 640 2636 723 2690; x_wconf 86' lang='lat' dir='ltr'><strong>te;</strong></span> <span class='ocrx_word' id='word_1_231' title='bbox 751 2625 998 2694; x_wconf 88' lang='lat' dir='ltr'><strong>quoniam</strong></span> <span class='ocrx_word' id='word_1_232' title='bbox 1023 2617 1163 2694; x_wconf 75' lang='lat' dir='ltr'><strong>dedit</strong></span> <span class='ocrx_word' id='word_1_233' title='bbox 1194 2617 1644 2694; x_wconf 64' lang='lat' dir='ltr'><strong>potestatentﬁlios</strong></span> <span class='ocrx_word' id='word_1_234' title='bbox 1676 2618 1768 2694; x_wconf 71' lang='lat' dir='ltr'><strong>Dei</strong></span> <span class='ocrx_word' id='word_1_235' title='bbox 1795 2618 1905 2686; x_wconf 77' lang='lat' dir='ltr'><strong>fieri</strong></span> <span class='ocrx_word' id='word_1_236' title='bbox 1933 2619 2011 2694; x_wconf 71' lang='lat' dir='ltr'><strong>Itis</strong></span> <span class='ocrx_word' id='word_1_237' title='bbox 2037 2617 2122 2686; x_wconf 86' lang='lat' dir='ltr'><strong>qui</strong></span> 
     </span>
    </p>
   </div>
   <div class='ocr_carea' id='block_1_32' title="bbox 543 2688 2123 2762">
    <p class='ocr_par' dir='ltr' id='par_1_32' title="bbox 543 2688 2123 2762">
     <span class='ocr_line' id='line_1_32' title="bbox 543 2688 2123 2762; baseline -0.007 -11"><span class='ocrx_word' id='word_1_238' title='bbox 543 2688 827 2751; x_wconf 71' lang='lat' dir='ltr'><strong>traduntin</strong></span> <span class='ocrx_word' id='word_1_239' title='bbox 858 2694 1057 2747; x_wconf 84' lang='lat' dir='ltr'><strong>nomine</strong></span> <span class='ocrx_word' id='word_1_240' title='bbox 1093 2688 1203 2762; x_wconf 78' lang='lat' dir='ltr'><strong>ejus</strong></span> <span class='ocrx_word' id='word_1_241' title='bbox 1252 2689 1565 2762; x_wconf 69' lang='lat' dir='ltr'><strong>(lbid.,12l.</strong></span> <span class='ocrx_word' id='word_1_242' title='bbox 1614 2689 1848 2762; x_wconf 80' lang='lat' dir='ltr'><strong>Laudem</strong></span> <span class='ocrx_word' id='word_1_243' title='bbox 1897 2688 2123 2762; x_wconf 79' lang='lat' dir='ltr'><strong>tribuam</strong></span> 
     </span>
    </p>
   </div>
   <div class='ocr_carea' id='block_1_33' title="bbox 549 2757 2117 2830">
    <p class='ocr_par' dir='ltr' id='par_1_33' title="bbox 549 2757 2117 2830">
     <span class='ocr_line' id='line_1_33' title="bbox 549 2757 2117 2830; baseline -0.007 -10"><span class='ocrx_word' id='word_1_244' title='bbox 549 2766 747 2820; x_wconf 91' lang='lat' dir='ltr'><strong>nomini</strong></span> <span class='ocrx_word' id='word_1_245' title='bbox 779 2776 869 2819; x_wconf 90' lang='lat' dir='ltr'><strong>tuo</strong></span> <span class='ocrx_word' id='word_1_246' title='bbox 890 2806 903 2826; x_wconf 83' lang='lat'><em>.</em></span> <span class='ocrx_word' id='word_1_247' title='bbox 933 2757 1155 2817; x_wconf 71' lang='lat' dir='ltr'><strong>Domine</strong></span> <span class='ocrx_word' id='word_1_248' title='bbox 1175 2804 1188 2825; x_wconf 94' lang='lat'><strong>,</strong></span> <span class='ocrx_word' id='word_1_249' title='bbox 1216 2757 1303 2830; x_wconf 88' lang='lat' dir='ltr'><strong>qui</strong></span> <span class='ocrx_word' id='word_1_250' title='bbox 1332 2775 1416 2813; x_wconf 89' lang='lat' dir='ltr'><strong>me</strong></span> <span class='ocrx_word' id='word_1_251' title='bbox 1442 2762 1505 2813; x_wconf 91' lang='lat' dir='ltr'><strong>ad</strong></span> <span class='ocrx_word' id='word_1_252' title='bbox 1536 2761 1815 2828; x_wconf 77' lang='lat' dir='ltr'><strong>imaginem</strong></span> <span class='ocrx_word' id='word_1_253' title='bbox 1849 2768 1902 2811; x_wconf 94' lang='lat' dir='ltr'><strong>et</strong></span> <span class='ocrx_word' id='word_1_254' title='bbox 1930 2757 2117 2830; x_wconf 78' lang='lat' dir='ltr'><strong>simili-</strong></span> 
     </span>
    </p>
   </div>
   <div class='ocr_carea' id='block_1_34' title="bbox 546 2828 2126 2898">
    <p class='ocr_par' dir='ltr' id='par_1_34' title="bbox 546 2828 2126 2898">
     <span class='ocr_line' id='line_1_34' title="bbox 546 2828 2126 2898; baseline -0.006 -7"><span class='ocrx_word' id='word_1_255' title='bbox 546 2837 785 2891; x_wconf 82' lang='lat' dir='ltr'><strong>tudinem</strong></span> <span class='ocrx_word' id='word_1_256' title='bbox 812 2845 953 2888; x_wconf 89' lang='lat' dir='ltr'><strong>tuam</strong></span> <span class='ocrx_word' id='word_1_257' title='bbox 983 2833 1214 2886; x_wconf 82' lang='lat' dir='ltr'><strong>creando</strong></span> <span class='ocrx_word' id='word_1_258' title='bbox 1236 2828 1392 2898; x_wconf 57' lang='lat' dir='ltr'><strong>(Gen.</strong></span> <span class='ocrx_word' id='word_1_259' title='bbox 1423 2846 1468 2895; x_wconf 83' lang='grc' dir='ltr'>ι,</span> <span class='ocrx_word' id='word_1_260' title='bbox 1500 2831 1593 2898; x_wconf 76' lang='lat'><strong>9.7)</strong></span> <span class='ocrx_word' id='word_1_261' title='bbox 1612 2872 1625 2889; x_wconf 89' lang='lat'><strong>.</strong></span> <span class='ocrx_word' id='word_1_262' title='bbox 1660 2838 1818 2883; x_wconf 76' lang='lat' dir='ltr'><strong>tanta:</strong></span> <span class='ocrx_word' id='word_1_263' title='bbox 1845 2828 2026 2897; x_wconf 77' lang='lat' dir='ltr'><strong>gloria:</strong></span> <span class='ocrx_word' id='word_1_264' title='bbox 2050 2828 2126 2882; x_wconf 84' lang='lat' dir='ltr'><strong>le-</strong></span> 
     </span>
    </p>
   </div>
   <div class='ocr_carea' id='block_1_35' title="bbox 546 2898 2124 2971">
    <p class='ocr_par' dir='ltr' id='par_1_35' title="bbox 546 2898 2124 2971">
     <span class='ocr_line' id='line_1_35' title="bbox 546 2898 2124 2971; baseline -0.008 -8"><span class='ocrx_word' id='word_1_265' title='bbox 546 2907 667 2963; x_wconf 90' lang='lat' dir='ltr'><strong>cisti</strong></span> <span class='ocrx_word' id='word_1_266' title='bbox 695 2923 781 2960; x_wconf 90' lang='lat' dir='ltr'><strong>me</strong></span> <span class='ocrx_word' id='word_1_267' title='bbox 808 2905 919 2958; x_wconf 80' lang='lat' dir='ltr'><strong>fore</strong></span> <span class='ocrx_word' id='word_1_268' title='bbox 947 2902 1339 2971; x_wconf 82' lang='lat' dir='ltr'><strong>susceptibilem</strong></span> <span class='ocrx_word' id='word_1_269' title='bbox 1362 2942 1375 2962; x_wconf 86' lang='lat'><strong>,</strong></span> <span class='ocrx_word' id='word_1_270' title='bbox 1406 2909 1461 2953; x_wconf 91' lang='lat' dir='ltr'><strong>ut</strong></span> <span class='ocrx_word' id='word_1_271' title='bbox 1485 2901 1679 2969; x_wconf 88' lang='lat' dir='ltr'><strong>possim</strong></span> <span class='ocrx_word' id='word_1_272' title='bbox 1707 2900 1843 2953; x_wconf 87' lang='lat' dir='ltr'><strong>lilius</strong></span> <span class='ocrx_word' id='word_1_273' title='bbox 1871 2900 1961 2952; x_wconf 86' lang='lat' dir='ltr'><strong>Dei</strong></span> <span class='ocrx_word' id='word_1_274' title='bbox 1990 2898 2124 2971; x_wconf 72' lang='lat' dir='ltr'><strong>ﬁeri.</strong></span> 
     </span>
    </p>
   </div>
   <div class='ocr_carea' id='block_1_36' title="bbox 548 2968 2126 3045">
    <p class='ocr_par' dir='ltr' id='par_1_36' title="bbox 548 2968 2126 3045">
     <span class='ocr_line' id='line_1_36' title="bbox 548 2968 2126 3045; baseline -0.01 -13"><span class='ocrx_word' id='word_1_275' title='bbox 548 2978 662 3032; x_wconf 84' lang='lat' dir='ltr'><strong>Hoc</strong></span> <span class='ocrx_word' id='word_1_276' title='bbox 685 2976 867 3045; x_wconf 84' lang='lat' dir='ltr'><strong>utique</strong></span> <span class='ocrx_word' id='word_1_277' title='bbox 906 2990 1011 3027; x_wconf 90' lang='lat' dir='ltr'><strong>non</strong></span> <span class='ocrx_word' id='word_1_278' title='bbox 1045 2968 1267 3043; x_wconf 81' lang='lat' dir='ltr'><strong>possunt</strong></span> <span class='ocrx_word' id='word_1_279' title='bbox 1294 2968 1548 3045; x_wconf 80' lang='lat' dir='ltr'><strong>arbores,</strong></span> <span class='ocrx_word' id='word_1_280' title='bbox 1595 2986 1697 3023; x_wconf 91' lang='lat' dir='ltr'><strong>non</strong></span> <span class='ocrx_word' id='word_1_281' title='bbox 1724 2979 1955 3045; x_wconf 73' lang='lat' dir='ltr'><strong>possunt</strong></span> <span class='ocrx_word' id='word_1_282' title='bbox 1990 2968 2126 3037; x_wconf 84' lang='lat' dir='ltr'><strong>lapi-</strong></span> 
     </span>
    </p>
   </div>
   <div class='ocr_carea' id='block_1_37' title="bbox 548 3040 2131 3113">
    <p class='ocr_par' dir='ltr' id='par_1_37' title="bbox 548 3040 2131 3113">
     <span class='ocr_line' id='line_1_37' title="bbox 548 3040 2131 3113; baseline -0.005 -12"><span class='ocrx_word' id='word_1_283' title='bbox 548 3049 645 3101; x_wconf 87' lang='lat' dir='ltr'><strong>des</strong></span> <span class='ocrx_word' id='word_1_284' title='bbox 664 3088 678 3109; x_wconf 89' lang='lat'><strong>,</strong></span> <span class='ocrx_word' id='word_1_285' title='bbox 714 3040 817 3100; x_wconf 80' lang='lat' dir='ltr'><strong>non</strong></span> <span class='ocrx_word' id='word_1_286' title='bbox 849 3040 1169 3113; x_wconf 78' lang='lat' dir='ltr'><strong>generaliter</strong></span> <span class='ocrx_word' id='word_1_287' title='bbox 1194 3042 1369 3113; x_wconf 84' lang='lat' dir='ltr'><strong>omnia</strong></span> <span class='ocrx_word' id='word_1_288' title='bbox 1399 3056 1520 3113; x_wconf 59' lang='lat' dir='ltr'><strong>qum</strong></span> <span class='ocrx_word' id='word_1_289' title='bbox 1538 3049 1835 3106; x_wconf 85' lang='lat' dir='ltr'><strong>moventur,</strong></span> <span class='ocrx_word' id='word_1_290' title='bbox 1878 3040 1958 3113; x_wconf 83' lang='lat' dir='ltr'><strong>vel</strong></span> <span class='ocrx_word' id='word_1_291' title='bbox 2012 3054 2131 3093; x_wconf 88' lang='lat' dir='ltr'><strong>cre-</strong></span> 
     </span>
    </p>
   </div>
   <div class='ocr_carea' id='block_1_38' title="bbox 546 3110 2127 3179">
    <p class='ocr_par' dir='ltr' id='par_1_38' title="bbox 546 3110 2127 3179">
     <span class='ocr_line' id='line_1_38' title="bbox 546 3110 2127 3179; baseline -0.004 -8"><span class='ocrx_word' id='word_1_292' title='bbox 546 3126 706 3171; x_wconf 79' lang='lat' dir='ltr'><strong>scunt</strong></span> <span class='ocrx_word' id='word_1_293' title='bbox 732 3117 785 3173; x_wconf 89' lang='lat' dir='ltr'><strong>in</strong></span> <span class='ocrx_word' id='word_1_294' title='bbox 813 3110 970 3176; x_wconf 83' lang='lat' dir='ltr'><strong>aere.</strong></span> <span class='ocrx_word' id='word_1_295' title='bbox 1015 3113 1096 3165; x_wconf 88' lang='lat' dir='ltr'><strong>vel</strong></span> <span class='ocrx_word' id='word_1_296' title='bbox 1130 3112 1179 3165; x_wconf 92' lang='lat' dir='ltr'><strong>in</strong></span> <span class='ocrx_word' id='word_1_297' title='bbox 1210 3111 1374 3174; x_wconf 90' lang='lat' dir='ltr'><strong>mari,</strong></span> <span class='ocrx_word' id='word_1_298' title='bbox 1400 3110 1477 3163; x_wconf 79' lang='lat' dir='ltr'><strong>vel</strong></span> <span class='ocrx_word' id='word_1_299' title='bbox 1510 3110 1559 3162; x_wconf 88' lang='lat' dir='ltr'><strong>in</strong></span> <span class='ocrx_word' id='word_1_300' title='bbox 1609 3118 1746 3164; x_wconf 87' lang='lat' dir='ltr'><strong>terra</strong></span> <span class='ocrx_word' id='word_1_301' title='bbox 1800 3127 1813 3164; x_wconf 92' lang='lat'>:</span> <span class='ocrx_word' id='word_1_302' title='bbox 1858 3110 1977 3179; x_wconf 88' lang='lat' dir='ltr'><strong>quia</strong></span> <span class='ocrx_word' id='word_1_303' title='bbox 2020 3125 2127 3165; x_wconf 88' lang='lat' dir='ltr'><strong>non</strong></span> 
     </span>
    </p>
   </div>
   <div class='ocr_carea' id='block_1_39' title="bbox 546 3179 2125 3253">
    <p class='ocr_par' dir='ltr' id='par_1_39' title="bbox 546 3179 2125 3253">
     <span class='ocr_line' id='line_1_39' title="bbox 546 3179 2125 3253; baseline -0.005 -12"><span class='ocrx_word' id='word_1_304' title='bbox 546 3187 696 3242; x_wconf 86' lang='lat' dir='ltr'><strong>dedit</strong></span> <span class='ocrx_word' id='word_1_305' title='bbox 724 3188 803 3239; x_wconf 91' lang='lat' dir='ltr'><strong>eis</strong></span> <span class='ocrx_word' id='word_1_306' title='bbox 835 3193 1146 3253; x_wconf 88' lang='lat' dir='ltr'><strong>potestatem</strong></span> <span class='ocrx_word' id='word_1_307' title='bbox 1198 3181 1428 3253; x_wconf 59' lang='lat' dir='ltr'><strong>Verbum</strong></span> <span class='ocrx_word' id='word_1_308' title='bbox 1474 3189 1617 3233; x_wconf 92' lang='lat' dir='ltr'><strong>tuum</strong></span> <span class='ocrx_word' id='word_1_309' title='bbox 1657 3180 1793 3253; x_wconf 84' lang='lat' dir='ltr'><strong>lilius</strong></span> <span class='ocrx_word' id='word_1_310' title='bbox 1839 3180 1931 3234; x_wconf 89' lang='lat' dir='ltr'><strong>Dei</strong></span> <span class='ocrx_word' id='word_1_311' title='bbox 1978 3179 2125 3253; x_wconf 85' lang='lat' dir='ltr'><strong>ﬁeri,</strong></span> 
     </span>
    </p>
   </div>
   <div class='ocr_carea' id='block_1_40' title="bbox 549 3251 2128 3327">
    <p class='ocr_par' dir='ltr' id='par_1_40' title="bbox 549 3251 2128 3327">
     <span class='ocr_line' id='line_1_40' title="bbox 549 3251 2128 3327; baseline -0.003 -17"><span class='ocrx_word' id='word_1_312' title='bbox 549 3259 671 3327; x_wconf 87' lang='lat' dir='ltr'><strong>quia</strong></span> <span class='ocrx_word' id='word_1_313' title='bbox 715 3251 1111 3327; x_wconf 79' lang='lat' dir='ltr'><strong>ratioiiemnon</strong></span> <span class='ocrx_word' id='word_1_314' title='bbox 1146 3251 1375 3315; x_wconf 84' lang='lat' dir='ltr'><strong>habent;</strong></span> <span class='ocrx_word' id='word_1_315' title='bbox 1418 3265 1537 3303; x_wconf 90' lang='lat' dir='ltr'><strong>nam</strong></span> <span class='ocrx_word' id='word_1_316' title='bbox 1569 3257 1622 3304; x_wconf 88' lang='lat' dir='ltr'><strong>ct</strong></span> <span class='ocrx_word' id='word_1_317' title='bbox 1650 3252 1776 3327; x_wconf 65' lang='grc' dir='ltr'><strong>ΔΙιτιιο</strong></span> <span class='ocrx_word' id='word_1_318' title='bbox 1804 3251 2128 3327; x_wconf 54' lang='lat' dir='ltr'><strong>potestasjn</strong></span> 
     </span>
    </p>
   </div>
   <div class='ocr_carea' id='block_1_41' title="bbox 551 3321 2130 3391">
    <p class='ocr_par' dir='ltr' id='par_1_41' title="bbox 551 3321 2130 3391">
     <span class='ocr_line' id='line_1_41' title="bbox 551 3321 2130 3391; baseline -0.003 -10"><span class='ocrx_word' id='word_1_319' title='bbox 551 3321 759 3381; x_wconf 64' lang='lat' dir='ltr'><strong>ratione</strong></span> <span class='ocrx_word' id='word_1_320' title='bbox 784 3325 1058 3386; x_wconf 80' lang='lat' dir='ltr'><strong>Consistit,</strong></span> <span class='ocrx_word' id='word_1_321' title='bbox 1093 3336 1185 3391; x_wconf 91' lang='lat' dir='ltr'><strong>per</strong></span> <span class='ocrx_word' id='word_1_322' title='bbox 1225 3337 1380 3391; x_wconf 89' lang='lat' dir='ltr'><strong>quam</strong></span> <span class='ocrx_word' id='word_1_323' title='bbox 1418 3321 1786 3390; x_wconf 88' lang='lat' dir='ltr'><strong>cognoscimus</strong></span> <span class='ocrx_word' id='word_1_324' title='bbox 1818 3322 2001 3375; x_wconf 89' lang='lat' dir='ltr'><strong>Deum.</strong></span> <span class='ocrx_word' id='word_1_325' title='bbox 2032 3321 2130 3376; x_wconf 88' lang='lat' dir='ltr'><strong>De-</strong></span> 
     </span>
    </p>
   </div>
   <div class='ocr_carea' id='block_1_42' title="bbox 550 3391 2130 3460">
    <p class='ocr_par' dir='ltr' id='par_1_42' title="bbox 550 3391 2130 3460">
     <span class='ocr_line' id='line_1_42' title="bbox 550 3391 2130 3460; baseline -0.003 -9"><span class='ocrx_word' id='word_1_326' title='bbox 550 3397 631 3451; x_wconf 90' lang='lat' dir='ltr'><strong>dit</strong></span> <span class='ocrx_word' id='word_1_327' title='bbox 654 3406 828 3450; x_wconf 88' lang='lat' dir='ltr'><strong>autem</strong></span> <span class='ocrx_word' id='word_1_328' title='bbox 856 3395 989 3448; x_wconf 91' lang='lat' dir='ltr'><strong>banc</strong></span> <span class='ocrx_word' id='word_1_329' title='bbox 1037 3391 1337 3446; x_wconf 88' lang='lat' dir='ltr'><strong>hominibus</strong></span> <span class='ocrx_word' id='word_1_330' title='bbox 1356 3433 1371 3455; x_wconf 89' lang='lat'><strong>,</strong></span> <span class='ocrx_word' id='word_1_331' title='bbox 1400 3406 1532 3460; x_wconf 90' lang='lat' dir='ltr'><strong>quos</strong></span> <span class='ocrx_word' id='word_1_332' title='bbox 1561 3392 1758 3445; x_wconf 91' lang='lat' dir='ltr'><strong>creavit</strong></span> <span class='ocrx_word' id='word_1_333' title='bbox 1787 3391 2130 3446; x_wconf 83' lang='lat' dir='ltr'><strong>rationabiles</strong></span> 
     </span>
    </p>
   </div>
   <div class='ocr_carea' id='block_1_43' title="bbox 551 3462 2127 3535">
    <p class='ocr_par' dir='ltr' id='par_1_43' title="bbox 551 3462 2127 3535">
     <span class='ocr_line' id='line_1_43' title="bbox 551 3462 2127 3535; baseline -0.003 -15"><span class='ocrx_word' id='word_1_334' title='bbox 551 3468 619 3520; x_wconf 85' lang='lat' dir='ltr'><strong>ad</strong></span> <span class='ocrx_word' id='word_1_335' title='bbox 669 3465 950 3535; x_wconf 89' lang='lat' dir='ltr'><strong>imaginem</strong></span> <span class='ocrx_word' id='word_1_336' title='bbox 989 3473 1039 3516; x_wconf 90' lang='lat' dir='ltr'><strong>et</strong></span> <span class='ocrx_word' id='word_1_337' title='bbox 1065 3462 1459 3535; x_wconf 76' lang='lat' dir='ltr'><strong>similitudinem</strong></span> <span class='ocrx_word' id='word_1_338' title='bbox 1490 3476 1658 3514; x_wconf 89' lang='lat' dir='ltr'><strong>suam.</strong></span> <span class='ocrx_word' id='word_1_339' title='bbox 1691 3462 1754 3515; x_wconf 87' lang='lat' dir='ltr'><strong>Et</strong></span> <span class='ocrx_word' id='word_1_340' title='bbox 1800 3462 2127 3535; x_wconf 15' lang='lat' dir='ltr'><strong>egorutique,</strong></span> 
     </span>
    </p>
   </div>
   <div class='ocr_carea' id='block_1_44' title="bbox 554 3531 2132 3605">
    <p class='ocr_par' dir='ltr' id='par_1_44' title="bbox 554 3531 2132 3605">
     <span class='ocr_line' id='line_1_44' title="bbox 554 3531 2132 3605; baseline -0.003 -14"><span class='ocrx_word' id='word_1_341' title='bbox 554 3531 811 3602; x_wconf 55' lang='lat' dir='ltr'><strong>Domine&#39;,</strong></span> <span class='ocrx_word' id='word_1_342' title='bbox 842 3552 935 3605; x_wconf 89' lang='lat' dir='ltr'><strong>per</strong></span> <span class='ocrx_word' id='word_1_343' title='bbox 962 3544 1100 3588; x_wconf 91' lang='lat' dir='ltr'><strong>tuam</strong></span> <span class='ocrx_word' id='word_1_344' title='bbox 1123 3532 1342 3603; x_wconf 88' lang='lat' dir='ltr'><strong>gratiam</strong></span> <span class='ocrx_word' id='word_1_345' title='bbox 1364 3574 1377 3594; x_wconf 87' lang='lat'><strong>,</strong></span> <span class='ocrx_word' id='word_1_346' title='bbox 1408 3531 1703 3605; x_wconf 87' lang='lat' dir='ltr'><strong>bo_m_osnm</strong></span> <span class='ocrx_word' id='word_1_347' title='bbox 1734 3542 1822 3586; x_wconf 91' lang='lat' dir='ltr'><strong>:et</strong></span> <span class='ocrx_word' id='word_1_348' title='bbox 1848 3534 1985 3587; x_wconf 90' lang='lat' dir='ltr'><strong>lilius</strong></span> <span class='ocrx_word' id='word_1_349' title='bbox 2011 3545 2132 3587; x_wconf 92' lang='lat' dir='ltr'><strong>tuus</strong></span> 
     </span>
    </p>
   </div>
   <div class='ocr_carea' id='block_1_45' title="bbox 551 3602 1988 3674">
    <p class='ocr_par' dir='ltr' id='par_1_45' title="bbox 551 3602 1988 3674">
     <span class='ocr_line' id='line_1_45' title="bbox 551 3602 1988 3674; baseline -0.005 -11"><span class='ocrx_word' id='word_1_350' title='bbox 551 3623 673 3663; x_wconf 88' lang='lat' dir='ltr'><strong>esse</strong></span> <span class='ocrx_word' id='word_1_351' title='bbox 696 3602 908 3674; x_wconf 80' lang='lat' dir='ltr'><strong>possum</strong></span> <span class='ocrx_word' id='word_1_352' title='bbox 937 3620 1034 3674; x_wconf 90' lang='lat' dir='ltr'><strong>per</strong></span> <span class='ocrx_word' id='word_1_353' title='bbox 1058 3604 1279 3673; x_wconf 85' lang='lat' dir='ltr'><strong>gratiam</strong></span> <span class='ocrx_word' id='word_1_354' title='bbox 1304 3644 1318 3666; x_wconf 86' lang='lat'><strong>,</strong></span> <span class='ocrx_word' id='word_1_355' title='bbox 1348 3602 1486 3672; x_wconf 91' lang='lat' dir='ltr'><strong>quod</strong></span> <span class='ocrx_word' id='word_1_356' title='bbox 1516 3603 1586 3655; x_wconf 93' lang='lat' dir='ltr'><strong>illi</strong></span> <span class='ocrx_word' id='word_1_357' title='bbox 1616 3618 1717 3655; x_wconf 92' lang='lat' dir='ltr'><strong>non</strong></span> <span class='ocrx_word' id='word_1_358' title='bbox 1750 3613 1988 3672; x_wconf 89' lang='lat' dir='ltr'><strong>possunt.</strong></span> 
     </span>
    </p>
   </div>
   <div class='ocr_carea' id='block_1_46' title="bbox 623 3674 2132 3742">
    <p class='ocr_par' dir='ltr' id='par_1_46' title="bbox 623 3674 2132 3742">
     <span class='ocr_line' id='line_1_46' title="bbox 623 3674 2132 3742; baseline -0.003 -9"><span class='ocrx_word' id='word_1_359' title='bbox 623 3677 773 3733; x_wconf 86' lang='lat' dir='ltr'><strong>Unde</strong></span> <span class='ocrx_word' id='word_1_360' title='bbox 803 3676 903 3730; x_wconf 88' lang='lat' dir='ltr'><strong>hoc</strong></span> <span class='ocrx_word' id='word_1_361' title='bbox 932 3676 1057 3729; x_wconf 90' lang='lat' dir='ltr'><strong>mihi</strong></span> <span class='ocrx_word' id='word_1_362' title='bbox 1079 3714 1093 3736; x_wconf 91' lang='lat'><strong>,</strong></span> <span class='ocrx_word' id='word_1_363' title='bbox 1129 3674 1349 3728; x_wconf 89' lang='lat' dir='ltr'><strong>Domine</strong></span> <span class='ocrx_word' id='word_1_364' title='bbox 1370 3714 1385 3737; x_wconf 88' lang='lat'><strong>,</strong></span> <span class='ocrx_word' id='word_1_365' title='bbox 1416 3674 1607 3727; x_wconf 88' lang='lat' dir='ltr'><strong>veritas</strong></span> <span class='ocrx_word' id='word_1_366' title='bbox 1632 3688 1836 3726; x_wconf 91' lang='lat' dir='ltr'><strong>summa</strong></span> <span class='ocrx_word' id='word_1_367' title='bbox 1858 3715 1872 3738; x_wconf 92' lang='lat'><strong>,</strong></span> <span class='ocrx_word' id='word_1_368' title='bbox 1904 3688 2132 3742; x_wconf 89' lang='lat' dir='ltr'><strong>veraque</strong></span> 
     </span>
    </p>
   </div>
   <div class='ocr_carea' id='block_1_47' title="bbox 552 3743 2133 3813">
    <p class='ocr_par' dir='ltr' id='par_1_47' title="bbox 552 3743 2133 3813">
     <span class='ocr_line' id='line_1_47' title="bbox 552 3743 2133 3813; baseline -0.003 -11"><span class='ocrx_word' id='word_1_369' title='bbox 552 3749 829 3802; x_wconf 83' lang='lat' dir='ltr'><strong>summitas</strong></span> <span class='ocrx_word' id='word_1_370' title='bbox 850 3789 865 3813; x_wconf 94' lang='lat'><strong>,</strong></span> <span class='ocrx_word' id='word_1_371' title='bbox 897 3758 948 3800; x_wconf 94' lang='lat' dir='ltr'><strong>et</strong></span> <span class='ocrx_word' id='word_1_372' title='bbox 982 3745 1290 3813; x_wconf 89' lang='lat' dir='ltr'><strong>principium</strong></span> <span class='ocrx_word' id='word_1_373' title='bbox 1317 3743 1549 3798; x_wconf 90' lang='lat' dir='ltr'><strong>omnium</strong></span> <span class='ocrx_word' id='word_1_374' title='bbox 1571 3753 1962 3809; x_wconf 89' lang='lat' dir='ltr'><strong>creaturarum;</strong></span> <span class='ocrx_word' id='word_1_375' title='bbox 1994 3743 2133 3798; x_wconf 92' lang='lat' dir='ltr'><strong>unde</strong></span> 
     </span>
    </p>
   </div>
   <div class='ocr_carea' id='block_1_48' title="bbox 554 3814 2132 3883">
    <p class='ocr_par' dir='ltr' id='par_1_48' title="bbox 554 3814 2132 3883">
     <span class='ocr_line' id='line_1_48' title="bbox 554 3814 2132 3883; baseline -0.003 -12"><span class='ocrx_word' id='word_1_376' title='bbox 554 3820 655 3872; x_wconf 86' lang='lat' dir='ltr'><strong>huc</strong></span> <span class='ocrx_word' id='word_1_377' title='bbox 679 3818 808 3873; x_wconf 90' lang='lat' dir='ltr'><strong>mibi</strong></span> <span class='ocrx_word' id='word_1_378' title='bbox 833 3859 846 3880; x_wconf 89' lang='lat'><strong>,</strong></span> <span class='ocrx_word' id='word_1_379' title='bbox 882 3817 1132 3875; x_wconf 84' lang='lat' dir='ltr'><strong>Domine.</strong></span> <span class='ocrx_word' id='word_1_380' title='bbox 1179 3825 1234 3867; x_wconf 92' lang='lat' dir='ltr'><strong>ut</strong></span> <span class='ocrx_word' id='word_1_381' title='bbox 1259 3815 1452 3882; x_wconf 92' lang='lat' dir='ltr'><strong>possim</strong></span> <span class='ocrx_word' id='word_1_382' title='bbox 1486 3815 1622 3867; x_wconf 90' lang='lat' dir='ltr'><strong>lilius</strong></span> <span class='ocrx_word' id='word_1_383' title='bbox 1668 3823 1786 3867; x_wconf 89' lang='lat' dir='ltr'><strong>tuus</strong></span> <span class='ocrx_word' id='word_1_384' title='bbox 1817 3814 1928 3869; x_wconf 83' lang='lat' dir='ltr'><strong>ﬁeri</strong></span> <span class='ocrx_word' id='word_1_385' title='bbox 1951 3856 1963 3878; x_wconf 88' lang='lat'><strong>,</strong></span> <span class='ocrx_word' id='word_1_386' title='bbox 1993 3814 2132 3883; x_wconf 91' lang='lat' dir='ltr'><strong>quod</strong></span> 
     </span>
    </p>
   </div>
   <div class='ocr_carea' id='block_1_49' title="bbox 552 3883 2133 3959">
    <p class='ocr_par' dir='ltr' id='par_1_49' title="bbox 552 3883 2133 3959">
     <span class='ocr_line' id='line_1_49' title="bbox 552 3883 2133 3959; baseline -0.004 -16"><span class='ocrx_word' id='word_1_387' title='bbox 552 3890 628 3943; x_wconf 89' lang='lat' dir='ltr'><strong>illi</strong></span> <span class='ocrx_word' id='word_1_388' title='bbox 656 3906 758 3944; x_wconf 91' lang='lat' dir='ltr'><strong>non</strong></span> <span class='ocrx_word' id='word_1_389' title='bbox 788 3888 1054 3959; x_wconf 85' lang='lat' dir='ltr'><strong>possunt?</strong></span> <span class='ocrx_word' id='word_1_390' title='bbox 1093 3886 1168 3959; x_wconf 71' lang='lat' dir='ltr'><strong>&#39;[tt</strong></span> <span class='ocrx_word' id='word_1_391' title='bbox 1214 3886 1354 3959; x_wconf 85' lang='lat' dir='ltr'><strong>enim</strong></span> <span class='ocrx_word' id='word_1_392' title='bbox 1398 3899 1616 3959; x_wconf 81' lang='lat' dir='ltr'><strong>manens</strong></span> <span class='ocrx_word' id='word_1_393' title='bbox 1648 3883 1696 3959; x_wconf 84' lang='lat' dir='ltr'><strong>in</strong></span> <span class='ocrx_word' id='word_1_394' title='bbox 1730 3893 1983 3959; x_wconf 68' lang='lat' dir='ltr'><strong>mtertium</strong></span> <span class='ocrx_word' id='word_1_395' title='bbox 2013 3900 2133 3938; x_wconf 90' lang='lat' dir='ltr'><strong>om-</strong></span> 
     </span>
    </p>
   </div>
   <div class='ocr_carea' id='block_1_50' title="bbox 561 3954 2130 4023">
    <p class='ocr_par' dir='ltr' id='par_1_50' title="bbox 561 3954 2130 4023">
     <span class='ocr_line' id='line_1_50' title="bbox 561 3954 2130 4023; baseline -0.004 -10"><span class='ocrx_word' id='word_1_396' title='bbox 561 3962 645 4013; x_wconf 93' lang='lat' dir='ltr'><strong>nia</strong></span> <span class='ocrx_word' id='word_1_397' title='bbox 680 3954 872 4013; x_wconf 82' lang='lat' dir='ltr'><strong>creasti</strong></span> <span class='ocrx_word' id='word_1_398' title='bbox 905 3958 1081 4011; x_wconf 88' lang='lat' dir='ltr'><strong>simul.</strong></span> <span class='ocrx_word' id='word_1_399' title='bbox 1112 3955 1278 4010; x_wconf 88' lang='lat' dir='ltr'><strong>Simul</strong></span> <span class='ocrx_word' id='word_1_400' title='bbox 1306 3955 1496 4008; x_wconf 80' lang='lat' dir='ltr'><strong>creasti</strong></span> <span class='ocrx_word' id='word_1_401' title='bbox 1526 3954 1766 4009; x_wconf 87' lang='lat' dir='ltr'><strong>homines</strong></span> <span class='ocrx_word' id='word_1_402' title='bbox 1793 3963 1848 4009; x_wconf 90' lang='lat' dir='ltr'><strong>et</strong></span> <span class='ocrx_word' id='word_1_403' title='bbox 1870 3955 2130 4023; x_wconf 88' lang='lat' dir='ltr'><strong>jumenta,</strong></span> 
     </span>
    </p>
   </div>
   <div class='ocr_carea' id='block_1_51' title="bbox 553 4025 2130 4098">
    <p class='ocr_par' dir='ltr' id='par_1_51' title="bbox 553 4025 2130 4098">
     <span class='ocr_line' id='line_1_51' title="bbox 553 4025 2130 4098; baseline -0.004 -15"><span class='ocrx_word' id='word_1_404' title='bbox 553 4031 755 4098; x_wconf 85' lang='lat' dir='ltr'><strong>lapides</strong></span> <span class='ocrx_word' id='word_1_405' title='bbox 782 4039 836 4083; x_wconf 91' lang='lat' dir='ltr'><strong>et</strong></span> <span class='ocrx_word' id='word_1_406' title='bbox 864 4028 1087 4082; x_wconf 79' lang='lat' dir='ltr'><strong>virentia</strong></span> <span class='ocrx_word' id='word_1_407' title='bbox 1136 4035 1309 4080; x_wconf 77' lang='lat' dir='ltr'><strong>terrm.</strong></span> <span class='ocrx_word' id='word_1_408' title='bbox 1342 4025 1455 4098; x_wconf 89' lang='lat' dir='ltr'><strong>Non</strong></span> <span class='ocrx_word' id='word_1_409' title='bbox 1486 4036 1873 4098; x_wconf 69' lang='lat' dir='ltr'><strong>prmccsserunt</strong></span> <span class='ocrx_word' id='word_1_410' title='bbox 1910 4026 2094 4079; x_wconf 92' lang='lat' dir='ltr'><strong>merita</strong></span> <span class='ocrx_word' id='word_1_411' title='bbox 2114 4066 2130 4091; x_wconf 91' lang='lat'><strong>,</strong></span> 
     </span>
    </p>
   </div>
   <div class='ocr_carea' id='block_1_52' title="bbox 555 4096 2133 4165">
    <p class='ocr_par' dir='ltr' id='par_1_52' title="bbox 555 4096 2133 4165">
     <span class='ocr_line' id='line_1_52' title="bbox 555 4096 2133 4165; baseline -0.005 -10"><span class='ocrx_word' id='word_1_412' title='bbox 555 4096 700 4155; x_wconf 83' lang='lat' dir='ltr'><strong>nulla</strong></span> <span class='ocrx_word' id='word_1_413' title='bbox 745 4115 927 4153; x_wconf 87' lang='lat' dir='ltr'><strong>eorum</strong></span> <span class='ocrx_word' id='word_1_414' title='bbox 958 4099 1240 4150; x_wconf 83' lang='lat' dir='ltr'><strong>antecessit</strong></span> <span class='ocrx_word' id='word_1_415' title='bbox 1267 4096 1435 4162; x_wconf 89' lang='lat' dir='ltr'><strong>gratia</strong></span> <span class='ocrx_word' id='word_1_416' title='bbox 1468 4114 1479 4147; x_wconf 92' lang='lat'>:</span> <span class='ocrx_word' id='word_1_417' title='bbox 1512 4096 1635 4165; x_wconf 89' lang='lat' dir='ltr'><strong>quia</strong></span> <span class='ocrx_word' id='word_1_418' title='bbox 1661 4096 1837 4149; x_wconf 87' lang='lat' dir='ltr'><strong>omnia</strong></span> <span class='ocrx_word' id='word_1_419' title='bbox 1888 4104 1973 4149; x_wconf 90' lang='lat' dir='ltr'><strong>tua</strong></span> <span class='ocrx_word' id='word_1_420' title='bbox 2020 4104 2133 4148; x_wconf 89' lang='lat' dir='ltr'><strong>tan-</strong></span> 
     </span>
    </p>
   </div>
   <div class='ocr_carea' id='block_1_53' title="bbox 558 4165 2134 4234">
    <p class='ocr_par' dir='ltr' id='par_1_53' title="bbox 558 4165 2134 4234">
     <span class='ocr_line' id='line_1_53' title="bbox 558 4165 2134 4234; baseline -0.003 -11"><span class='ocrx_word' id='word_1_421' title='bbox 558 4181 669 4224; x_wconf 90' lang='lat' dir='ltr'><strong>tum</strong></span> <span class='ocrx_word' id='word_1_422' title='bbox 700 4171 935 4223; x_wconf 89' lang='lat' dir='ltr'><strong>bonitate</strong></span> <span class='ocrx_word' id='word_1_423' title='bbox 960 4168 1151 4221; x_wconf 83' lang='lat' dir='ltr'><strong>creasti</strong></span> <span class='ocrx_word' id='word_1_424' title='bbox 1178 4208 1192 4229; x_wconf 90' lang='lat'><strong>,</strong></span> <span class='ocrx_word' id='word_1_425' title='bbox 1224 4178 1275 4219; x_wconf 75' lang='lat' dir='ltr'><strong>et</strong></span> <span class='ocrx_word' id='word_1_426' title='bbox 1308 4181 1461 4234; x_wconf 87' lang='lat' dir='ltr'><strong>pares</strong></span> <span class='ocrx_word' id='word_1_427' title='bbox 1485 4180 1671 4219; x_wconf 87' lang='lat' dir='ltr'><strong>onmes</strong></span> <span class='ocrx_word' id='word_1_428' title='bbox 1699 4174 1957 4219; x_wconf 72' lang='lat' dir='ltr'><strong>creatura:</strong></span> <span class='ocrx_word' id='word_1_429' title='bbox 1986 4165 2134 4219; x_wconf 81' lang='lat' dir='ltr'><strong>luere</strong></span> 
     </span>
    </p>
   </div>
   <div class='ocr_carea' id='block_1_54' title="bbox 555 4236 2135 4307">
    <p class='ocr_par' dir='ltr' id='par_1_54' title="bbox 555 4236 2135 4307">
     <span class='ocr_line' id='line_1_54' title="bbox 555 4236 2135 4307; baseline -0.003 -13"><span class='ocrx_word' id='word_1_430' title='bbox 555 4241 610 4294; x_wconf 84' lang='lat' dir='ltr'><strong>in</strong></span> <span class='ocrx_word' id='word_1_431' title='bbox 641 4242 843 4295; x_wconf 89' lang='lat' dir='ltr'><strong>meritis</strong></span> <span class='ocrx_word' id='word_1_432' title='bbox 863 4281 877 4301; x_wconf 86' lang='lat'><strong>,</strong></span> <span class='ocrx_word' id='word_1_433' title='bbox 908 4240 1026 4307; x_wconf 88' lang='lat' dir='ltr'><strong>quia</strong></span> <span class='ocrx_word' id='word_1_434' title='bbox 1059 4240 1293 4289; x_wconf 89' lang='lat' dir='ltr'><strong>omnium</strong></span> <span class='ocrx_word' id='word_1_435' title='bbox 1324 4237 1461 4289; x_wconf 88' lang='lat' dir='ltr'><strong>nulla</strong></span> <span class='ocrx_word' id='word_1_436' title='bbox 1492 4236 1635 4290; x_wconf 82' lang='lat' dir='ltr'><strong>luere</strong></span> <span class='ocrx_word' id='word_1_437' title='bbox 1662 4237 1866 4289; x_wconf 90' lang='lat' dir='ltr'><strong>merita.</strong></span> <span class='ocrx_word' id='word_1_438' title='bbox 1899 4236 1965 4289; x_wconf 80' lang='lat' dir='ltr'><strong>Et</strong></span> <span class='ocrx_word' id='word_1_439' title='bbox 1994 4236 2135 4290; x_wconf 89' lang='lat' dir='ltr'><strong>unde</strong></span> 
     </span>
    </p>
   </div>
   <div class='ocr_carea' id='block_1_55' title="bbox 549 4308 2132 4379">
    <p class='ocr_par' dir='ltr' id='par_1_55' title="bbox 549 4308 2132 4379">
     <span class='ocr_line' id='line_1_55' title="bbox 549 4308 2132 4379; baseline -0.003 -15"><span class='ocrx_word' id='word_1_440' title='bbox 549 4325 686 4379; x_wconf 80' lang='lat' dir='ltr'><strong>ergo</strong></span> <span class='ocrx_word' id='word_1_441' title='bbox 714 4310 882 4379; x_wconf 90' lang='lat' dir='ltr'><strong>magis</strong></span> <span class='ocrx_word' id='word_1_442' title='bbox 927 4319 1010 4379; x_wconf 87' lang='lat' dir='ltr'><strong>tua</strong></span> <span class='ocrx_word' id='word_1_443' title='bbox 1044 4308 1248 4361; x_wconf 86' lang='lat' dir='ltr'><strong>bonitas</strong></span> <span class='ocrx_word' id='word_1_444' title='bbox 1280 4308 1349 4379; x_wconf 11' lang='lat' dir='ltr'><strong>in,</strong></span> <span class='ocrx_word' id='word_1_445' title='bbox 1375 4308 1472 4360; x_wconf 92' lang='lat' dir='ltr'><strong>hac</strong></span> <span class='ocrx_word' id='word_1_446' title='bbox 1516 4314 1602 4379; x_wconf 85' lang='lat' dir='ltr'><strong>tua</strong></span> <span class='ocrx_word' id='word_1_447' title='bbox 1650 4315 1891 4379; x_wconf 75' lang='lat' dir='ltr'><strong>creatura</strong></span> <span class='ocrx_word' id='word_1_448' title='bbox 1914 4347 1929 4371; x_wconf 94' lang='lat'><strong>,</strong></span> <span class='ocrx_word' id='word_1_449' title='bbox 1975 4322 2132 4374; x_wconf 90' lang='lat' dir='ltr'><strong>quam</strong></span> 
     </span>
    </p>
   </div>
   <div class='ocr_carea' id='block_1_56' title="bbox 551 4376 2137 4446">
    <p class='ocr_par' dir='ltr' id='par_1_56' title="bbox 551 4376 2137 4446">
     <span class='ocr_line' id='line_1_56' title="bbox 551 4376 2137 4446; baseline -0.003 -12"><span class='ocrx_word' id='word_1_450' title='bbox 551 4376 729 4434; x_wconf 72' lang='lat' dir='ltr'><strong>fecisti</strong></span> <span class='ocrx_word' id='word_1_451' title='bbox 777 4376 1119 4442; x_wconf 80' lang='lat' dir='ltr'><strong>rationalem,</strong></span> <span class='ocrx_word' id='word_1_452' title='bbox 1152 4392 1307 4445; x_wconf 91' lang='lat' dir='ltr'><strong>quam</strong></span> <span class='ocrx_word' id='word_1_453' title='bbox 1341 4378 1390 4429; x_wconf 93' lang='lat' dir='ltr'><strong>in</strong></span> <span class='ocrx_word' id='word_1_454' title='bbox 1422 4378 1666 4429; x_wconf 91' lang='lat' dir='ltr'><strong>omnibus</strong></span> <span class='ocrx_word' id='word_1_455' title='bbox 1710 4376 1827 4429; x_wconf 91' lang='lat' dir='ltr'><strong>aliis</strong></span> <span class='ocrx_word' id='word_1_456' title='bbox 1864 4392 1981 4446; x_wconf 57' lang='lat' dir='ltr'><strong>quae</strong></span> <span class='ocrx_word' id='word_1_457' title='bbox 2014 4386 2137 4430; x_wconf 91' lang='lat' dir='ltr'><strong>sunt</strong></span> 
     </span>
    </p>
   </div>
   <div class='ocr_carea' id='block_1_57' title="bbox 555 4448 2136 4516">
    <p class='ocr_par' dir='ltr' id='par_1_57' title="bbox 555 4448 2136 4516">
     <span class='ocr_line' id='line_1_57' title="bbox 555 4448 2136 4516; baseline -0.002 -12"><span class='ocrx_word' id='word_1_458' title='bbox 555 4451 679 4505; x_wconf 82' lang='lat' dir='ltr'><strong>sine</strong></span> <span class='ocrx_word' id='word_1_459' title='bbox 722 4450 924 4503; x_wconf 88' lang='lat' dir='ltr'><strong>ratione</strong></span> <span class='ocrx_word' id='word_1_460' title='bbox 945 4490 959 4512; x_wconf 91' lang='lat'><strong>,</strong></span> <span class='ocrx_word' id='word_1_461' title='bbox 1010 4448 1290 4516; x_wconf 88' lang='lat' dir='ltr'><strong>apparuit?</strong></span> <span class='ocrx_word' id='word_1_462' title='bbox 1314 4448 1489 4512; x_wconf 86' lang='lat' dir='ltr'><strong>Quare</strong></span> <span class='ocrx_word' id='word_1_463' title='bbox 1518 4462 1622 4500; x_wconf 91' lang='lat' dir='ltr'><strong>non</strong></span> <span class='ocrx_word' id='word_1_464' title='bbox 1664 4461 1763 4515; x_wconf 93' lang='lat' dir='ltr'><strong>ego</strong></span> <span class='ocrx_word' id='word_1_465' title='bbox 1789 4448 1922 4500; x_wconf 89' lang='lat' dir='ltr'><strong>sicut</strong></span> <span class='ocrx_word' id='word_1_466' title='bbox 1950 4462 2136 4501; x_wconf 89' lang='lat' dir='ltr'><strong>omnes</strong></span> 
     </span>
    </p>
   </div>
   <div class='ocr_carea' id='block_1_58' title="bbox 556 4518 2135 4586">
    <p class='ocr_par' dir='ltr' id='par_1_58' title="bbox 556 4518 2135 4586">
     <span class='ocr_line' id='line_1_58' title="bbox 556 4518 2135 4586; baseline -0.003 -12"><span class='ocrx_word' id='word_1_467' title='bbox 556 4521 690 4583; x_wconf 74' lang='lat' dir='ltr'><strong>illm,</strong></span> <span class='ocrx_word' id='word_1_468' title='bbox 718 4529 808 4573; x_wconf 92' lang='lat' dir='ltr'><strong>aut</strong></span> <span class='ocrx_word' id='word_1_469' title='bbox 833 4534 928 4573; x_wconf 91' lang='lat' dir='ltr'><strong>cur</strong></span> <span class='ocrx_word' id='word_1_470' title='bbox 953 4534 1057 4572; x_wconf 89' lang='lat' dir='ltr'><strong>non</strong></span> <span class='ocrx_word' id='word_1_471' title='bbox 1086 4533 1271 4572; x_wconf 91' lang='lat' dir='ltr'><strong>omnes</strong></span> <span class='ocrx_word' id='word_1_472' title='bbox 1302 4518 1402 4570; x_wconf 66' lang='lat' dir='ltr'><strong>illa:</strong></span> <span class='ocrx_word' id='word_1_473' title='bbox 1429 4519 1565 4571; x_wconf 89' lang='lat' dir='ltr'><strong>sicut</strong></span> <span class='ocrx_word' id='word_1_474' title='bbox 1586 4533 1685 4586; x_wconf 87' lang='lat' dir='ltr'><strong>ego</strong></span> <span class='ocrx_word' id='word_1_475' title='bbox 1704 4557 1718 4580; x_wconf 89' lang='lat'><strong>,</strong></span> <span class='ocrx_word' id='word_1_476' title='bbox 1746 4526 1835 4570; x_wconf 90' lang='lat' dir='ltr'><strong>aut</strong></span> <span class='ocrx_word' id='word_1_477' title='bbox 1861 4532 1960 4586; x_wconf 90' lang='lat' dir='ltr'><strong>ego</strong></span> <span class='ocrx_word' id='word_1_478' title='bbox 1989 4518 2135 4570; x_wconf 89' lang='lat' dir='ltr'><strong>solus</strong></span> 
     </span>
    </p>
   </div>
   <div class='ocr_carea' id='block_1_59' title="bbox 548 4588 2137 4657">
    <p class='ocr_par' dir='ltr' id='par_1_59' title="bbox 548 4588 2137 4657">
     <span class='ocr_line' id='line_1_59' title="bbox 548 4588 2137 4657; baseline -0.003 -12"><span class='ocrx_word' id='word_1_479' title='bbox 548 4593 697 4645; x_wconf 84' lang='lat' dir='ltr'><strong>sicut</strong></span> <span class='ocrx_word' id='word_1_480' title='bbox 725 4600 777 4644; x_wconf 92' lang='lat' dir='ltr'><strong>et</strong></span> <span class='ocrx_word' id='word_1_481' title='bbox 803 4589 945 4644; x_wconf 78' lang='lat' dir='ltr'><strong>illm?</strong></span> <span class='ocrx_word' id='word_1_482' title='bbox 974 4589 1101 4656; x_wconf 78' lang='lat' dir='ltr'><strong>Qua:</strong></span> <span class='ocrx_word' id='word_1_483' title='bbox 1130 4603 1244 4641; x_wconf 85' lang='lat' dir='ltr'><strong>mea</strong></span> <span class='ocrx_word' id='word_1_484' title='bbox 1276 4588 1462 4642; x_wconf 89' lang='lat' dir='ltr'><strong>merita</strong></span> <span class='ocrx_word' id='word_1_485' title='bbox 1484 4630 1498 4650; x_wconf 83' lang='grc'>,</span> <span class='ocrx_word' id='word_1_486' title='bbox 1531 4604 1647 4657; x_wconf 71' lang='lat' dir='ltr'><strong>quae</strong></span> <span class='ocrx_word' id='word_1_487' title='bbox 1686 4602 1801 4640; x_wconf 91' lang='lat' dir='ltr'><strong>mea</strong></span> <span class='ocrx_word' id='word_1_488' title='bbox 1847 4590 2012 4656; x_wconf 87' lang='lat' dir='ltr'><strong>gratia</strong></span> <span class='ocrx_word' id='word_1_489' title='bbox 2038 4629 2052 4650; x_wconf 94' lang='lat'><strong>,</strong></span> <span class='ocrx_word' id='word_1_490' title='bbox 2080 4598 2137 4642; x_wconf 92' lang='lat' dir='ltr'><strong>ut</strong></span> 
     </span>
    </p>
   </div>
   <div class='ocr_carea' id='block_1_60' title="bbox 548 4658 2133 4727">
    <p class='ocr_par' dir='ltr' id='par_1_60' title="bbox 548 4658 2133 4727">
     <span class='ocr_line' id='line_1_60' title="bbox 548 4658 2133 4727; baseline -0.003 -10"><span class='ocrx_word' id='word_1_491' title='bbox 548 4677 647 4717; x_wconf 82' lang='lat' dir='ltr'><strong>me</strong></span> <span class='ocrx_word' id='word_1_492' title='bbox 692 4660 898 4715; x_wconf 72' lang='lat' dir='ltr'><strong>lilium‘</strong></span> <span class='ocrx_word' id='word_1_493' title='bbox 949 4660 1036 4713; x_wconf 87' lang='lat' dir='ltr'><strong>Dei</strong></span> <span class='ocrx_word' id='word_1_494' title='bbox 1090 4674 1244 4727; x_wconf 86' lang='lat' dir='ltr'><strong>posse</strong></span> <span class='ocrx_word' id='word_1_495' title='bbox 1292 4659 1403 4712; x_wconf 85' lang='lat' dir='ltr'><strong>ﬁeri</strong></span> <span class='ocrx_word' id='word_1_496' title='bbox 1450 4658 1842 4727; x_wconf 82' lang='lat' dir='ltr'><strong>suseeptibilem</strong></span> <span class='ocrx_word' id='word_1_497' title='bbox 1887 4673 2133 4725; x_wconf 89' lang='lat' dir='ltr'><strong>creares,</strong></span> 
     </span>
    </p>
   </div>
   <div class='ocr_carea' id='block_1_61' title="bbox 558 4728 2139 4802">
    <p class='ocr_par' dir='ltr' id='par_1_61' title="bbox 558 4728 2139 4802">
     <span class='ocr_line' id='line_1_61' title="bbox 558 4728 2139 4802; baseline -0.003 -16"><span class='ocrx_word' id='word_1_498' title='bbox 558 4732 701 4802; x_wconf 89' lang='lat' dir='ltr'><strong>quod</strong></span> <span class='ocrx_word' id='word_1_499' title='bbox 730 4734 833 4786; x_wconf 90' lang='lat' dir='ltr'><strong>illis</strong></span> <span class='ocrx_word' id='word_1_500' title='bbox 879 4730 1123 4802; x_wconf 81' lang='lat' dir='ltr'><strong>omnibus</strong></span> <span class='ocrx_word' id='word_1_501' title='bbox 1172 4729 1502 4802; x_wconf 84' lang='lat' dir='ltr'><strong>denegares?</strong></span> <span class='ocrx_word' id='word_1_502' title='bbox 1549 4730 1729 4792; x_wconf 87' lang='lat' dir='ltr'><strong>Absit,</strong></span> <span class='ocrx_word' id='word_1_503' title='bbox 1782 4728 2046 4802; x_wconf 83' lang='lat' dir='ltr'><strong>Domine,</strong></span> <span class='ocrx_word' id='word_1_504' title='bbox 2082 4739 2139 4783; x_wconf 92' lang='lat' dir='ltr'><strong>ut</strong></span> 
     </span>
    </p>
   </div>
   <div class='ocr_carea' id='block_1_62' title="bbox 550 4799 2137 4867">
    <p class='ocr_par' dir='ltr' id='par_1_62' title="bbox 550 4799 2137 4867">
     <span class='ocr_line' id='line_1_62' title="bbox 550 4799 2137 4867; baseline -0.003 -10"><span class='ocrx_word' id='word_1_505' title='bbox 550 4799 663 4859; x_wconf 62' lang='lat' dir='ltr'><strong>line</strong></span> <span class='ocrx_word' id='word_1_506' title='bbox 684 4802 931 4859; x_wconf 87' lang='lat' dir='ltr'><strong>sentiam.</strong></span> <span class='ocrx_word' id='word_1_507' title='bbox 960 4801 1069 4855; x_wconf 89' lang='lat' dir='ltr'><strong>Tua</strong></span> <span class='ocrx_word' id='word_1_508' title='bbox 1099 4809 1300 4854; x_wconf 84' lang='lat' dir='ltr'><strong>tantum</strong></span> <span class='ocrx_word' id='word_1_509' title='bbox 1331 4800 1495 4867; x_wconf 86' lang='lat' dir='ltr'><strong>gratia</strong></span> <span class='ocrx_word' id='word_1_510' title='bbox 1514 4840 1527 4858; x_wconf 84' lang='lat'><strong>.</strong></span> <span class='ocrx_word' id='word_1_511' title='bbox 1558 4808 1643 4851; x_wconf 90' lang='lat' dir='ltr'><strong>tua</strong></span> <span class='ocrx_word' id='word_1_512' title='bbox 1690 4807 1888 4851; x_wconf 92' lang='lat' dir='ltr'><strong>tantum</strong></span> <span class='ocrx_word' id='word_1_513' title='bbox 1931 4799 2137 4853; x_wconf 87' lang='lat' dir='ltr'><strong>bonitas</strong></span> 
     </span>
    </p>
   </div>
   <div class='ocr_carea' id='block_1_63' title="bbox 551 4868 2138 4940">
    <p class='ocr_par' dir='ltr' id='par_1_63' title="bbox 551 4868 2138 4940">
     <span class='ocr_line' id='line_1_63' title="bbox 551 4868 2138 4940; baseline -0.002 -14"><span class='ocrx_word' id='word_1_514' title='bbox 551 4876 663 4931; x_wconf 70' lang='lat' dir='ltr'><strong>hoc</strong></span> <span class='ocrx_word' id='word_1_515' title='bbox 691 4875 841 4937; x_wconf 84' lang='lat' dir='ltr'><strong>fecit,</strong></span> <span class='ocrx_word' id='word_1_516' title='bbox 872 4880 929 4926; x_wconf 88' lang='lat' dir='ltr'><strong>ut</strong></span> <span class='ocrx_word' id='word_1_517' title='bbox 951 4886 1123 4927; x_wconf 84' lang='lat' dir='ltr'><strong>essem</strong></span> <span class='ocrx_word' id='word_1_518' title='bbox 1156 4871 1418 4939; x_wconf 84' lang='lat' dir='ltr'><strong>particeps</strong></span> <span class='ocrx_word' id='word_1_519' title='bbox 1443 4869 1897 4940; x_wconf 87' lang='lat' dir='ltr'><strong>dulcedinisejus.</strong></span> <span class='ocrx_word' id='word_1_520' title='bbox 1924 4868 2014 4922; x_wconf 91' lang='lat' dir='ltr'><strong>Illa</strong></span> <span class='ocrx_word' id='word_1_521' title='bbox 2043 4871 2138 4940; x_wconf 84' lang='lat' dir='ltr'><strong>igi-</strong></span> 
     </span>
    </p>
   </div>
   <div class='ocr_carea' id='block_1_64' title="bbox 548 4939 2135 5016">
    <p class='ocr_par' dir='ltr' id='par_1_64' title="bbox 548 4939 2135 5016">
     <span class='ocr_line' id='line_1_64' title="bbox 548 4939 2135 5016; baseline -0.003 -18"><span class='ocrx_word' id='word_1_522' title='bbox 548 4955 645 4999; x_wconf 70' lang='lat' dir='ltr'><strong>tur</strong></span> <span class='ocrx_word' id='word_1_523' title='bbox 670 4946 991 5016; x_wconf 85' lang='lat' dir='ltr'><strong>gratiaqua_</strong></span> <span class='ocrx_word' id='word_1_524' title='bbox 1015 4958 1100 5016; x_wconf 83' lang='lat' dir='ltr'><strong>me</strong></span> <span class='ocrx_word' id='word_1_525' title='bbox 1128 4941 1195 5016; x_wconf 83' lang='lat' dir='ltr'><strong>de</strong></span> <span class='ocrx_word' id='word_1_526' title='bbox 1223 4941 1387 4995; x_wconf 88' lang='lat' dir='ltr'><strong>nihilo</strong></span> <span class='ocrx_word' id='word_1_527' title='bbox 1410 4940 1621 5016; x_wconf 26' lang='lat' dir='ltr'><strong>‘creasti</strong></span> <span class='ocrx_word' id='word_1_528' title='bbox 1639 4981 1654 5004; x_wconf 92' lang='lat'><strong>,</strong></span> <span class='ocrx_word' id='word_1_529' title='bbox 1702 4939 1844 5016; x_wconf 71' lang='lat' dir='ltr'><strong>illam</strong></span> <span class='ocrx_word' id='word_1_530' title='bbox 1866 4981 1880 5005; x_wconf 97' lang='lat'><strong>,</strong></span> <span class='ocrx_word' id='word_1_531' title='bbox 1912 4939 2093 5016; x_wconf 77' lang='lat' dir='ltr'><strong>quaeso</strong></span> <span class='ocrx_word' id='word_1_532' title='bbox 2118 4981 2135 5007; x_wconf 92' lang='lat'><strong>,</strong></span> 
     </span>
    </p>
   </div>
   <div class='ocr_carea' id='block_1_65' title="bbox 560 5009 2134 5082">
    <p class='ocr_par' dir='ltr' id='par_1_65' title="bbox 560 5009 2134 5082">
     <span class='ocr_line' id='line_1_65' title="bbox 560 5009 2134 5082; baseline -0.004 -12"><span class='ocrx_word' id='word_1_533' title='bbox 560 5009 805 5077; x_wconf 72' lang='lat' dir='ltr'><strong>Domine,</strong></span> <span class='ocrx_word' id='word_1_534' title='bbox 824 5009 1031 5069; x_wconf 78' lang='lat' dir='ltr'><strong>damibi</strong></span> <span class='ocrx_word' id='word_1_535' title='bbox 1057 5013 1302 5082; x_wconf 76' lang='lat' dir='ltr'><strong>gratiam,</strong></span> <span class='ocrx_word' id='word_1_536' title='bbox 1318 5019 1374 5065; x_wconf 93' lang='lat' dir='ltr'><strong>ut</strong></span> <span class='ocrx_word' id='word_1_537' title='bbox 1387 5011 1477 5064; x_wconf 90' lang='lat' dir='ltr'><strong>tibi</strong></span> <span class='ocrx_word' id='word_1_538' title='bbox 1492 5010 1561 5082; x_wconf 83' lang='lat' dir='ltr'><strong>de</strong></span> <span class='ocrx_word' id='word_1_539' title='bbox 1572 5012 1669 5061; x_wconf 79' lang='lat' dir='ltr'><strong>hoc</strong></span> <span class='ocrx_word' id='word_1_540' title='bbox 1682 5009 1906 5082; x_wconf 72' lang='lat' dir='ltr'><strong>referam</strong></span> <span class='ocrx_word' id='word_1_541' title='bbox 1920 5011 2134 5079; x_wconf 84' lang='lat' dir='ltr'><strong>gratias.</strong></span> 
     </span>
    </p>
   </div>
   <div class='ocr_carea' id='block_1_66' title="bbox 630 5079 2136 5151">
    <p class='ocr_par' dir='ltr' id='par_1_66' title="bbox 630 5079 2136 5151">
     <span class='ocr_line' id='line_1_66' title="bbox 630 5079 2136 5151; baseline -0.004 -12"><span class='ocrx_word' id='word_1_542' title='bbox 630 5086 857 5142; x_wconf 82' lang='lat' dir='ltr'><strong>CAPUT</strong></span> <span class='ocrx_word' id='word_1_543' title='bbox 903 5083 993 5139; x_wconf 81' lang='lat' dir='ltr'><strong>IX.</strong></span> <span class='ocrx_word' id='word_1_544' title='bbox 1026 5079 1103 5137; x_wconf 79' lang='lat' dir='ltr'><strong>De</strong></span> <span class='ocrx_word' id='word_1_545' title='bbox 1145 5082 1505 5151; x_wconf 84' lang='lat' dir='ltr'><strong>omnipotentia</strong></span> <span class='ocrx_word' id='word_1_546' title='bbox 1538 5080 1648 5134; x_wconf 89' lang='lat' dir='ltr'><strong>Dei.</strong></span> <span class='ocrx_word' id='word_1_547' title='bbox 1680 5079 1784 5134; x_wconf 85' lang='lat' dir='ltr'><strong>Cur</strong></span> <span class='ocrx_word' id='word_1_548' title='bbox 1811 5097 1903 5134; x_wconf 85' lang='lat' dir='ltr'><strong>nos</strong></span> <span class='ocrx_word' id='word_1_549' title='bbox 1930 5098 2029 5133; x_wconf 84' lang='lat' dir='ltr'><strong>non</strong></span> <span class='ocrx_word' id='word_1_550' title='bbox 2057 5082 2136 5134; x_wconf 83' lang='lat' dir='ltr'><strong>la-</strong></span> 
     </span>
    </p>
   </div>
   <div class='ocr_carea' id='block_1_67' title="bbox 552 5152 2141 5226">
    <p class='ocr_par' dir='ltr' id='par_1_67' title="bbox 552 5152 2141 5226">
     <span class='ocr_line' id='line_1_67' title="bbox 552 5152 2141 5226; baseline -0.003 -16"><span class='ocrx_word' id='word_1_551' title='bbox 552 5158 844 5226; x_wconf 71' lang='lat' dir='ltr'><strong>pis,arbor,</strong></span> <span class='ocrx_word' id='word_1_552' title='bbox 878 5166 981 5210; x_wconf 90' lang='lat' dir='ltr'><strong>etc.</strong></span> <span class='ocrx_word' id='word_1_553' title='bbox 1012 5194 1029 5221; x_wconf 91' lang='lat'><strong>,</strong></span> <span class='ocrx_word' id='word_1_554' title='bbox 1060 5152 1574 5226; x_wconf 75' lang='lat' dir='ltr'><strong>facti._0mnipotens</strong></span> <span class='ocrx_word' id='word_1_555' title='bbox 1601 5166 1790 5226; x_wconf 85' lang='lat' dir='ltr'><strong>manus</strong></span> <span class='ocrx_word' id='word_1_556' title='bbox 1824 5160 1913 5226; x_wconf 83' lang='lat' dir='ltr'><strong>tua</strong></span> <span class='ocrx_word' id='word_1_557' title='bbox 1929 5166 2141 5221; x_wconf 89' lang='lat' dir='ltr'><strong>semper</strong></span> 
     </span>
    </p>
   </div>
   <div class='ocr_carea' id='block_1_68' title="bbox 555 5222 2138 5291">
    <p class='ocr_par' dir='ltr' id='par_1_68' title="bbox 555 5222 2138 5291">
     <span class='ocr_line' id='line_1_68' title="bbox 555 5222 2138 5291; baseline -0.005 -8"><span class='ocrx_word' id='word_1_558' title='bbox 555 5222 661 5283; x_wconf 80' lang='lat' dir='ltr'><strong>una</strong></span> <span class='ocrx_word' id='word_1_559' title='bbox 693 5238 746 5282; x_wconf 89' lang='lat' dir='ltr'><strong>et</strong></span> <span class='ocrx_word' id='word_1_560' title='bbox 782 5227 1002 5291; x_wconf 81' lang='lat' dir='ltr'><strong>eadem,</strong></span> <span class='ocrx_word' id='word_1_561' title='bbox 1051 5224 1252 5279; x_wconf 61' lang='lat' dir='ltr'><strong>creavit</strong></span> <span class='ocrx_word' id='word_1_562' title='bbox 1299 5224 1349 5275; x_wconf 91' lang='lat' dir='ltr'><strong>in</strong></span> <span class='ocrx_word' id='word_1_563' title='bbox 1404 5222 1540 5275; x_wconf 65' lang='lat' dir='ltr'><strong>caelo</strong></span> <span class='ocrx_word' id='word_1_564' title='bbox 1584 5222 1852 5290; x_wconf 85' lang='lat' dir='ltr'><strong>Angelos,</strong></span> <span class='ocrx_word' id='word_1_565' title='bbox 1903 5222 1953 5275; x_wconf 91' lang='lat' dir='ltr'><strong>in</strong></span> <span class='ocrx_word' id='word_1_566' title='bbox 2001 5231 2138 5276; x_wconf 89' lang='lat' dir='ltr'><strong>terra</strong></span> 
     </span>
    </p>
   </div>
   <div class='ocr_carea' id='block_1_69' title="bbox 554 5293 2137 5365">
    <p class='ocr_par' dir='ltr' id='par_1_69' title="bbox 554 5293 2137 5365">
     <span class='ocr_line' id='line_1_69' title="bbox 554 5293 2137 5365; baseline -0.003 -16"><span class='ocrx_word' id='word_1_567' title='bbox 554 5298 876 5365; x_wconf 78' lang='lat' dir='ltr'><strong>vermiculos</strong></span> <span class='ocrx_word' id='word_1_568' title='bbox 903 5313 916 5349; x_wconf 89' lang='lat'><strong>:</strong></span> <span class='ocrx_word' id='word_1_569' title='bbox 941 5312 1043 5348; x_wconf 92' lang='lat' dir='ltr'><strong>non</strong></span> <span class='ocrx_word' id='word_1_570' title='bbox 1066 5296 1308 5363; x_wconf 85' lang='lat' dir='ltr'><strong>superior</strong></span> <span class='ocrx_word' id='word_1_571' title='bbox 1334 5294 1385 5347; x_wconf 92' lang='lat' dir='ltr'><strong>in</strong></span> <span class='ocrx_word' id='word_1_572' title='bbox 1412 5294 1532 5354; x_wconf 82' lang='lat' dir='ltr'><strong>illis,</strong></span> <span class='ocrx_word' id='word_1_573' title='bbox 1564 5309 1676 5365; x_wconf 81' lang='lat' dir='ltr'><strong>non</strong></span> <span class='ocrx_word' id='word_1_574' title='bbox 1697 5293 1978 5365; x_wconf 82' lang='lat' dir='ltr'><strong>infcriorin</strong></span> <span class='ocrx_word' id='word_1_575' title='bbox 2003 5293 2137 5346; x_wconf 88' lang='lat' dir='ltr'><strong>istis.</strong></span> 
     </span>
    </p>
   </div>
   <div class='ocr_carea' id='block_1_70' title="bbox 548 5362 2142 5433">
    <p class='ocr_par' dir='ltr' id='par_1_70' title="bbox 548 5362 2142 5433">
     <span class='ocr_line' id='line_1_70' title="bbox 548 5362 2142 5433; baseline -0.004 -10"><span class='ocrx_word' id='word_1_576' title='bbox 548 5362 707 5423; x_wconf 82' lang='lat' dir='ltr'><strong>Sicut</strong></span> <span class='ocrx_word' id='word_1_577' title='bbox 735 5368 873 5421; x_wconf 90' lang='lat' dir='ltr'><strong>enim</strong></span> <span class='ocrx_word' id='word_1_578' title='bbox 925 5366 1063 5419; x_wconf 90' lang='lat' dir='ltr'><strong>nulla</strong></span> <span class='ocrx_word' id='word_1_579' title='bbox 1097 5380 1286 5419; x_wconf 88' lang='lat' dir='ltr'><strong>manus</strong></span> <span class='ocrx_word' id='word_1_580' title='bbox 1330 5364 1619 5433; x_wconf 82' lang='lat' dir='ltr'><strong>Angelum,</strong></span> <span class='ocrx_word' id='word_1_581' title='bbox 1664 5362 1734 5416; x_wconf 79' lang='lat' dir='ltr'><strong>ita</strong></span> <span class='ocrx_word' id='word_1_582' title='bbox 1778 5363 1921 5415; x_wconf 90' lang='lat' dir='ltr'><strong>nulla</strong></span> <span class='ocrx_word' id='word_1_583' title='bbox 1966 5372 2142 5430; x_wconf 73' lang='lat' dir='ltr'><strong>posset</strong></span> 
     </span>
    </p>
   </div>
   <div class='ocr_carea' id='block_1_71' title="bbox 557 5433 2138 5497">
    <p class='ocr_par' dir='ltr' id='par_1_71' title="bbox 557 5433 2138 5497">
     <span class='ocr_line' id='line_1_71' title="bbox 557 5433 2138 5497; baseline -0.006 -3"><span class='ocrx_word' id='word_1_584' title='bbox 557 5453 744 5494; x_wconf 88' lang='lat' dir='ltr'><strong>creare</strong></span> <span class='ocrx_word' id='word_1_585' title='bbox 772 5438 1119 5491; x_wconf 80' lang='lat' dir='ltr'><strong>verinieulnm</strong></span> <span class='ocrx_word' id='word_1_586' title='bbox 1171 5452 1186 5487; x_wconf 88' lang='lat'><strong>:</strong></span> <span class='ocrx_word' id='word_1_587' title='bbox 1224 5436 1359 5488; x_wconf 91' lang='lat' dir='ltr'><strong>sicut</strong></span> <span class='ocrx_word' id='word_1_588' title='bbox 1404 5434 1546 5487; x_wconf 89' lang='lat' dir='ltr'><strong>nulla</strong></span> <span class='ocrx_word' id='word_1_589' title='bbox 1594 5435 1785 5487; x_wconf 65' lang='lat' dir='ltr'><strong>coelum</strong></span> <span class='ocrx_word' id='word_1_590' title='bbox 1812 5475 1827 5497; x_wconf 88' lang='lat'><strong>,</strong></span> <span class='ocrx_word' id='word_1_591' title='bbox 1879 5434 1947 5486; x_wconf 90' lang='lat' dir='ltr'><strong>ita</strong></span> <span class='ocrx_word' id='word_1_592' title='bbox 1998 5433 2138 5486; x_wconf 88' lang='lat' dir='ltr'><strong>nulla</strong></span> 
     </span>
    </p>
   </div>
   <div class='ocr_carea' id='block_1_72' title="bbox 556 5503 2139 5577">
    <p class='ocr_par' dir='ltr' id='par_1_72' title="bbox 556 5503 2139 5577">
     <span class='ocr_line' id='line_1_72' title="bbox 556 5503 2139 5577; baseline -0.003 -15"><span class='ocrx_word' id='word_1_593' title='bbox 556 5516 740 5577; x_wconf 66' lang='lat' dir='ltr'><strong>posset</strong></span> <span class='ocrx_word' id='word_1_594' title='bbox 765 5522 949 5561; x_wconf 82' lang='lat' dir='ltr'><strong>creare</strong></span> <span class='ocrx_word' id='word_1_595' title='bbox 994 5505 1268 5577; x_wconf 78' lang='lat' dir='ltr'><strong>minimum</strong></span> <span class='ocrx_word' id='word_1_596' title='bbox 1298 5504 1502 5577; x_wconf 82' lang='lat' dir='ltr'><strong>arboris</strong></span> <span class='ocrx_word' id='word_1_597' title='bbox 1531 5503 1708 5577; x_wconf 80' lang='lat' dir='ltr'><strong>folium</strong></span> <span class='ocrx_word' id='word_1_598' title='bbox 1757 5520 1771 5555; x_wconf 89' lang='lat'><strong>:</strong></span> <span class='ocrx_word' id='word_1_599' title='bbox 1818 5505 1949 5557; x_wconf 80' lang='lat' dir='ltr'><strong>sicut</strong></span> <span class='ocrx_word' id='word_1_600' title='bbox 1972 5504 2139 5577; x_wconf 35' lang='lat' dir='ltr'><strong>Anulla</strong></span> 
     </span>
    </p>
   </div>
   <div class='ocr_carea' id='block_1_73' title="bbox 553 5572 2140 5648">
    <p class='ocr_par' dir='ltr' id='par_1_73' title="bbox 553 5572 2140 5648">
     <span class='ocr_line' id='line_1_73' title="bbox 553 5572 2140 5648; baseline -0.003 -15"><span class='ocrx_word' id='word_1_601' title='bbox 553 5572 756 5648; x_wconf 77' lang='lat' dir='ltr'><strong>corpus</strong></span> <span class='ocrx_word' id='word_1_602' title='bbox 775 5617 788 5638; x_wconf 88' lang='lat'><strong>,</strong></span> <span class='ocrx_word' id='word_1_603' title='bbox 818 5578 886 5629; x_wconf 84' lang='lat' dir='ltr'><strong>ita</strong></span> <span class='ocrx_word' id='word_1_604' title='bbox 911 5575 1057 5648; x_wconf 82' lang='lat' dir='ltr'><strong>nulla</strong></span> <span class='ocrx_word' id='word_1_605' title='bbox 1086 5590 1248 5648; x_wconf 80' lang='lat' dir='ltr'><strong>unum</strong></span> <span class='ocrx_word' id='word_1_606' title='bbox 1278 5576 1525 5641; x_wconf 89' lang='lat' dir='ltr'><strong>capillum</strong></span> <span class='ocrx_word' id='word_1_607' title='bbox 1553 5574 1728 5626; x_wconf 88' lang='lat' dir='ltr'><strong>allmm</strong></span> <span class='ocrx_word' id='word_1_608' title='bbox 1762 5584 1937 5648; x_wconf 79' lang='lat' dir='ltr'><strong>posset</strong></span> <span class='ocrx_word' id='word_1_609' title='bbox 1965 5572 2140 5648; x_wconf 80' lang='lat' dir='ltr'><strong>facere</strong></span> 
     </span>
    </p>
   </div>
   <div class='ocr_carea' id='block_1_74' title="bbox 554 5644 2138 5717">
    <p class='ocr_par' dir='ltr' id='par_1_74' title="bbox 554 5644 2138 5717">
     <span class='ocr_line' id='line_1_74' title="bbox 554 5644 2138 5717; baseline -0.005 -14"><span class='ocrx_word' id='word_1_610' title='bbox 554 5644 921 5717; x_wconf 44' lang='lat' dir='ltr'><strong>ant&#39;nigrum;</strong></span> <span class='ocrx_word' id='word_1_611' title='bbox 950 5646 1043 5699; x_wconf 89' lang='lat' dir='ltr'><strong>sed</strong></span> <span class='ocrx_word' id='word_1_612' title='bbox 1064 5644 1413 5717; x_wconf 61' lang='lat' dir='ltr'><strong>munipotetis</strong></span> <span class='ocrx_word' id='word_1_613' title='bbox 1439 5660 1626 5717; x_wconf 81' lang='lat' dir='ltr'><strong>manus</strong></span> <span class='ocrx_word' id='word_1_614' title='bbox 1669 5656 1754 5695; x_wconf 87' lang='lat' dir='ltr'><strong>ttta</strong></span> <span class='ocrx_word' id='word_1_615' title='bbox 1774 5686 1785 5702; x_wconf 86' lang='lat'><strong>.</strong></span> <span class='ocrx_word' id='word_1_616' title='bbox 1834 5646 1943 5717; x_wconf 3' lang='lat' dir='ltr'><strong>cui,</strong></span> <span class='ocrx_word' id='word_1_617' title='bbox 1963 5646 2138 5698; x_wconf 86' lang='lat' dir='ltr'><strong>omnia</strong></span> 
     </span>
    </p>
   </div>
   <div class='ocr_carea' id='block_1_75' title="bbox 556 5713 2141 5790">
    <p class='ocr_par' dir='ltr' id='par_1_75' title="bbox 556 5713 2141 5790">
     <span class='ocr_line' id='line_1_75' title="bbox 556 5713 2141 5790; baseline -0.004 -17"><span class='ocrx_word' id='word_1_618' title='bbox 556 5720 673 5790; x_wconf 86' lang='lat' dir='ltr'><strong>pari</strong></span> <span class='ocrx_word' id='word_1_619' title='bbox 704 5713 864 5772; x_wconf 79' lang='lat' dir='ltr'><strong>modo</strong></span> <span class='ocrx_word' id='word_1_620' title='bbox 898 5725 1024 5769; x_wconf 89' lang='lat' dir='ltr'><strong>sunt</strong></span> <span class='ocrx_word' id='word_1_621' title='bbox 1054 5714 1341 5783; x_wconf 86' lang='lat' dir='ltr'><strong>possibilia.</strong></span> <span class='ocrx_word' id='word_1_622' title='bbox 1368 5713 1479 5768; x_wconf 79' lang='lat' dir='ltr'><strong>Nec</strong></span> <span class='ocrx_word' id='word_1_623' title='bbox 1522 5715 1663 5767; x_wconf 88' lang='lat' dir='ltr'><strong>enim</strong></span> <span class='ocrx_word' id='word_1_624' title='bbox 1714 5715 2016 5783; x_wconf 83' lang='lat' dir='ltr'><strong>possibilius</strong></span> <span class='ocrx_word' id='word_1_625' title='bbox 2060 5723 2141 5769; x_wconf 90' lang='lat' dir='ltr'><strong>est</strong></span> 
     </span>
    </p>
   </div>
   <div class='ocr_carea' id='block_1_76' title="bbox 622 5814 1182 5869">
    <p class='ocr_par' dir='ltr' id='par_1_76' title="bbox 622 5814 1182 5869">
     <span class='ocr_line' id='line_1_76' title="bbox 622 5814 1182 5869; baseline -0.014 -10"><span class='ocrx_word' id='word_1_626' title='bbox 622 5814 637 5845; x_wconf 80' lang='grc' dir='ltr'>ί</span> <span class='ocrx_word' id='word_1_627' title='bbox 664 5816 746 5859; x_wconf 82' lang='lat' dir='ltr'><strong>Its.</strong></span> <span class='ocrx_word' id='word_1_628' title='bbox 768 5815 906 5869; x_wconf 83' lang='lat' dir='ltr'><strong>neg.,</strong></span> <span class='ocrx_word' id='word_1_629' title='bbox 932 5814 1182 5869; x_wconf 78' lang='lat' dir='ltr'><strong>per/icere.</strong></span> 
     </span>
    </p>
   </div>
   <div class='ocr_carea' id='block_1_77' title="bbox 618 5861 1761 5929">
    <p class='ocr_par' dir='ltr' id='par_1_77' title="bbox 618 5861 1761 5929">
     <span class='ocr_line' id='line_1_77' title="bbox 618 5861 1761 5929; baseline -0.004 -12"><span class='ocrx_word' id='word_1_630' title='bbox 618 5876 637 5906; x_wconf 77' lang='grc'>²</span> <span class='ocrx_word' id='word_1_631' title='bbox 666 5877 734 5920; x_wconf 82' lang='lat' dir='ltr'><strong>tta</strong></span> <span class='ocrx_word' id='word_1_632' title='bbox 752 5861 862 5919; x_wconf 65' lang='grc' dir='ltr'>ιιιδςῖ</span> <span class='ocrx_word' id='word_1_633' title='bbox 883 5861 942 5916; x_wconf 73' lang='grc' dir='ltr'><strong>Ᾱί</strong></span> <span class='ocrx_word' id='word_1_634' title='bbox 962 5861 1098 5929; x_wconf 80' lang='lat' dir='ltr'><strong>editi,</strong></span> <span class='ocrx_word' id='word_1_635' title='bbox 1124 5877 1210 5929; x_wconf 77' lang='lat' dir='ltr'><strong>per</strong></span> <span class='ocrx_word' id='word_1_636' title='bbox 1231 5861 1420 5913; x_wconf 82' lang='lat' dir='ltr'><strong>unicum</strong></span> <span class='ocrx_word' id='word_1_637' title='bbox 1444 5862 1761 5913; x_wconf 77' lang='lat' dir='ltr'><strong>colta&#39;rctlem.</strong></span> 
     </span>
    </p>
   </div>
   <div class='ocr_carea' id='block_1_78' title="bbox 620 5928 1041 5991">
    <p class='ocr_par' dir='ltr' id='par_1_78' title="bbox 620 5928 1041 5991">
     <span class='ocr_line' id='line_1_78' title="bbox 620 5928 1041 5991; baseline -0.012 -10"><span class='ocrx_word' id='word_1_638' title='bbox 620 5934 638 5966; x_wconf 71' lang='grc'>³</span> <span class='ocrx_word' id='word_1_639' title='bbox 666 5938 749 5981; x_wconf 75' lang='lat' dir='ltr'><strong>IIS.</strong></span> <span class='ocrx_word' id='word_1_640' title='bbox 770 5936 907 5988; x_wconf 44' lang='lat' dir='ltr'><strong>Begu</strong></span> <span class='ocrx_word' id='word_1_641' title='bbox 931 5928 1041 5991; x_wconf 73' lang='lat' dir='ltr'><strong>lilii.</strong></span> 
     </span>
    </p>
   </div>
   <div class='ocr_carea' id='block_1_79' title="bbox 3710 467 3809 523">
    <p class='ocr_par' dir='ltr' id='par_1_79' title="bbox 3710 467 3809 523">
     <span class='ocr_line' id='line_1_79' title="bbox 3710 467 3809 523; baseline -0.01 0"><span class='ocrx_word' id='word_1_642' title='bbox 3710 467 3809 523; x_wconf 68' lang='lat' dir='ltr'><strong>S72</strong></span> 
     </span>
    </p>
   </div>
   <div class='ocr_carea' id='block_1_80' title="bbox 2214 577 3805 650">
    <p class='ocr_par' dir='ltr' id='par_1_80' title="bbox 2214 577 3805 650">
     <span class='ocr_line' id='line_1_80' title="bbox 2214 577 3805 650; baseline 0.003 -17"><span class='ocrx_word' id='word_1_643' title='bbox 2214 577 2263 650; x_wconf 85' lang='lat' dir='ltr'><strong>ei</strong></span> <span class='ocrx_word' id='word_1_644' title='bbox 2291 591 2473 633; x_wconf 90' lang='lat' dir='ltr'><strong>creare</strong></span> <span class='ocrx_word' id='word_1_645' title='bbox 2496 577 2839 650; x_wconf 82' lang='lat' dir='ltr'><strong>vermiculum</strong></span> <span class='ocrx_word' id='word_1_646' title='bbox 2861 619 2877 643; x_wconf 96' lang='lat'><strong>,</strong></span> <span class='ocrx_word' id='word_1_647' title='bbox 2904 592 3062 648; x_wconf 90' lang='lat' dir='ltr'><strong>quam</strong></span> <span class='ocrx_word' id='word_1_648' title='bbox 3102 578 3385 649; x_wconf 86' lang='lat' dir='ltr'><strong>angelum;</strong></span> <span class='ocrx_word' id='word_1_649' title='bbox 3417 595 3521 635; x_wconf 88' lang='lat' dir='ltr'><strong>nec</strong></span> <span class='ocrx_word' id='word_1_650' title='bbox 3549 580 3805 650; x_wconf 85' lang='lat' dir='ltr'><strong>impossi-</strong></span> 
     </span>
    </p>
   </div>
   <div class='ocr_carea' id='block_1_81' title="bbox 2214 648 3809 717">
    <p class='ocr_par' dir='ltr' id='par_1_81' title="bbox 2214 648 3809 717">
     <span class='ocr_line' id='line_1_81' title="bbox 2214 648 3809 717; baseline 0.004 -16"><span class='ocrx_word' id='word_1_651' title='bbox 2214 648 2373 702; x_wconf 90' lang='lat' dir='ltr'><strong>bilius</strong></span> <span class='ocrx_word' id='word_1_652' title='bbox 2401 649 2690 703; x_wconf 78' lang='lat' dir='ltr'><strong>extendere</strong></span> <span class='ocrx_word' id='word_1_653' title='bbox 2733 648 2964 712; x_wconf 61' lang='lat' dir='ltr'><strong>caelum,</strong></span> <span class='ocrx_word' id='word_1_654' title='bbox 3015 648 3191 717; x_wconf 13' lang='lat' dir='ltr'><strong>quam,</strong></span> <span class='ocrx_word' id='word_1_655' title='bbox 3220 650 3442 711; x_wconf 83' lang='lat' dir='ltr'><strong>folium;</strong></span> <span class='ocrx_word' id='word_1_656' title='bbox 3492 666 3596 704; x_wconf 90' lang='lat' dir='ltr'><strong>nec</strong></span> <span class='ocrx_word' id='word_1_657' title='bbox 3634 648 3809 707; x_wconf 82' lang='lat' dir='ltr'><strong>levius</strong></span> 
     </span>
    </p>
   </div>
   <div class='ocr_carea' id='block_1_82' title="bbox 2216 718 3807 788">
    <p class='ocr_par' dir='ltr' id='par_1_82' title="bbox 2216 718 3807 788">
     <span class='ocr_line' id='line_1_82' title="bbox 2216 718 3807 788; baseline 0.004 -17"><span class='ocrx_word' id='word_1_658' title='bbox 2216 718 2443 773; x_wconf 83' lang='lat' dir='ltr'><strong>formare</strong></span> <span class='ocrx_word' id='word_1_659' title='bbox 2469 720 2747 787; x_wconf 90' lang='lat' dir='ltr'><strong>capillum,</strong></span> <span class='ocrx_word' id='word_1_660' title='bbox 2793 734 2951 788; x_wconf 90' lang='lat' dir='ltr'><strong>quam</strong></span> <span class='ocrx_word' id='word_1_661' title='bbox 2996 734 3221 787; x_wconf 89' lang='lat' dir='ltr'><strong>corpus;</strong></span> <span class='ocrx_word' id='word_1_662' title='bbox 3251 735 3349 774; x_wconf 93' lang='lat' dir='ltr'><strong>nee</strong></span> <span class='ocrx_word' id='word_1_663' title='bbox 3375 720 3660 775; x_wconf 81' lang='lat' dir='ltr'><strong>difﬁcilius</strong></span> <span class='ocrx_word' id='word_1_664' title='bbox 3689 723 3807 777; x_wconf 84' lang='lat' dir='ltr'><strong>lun-</strong></span> 
     </span>
    </p>
   </div>
   <div class='ocr_carea' id='block_1_83' title="bbox 2214 788 3812 864">
    <p class='ocr_par' dir='ltr' id='par_1_83' title="bbox 2214 788 3812 864">
     <span class='ocr_line' id='line_1_83' title="bbox 2214 788 3812 864; baseline 0.004 -23"><span class='ocrx_word' id='word_1_665' title='bbox 2214 788 2341 843; x_wconf 92' lang='lat' dir='ltr'><strong>dare</strong></span> <span class='ocrx_word' id='word_1_666' title='bbox 2368 798 2560 864; x_wconf 77' lang='lat' dir='ltr'><strong>terram</strong></span> <span class='ocrx_word' id='word_1_667' title='bbox 2587 804 2746 864; x_wconf 83' lang='lat' dir='ltr'><strong>super</strong></span> <span class='ocrx_word' id='word_1_668' title='bbox 2770 804 2963 864; x_wconf 79' lang='lat' dir='ltr'><strong>aquas,</strong></span> <span class='ocrx_word' id='word_1_669' title='bbox 2994 805 3149 857; x_wconf 92' lang='lat' dir='ltr'><strong>quam</strong></span> <span class='ocrx_word' id='word_1_670' title='bbox 3178 806 3347 864; x_wconf 81' lang='lat' dir='ltr'><strong>aquas</strong></span> <span class='ocrx_word' id='word_1_671' title='bbox 3388 792 3619 864; x_wconf 80' lang='lat' dir='ltr'><strong>fundare</strong></span> <span class='ocrx_word' id='word_1_672' title='bbox 3650 809 3812 864; x_wconf 90' lang='lat' dir='ltr'><strong>super</strong></span> 
     </span>
    </p>
   </div>
   <div class='ocr_carea' id='block_1_84' title="bbox 2216 860 3811 929">
    <p class='ocr_par' dir='ltr' id='par_1_84' title="bbox 2216 860 3811 929">
     <span class='ocr_line' id='line_1_84' title="bbox 2216 860 3811 929; baseline 0.001 -18"><span class='ocrx_word' id='word_1_673' title='bbox 2216 868 2411 913; x_wconf 90' lang='lat' dir='ltr'><strong>terram</strong></span> <span class='ocrx_word' id='word_1_674' title='bbox 2438 860 2451 889; x_wconf 86' lang='grc'>¹</span> <span class='ocrx_word' id='word_1_675' title='bbox 2482 878 2495 913; x_wconf 89' lang='lat'><strong>:</strong></span> <span class='ocrx_word' id='word_1_676' title='bbox 2523 860 2614 913; x_wconf 88' lang='lat' dir='ltr'><strong>sed</strong></span> <span class='ocrx_word' id='word_1_677' title='bbox 2637 860 2815 914; x_wconf 71' lang='lat' dir='ltr'><strong>omnia</strong></span> <span class='ocrx_word' id='word_1_678' title='bbox 2838 875 3182 929; x_wconf 71' lang='lat' dir='ltr'><strong>qumcumque</strong></span> <span class='ocrx_word' id='word_1_679' title='bbox 3208 860 3375 913; x_wconf 85' lang='lat' dir='ltr'><strong>voluit</strong></span> <span class='ocrx_word' id='word_1_680' title='bbox 3406 860 3560 923; x_wconf 79' lang='lat' dir='ltr'><strong>fecit,</strong></span> <span class='ocrx_word' id='word_1_681' title='bbox 3594 864 3648 916; x_wconf 91' lang='lat' dir='ltr'><strong>in</strong></span> <span class='ocrx_word' id='word_1_682' title='bbox 3673 860 3811 918; x_wconf 64' lang='lat' dir='ltr'><strong>caelo</strong></span> 
     </span>
    </p>
   </div>
   <div class='ocr_carea' id='block_1_85' title="bbox 2216 930 3814 1002">
    <p class='ocr_par' dir='ltr' id='par_1_85' title="bbox 2216 930 3814 1002">
     <span class='ocr_line' id='line_1_85' title="bbox 2216 930 3814 1002; baseline 0.004 -20"><span class='ocrx_word' id='word_1_683' title='bbox 2216 930 2344 1002; x_wconf 81' lang='lat' dir='ltr'><strong>etin</strong></span> <span class='ocrx_word' id='word_1_684' title='bbox 2374 938 2514 983; x_wconf 88' lang='lat' dir='ltr'><strong>terra</strong></span> <span class='ocrx_word' id='word_1_685' title='bbox 2537 970 2555 1002; x_wconf 79' lang='lat'><strong>,</strong></span> <span class='ocrx_word' id='word_1_686' title='bbox 2590 931 2640 983; x_wconf 92' lang='lat' dir='ltr'><strong>in</strong></span> <span class='ocrx_word' id='word_1_687' title='bbox 2670 931 2801 1002; x_wconf 84' lang='lat' dir='ltr'><strong>mari</strong></span> <span class='ocrx_word' id='word_1_688' title='bbox 2841 938 2895 981; x_wconf 90' lang='lat' dir='ltr'><strong>et</strong></span> <span class='ocrx_word' id='word_1_689' title='bbox 2917 930 2983 1002; x_wconf 77' lang='lat' dir='ltr'><strong>in</strong></span> <span class='ocrx_word' id='word_1_690' title='bbox 3030 931 3277 984; x_wconf 90' lang='lat' dir='ltr'><strong>omnibus</strong></span> <span class='ocrx_word' id='word_1_691' title='bbox 3324 932 3575 1002; x_wconf 75' lang='lat' dir='ltr'><strong>abyssis,</strong></span> <span class='ocrx_word' id='word_1_692' title='bbox 3631 944 3685 985; x_wconf 88' lang='lat' dir='ltr'><strong>et</strong></span> <span class='ocrx_word' id='word_1_693' title='bbox 3731 950 3814 988; x_wconf 92' lang='lat' dir='ltr'><strong>me</strong></span> 
     </span>
    </p>
   </div>
   <div class='ocr_carea' id='block_1_86' title="bbox 2217 999 3817 1069">
    <p class='ocr_par' dir='ltr' id='par_1_86' title="bbox 2217 999 3817 1069">
     <span class='ocr_line' id='line_1_86' title="bbox 2217 999 3817 1069; baseline 0.004 -17"><span class='ocrx_word' id='word_1_694' title='bbox 2217 999 2351 1052; x_wconf 88' lang='lat' dir='ltr'><strong>inter</strong></span> <span class='ocrx_word' id='word_1_695' title='bbox 2406 1000 2616 1064; x_wconf 89' lang='lat' dir='ltr'><strong>omnia,</strong></span> <span class='ocrx_word' id='word_1_696' title='bbox 2667 1000 2801 1053; x_wconf 89' lang='lat' dir='ltr'><strong>sicut</strong></span> <span class='ocrx_word' id='word_1_697' title='bbox 2848 999 3041 1063; x_wconf 89' lang='lat' dir='ltr'><strong>voluit,</strong></span> <span class='ocrx_word' id='word_1_698' title='bbox 3087 1002 3260 1069; x_wconf 88' lang='lat' dir='ltr'><strong>potuit</strong></span> <span class='ocrx_word' id='word_1_699' title='bbox 3316 1012 3370 1054; x_wconf 92' lang='lat' dir='ltr'><strong>et</strong></span> <span class='ocrx_word' id='word_1_700' title='bbox 3397 999 3595 1056; x_wconf 77' lang='lat' dir='ltr'><strong>scivit.</strong></span> <span class='ocrx_word' id='word_1_701' title='bbox 3642 1004 3817 1059; x_wconf 79' lang='lat' dir='ltr'><strong>l‘otutt</strong></span> 
     </span>
    </p>
   </div>
   <div class='ocr_carea' id='block_1_87' title="bbox 2216 1069 3813 1139">
    <p class='ocr_par' dir='ltr' id='par_1_87' title="bbox 2216 1069 3813 1139">
     <span class='ocr_line' id='line_1_87' title="bbox 2216 1069 3813 1139; baseline 0.004 -19"><span class='ocrx_word' id='word_1_702' title='bbox 2216 1070 2426 1138; x_wconf 89' lang='lat' dir='ltr'><strong>quidem</strong></span> <span class='ocrx_word' id='word_1_703' title='bbox 2459 1085 2647 1123; x_wconf 89' lang='lat' dir='ltr'><strong>manus</strong></span> <span class='ocrx_word' id='word_1_704' title='bbox 2674 1079 2781 1130; x_wconf 85' lang='lat' dir='ltr'><strong>tua,</strong></span> <span class='ocrx_word' id='word_1_705' title='bbox 2813 1069 3053 1131; x_wconf 84' lang='lat' dir='ltr'><strong>Domine,</strong></span> <span class='ocrx_word' id='word_1_706' title='bbox 3087 1086 3172 1125; x_wconf 89' lang='lat' dir='ltr'><strong>me</strong></span> <span class='ocrx_word' id='word_1_707' title='bbox 3200 1072 3457 1139; x_wconf 88' lang='lat' dir='ltr'><strong>lapidem,</strong></span> <span class='ocrx_word' id='word_1_708' title='bbox 3507 1075 3592 1127; x_wconf 85' lang='lat' dir='ltr'><strong>vel</strong></span> <span class='ocrx_word' id='word_1_709' title='bbox 3636 1089 3813 1139; x_wconf 88' lang='lat' dir='ltr'><strong>avem,</strong></span> 
     </span>
    </p>
   </div>
   <div class='ocr_carea' id='block_1_88' title="bbox 2220 1140 3814 1210">
    <p class='ocr_par' dir='ltr' id='par_1_88' title="bbox 2220 1140 3814 1210">
     <span class='ocr_line' id='line_1_88' title="bbox 2220 1140 3814 1210; baseline 0.004 -19"><span class='ocrx_word' id='word_1_710' title='bbox 2220 1141 2304 1193; x_wconf 90' lang='lat' dir='ltr'><strong>vel</strong></span> <span class='ocrx_word' id='word_1_711' title='bbox 2332 1151 2634 1207; x_wconf 84' lang='lat' dir='ltr'><strong>serpentem</strong></span> <span class='ocrx_word' id='word_1_712' title='bbox 2664 1141 2746 1194; x_wconf 84' lang='lat' dir='ltr'><strong>vel</strong></span> <span class='ocrx_word' id='word_1_713' title='bbox 2779 1140 3005 1194; x_wconf 89' lang='lat' dir='ltr'><strong>belluam</strong></span> <span class='ocrx_word' id='word_1_714' title='bbox 3037 1140 3266 1210; x_wconf 89' lang='lat' dir='ltr'><strong>aliquam</strong></span> <span class='ocrx_word' id='word_1_715' title='bbox 3289 1158 3497 1207; x_wconf 81' lang='lat' dir='ltr'><strong>creare,</strong></span> <span class='ocrx_word' id='word_1_716' title='bbox 3527 1155 3582 1197; x_wconf 89' lang='lat' dir='ltr'><strong>et</strong></span> <span class='ocrx_word' id='word_1_717' title='bbox 3610 1144 3767 1198; x_wconf 86' lang='lat' dir='ltr'><strong>scivit</strong></span> <span class='ocrx_word' id='word_1_718' title='bbox 3801 1164 3814 1199; x_wconf 91' lang='lat'>:</span> 
     </span>
    </p>
   </div>
   <div class='ocr_carea' id='block_1_89' title="bbox 2217 1210 3815 1281">
    <p class='ocr_par' dir='ltr' id='par_1_89' title="bbox 2217 1210 3815 1281">
     <span class='ocr_line' id='line_1_89' title="bbox 2217 1210 3815 1281; baseline 0.004 -19"><span class='ocrx_word' id='word_1_719' title='bbox 2217 1210 2315 1281; x_wconf 87' lang='lat' dir='ltr'><strong>sed</strong></span> <span class='ocrx_word' id='word_1_720' title='bbox 2354 1212 2521 1264; x_wconf 89' lang='lat' dir='ltr'><strong>noluit</strong></span> <span class='ocrx_word' id='word_1_721' title='bbox 2555 1220 2768 1279; x_wconf 88' lang='lat' dir='ltr'><strong>propter</strong></span> <span class='ocrx_word' id='word_1_722' title='bbox 2793 1225 2941 1264; x_wconf 87' lang='lat' dir='ltr'><strong>suam</strong></span> <span class='ocrx_word' id='word_1_723' title='bbox 2971 1212 3278 1265; x_wconf 90' lang='lat' dir='ltr'><strong>bonitatem.</strong></span> <span class='ocrx_word' id='word_1_724' title='bbox 3326 1213 3508 1279; x_wconf 81' lang='lat' dir='ltr'><strong>Quare</strong></span> <span class='ocrx_word' id='word_1_725' title='bbox 3553 1229 3658 1281; x_wconf 76' lang='lat' dir='ltr'><strong>ego</strong></span> <span class='ocrx_word' id='word_1_726' title='bbox 3713 1231 3815 1269; x_wconf 89' lang='lat' dir='ltr'><strong>non</strong></span> 
     </span>
    </p>
   </div>
   <div class='ocr_carea' id='block_1_90' title="bbox 2218 1280 3815 1350">
    <p class='ocr_par' dir='ltr' id='par_1_90' title="bbox 2218 1280 3815 1350">
     <span class='ocr_line' id='line_1_90' title="bbox 2218 1280 3815 1350; baseline 0.006 -21"><span class='ocrx_word' id='word_1_727' title='bbox 2218 1280 2369 1350; x_wconf 80' lang='lat' dir='ltr'><strong>lapis,</strong></span> <span class='ocrx_word' id='word_1_728' title='bbox 2398 1282 2477 1333; x_wconf 88' lang='lat' dir='ltr'><strong>vel</strong></span> <span class='ocrx_word' id='word_1_729' title='bbox 2503 1281 2682 1342; x_wconf 87' lang='lat' dir='ltr'><strong>arbor,</strong></span> <span class='ocrx_word' id='word_1_730' title='bbox 2712 1283 2792 1335; x_wconf 79' lang='lat' dir='ltr'><strong>vel</strong></span> <span class='ocrx_word' id='word_1_731' title='bbox 2834 1281 3004 1350; x_wconf 90' lang='lat' dir='ltr'><strong>aliqua</strong></span> <span class='ocrx_word' id='word_1_732' title='bbox 3047 1282 3243 1336; x_wconf 85' lang='lat' dir='ltr'><strong>bellua?</strong></span> <span class='ocrx_word' id='word_1_733' title='bbox 3268 1283 3400 1349; x_wconf 88' lang='lat' dir='ltr'><strong>Quia</strong></span> <span class='ocrx_word' id='word_1_734' title='bbox 3438 1286 3517 1337; x_wconf 92' lang='lat' dir='ltr'><strong>sie</strong></span> <span class='ocrx_word' id='word_1_735' title='bbox 3552 1286 3815 1338; x_wconf 77' lang='lat' dir='ltr'><strong>ordinavit</strong></span> 
     </span>
    </p>
   </div>
   <div class='ocr_carea' id='block_1_91' title="bbox 2217 1349 3821 1422">
    <p class='ocr_par' dir='ltr' id='par_1_91' title="bbox 2217 1349 3821 1422">
     <span class='ocr_line' id='line_1_91' title="bbox 2217 1349 3821 1422; baseline 0.005 -19"><span class='ocrx_word' id='word_1_736' title='bbox 2217 1349 2423 1404; x_wconf 86' lang='lat' dir='ltr'><strong>bonitas</strong></span> <span class='ocrx_word' id='word_1_737' title='bbox 2447 1361 2552 1404; x_wconf 90' lang='lat' dir='ltr'><strong>tua.</strong></span> <span class='ocrx_word' id='word_1_738' title='bbox 2574 1352 2639 1405; x_wconf 84' lang='lat' dir='ltr'><strong>Et</strong></span> <span class='ocrx_word' id='word_1_739' title='bbox 2655 1361 2711 1406; x_wconf 90' lang='lat' dir='ltr'><strong>ut</strong></span> <span class='ocrx_word' id='word_1_740' title='bbox 2732 1352 2830 1407; x_wconf 92' lang='lat' dir='ltr'><strong>hoc</strong></span> <span class='ocrx_word' id='word_1_741' title='bbox 2845 1349 3135 1417; x_wconf 86' lang='lat' dir='ltr'><strong>ordinaret,</strong></span> <span class='ocrx_word' id='word_1_742' title='bbox 3153 1368 3257 1406; x_wconf 91' lang='lat' dir='ltr'><strong>non</strong></span> <span class='ocrx_word' id='word_1_743' title='bbox 3287 1368 3682 1422; x_wconf 75' lang='lat' dir='ltr'><strong>prmcesserunt</strong></span> <span class='ocrx_word' id='word_1_744' title='bbox 3709 1372 3821 1411; x_wconf 87' lang='lat' dir='ltr'><strong>me-</strong></span> 
     </span>
    </p>
   </div>
   <div class='ocr_carea' id='block_1_92' title="bbox 2218 1424 2469 1474">
    <p class='ocr_par' dir='ltr' id='par_1_92' title="bbox 2218 1424 2469 1474">
     <span class='ocr_line' id='line_1_92' title="bbox 2218 1424 2469 1474; baseline -0.004 0"><span class='ocrx_word' id='word_1_745' title='bbox 2218 1424 2315 1474; x_wconf 89' lang='lat' dir='ltr'><strong>rita</strong></span> <span class='ocrx_word' id='word_1_746' title='bbox 2334 1436 2469 1473; x_wconf 88' lang='lat' dir='ltr'><strong>mea.</strong></span> 
     </span>
    </p>
   </div>
   <div class='ocr_carea' id='block_1_93' title="bbox 2288 1491 3814 1563">
    <p class='ocr_par' dir='ltr' id='par_1_93' title="bbox 2288 1491 3814 1563">
     <span class='ocr_line' id='line_1_93' title="bbox 2288 1491 3814 1563; baseline 0.005 -20"><span class='ocrx_word' id='word_1_747' title='bbox 2288 1491 2514 1563; x_wconf 65' lang='lat' dir='ltr'><strong>CAPUT</strong></span> <span class='ocrx_word' id='word_1_748' title='bbox 2543 1491 2610 1546; x_wconf 81' lang='grc' dir='ltr'><strong>Χ.</strong></span> <span class='ocrx_word' id='word_1_749' title='bbox 2657 1491 2823 1547; x_wconf 83' lang='lat' dir='ltr'><strong>Ilomo</strong></span> <span class='ocrx_word' id='word_1_750' title='bbox 2847 1493 3151 1563; x_wconf 74' lang='lat' dir='ltr'><strong>insufﬁciens</strong></span> <span class='ocrx_word' id='word_1_751' title='bbox 3176 1494 3244 1546; x_wconf 93' lang='lat' dir='ltr'><strong>ad</strong></span> <span class='ocrx_word' id='word_1_752' title='bbox 3270 1494 3594 1547; x_wconf 82' lang='lat' dir='ltr'><strong>laudandum</strong></span> <span class='ocrx_word' id='word_1_753' title='bbox 3626 1495 3814 1551; x_wconf 85' lang='lat' dir='ltr'><strong>Deum.</strong></span> 
     </span>
    </p>
   </div>
   <div class='ocr_carea' id='block_1_94' title="bbox 2223 1560 3817 1628">
    <p class='ocr_par' dir='ltr' id='par_1_94' title="bbox 2223 1560 3817 1628">
     <span class='ocr_line' id='line_1_94' title="bbox 2223 1560 3817 1628; baseline 0.004 -15"><span class='ocrx_word' id='word_1_754' title='bbox 2223 1561 2349 1628; x_wconf 84' lang='lat' dir='ltr'><strong>Quis</strong></span> <span class='ocrx_word' id='word_1_755' title='bbox 2378 1560 2537 1615; x_wconf 88' lang='lat' dir='ltr'><strong>Deum</strong></span> <span class='ocrx_word' id='word_1_756' title='bbox 2579 1563 2769 1617; x_wconf 80' lang='lat' dir='ltr'><strong>laudet.</strong></span> <span class='ocrx_word' id='word_1_757' title='bbox 2800 1564 2935 1619; x_wconf 85' lang='lat' dir='ltr'><strong>Laus</strong></span> <span class='ocrx_word' id='word_1_758' title='bbox 2961 1560 3178 1618; x_wconf 56' lang='lat' dir='ltr'><strong>nominis</strong></span> <span class='ocrx_word' id='word_1_759' title='bbox 3217 1580 3354 1618; x_wconf 79' lang='lat' dir='ltr'><strong>uera.</strong></span> <span class='ocrx_word' id='word_1_760' title='bbox 3385 1564 3621 1619; x_wconf 81' lang='lat' dir='ltr'><strong>Rursum</strong></span> <span class='ocrx_word' id='word_1_761' title='bbox 3648 1569 3713 1620; x_wconf 84' lang='lat' dir='ltr'><strong>de</strong></span> <span class='ocrx_word' id='word_1_762' title='bbox 3736 1569 3817 1619; x_wconf 77' lang='lat' dir='ltr'><strong>in-</strong></span> 
     </span>
    </p>
   </div>
   <div class='ocr_carea' id='block_1_95' title="bbox 2219 1633 3819 1704">
    <p class='ocr_par' dir='ltr' id='par_1_95' title="bbox 2219 1633 3819 1704">
     <span class='ocr_line' id='line_1_95' title="bbox 2219 1633 3819 1704; baseline 0.006 -21"><span class='ocrx_word' id='word_1_763' title='bbox 2219 1633 2514 1704; x_wconf 66' lang='lat' dir='ltr'><strong>suﬁicientia</strong></span> <span class='ocrx_word' id='word_1_764' title='bbox 2560 1634 2628 1686; x_wconf 88' lang='lat' dir='ltr'><strong>ad</strong></span> <span class='ocrx_word' id='word_1_765' title='bbox 2680 1635 2883 1688; x_wconf 86' lang='lat' dir='ltr'><strong>laudem</strong></span> <span class='ocrx_word' id='word_1_766' title='bbox 2928 1635 3045 1688; x_wconf 89' lang='lat' dir='ltr'><strong>Dei.</strong></span> <span class='ocrx_word' id='word_1_767' title='bbox 3099 1633 3247 1688; x_wconf 87' lang='lat' dir='ltr'><strong>Unde</strong></span> <span class='ocrx_word' id='word_1_768' title='bbox 3293 1637 3621 1704; x_wconf 84' lang='lat' dir='ltr'><strong>suppleatur.</strong></span> <span class='ocrx_word' id='word_1_769' title='bbox 3668 1637 3819 1692; x_wconf 87' lang='lat' dir='ltr'><strong>Unde</strong></span> 
     </span>
    </p>
   </div>
   <div class='ocr_carea' id='block_1_96' title="bbox 2222 1702 3818 1765">
    <p class='ocr_par' dir='ltr' id='par_1_96' title="bbox 2222 1702 3818 1765">
     <span class='ocr_line' id='line_1_96' title="bbox 2222 1702 3818 1765; baseline 0.004 -10"><span class='ocrx_word' id='word_1_770' title='bbox 2222 1702 2323 1755; x_wconf 92' lang='lat' dir='ltr'><strong>hoc</strong></span> <span class='ocrx_word' id='word_1_771' title='bbox 2353 1704 2481 1756; x_wconf 89' lang='lat' dir='ltr'><strong>mihi</strong></span> <span class='ocrx_word' id='word_1_772' title='bbox 2501 1743 2515 1765; x_wconf 90' lang='lat'><strong>,</strong></span> <span class='ocrx_word' id='word_1_773' title='bbox 2550 1705 2809 1760; x_wconf 85' lang='lat' dir='ltr'><strong>Domine?</strong></span> <span class='ocrx_word' id='word_1_774' title='bbox 2837 1704 2975 1759; x_wconf 91' lang='lat' dir='ltr'><strong>unde</strong></span> <span class='ocrx_word' id='word_1_775' title='bbox 3005 1706 3131 1759; x_wconf 88' lang='lat' dir='ltr'><strong>mihi</strong></span> <span class='ocrx_word' id='word_1_776' title='bbox 3162 1702 3445 1760; x_wconf 25' lang='lat' dir='ltr'><strong>laudes‘ad</strong></span> <span class='ocrx_word' id='word_1_777' title='bbox 3489 1707 3818 1761; x_wconf 88' lang='lat' dir='ltr'><strong>laudandum</strong></span> 
     </span>
    </p>
   </div>
   <div class='ocr_carea' id='block_1_97' title="bbox 2223 1772 3818 1844">
    <p class='ocr_par' dir='ltr' id='par_1_97' title="bbox 2223 1772 3818 1844">
     <span class='ocr_line' id='line_1_97' title="bbox 2223 1772 3818 1844; baseline 0.004 -17"><span class='ocrx_word' id='word_1_778' title='bbox 2223 1772 2328 1844; x_wconf 84' lang='lat' dir='ltr'><strong>te?</strong></span> <span class='ocrx_word' id='word_1_779' title='bbox 2353 1772 2501 1827; x_wconf 90' lang='lat' dir='ltr'><strong>Sicut</strong></span> <span class='ocrx_word' id='word_1_780' title='bbox 2532 1774 2698 1829; x_wconf 83' lang='lat' dir='ltr'><strong>fecisti</strong></span> <span class='ocrx_word' id='word_1_781' title='bbox 2731 1791 2814 1829; x_wconf 90' lang='lat' dir='ltr'><strong>me</strong></span> <span class='ocrx_word' id='word_1_782' title='bbox 2857 1777 2971 1830; x_wconf 89' lang='lat' dir='ltr'><strong>sine</strong></span> <span class='ocrx_word' id='word_1_783' title='bbox 2996 1791 3081 1829; x_wconf 93' lang='lat' dir='ltr'><strong>me</strong></span> <span class='ocrx_word' id='word_1_784' title='bbox 3105 1816 3119 1837; x_wconf 87' lang='lat'><strong>,</strong></span> <span class='ocrx_word' id='word_1_785' title='bbox 3165 1776 3303 1830; x_wconf 91' lang='lat' dir='ltr'><strong>sicut</strong></span> <span class='ocrx_word' id='word_1_786' title='bbox 3334 1777 3535 1844; x_wconf 88' lang='lat' dir='ltr'><strong>placuit</strong></span> <span class='ocrx_word' id='word_1_787' title='bbox 3578 1788 3707 1833; x_wconf 87' lang='lat' dir='ltr'><strong>ante</strong></span> <span class='ocrx_word' id='word_1_788' title='bbox 3736 1788 3818 1843; x_wconf 87' lang='lat' dir='ltr'><strong>te;</strong></span> 
     </span>
    </p>
   </div>
   <div class='ocr_carea' id='block_1_98' title="bbox 2224 1843 3820 1914">
    <p class='ocr_par' dir='ltr' id='par_1_98' title="bbox 2224 1843 3820 1914">
     <span class='ocr_line' id='line_1_98' title="bbox 2224 1843 3820 1914; baseline 0.004 -19"><span class='ocrx_word' id='word_1_789' title='bbox 2224 1843 2293 1914; x_wconf 83' lang='lat' dir='ltr'><strong>ita</strong></span> <span class='ocrx_word' id='word_1_790' title='bbox 2321 1843 2432 1898; x_wconf 89' lang='lat' dir='ltr'><strong>laus</strong></span> <span class='ocrx_word' id='word_1_791' title='bbox 2476 1844 2571 1899; x_wconf 90' lang='lat' dir='ltr'><strong>tibi</strong></span> <span class='ocrx_word' id='word_1_792' title='bbox 2616 1856 2697 1899; x_wconf 90' lang='lat' dir='ltr'><strong>est</strong></span> <span class='ocrx_word' id='word_1_793' title='bbox 2722 1847 2836 1900; x_wconf 88' lang='lat' dir='ltr'><strong>sine</strong></span> <span class='ocrx_word' id='word_1_794' title='bbox 2878 1860 2996 1909; x_wconf 90' lang='lat' dir='ltr'><strong>me,</strong></span> <span class='ocrx_word' id='word_1_795' title='bbox 3046 1846 3181 1899; x_wconf 80' lang='lat' dir='ltr'><strong>sicut</strong></span> <span class='ocrx_word' id='word_1_796' title='bbox 3224 1843 3525 1914; x_wconf 91' lang='lat' dir='ltr'><strong>complacet</strong></span> <span class='ocrx_word' id='word_1_797' title='bbox 3569 1858 3699 1903; x_wconf 89' lang='lat' dir='ltr'><strong>ante</strong></span> <span class='ocrx_word' id='word_1_798' title='bbox 3748 1858 3820 1903; x_wconf 89' lang='lat' dir='ltr'><strong>te.</strong></span> 
     </span>
    </p>
   </div>
   <div class='ocr_carea' id='block_1_99' title="bbox 2223 1913 3823 1987">
    <p class='ocr_par' dir='ltr' id='par_1_99' title="bbox 2223 1913 3823 1987">
     <span class='ocr_line' id='line_1_99' title="bbox 2223 1913 3823 1987; baseline 0.004 -20"><span class='ocrx_word' id='word_1_799' title='bbox 2223 1913 2364 1969; x_wconf 91' lang='lat' dir='ltr'><strong>Laus</strong></span> <span class='ocrx_word' id='word_1_800' title='bbox 2396 1924 2482 1987; x_wconf 84' lang='lat' dir='ltr'><strong>tua</strong></span> <span class='ocrx_word' id='word_1_801' title='bbox 2502 1956 2518 1980; x_wconf 91' lang='lat'><strong>,</strong></span> <span class='ocrx_word' id='word_1_802' title='bbox 2551 1916 2773 1971; x_wconf 89' lang='lat' dir='ltr'><strong>Domine</strong></span> <span class='ocrx_word' id='word_1_803' title='bbox 2793 1959 2806 1979; x_wconf 87' lang='lat'><strong>,</strong></span> <span class='ocrx_word' id='word_1_804' title='bbox 2840 1926 2894 1971; x_wconf 92' lang='lat' dir='ltr'><strong>tu</strong></span> <span class='ocrx_word' id='word_1_805' title='bbox 2926 1917 3039 1985; x_wconf 88' lang='lat' dir='ltr'><strong>ipse</strong></span> <span class='ocrx_word' id='word_1_806' title='bbox 3063 1931 3142 1971; x_wconf 88' lang='lat' dir='ltr'><strong>es.</strong></span> <span class='ocrx_word' id='word_1_807' title='bbox 3184 1913 3424 1971; x_wconf 87' lang='lat' dir='ltr'><strong>Laudent</strong></span> <span class='ocrx_word' id='word_1_808' title='bbox 3455 1925 3508 1971; x_wconf 88' lang='lat' dir='ltr'><strong>te</strong></span> <span class='ocrx_word' id='word_1_809' title='bbox 3536 1934 3705 1987; x_wconf 88' lang='lat' dir='ltr'><strong>opera</strong></span> <span class='ocrx_word' id='word_1_810' title='bbox 3736 1927 3823 1974; x_wconf 77' lang='lat' dir='ltr'><strong>tua</strong></span> 
     </span>
    </p>
   </div>
   <div class='ocr_carea' id='block_1_100' title="bbox 2224 1985 3818 2055">
    <p class='ocr_par' dir='ltr' id='par_1_100' title="bbox 2224 1985 3818 2055">
     <span class='ocr_line' id='line_1_100' title="bbox 2224 1985 3818 2055; baseline 0.005 -19"><span class='ocrx_word' id='word_1_811' title='bbox 2224 1985 2515 2039; x_wconf 89' lang='lat' dir='ltr'><strong>secundum</strong></span> <span class='ocrx_word' id='word_1_812' title='bbox 2542 1987 2930 2041; x_wconf 89' lang='lat' dir='ltr'><strong>multitudinem</strong></span> <span class='ocrx_word' id='word_1_813' title='bbox 2959 1987 3339 2055; x_wconf 87' lang='lat' dir='ltr'><strong>magnitudinis</strong></span> <span class='ocrx_word' id='word_1_814' title='bbox 3370 1999 3495 2041; x_wconf 70' lang='lat' dir='ltr'><strong>tuae.</strong></span> <span class='ocrx_word' id='word_1_815' title='bbox 3531 1985 3678 2043; x_wconf 83' lang='lat' dir='ltr'><strong>Laus</strong></span> <span class='ocrx_word' id='word_1_816' title='bbox 3710 1999 3818 2053; x_wconf 84' lang='lat' dir='ltr'><strong>tua,</strong></span> 
     </span>
    </p>
   </div>
   <div class='ocr_carea' id='block_1_101' title="bbox 2226 2055 3824 2129">
    <p class='ocr_par' dir='ltr' id='par_1_101' title="bbox 2226 2055 3824 2129">
     <span class='ocr_line' id='line_1_101' title="bbox 2226 2055 3824 2129; baseline 0.004 -22"><span class='ocrx_word' id='word_1_817' title='bbox 2226 2055 2479 2129; x_wconf 76' lang='lat' dir='ltr'><strong>Domine,</strong></span> <span class='ocrx_word' id='word_1_818' title='bbox 2515 2057 3063 2126; x_wconf 89' lang='lat' dir='ltr'><strong>incomprehensibilis</strong></span> <span class='ocrx_word' id='word_1_819' title='bbox 3094 2068 3211 2121; x_wconf 82' lang='lat' dir='ltr'><strong>eSt;</strong></span> <span class='ocrx_word' id='word_1_820' title='bbox 3244 2058 3405 2110; x_wconf 91' lang='lat' dir='ltr'><strong>corde</strong></span> <span class='ocrx_word' id='word_1_821' title='bbox 3432 2073 3541 2112; x_wconf 89' lang='lat' dir='ltr'><strong>non</strong></span> <span class='ocrx_word' id='word_1_822' title='bbox 3574 2074 3824 2129; x_wconf 81' lang='lat' dir='ltr'><strong>compre-</strong></span> 
     </span>
    </p>
   </div>
   <div class='ocr_carea' id='block_1_102' title="bbox 2226 2124 3818 2198">
    <p class='ocr_par' dir='ltr' id='par_1_102' title="bbox 2226 2124 3818 2198">
     <span class='ocr_line' id='line_1_102' title="bbox 2226 2124 3818 2198; baseline 0.003 -19"><span class='ocrx_word' id='word_1_823' title='bbox 2226 2124 2494 2198; x_wconf 86' lang='lat' dir='ltr'><strong>henditur,</strong></span> <span class='ocrx_word' id='word_1_824' title='bbox 2524 2142 2616 2181; x_wconf 89' lang='lat' dir='ltr'><strong>ore</strong></span> <span class='ocrx_word' id='word_1_825' title='bbox 2648 2124 2753 2181; x_wconf 81' lang='lat' dir='ltr'><strong>non</strong></span> <span class='ocrx_word' id='word_1_826' title='bbox 2782 2137 3139 2191; x_wconf 89' lang='lat' dir='ltr'><strong>mensuratur,</strong></span> <span class='ocrx_word' id='word_1_827' title='bbox 3174 2143 3304 2182; x_wconf 90' lang='lat' dir='ltr'><strong>aure</strong></span> <span class='ocrx_word' id='word_1_828' title='bbox 3332 2143 3437 2183; x_wconf 91' lang='lat' dir='ltr'><strong>non</strong></span> <span class='ocrx_word' id='word_1_829' title='bbox 3471 2124 3774 2198; x_wconf 84' lang='lat' dir='ltr'><strong>percipitur</strong></span> <span class='ocrx_word' id='word_1_830' title='bbox 3805 2150 3818 2184; x_wconf 91' lang='lat'>:</span> 
     </span>
    </p>
   </div>
   <div class='ocr_carea' id='block_1_103' title="bbox 2226 2197 3818 2264">
    <p class='ocr_par' dir='ltr' id='par_1_103' title="bbox 2226 2197 3818 2264">
     <span class='ocr_line' id='line_1_103' title="bbox 2226 2197 3818 2264; baseline 0.004 -18"><span class='ocrx_word' id='word_1_831' title='bbox 2226 2197 2346 2264; x_wconf 90' lang='lat' dir='ltr'><strong>quia</strong></span> <span class='ocrx_word' id='word_1_832' title='bbox 2379 2197 2476 2250; x_wconf 85' lang='lat' dir='ltr'><strong>ista</strong></span> <span class='ocrx_word' id='word_1_833' title='bbox 2502 2206 2808 2257; x_wconf 90' lang='lat' dir='ltr'><strong>transeunt.</strong></span> <span class='ocrx_word' id='word_1_834' title='bbox 2840 2207 2895 2251; x_wconf 87' lang='lat' dir='ltr'><strong>et</strong></span> <span class='ocrx_word' id='word_1_835' title='bbox 2934 2199 3047 2251; x_wconf 85' lang='lat' dir='ltr'><strong>laus</strong></span> <span class='ocrx_word' id='word_1_836' title='bbox 3074 2207 3159 2250; x_wconf 89' lang='lat' dir='ltr'><strong>tua</strong></span> <span class='ocrx_word' id='word_1_837' title='bbox 3207 2208 3386 2252; x_wconf 91' lang='lat' dir='ltr'><strong>manet</strong></span> <span class='ocrx_word' id='word_1_838' title='bbox 3429 2200 3481 2252; x_wconf 91' lang='lat' dir='ltr'><strong>iu</strong></span> <span class='ocrx_word' id='word_1_839' title='bbox 3530 2197 3818 2255; x_wconf 82' lang='lat' dir='ltr'><strong>:eternum.</strong></span> 
     </span>
    </p>
   </div>
   <div class='ocr_carea' id='block_1_104' title="bbox 2226 2266 3823 2337">
    <p class='ocr_par' dir='ltr' id='par_1_104' title="bbox 2226 2266 3823 2337">
     <span class='ocr_line' id='line_1_104' title="bbox 2226 2266 3823 2337; baseline 0.004 -19"><span class='ocrx_word' id='word_1_840' title='bbox 2226 2266 2485 2337; x_wconf 76' lang='lat' dir='ltr'><strong>Cogitatio</strong></span> <span class='ocrx_word' id='word_1_841' title='bbox 2513 2268 2714 2337; x_wconf 88' lang='lat' dir='ltr'><strong>incipit,</strong></span> <span class='ocrx_word' id='word_1_842' title='bbox 2746 2270 2993 2337; x_wconf 85' lang='lat' dir='ltr'><strong>cogitatio</strong></span> <span class='ocrx_word' id='word_1_843' title='bbox 3024 2268 3233 2331; x_wconf 89' lang='lat' dir='ltr'><strong>linitur;</strong></span> <span class='ocrx_word' id='word_1_844' title='bbox 3262 2285 3359 2322; x_wconf 77' lang='lat' dir='ltr'><strong>vox</strong></span> <span class='ocrx_word' id='word_1_845' title='bbox 3384 2280 3540 2323; x_wconf 89' lang='lat' dir='ltr'><strong>sonat</strong></span> <span class='ocrx_word' id='word_1_846' title='bbox 3567 2280 3625 2324; x_wconf 89' lang='lat' dir='ltr'><strong>et</strong></span> <span class='ocrx_word' id='word_1_847' title='bbox 3655 2283 3823 2325; x_wconf 88' lang='lat' dir='ltr'><strong>trans-</strong></span> 
     </span>
    </p>
   </div>
   <div class='ocr_carea' id='block_1_105' title="bbox 2228 2336 3817 2402">
    <p class='ocr_par' dir='ltr' id='par_1_105' title="bbox 2228 2336 3817 2402">
     <span class='ocr_line' id='line_1_105' title="bbox 2228 2336 3817 2402; baseline 0.003 -13"><span class='ocrx_word' id='word_1_848' title='bbox 2228 2336 2299 2401; x_wconf 92' lang='lat' dir='ltr'><strong>it;</strong></span> <span class='ocrx_word' id='word_1_849' title='bbox 2330 2340 2472 2390; x_wconf 90' lang='lat' dir='ltr'><strong>auris</strong></span> <span class='ocrx_word' id='word_1_850' title='bbox 2497 2336 2675 2402; x_wconf 84' lang='lat' dir='ltr'><strong>andit,</strong></span> <span class='ocrx_word' id='word_1_851' title='bbox 2707 2348 2759 2391; x_wconf 87' lang='lat' dir='ltr'><strong>et</strong></span> <span class='ocrx_word' id='word_1_852' title='bbox 2795 2336 3005 2391; x_wconf 84' lang='lat' dir='ltr'><strong>auditus</strong></span> <span class='ocrx_word' id='word_1_853' title='bbox 3049 2339 3323 2401; x_wconf 79' lang='lat' dir='ltr'><strong>desiuit’;</strong></span> <span class='ocrx_word' id='word_1_854' title='bbox 3377 2341 3491 2392; x_wconf 82' lang='lat' dir='ltr'><strong>laus</strong></span> <span class='ocrx_word' id='word_1_855' title='bbox 3547 2357 3682 2394; x_wconf 83' lang='lat' dir='ltr'><strong>vero</strong></span> <span class='ocrx_word' id='word_1_856' title='bbox 3735 2353 3817 2395; x_wconf 88' lang='lat' dir='ltr'><strong>tua</strong></span> 
     </span>
    </p>
   </div>
   <div class='ocr_carea' id='block_1_106' title="bbox 2230 2407 3823 2479">
    <p class='ocr_par' dir='ltr' id='par_1_106' title="bbox 2230 2407 3823 2479">
     <span class='ocr_line' id='line_1_106' title="bbox 2230 2407 3823 2479; baseline 0.004 -20"><span class='ocrx_word' id='word_1_857' title='bbox 2230 2407 2280 2479; x_wconf 85' lang='lat' dir='ltr'><strong>in</strong></span> <span class='ocrx_word' id='word_1_858' title='bbox 2307 2418 2563 2462; x_wconf 68' lang='lat' dir='ltr'><strong>arternnm</strong></span> <span class='ocrx_word' id='word_1_859' title='bbox 2594 2419 2713 2463; x_wconf 89' lang='lat' dir='ltr'><strong>stat.</strong></span> <span class='ocrx_word' id='word_1_860' title='bbox 2743 2410 2873 2476; x_wconf 88' lang='lat' dir='ltr'><strong>Quis</strong></span> <span class='ocrx_word' id='word_1_861' title='bbox 2916 2424 3045 2478; x_wconf 88' lang='lat' dir='ltr'><strong>ergo</strong></span> <span class='ocrx_word' id='word_1_862' title='bbox 3087 2418 3169 2462; x_wconf 86' lang='lat' dir='ltr'><strong>est</strong></span> <span class='ocrx_word' id='word_1_863' title='bbox 3212 2410 3301 2476; x_wconf 90' lang='lat' dir='ltr'><strong>qui</strong></span> <span class='ocrx_word' id='word_1_864' title='bbox 3354 2419 3406 2464; x_wconf 91' lang='lat' dir='ltr'><strong>te</strong></span> <span class='ocrx_word' id='word_1_865' title='bbox 3437 2411 3623 2465; x_wconf 88' lang='lat' dir='ltr'><strong>laudet</strong></span> <span class='ocrx_word' id='word_1_866' title='bbox 3644 2411 3670 2463; x_wconf 66' lang='grc' dir='ltr'><em>ἲ</em></span> <span class='ocrx_word' id='word_1_867' title='bbox 3699 2414 3823 2479; x_wconf 69' lang='lat' dir='ltr'><strong>Quis</strong></span> 
     </span>
    </p>
   </div>
   <div class='ocr_carea' id='block_1_107' title="bbox 2230 2477 3818 2547">
    <p class='ocr_par' dir='ltr' id='par_1_107' title="bbox 2230 2477 3818 2547">
     <span class='ocr_line' id='line_1_107' title="bbox 2230 2477 3818 2547; baseline 0.003 -18"><span class='ocrx_word' id='word_1_868' title='bbox 2230 2477 2390 2532; x_wconf 90' lang='lat' dir='ltr'><strong>homo</strong></span> <span class='ocrx_word' id='word_1_869' title='bbox 2414 2481 2689 2533; x_wconf 90' lang='lat' dir='ltr'><strong>annuntiet</strong></span> <span class='ocrx_word' id='word_1_870' title='bbox 2715 2480 2920 2533; x_wconf 90' lang='lat' dir='ltr'><strong>laudem</strong></span> <span class='ocrx_word' id='word_1_871' title='bbox 2946 2477 3130 2533; x_wconf 82' lang='lat' dir='ltr'><strong>lnam?</strong></span> <span class='ocrx_word' id='word_1_872' title='bbox 3158 2480 3292 2532; x_wconf 83' lang='lat' dir='ltr'><strong>Laus</strong></span> <span class='ocrx_word' id='word_1_873' title='bbox 3324 2488 3410 2532; x_wconf 88' lang='lat' dir='ltr'><strong>tua</strong></span> <span class='ocrx_word' id='word_1_874' title='bbox 3433 2494 3697 2547; x_wconf 86' lang='lat' dir='ltr'><strong>perpetua</strong></span> <span class='ocrx_word' id='word_1_875' title='bbox 3722 2477 3818 2543; x_wconf 81' lang='lat' dir='ltr'><strong>est.</strong></span> 
     </span>
    </p>
   </div>
   <div class='ocr_carea' id='block_1_108' title="bbox 2231 2550 3820 2619">
    <p class='ocr_par' dir='ltr' id='par_1_108' title="bbox 2231 2550 3820 2619">
     <span class='ocr_line' id='line_1_108' title="bbox 2231 2550 3820 2619; baseline -0.001 -16"><span class='ocrx_word' id='word_1_876' title='bbox 2231 2550 2531 2603; x_wconf 88' lang='lat' dir='ltr'><strong>transitoria</strong></span> <span class='ocrx_word' id='word_1_877' title='bbox 2559 2566 2662 2603; x_wconf 90' lang='lat' dir='ltr'><strong>non</strong></span> <span class='ocrx_word' id='word_1_878' title='bbox 2694 2560 2793 2604; x_wconf 92' lang='lat' dir='ltr'><strong>est.</strong></span> <span class='ocrx_word' id='word_1_879' title='bbox 2829 2551 2923 2605; x_wconf 89' lang='lat' dir='ltr'><strong>llic</strong></span> <span class='ocrx_word' id='word_1_880' title='bbox 2953 2560 3006 2604; x_wconf 93' lang='lat' dir='ltr'><strong>te</strong></span> <span class='ocrx_word' id='word_1_881' title='bbox 3036 2550 3245 2613; x_wconf 86' lang='lat' dir='ltr'><strong>laudat,</strong></span> <span class='ocrx_word' id='word_1_882' title='bbox 3275 2552 3363 2619; x_wconf 89' lang='lat' dir='ltr'><strong>qui</strong></span> <span class='ocrx_word' id='word_1_883' title='bbox 3414 2560 3466 2604; x_wconf 91' lang='lat' dir='ltr'><strong>te</strong></span> <span class='ocrx_word' id='word_1_884' title='bbox 3498 2552 3680 2619; x_wconf 85' lang='lat' dir='ltr'><strong>ipsum</strong></span> <span class='ocrx_word' id='word_1_885' title='bbox 3711 2554 3820 2605; x_wconf 83' lang='lat' dir='ltr'><strong>lau-</strong></span> 
     </span>
    </p>
   </div>
   <div class='ocr_carea' id='block_1_109' title="bbox 2228 2620 3823 2689">
    <p class='ocr_par' dir='ltr' id='par_1_109' title="bbox 2228 2620 3823 2689">
     <span class='ocr_line' id='line_1_109' title="bbox 2228 2620 3823 2689; baseline 0.002 -17"><span class='ocrx_word' id='word_1_886' title='bbox 2228 2620 2350 2673; x_wconf 86' lang='lat' dir='ltr'><strong>dem</strong></span> <span class='ocrx_word' id='word_1_887' title='bbox 2384 2629 2524 2673; x_wconf 90' lang='lat' dir='ltr'><strong>tuam</strong></span> <span class='ocrx_word' id='word_1_888' title='bbox 2562 2621 2750 2675; x_wconf 86' lang='lat' dir='ltr'><strong>credit.</strong></span> <span class='ocrx_word' id='word_1_889' title='bbox 2784 2621 2880 2676; x_wconf 92' lang='lat' dir='ltr'><strong>llic</strong></span> <span class='ocrx_word' id='word_1_890' title='bbox 2906 2629 2955 2674; x_wconf 92' lang='lat' dir='ltr'><strong>te</strong></span> <span class='ocrx_word' id='word_1_891' title='bbox 2984 2620 3195 2683; x_wconf 89' lang='lat' dir='ltr'><strong>laudat,</strong></span> <span class='ocrx_word' id='word_1_892' title='bbox 3225 2623 3312 2689; x_wconf 91' lang='lat' dir='ltr'><strong>qui</strong></span> <span class='ocrx_word' id='word_1_893' title='bbox 3342 2636 3399 2672; x_wconf 83' lang='lat' dir='ltr'><strong>se</strong></span> <span class='ocrx_word' id='word_1_894' title='bbox 3431 2623 3608 2688; x_wconf 89' lang='lat' dir='ltr'><strong>ipsum</strong></span> <span class='ocrx_word' id='word_1_895' title='bbox 3658 2624 3823 2689; x_wconf 55' lang='lat' dir='ltr'><strong>noscit</strong></span> 
     </span>
    </p>
   </div>
   <div class='ocr_carea' id='block_1_110' title="bbox 2232 2684 3820 2761">
    <p class='ocr_par' dir='ltr' id='par_1_110' title="bbox 2232 2684 3820 2761">
     <span class='ocr_line' id='line_1_110' title="bbox 2232 2684 3820 2761; baseline 0.001 -19"><span class='ocrx_word' id='word_1_896' title='bbox 2232 2690 2283 2743; x_wconf 91' lang='lat' dir='ltr'><strong>in</strong></span> <span class='ocrx_word' id='word_1_897' title='bbox 2315 2699 2455 2742; x_wconf 90' lang='lat' dir='ltr'><strong>tuam</strong></span> <span class='ocrx_word' id='word_1_898' title='bbox 2484 2690 2690 2745; x_wconf 90' lang='lat' dir='ltr'><strong>laudem</strong></span> <span class='ocrx_word' id='word_1_899' title='bbox 2715 2708 2816 2744; x_wconf 90' lang='lat' dir='ltr'><strong>non</strong></span> <span class='ocrx_word' id='word_1_900' title='bbox 2850 2705 3003 2757; x_wconf 86' lang='lat' dir='ltr'><strong>posse</strong></span> <span class='ocrx_word' id='word_1_901' title='bbox 3036 2684 3353 2759; x_wconf 80' lang='lat' dir='ltr'><strong>pertingere.</strong></span> <span class='ocrx_word' id='word_1_902' title='bbox 3377 2684 3519 2744; x_wconf 84' lang='lat' dir='ltr'><strong>Laus</strong></span> <span class='ocrx_word' id='word_1_903' title='bbox 3538 2684 3820 2761; x_wconf 77' lang='lat' dir='ltr'><strong>perpet&#39;ua,</strong></span> 
     </span>
    </p>
   </div>
   <div class='ocr_carea' id='block_1_111' title="bbox 2230 2761 3823 2829">
    <p class='ocr_par' dir='ltr' id='par_1_111' title="bbox 2230 2761 3823 2829">
     <span class='ocr_line' id='line_1_111' title="bbox 2230 2761 3823 2829; baseline 0.001 -17"><span class='ocrx_word' id='word_1_904' title='bbox 2230 2775 2349 2829; x_wconf 74' lang='lat' dir='ltr'><strong>qua:</strong></span> <span class='ocrx_word' id='word_1_905' title='bbox 2379 2776 2646 2828; x_wconf 88' lang='lat' dir='ltr'><strong>nunquam</strong></span> <span class='ocrx_word' id='word_1_906' title='bbox 2679 2762 2905 2825; x_wconf 90' lang='lat' dir='ltr'><strong>transis,</strong></span> <span class='ocrx_word' id='word_1_907' title='bbox 2940 2762 2991 2813; x_wconf 89' lang='lat' dir='ltr'><strong>in</strong></span> <span class='ocrx_word' id='word_1_908' title='bbox 3036 2772 3085 2815; x_wconf 92' lang='lat' dir='ltr'><strong>te</strong></span> <span class='ocrx_word' id='word_1_909' title='bbox 3115 2770 3195 2813; x_wconf 78' lang='lat' dir='ltr'><strong>est</strong></span> <span class='ocrx_word' id='word_1_910' title='bbox 3242 2761 3355 2812; x_wconf 89' lang='lat' dir='ltr'><strong>laus</strong></span> <span class='ocrx_word' id='word_1_911' title='bbox 3403 2772 3624 2821; x_wconf 72' lang='lat' dir='ltr'><strong>nostra,</strong></span> <span class='ocrx_word' id='word_1_912' title='bbox 3681 2763 3733 2813; x_wconf 91' lang='lat' dir='ltr'><strong>in</strong></span> <span class='ocrx_word' id='word_1_913' title='bbox 3775 2771 3823 2814; x_wconf 77' lang='lat' dir='ltr'><strong>te</strong></span> 
     </span>
    </p>
   </div>
   <div class='ocr_carea' id='block_1_112' title="bbox 2233 2830 3822 2885">
    <p class='ocr_par' dir='ltr' id='par_1_112' title="bbox 2233 2830 3822 2885">
     <span class='ocr_line' id='line_1_112' title="bbox 2233 2830 3822 2885; baseline 0.001 -2"><span class='ocrx_word' id='word_1_914' title='bbox 2233 2830 2527 2884; x_wconf 81' lang='lat' dir='ltr'><strong>laudabitur</strong></span> <span class='ocrx_word' id='word_1_915' title='bbox 2555 2833 2729 2885; x_wconf 86' lang='lat' dir='ltr'><strong>anima</strong></span> <span class='ocrx_word' id='word_1_916' title='bbox 2762 2846 2897 2885; x_wconf 88' lang='lat' dir='ltr'><strong>mea.</strong></span> <span class='ocrx_word' id='word_1_917' title='bbox 2930 2831 3041 2884; x_wconf 88' lang='lat' dir='ltr'><strong>Non</strong></span> <span class='ocrx_word' id='word_1_918' title='bbox 3073 2847 3169 2884; x_wconf 88' lang='lat' dir='ltr'><strong>nos</strong></span> <span class='ocrx_word' id='word_1_919' title='bbox 3196 2831 3475 2884; x_wconf 88' lang='lat' dir='ltr'><strong>laudamus</strong></span> <span class='ocrx_word' id='word_1_920' title='bbox 3517 2840 3571 2885; x_wconf 85' lang='lat' dir='ltr'><strong>te</strong></span> <span class='ocrx_word' id='word_1_921' title='bbox 3606 2850 3620 2884; x_wconf 89' lang='lat'>:</span> <span class='ocrx_word' id='word_1_922' title='bbox 3651 2833 3743 2885; x_wconf 82' lang='lat' dir='ltr'><strong>sed</strong></span> <span class='ocrx_word' id='word_1_923' title='bbox 3774 2842 3822 2885; x_wconf 89' lang='lat' dir='ltr'><strong>tu</strong></span> 
     </span>
    </p>
   </div>
   <div class='ocr_carea' id='block_1_113' title="bbox 2235 2902 3821 2969">
    <p class='ocr_par' dir='ltr' id='par_1_113' title="bbox 2235 2902 3821 2969">
     <span class='ocr_line' id='line_1_113' title="bbox 2235 2902 3821 2969; baseline 0 -15"><span class='ocrx_word' id='word_1_924' title='bbox 2235 2910 2286 2954; x_wconf 90' lang='lat' dir='ltr'><strong>te</strong></span> <span class='ocrx_word' id='word_1_925' title='bbox 2314 2940 2329 2965; x_wconf 94' lang='lat'><strong>,</strong></span> <span class='ocrx_word' id='word_1_926' title='bbox 2358 2910 2411 2954; x_wconf 90' lang='lat' dir='ltr'><strong>et</strong></span> <span class='ocrx_word' id='word_1_927' title='bbox 2438 2916 2531 2969; x_wconf 88' lang='lat' dir='ltr'><strong>per</strong></span> <span class='ocrx_word' id='word_1_928' title='bbox 2552 2911 2603 2955; x_wconf 92' lang='lat' dir='ltr'><strong>te</strong></span> <span class='ocrx_word' id='word_1_929' title='bbox 2622 2944 2637 2965; x_wconf 88' lang='lat'><strong>,</strong></span> <span class='ocrx_word' id='word_1_930' title='bbox 2681 2912 2733 2956; x_wconf 92' lang='lat' dir='ltr'><strong>et</strong></span> <span class='ocrx_word' id='word_1_931' title='bbox 2759 2903 2809 2955; x_wconf 90' lang='lat' dir='ltr'><strong>in</strong></span> <span class='ocrx_word' id='word_1_932' title='bbox 2837 2915 2920 2966; x_wconf 90' lang='lat' dir='ltr'><strong>te;</strong></span> <span class='ocrx_word' id='word_1_933' title='bbox 2947 2912 3002 2955; x_wconf 92' lang='lat' dir='ltr'><strong>et</strong></span> <span class='ocrx_word' id='word_1_934' title='bbox 3048 2902 3199 2955; x_wconf 77' lang='lat' dir='ltr'><strong>nobis</strong></span> <span class='ocrx_word' id='word_1_935' title='bbox 3228 2903 3387 2955; x_wconf 87' lang='lat' dir='ltr'><strong>etiam</strong></span> <span class='ocrx_word' id='word_1_936' title='bbox 3417 2903 3536 2955; x_wconf 89' lang='lat' dir='ltr'><strong>laus</strong></span> <span class='ocrx_word' id='word_1_937' title='bbox 3561 2913 3649 2956; x_wconf 73' lang='lat' dir='ltr'><strong>est</strong></span> <span class='ocrx_word' id='word_1_938' title='bbox 3680 2904 3731 2955; x_wconf 90' lang='lat' dir='ltr'><strong>in</strong></span> <span class='ocrx_word' id='word_1_939' title='bbox 3757 2914 3821 2957; x_wconf 87' lang='lat' dir='ltr'><strong>te.</strong></span> 
     </span>
    </p>
   </div>
   <div class='ocr_carea' id='block_1_114' title="bbox 2233 2970 3822 3042">
    <p class='ocr_par' dir='ltr' id='par_1_114' title="bbox 2233 2970 3822 3042">
     <span class='ocr_line' id='line_1_114' title="bbox 2233 2970 3822 3042; baseline 0 -18"><span class='ocrx_word' id='word_1_940' title='bbox 2233 2970 2383 3042; x_wconf 84' lang='lat' dir='ltr'><strong>Tunc</strong></span> <span class='ocrx_word' id='word_1_941' title='bbox 2401 2986 2579 3026; x_wconf 88' lang='lat' dir='ltr'><strong>veram</strong></span> <span class='ocrx_word' id='word_1_942' title='bbox 2607 2973 2859 3026; x_wconf 82' lang='lat' dir='ltr'><strong>habemus</strong></span> <span class='ocrx_word' id='word_1_943' title='bbox 2889 2972 3094 3025; x_wconf 86' lang='lat' dir='ltr'><strong>Iaudem</strong></span> <span class='ocrx_word' id='word_1_944' title='bbox 3119 3012 3133 3035; x_wconf 93' lang='lat'><strong>,</strong></span> <span class='ocrx_word' id='word_1_945' title='bbox 3162 2971 3375 3042; x_wconf 87' lang='lat' dir='ltr'><strong>quando</strong></span> <span class='ocrx_word' id='word_1_946' title='bbox 3417 2987 3447 3025; x_wconf 91' lang='lat' dir='ltr'><strong>a</strong></span> <span class='ocrx_word' id='word_1_947' title='bbox 3479 2984 3531 3025; x_wconf 90' lang='lat' dir='ltr'><strong>te</strong></span> <span class='ocrx_word' id='word_1_948' title='bbox 3567 2974 3822 3027; x_wconf 74' lang='lat' dir='ltr'><strong>habemus</strong></span> 
     </span>
    </p>
   </div>
   <div class='ocr_carea' id='block_1_115' title="bbox 2236 3041 3825 3112">
    <p class='ocr_par' dir='ltr' id='par_1_115' title="bbox 2236 3041 3825 3112">
     <span class='ocr_line' id='line_1_115' title="bbox 2236 3041 3825 3112; baseline -0.001 -15"><span class='ocrx_word' id='word_1_949' title='bbox 2236 3041 2447 3097; x_wconf 89' lang='lat' dir='ltr'><strong>laudem</strong></span> <span class='ocrx_word' id='word_1_950' title='bbox 2472 3084 2488 3108; x_wconf 96' lang='lat'><strong>,</strong></span> <span class='ocrx_word' id='word_1_951' title='bbox 2517 3043 2727 3112; x_wconf 88' lang='lat' dir='ltr'><strong>quando</strong></span> <span class='ocrx_word' id='word_1_952' title='bbox 2760 3044 2844 3096; x_wconf 83' lang='lat' dir='ltr'><strong>lux</strong></span> <span class='ocrx_word' id='word_1_953' title='bbox 2874 3044 3135 3111; x_wconf 89' lang='lat' dir='ltr'><strong>approbat</strong></span> <span class='ocrx_word' id='word_1_954' title='bbox 3164 3041 3331 3096; x_wconf 90' lang='lat' dir='ltr'><strong>lucem</strong></span> <span class='ocrx_word' id='word_1_955' title='bbox 3360 3058 3374 3105; x_wconf 91' lang='lat'><strong>;</strong></span> <span class='ocrx_word' id='word_1_956' title='bbox 3421 3042 3548 3105; x_wconf 86' lang='lat' dir='ltr'><strong>quia</strong></span> <span class='ocrx_word' id='word_1_957' title='bbox 3602 3055 3659 3095; x_wconf 90' lang='lat' dir='ltr'><strong>tu</strong></span> <span class='ocrx_word' id='word_1_958' title='bbox 3706 3059 3825 3098; x_wconf 85' lang='lat' dir='ltr'><strong>vera</strong></span> 
     </span>
    </p>
   </div>
   <div class='ocr_carea' id='block_1_116' title="bbox 2234 3112 3825 3180">
    <p class='ocr_par' dir='ltr' id='par_1_116' title="bbox 2234 3112 3825 3180">
     <span class='ocr_line' id='line_1_116' title="bbox 2234 3112 3825 3180; baseline 0 -13"><span class='ocrx_word' id='word_1_959' title='bbox 2234 3112 2349 3169; x_wconf 91' lang='lat' dir='ltr'><strong>laus</strong></span> <span class='ocrx_word' id='word_1_960' title='bbox 2372 3128 2550 3168; x_wconf 82' lang='lat' dir='ltr'><strong>veram</strong></span> <span class='ocrx_word' id='word_1_961' title='bbox 2583 3114 2768 3167; x_wconf 89' lang='lat' dir='ltr'><strong>tribuis</strong></span> <span class='ocrx_word' id='word_1_962' title='bbox 2798 3113 3025 3167; x_wconf 90' lang='lat' dir='ltr'><strong>laudem.</strong></span> <span class='ocrx_word' id='word_1_963' title='bbox 3057 3114 3276 3179; x_wconf 83' lang='lat' dir='ltr'><strong>Quoties</strong></span> <span class='ocrx_word' id='word_1_964' title='bbox 3305 3114 3372 3164; x_wconf 91' lang='lat' dir='ltr'><strong>ab</strong></span> <span class='ocrx_word' id='word_1_965' title='bbox 3401 3114 3511 3166; x_wconf 91' lang='lat' dir='ltr'><strong>alio</strong></span> <span class='ocrx_word' id='word_1_966' title='bbox 3538 3129 3703 3180; x_wconf 91' lang='lat' dir='ltr'><strong>quam</strong></span> <span class='ocrx_word' id='word_1_967' title='bbox 3729 3130 3759 3168; x_wconf 88' lang='lat' dir='ltr'><strong>a</strong></span> <span class='ocrx_word' id='word_1_968' title='bbox 3779 3124 3825 3167; x_wconf 93' lang='lat' dir='ltr'><strong>te</strong></span> 
     </span>
    </p>
   </div>
   <div class='ocr_carea' id='block_1_117' title="bbox 2234 3184 3823 3254">
    <p class='ocr_par' dir='ltr' id='par_1_117' title="bbox 2234 3184 3823 3254">
     <span class='ocr_line' id='line_1_117' title="bbox 2234 3184 3823 3254; baseline 0.001 -17"><span class='ocrx_word' id='word_1_969' title='bbox 2234 3185 2521 3254; x_wconf 72' lang='lat' dir='ltr'><strong>qumrimus</strong></span> <span class='ocrx_word' id='word_1_970' title='bbox 2550 3184 2791 3250; x_wconf 83' lang='lat' dir='ltr'><strong>laudem,</strong></span> <span class='ocrx_word' id='word_1_971' title='bbox 2825 3184 2978 3238; x_wconf 86' lang='lat' dir='ltr'><strong>teties</strong></span> <span class='ocrx_word' id='word_1_972' title='bbox 3026 3193 3171 3236; x_wconf 90' lang='lat' dir='ltr'><strong>tuam</strong></span> <span class='ocrx_word' id='word_1_973' title='bbox 3213 3184 3512 3237; x_wconf 88' lang='lat' dir='ltr'><strong>amittimus</strong></span> <span class='ocrx_word' id='word_1_974' title='bbox 3568 3186 3778 3237; x_wconf 87' lang='lat' dir='ltr'><strong>laudem</strong></span> <span class='ocrx_word' id='word_1_975' title='bbox 3809 3202 3823 3238; x_wconf 88' lang='lat'>:</span> 
     </span>
    </p>
   </div>
   <div class='ocr_carea' id='block_1_118' title="bbox 2234 3254 3827 3325">
    <p class='ocr_par' dir='ltr' id='par_1_118' title="bbox 2234 3254 3827 3325">
     <span class='ocr_line' id='line_1_118' title="bbox 2234 3254 3827 3325; baseline 0.001 -17"><span class='ocrx_word' id='word_1_976' title='bbox 2234 3256 2357 3324; x_wconf 89' lang='lat' dir='ltr'><strong>quia</strong></span> <span class='ocrx_word' id='word_1_977' title='bbox 2383 3255 2469 3309; x_wconf 89' lang='lat' dir='ltr'><strong>illa</strong></span> <span class='ocrx_word' id='word_1_978' title='bbox 2502 3256 2803 3325; x_wconf 88' lang='lat' dir='ltr'><strong>transitoria</strong></span> <span class='ocrx_word' id='word_1_979' title='bbox 2832 3262 2913 3308; x_wconf 90' lang='lat' dir='ltr'><strong>est</strong></span> <span class='ocrx_word' id='word_1_980' title='bbox 2933 3296 2948 3319; x_wconf 94' lang='lat'><strong>,</strong></span> <span class='ocrx_word' id='word_1_981' title='bbox 2979 3254 3072 3308; x_wconf 90' lang='lat' dir='ltr'><strong>sed</strong></span> <span class='ocrx_word' id='word_1_982' title='bbox 3102 3264 3188 3307; x_wconf 91' lang='lat' dir='ltr'><strong>tua</strong></span> <span class='ocrx_word' id='word_1_983' title='bbox 3233 3262 3454 3325; x_wconf 82' lang='lat' dir='ltr'><strong>:eterna.</strong></span> <span class='ocrx_word' id='word_1_984' title='bbox 3485 3254 3541 3307; x_wconf 87' lang='lat' dir='ltr'><strong>Si</strong></span> <span class='ocrx_word' id='word_1_985' title='bbox 3574 3257 3827 3309; x_wconf 79' lang='lat' dir='ltr'><strong>trait-ito-</strong></span> 
     </span>
    </p>
   </div>
   <div class='ocr_carea' id='block_1_119' title="bbox 2234 3324 3829 3394">
    <p class='ocr_par' dir='ltr' id='par_1_119' title="bbox 2234 3324 3829 3394">
     <span class='ocr_line' id='line_1_119' title="bbox 2234 3324 3829 3394; baseline 0.001 -16"><span class='ocrx_word' id='word_1_986' title='bbox 2234 3325 2368 3379; x_wconf 90' lang='lat' dir='ltr'><strong>riam</strong></span> <span class='ocrx_word' id='word_1_987' title='bbox 2398 3324 2717 3394; x_wconf 63' lang='lat' dir='ltr'><strong>quaerimus,</strong></span> <span class='ocrx_word' id='word_1_988' title='bbox 2748 3334 2999 3379; x_wconf 63' lang='lat' dir='ltr'><strong>aeternam</strong></span> <span class='ocrx_word' id='word_1_989' title='bbox 3030 3325 3341 3378; x_wconf 86' lang='lat' dir='ltr'><strong>amittimus.</strong></span> <span class='ocrx_word' id='word_1_990' title='bbox 3368 3325 3422 3376; x_wconf 88' lang='lat' dir='ltr'><strong>Si</strong></span> <span class='ocrx_word' id='word_1_991' title='bbox 3444 3324 3719 3379; x_wconf 40' lang='lat' dir='ltr'><strong>’a&#39;ternam</strong></span> <span class='ocrx_word' id='word_1_992' title='bbox 3744 3340 3829 3379; x_wconf 87' lang='lat' dir='ltr'><strong>vo-</strong></span> 
     </span>
    </p>
   </div>
   <div class='ocr_carea' id='block_1_120' title="bbox 2238 3394 3823 3459">
    <p class='ocr_par' dir='ltr' id='par_1_120' title="bbox 2238 3394 3823 3459">
     <span class='ocr_line' id='line_1_120' title="bbox 2238 3394 3823 3459; baseline -0.002 -10"><span class='ocrx_word' id='word_1_993' title='bbox 2238 3394 2445 3459; x_wconf 90' lang='lat' dir='ltr'><strong>lumus,</strong></span> <span class='ocrx_word' id='word_1_994' title='bbox 2476 3396 2827 3449; x_wconf 88' lang='lat' dir='ltr'><strong>transitoriam</strong></span> <span class='ocrx_word' id='word_1_995' title='bbox 2853 3411 2959 3449; x_wconf 91' lang='lat' dir='ltr'><strong>non</strong></span> <span class='ocrx_word' id='word_1_996' title='bbox 2986 3409 3245 3447; x_wconf 89' lang='lat' dir='ltr'><strong>amemus.</strong></span> <span class='ocrx_word' id='word_1_997' title='bbox 3276 3394 3414 3447; x_wconf 86' lang='lat' dir='ltr'><strong>Laus</strong></span> <span class='ocrx_word' id='word_1_998' title='bbox 3444 3405 3653 3449; x_wconf 76' lang='lat' dir='ltr'><strong>mterna</strong></span> <span class='ocrx_word' id='word_1_999' title='bbox 3673 3440 3689 3455; x_wconf 84' lang='lat'><strong><em>.</em></strong></span> <span class='ocrx_word' id='word_1_1000' title='bbox 3726 3397 3823 3448; x_wconf 80' lang='lat' dir='ltr'><strong>Do-</strong></span> 
     </span>
    </p>
   </div>
   <div class='ocr_carea' id='block_1_121' title="bbox 2238 3467 3827 3534">
    <p class='ocr_par' dir='ltr' id='par_1_121' title="bbox 2238 3467 3827 3534">
     <span class='ocr_line' id='line_1_121' title="bbox 2238 3467 3827 3534; baseline -0.001 -15"><span class='ocrx_word' id='word_1_1001' title='bbox 2238 3468 2379 3519; x_wconf 86' lang='lat' dir='ltr'><strong>mine</strong></span> <span class='ocrx_word' id='word_1_1002' title='bbox 2412 3467 2551 3521; x_wconf 90' lang='lat' dir='ltr'><strong>Deus</strong></span> <span class='ocrx_word' id='word_1_1003' title='bbox 2591 3481 2741 3520; x_wconf 89' lang='lat' dir='ltr'><strong>mens</strong></span> <span class='ocrx_word' id='word_1_1004' title='bbox 2762 3506 2775 3527; x_wconf 87' lang='lat'><strong>.</strong></span> <span class='ocrx_word' id='word_1_1005' title='bbox 2805 3482 2832 3517; x_wconf 92' lang='lat' dir='ltr'><strong>a</strong></span> <span class='ocrx_word' id='word_1_1006' title='bbox 2860 3480 2966 3534; x_wconf 90' lang='lat' dir='ltr'><strong>quo</strong></span> <span class='ocrx_word' id='word_1_1007' title='bbox 2993 3467 3166 3519; x_wconf 90' lang='lat' dir='ltr'><strong>omnis</strong></span> <span class='ocrx_word' id='word_1_1008' title='bbox 3192 3467 3303 3518; x_wconf 89' lang='lat' dir='ltr'><strong>laus</strong></span> <span class='ocrx_word' id='word_1_1009' title='bbox 3323 3506 3337 3528; x_wconf 88' lang='lat'><strong>,</strong></span> <span class='ocrx_word' id='word_1_1010' title='bbox 3385 3468 3502 3518; x_wconf 89' lang='lat' dir='ltr'><strong>sine</strong></span> <span class='ocrx_word' id='word_1_1011' title='bbox 3533 3481 3646 3534; x_wconf 89' lang='lat' dir='ltr'><strong>quo</strong></span> <span class='ocrx_word' id='word_1_1012' title='bbox 3690 3467 3827 3520; x_wconf 81' lang='lat' dir='ltr'><strong>nulla</strong></span> 
     </span>
    </p>
   </div>
   <div class='ocr_carea' id='block_1_122' title="bbox 2236 3536 3824 3601">
    <p class='ocr_par' dir='ltr' id='par_1_122' title="bbox 2236 3536 3824 3601">
     <span class='ocr_line' id='line_1_122' title="bbox 2236 3536 3824 3601; baseline 0.001 -14"><span class='ocrx_word' id='word_1_1013' title='bbox 2236 3544 2319 3590; x_wconf 83' lang='lat' dir='ltr'><strong>est</strong></span> <span class='ocrx_word' id='word_1_1014' title='bbox 2342 3537 2484 3601; x_wconf 90' lang='lat' dir='ltr'><strong>laus,</strong></span> <span class='ocrx_word' id='word_1_1015' title='bbox 2514 3551 2618 3589; x_wconf 91' lang='lat' dir='ltr'><strong>non</strong></span> <span class='ocrx_word' id='word_1_1016' title='bbox 2646 3539 2795 3589; x_wconf 89' lang='lat' dir='ltr'><strong>valeo</strong></span> <span class='ocrx_word' id='word_1_1017' title='bbox 2819 3537 3035 3590; x_wconf 86' lang='lat' dir='ltr'><strong>laudare</strong></span> <span class='ocrx_word' id='word_1_1018' title='bbox 3067 3547 3116 3588; x_wconf 92' lang='lat' dir='ltr'><strong>te</strong></span> <span class='ocrx_word' id='word_1_1019' title='bbox 3147 3536 3261 3589; x_wconf 91' lang='lat' dir='ltr'><strong>sine</strong></span> <span class='ocrx_word' id='word_1_1020' title='bbox 3291 3544 3341 3588; x_wconf 91' lang='lat' dir='ltr'><strong>te</strong></span> <span class='ocrx_word' id='word_1_1021' title='bbox 3390 3553 3403 3587; x_wconf 90' lang='lat'><strong>:</strong></span> <span class='ocrx_word' id='word_1_1022' title='bbox 3453 3536 3691 3590; x_wconf 89' lang='lat' dir='ltr'><strong>habeam</strong></span> <span class='ocrx_word' id='word_1_1023' title='bbox 3742 3548 3789 3589; x_wconf 92' lang='lat' dir='ltr'><strong>te</strong></span> <span class='ocrx_word' id='word_1_1024' title='bbox 3810 3579 3824 3597; x_wconf 86' lang='lat'><strong>.</strong></span> 
     </span>
    </p>
   </div>
   <div class='ocr_carea' id='block_1_123' title="bbox 2238 3606 3827 3676">
    <p class='ocr_par' dir='ltr' id='par_1_123' title="bbox 2238 3606 3827 3676">
     <span class='ocr_line' id='line_1_123' title="bbox 2238 3606 3827 3676; baseline 0 -17"><span class='ocrx_word' id='word_1_1025' title='bbox 2238 3606 2466 3660; x_wconf 88' lang='lat' dir='ltr'><strong>laudabo</strong></span> <span class='ocrx_word' id='word_1_1026' title='bbox 2493 3616 2563 3660; x_wconf 91' lang='lat' dir='ltr'><strong>te.</strong></span> <span class='ocrx_word' id='word_1_1027' title='bbox 2594 3606 2721 3673; x_wconf 85' lang='lat' dir='ltr'><strong>Quis</strong></span> <span class='ocrx_word' id='word_1_1028' title='bbox 2749 3608 2888 3661; x_wconf 92' lang='lat' dir='ltr'><strong>enim</strong></span> <span class='ocrx_word' id='word_1_1029' title='bbox 2912 3621 3009 3674; x_wconf 85' lang='lat' dir='ltr'><strong>ego</strong></span> <span class='ocrx_word' id='word_1_1030' title='bbox 3036 3620 3151 3660; x_wconf 92' lang='lat' dir='ltr'><strong>sum</strong></span> <span class='ocrx_word' id='word_1_1031' title='bbox 3172 3647 3187 3671; x_wconf 84' lang='lat'><strong>,</strong></span> <span class='ocrx_word' id='word_1_1032' title='bbox 3218 3607 3441 3659; x_wconf 90' lang='lat' dir='ltr'><strong>Domine</strong></span> <span class='ocrx_word' id='word_1_1033' title='bbox 3462 3647 3476 3669; x_wconf 88' lang='lat'><strong>,</strong></span> <span class='ocrx_word' id='word_1_1034' title='bbox 3505 3622 3605 3675; x_wconf 91' lang='lat' dir='ltr'><strong>per</strong></span> <span class='ocrx_word' id='word_1_1035' title='bbox 3633 3624 3721 3661; x_wconf 89' lang='lat' dir='ltr'><strong>me</strong></span> <span class='ocrx_word' id='word_1_1036' title='bbox 3745 3608 3827 3676; x_wconf 90' lang='lat' dir='ltr'><strong>qui</strong></span> 
     </span>
    </p>
   </div>
   <div class='ocr_carea' id='block_1_124' title="bbox 2240 3676 3831 3745">
    <p class='ocr_par' dir='ltr' id='par_1_124' title="bbox 2240 3676 3831 3745">
     <span class='ocr_line' id='line_1_124' title="bbox 2240 3676 3831 3745; baseline 0 -16"><span class='ocrx_word' id='word_1_1037' title='bbox 2240 3676 2447 3731; x_wconf 88' lang='lat' dir='ltr'><strong>laudetn</strong></span> <span class='ocrx_word' id='word_1_1038' title='bbox 2475 3686 2525 3730; x_wconf 90' lang='lat' dir='ltr'><strong>te</strong></span> <span class='ocrx_word' id='word_1_1039' title='bbox 2550 3676 2572 3729; x_wconf 88' lang='lat'><strong>?</strong></span> <span class='ocrx_word' id='word_1_1040' title='bbox 2594 3677 2772 3731; x_wconf 88' lang='lat' dir='ltr'><strong>Pulvis</strong></span> <span class='ocrx_word' id='word_1_1041' title='bbox 2800 3687 2853 3731; x_wconf 91' lang='lat' dir='ltr'><strong>et</strong></span> <span class='ocrx_word' id='word_1_1042' title='bbox 2875 3677 3008 3730; x_wconf 90' lang='lat' dir='ltr'><strong>cinis</strong></span> <span class='ocrx_word' id='word_1_1043' title='bbox 3034 3692 3131 3745; x_wconf 88' lang='lat' dir='ltr'><strong>ego</strong></span> <span class='ocrx_word' id='word_1_1044' title='bbox 3160 3691 3307 3741; x_wconf 89' lang='lat' dir='ltr'><strong>sum,</strong></span> <span class='ocrx_word' id='word_1_1045' title='bbox 3334 3678 3483 3729; x_wconf 88' lang='lat' dir='ltr'><strong>canis</strong></span> <span class='ocrx_word' id='word_1_1046' title='bbox 3507 3687 3757 3731; x_wconf 86' lang='lat' dir='ltr'><strong>mortuus</strong></span> <span class='ocrx_word' id='word_1_1047' title='bbox 3779 3688 3831 3731; x_wconf 90' lang='lat' dir='ltr'><strong>et</strong></span> 
     </span>
    </p>
   </div>
   <div class='ocr_carea' id='block_1_125' title="bbox 2239 3746 3830 3816">
    <p class='ocr_par' dir='ltr' id='par_1_125' title="bbox 2239 3746 3830 3816">
     <span class='ocr_line' id='line_1_125' title="bbox 2239 3746 3830 3816; baseline 0.001 -17"><span class='ocrx_word' id='word_1_1048' title='bbox 2239 3746 2407 3801; x_wconf 82' lang='lat' dir='ltr'><strong>fetens</strong></span> <span class='ocrx_word' id='word_1_1049' title='bbox 2432 3762 2531 3816; x_wconf 89' lang='lat' dir='ltr'><strong>ego</strong></span> <span class='ocrx_word' id='word_1_1050' title='bbox 2556 3763 2672 3801; x_wconf 92' lang='lat' dir='ltr'><strong>sum</strong></span> <span class='ocrx_word' id='word_1_1051' title='bbox 2694 3789 2708 3812; x_wconf 90' lang='lat'><strong>,</strong></span> <span class='ocrx_word' id='word_1_1052' title='bbox 2736 3748 2934 3802; x_wconf 88' lang='lat' dir='ltr'><strong>vermis</strong></span> <span class='ocrx_word' id='word_1_1053' title='bbox 2961 3756 3015 3801; x_wconf 91' lang='lat' dir='ltr'><strong>et</strong></span> <span class='ocrx_word' id='word_1_1054' title='bbox 3040 3746 3263 3815; x_wconf 89' lang='lat' dir='ltr'><strong>putredo</strong></span> <span class='ocrx_word' id='word_1_1055' title='bbox 3282 3761 3381 3815; x_wconf 91' lang='lat' dir='ltr'><strong>ego</strong></span> <span class='ocrx_word' id='word_1_1056' title='bbox 3408 3761 3553 3800; x_wconf 91' lang='lat' dir='ltr'><strong>sum.</strong></span> <span class='ocrx_word' id='word_1_1057' title='bbox 3577 3748 3715 3815; x_wconf 90' lang='lat' dir='ltr'><strong>Quis</strong></span> <span class='ocrx_word' id='word_1_1058' title='bbox 3738 3762 3830 3816; x_wconf 83' lang='lat' dir='ltr'><strong>ego</strong></span> 
     </span>
    </p>
   </div>
   <div class='ocr_carea' id='block_1_126' title="bbox 2238 3816 3832 3888">
    <p class='ocr_par' dir='ltr' id='par_1_126' title="bbox 2238 3816 3832 3888">
     <span class='ocr_line' id='line_1_126' title="bbox 2238 3816 3832 3888; baseline 0.001 -18"><span class='ocrx_word' id='word_1_1059' title='bbox 2238 3831 2356 3870; x_wconf 89' lang='lat' dir='ltr'><strong>sum</strong></span> <span class='ocrx_word' id='word_1_1060' title='bbox 2376 3857 2389 3879; x_wconf 85' lang='lat'><strong>,</strong></span> <span class='ocrx_word' id='word_1_1061' title='bbox 2423 3828 2479 3871; x_wconf 92' lang='lat' dir='ltr'><strong>ut</strong></span> <span class='ocrx_word' id='word_1_1062' title='bbox 2504 3817 2711 3871; x_wconf 90' lang='lat' dir='ltr'><strong>laudem</strong></span> <span class='ocrx_word' id='word_1_1063' title='bbox 2744 3827 2793 3872; x_wconf 93' lang='lat' dir='ltr'><strong>te</strong></span> <span class='ocrx_word' id='word_1_1064' title='bbox 2817 3859 2832 3882; x_wconf 94' lang='lat'><strong>,</strong></span> <span class='ocrx_word' id='word_1_1065' title='bbox 2880 3818 3101 3871; x_wconf 92' lang='lat' dir='ltr'><strong>Domine</strong></span> <span class='ocrx_word' id='word_1_1066' title='bbox 3129 3818 3296 3888; x_wconf 84' lang='lat' dir='ltr'><strong>Deus,</strong></span> <span class='ocrx_word' id='word_1_1067' title='bbox 3331 3816 3631 3871; x_wconf 77' lang='lat' dir='ltr'><strong>fortissime</strong></span> <span class='ocrx_word' id='word_1_1068' title='bbox 3675 3820 3832 3888; x_wconf 87' lang='lat' dir='ltr'><strong>spiri-</strong></span> 
     </span>
    </p>
   </div>
   <div class='ocr_carea' id='block_1_127' title="bbox 2242 3887 3831 3957">
    <p class='ocr_par' dir='ltr' id='par_1_127' title="bbox 2242 3887 3831 3957">
     <span class='ocr_line' id='line_1_127' title="bbox 2242 3887 3831 3957; baseline -0.001 -18"><span class='ocrx_word' id='word_1_1069' title='bbox 2242 3896 2387 3941; x_wconf 91' lang='lat' dir='ltr'><strong>tuum</strong></span> <span class='ocrx_word' id='word_1_1070' title='bbox 2443 3888 2703 3942; x_wconf 75' lang='lat' dir='ltr'><strong>universa:</strong></span> <span class='ocrx_word' id='word_1_1071' title='bbox 2753 3889 2961 3948; x_wconf 87' lang='lat' dir='ltr'><strong>carnis,</strong></span> <span class='ocrx_word' id='word_1_1072' title='bbox 3018 3888 3107 3957; x_wconf 92' lang='lat' dir='ltr'><strong>qui</strong></span> <span class='ocrx_word' id='word_1_1073' title='bbox 3161 3887 3369 3941; x_wconf 88' lang='lat' dir='ltr'><strong>habitas</strong></span> <span class='ocrx_word' id='word_1_1074' title='bbox 3423 3887 3831 3942; x_wconf 67' lang='lat' dir='ltr'><strong>mternitatem?</strong></span> 
     </span>
    </p>
   </div>
   <div class='ocr_carea' id='block_1_128' title="bbox 2238 3957 3833 4027">
    <p class='ocr_par' dir='ltr' id='par_1_128' title="bbox 2238 3957 3833 4027">
     <span class='ocr_line' id='line_1_128' title="bbox 2238 3957 3833 4027; baseline -0.001 -16"><span class='ocrx_word' id='word_1_1075' title='bbox 2238 3957 2502 4027; x_wconf 88' lang='lat' dir='ltr'><strong>Numquid</strong></span> <span class='ocrx_word' id='word_1_1076' title='bbox 2529 3959 2761 4013; x_wconf 78' lang='lat' dir='ltr'><strong>tenebrae</strong></span> <span class='ocrx_word' id='word_1_1077' title='bbox 2787 3957 3072 4012; x_wconf 88' lang='lat' dir='ltr'><strong>laudabunt</strong></span> <span class='ocrx_word' id='word_1_1078' title='bbox 3100 3958 3269 4011; x_wconf 92' lang='lat' dir='ltr'><strong>lucem</strong></span> <span class='ocrx_word' id='word_1_1079' title='bbox 3295 3999 3310 4018; x_wconf 83' lang='lat'><strong>.</strong></span> <span class='ocrx_word' id='word_1_1080' title='bbox 3339 3966 3429 4010; x_wconf 92' lang='lat' dir='ltr'><strong>aut</strong></span> <span class='ocrx_word' id='word_1_1081' title='bbox 3456 3974 3611 4010; x_wconf 78' lang='lat' dir='ltr'><strong>mors</strong></span> <span class='ocrx_word' id='word_1_1082' title='bbox 3639 3959 3833 4011; x_wconf 87' lang='lat' dir='ltr'><strong>vitam?</strong></span> 
     </span>
    </p>
   </div>
   <div class='ocr_carea' id='block_1_129' title="bbox 2239 4028 3832 4097">
    <p class='ocr_par' dir='ltr' id='par_1_129' title="bbox 2239 4028 3832 4097">
     <span class='ocr_line' id='line_1_129' title="bbox 2239 4028 3832 4097; baseline 0 -16"><span class='ocrx_word' id='word_1_1083' title='bbox 2239 4028 2318 4081; x_wconf 88' lang='lat' dir='ltr'><strong>Ttt</strong></span> <span class='ocrx_word' id='word_1_1084' title='bbox 2346 4030 2465 4095; x_wconf 87' lang='lat' dir='ltr'><strong>lux,</strong></span> <span class='ocrx_word' id='word_1_1085' title='bbox 2512 4044 2610 4096; x_wconf 78' lang='lat' dir='ltr'><strong>ego</strong></span> <span class='ocrx_word' id='word_1_1086' title='bbox 2640 4030 2908 4091; x_wconf 73' lang='lat' dir='ltr'><strong>tenebrae;</strong></span> <span class='ocrx_word' id='word_1_1087' title='bbox 2940 4037 2993 4080; x_wconf 91' lang='lat' dir='ltr'><strong>tu</strong></span> <span class='ocrx_word' id='word_1_1088' title='bbox 3041 4029 3144 4081; x_wconf 85' lang='lat' dir='ltr'><strong>vita</strong></span> <span class='ocrx_word' id='word_1_1089' title='bbox 3168 4069 3183 4093; x_wconf 94' lang='lat'><strong>,</strong></span> <span class='ocrx_word' id='word_1_1090' title='bbox 3230 4042 3330 4097; x_wconf 88' lang='lat' dir='ltr'><strong>ego</strong></span> <span class='ocrx_word' id='word_1_1091' title='bbox 3360 4043 3531 4082; x_wconf 89' lang='lat' dir='ltr'><strong>mors.</strong></span> <span class='ocrx_word' id='word_1_1092' title='bbox 3565 4029 3832 4095; x_wconf 81' lang='lat' dir='ltr'><strong>Numquid</strong></span> 
     </span>
    </p>
   </div>
   <div class='ocr_carea' id='block_1_130' title="bbox 2240 4098 3834 4167">
    <p class='ocr_par' dir='ltr' id='par_1_130' title="bbox 2240 4098 3834 4167">
     <span class='ocr_line' id='line_1_130' title="bbox 2240 4098 3834 4167; baseline -0.002 -17"><span class='ocrx_word' id='word_1_1093' title='bbox 2240 4099 2445 4152; x_wconf 83' lang='lat' dir='ltr'><strong>vanitas</strong></span> <span class='ocrx_word' id='word_1_1094' title='bbox 2467 4100 2739 4152; x_wconf 84' lang='lat' dir='ltr'><strong>veritatem</strong></span> <span class='ocrx_word' id='word_1_1095' title='bbox 2772 4100 3040 4152; x_wconf 90' lang='lat' dir='ltr'><strong>laudabit?</strong></span> <span class='ocrx_word' id='word_1_1096' title='bbox 3078 4098 3155 4152; x_wconf 88' lang='lat' dir='ltr'><strong>Tu</strong></span> <span class='ocrx_word' id='word_1_1097' title='bbox 3187 4114 3245 4153; x_wconf 88' lang='lat' dir='ltr'><strong>es</strong></span> <span class='ocrx_word' id='word_1_1098' title='bbox 3271 4100 3499 4159; x_wconf 84' lang='lat' dir='ltr'><strong>veritas.</strong></span> <span class='ocrx_word' id='word_1_1099' title='bbox 3534 4116 3639 4167; x_wconf 83' lang='lat' dir='ltr'><strong>ego</strong></span> <span class='ocrx_word' id='word_1_1100' title='bbox 3680 4100 3834 4150; x_wconf 88' lang='lat' dir='ltr'><strong>homo</strong></span> 
     </span>
    </p>
   </div>
   <div class='ocr_carea' id='block_1_131' title="bbox 2240 4168 3837 4237">
    <p class='ocr_par' dir='ltr' id='par_1_131' title="bbox 2240 4168 3837 4237">
     <span class='ocr_line' id='line_1_131' title="bbox 2240 4168 3837 4237; baseline 0.001 -18"><span class='ocrx_word' id='word_1_1101' title='bbox 2240 4170 2455 4222; x_wconf 88' lang='lat' dir='ltr'><strong>vanitati</strong></span> <span class='ocrx_word' id='word_1_1102' title='bbox 2499 4170 2686 4222; x_wconf 89' lang='lat' dir='ltr'><strong>similis</strong></span> <span class='ocrx_word' id='word_1_1103' title='bbox 2717 4169 2901 4223; x_wconf 79' lang='lat' dir='ltr'><strong>lactus.</strong></span> <span class='ocrx_word' id='word_1_1104' title='bbox 2932 4168 3068 4236; x_wconf 88' lang='lat' dir='ltr'><strong>Quid</strong></span> <span class='ocrx_word' id='word_1_1105' title='bbox 3113 4185 3270 4237; x_wconf 75' lang='lat' dir='ltr'><strong>ergo,</strong></span> <span class='ocrx_word' id='word_1_1106' title='bbox 3308 4169 3568 4234; x_wconf 86' lang='lat' dir='ltr'><strong>Domine,</strong></span> <span class='ocrx_word' id='word_1_1107' title='bbox 3608 4171 3837 4222; x_wconf 86' lang='lat' dir='ltr'><strong>laudabit</strong></span> 
     </span>
    </p>
   </div>
   <div class='ocr_carea' id='block_1_132' title="bbox 2242 4240 3835 4309">
    <p class='ocr_par' dir='ltr' id='par_1_132' title="bbox 2242 4240 3835 4309">
     <span class='ocr_line' id='line_1_132' title="bbox 2242 4240 3835 4309; baseline -0.002 -17"><span class='ocrx_word' id='word_1_1108' title='bbox 2242 4249 2294 4293; x_wconf 88' lang='lat' dir='ltr'><strong>te</strong></span> <span class='ocrx_word' id='word_1_1109' title='bbox 2315 4241 2338 4292; x_wconf 88' lang='lat'><strong>?</strong></span> <span class='ocrx_word' id='word_1_1110' title='bbox 2360 4240 2620 4309; x_wconf 86' lang='lat' dir='ltr'><strong>Numquid</strong></span> <span class='ocrx_word' id='word_1_1111' title='bbox 2644 4241 2850 4293; x_wconf 90' lang='lat' dir='ltr'><strong>miseria</strong></span> <span class='ocrx_word' id='word_1_1112' title='bbox 2875 4255 2988 4293; x_wconf 89' lang='lat' dir='ltr'><strong>mea</strong></span> <span class='ocrx_word' id='word_1_1113' title='bbox 3016 4240 3247 4292; x_wconf 89' lang='lat' dir='ltr'><strong>laudabit</strong></span> <span class='ocrx_word' id='word_1_1114' title='bbox 3274 4240 3363 4292; x_wconf 88' lang='lat' dir='ltr'><strong>te?</strong></span> <span class='ocrx_word' id='word_1_1115' title='bbox 3388 4240 3664 4307; x_wconf 79' lang='lat' dir='ltr'><strong>Numquid</strong></span> <span class='ocrx_word' id='word_1_1116' title='bbox 3706 4243 3835 4293; x_wconf 87' lang='lat' dir='ltr'><strong>letor</strong></span> 
     </span>
    </p>
   </div>
   <div class='ocr_carea' id='block_1_133' title="bbox 2243 4310 3836 4379">
    <p class='ocr_par' dir='ltr' id='par_1_133' title="bbox 2243 4310 3836 4379">
     <span class='ocr_line' id='line_1_133' title="bbox 2243 4310 3836 4379; baseline 0 -17"><span class='ocrx_word' id='word_1_1117' title='bbox 2243 4310 2476 4363; x_wconf 88' lang='lat' dir='ltr'><strong>laudabit</strong></span> <span class='ocrx_word' id='word_1_1118' title='bbox 2504 4310 2722 4363; x_wconf 90' lang='lat' dir='ltr'><strong>odorem</strong></span> <span class='ocrx_word' id='word_1_1119' title='bbox 2745 4310 2766 4361; x_wconf 86' lang='lat'><strong>?</strong></span> <span class='ocrx_word' id='word_1_1120' title='bbox 2789 4310 3053 4379; x_wconf 86' lang='lat' dir='ltr'><strong>Numquid</strong></span> <span class='ocrx_word' id='word_1_1121' title='bbox 3080 4311 3377 4379; x_wconf 87' lang='lat' dir='ltr'><strong>mortalitas</strong></span> <span class='ocrx_word' id='word_1_1122' title='bbox 3403 4310 3648 4363; x_wconf 82' lang='lat' dir='ltr'><strong>hominis</strong></span> <span class='ocrx_word' id='word_1_1123' title='bbox 3668 4353 3682 4367; x_wconf 91' lang='lat'><strong>.</strong></span> <span class='ocrx_word' id='word_1_1124' title='bbox 3722 4326 3836 4376; x_wconf 77' lang='lat' dir='ltr'><strong>quze</strong></span> 
     </span>
    </p>
   </div>
   <div class='ocr_carea' id='block_1_134' title="bbox 2241 4378 3830 4445">
    <p class='ocr_par' dir='ltr' id='par_1_134' title="bbox 2241 4378 3830 4445">
     <span class='ocr_line' id='line_1_134' title="bbox 2241 4378 3830 4445; baseline 0 -13"><span class='ocrx_word' id='word_1_1125' title='bbox 2241 4379 2398 4435; x_wconf 90' lang='lat' dir='ltr'><strong>hodie</strong></span> <span class='ocrx_word' id='word_1_1126' title='bbox 2422 4389 2504 4435; x_wconf 85' lang='lat' dir='ltr'><strong>est</strong></span> <span class='ocrx_word' id='word_1_1127' title='bbox 2528 4389 2582 4434; x_wconf 92' lang='lat' dir='ltr'><strong>et</strong></span> <span class='ocrx_word' id='word_1_1128' title='bbox 2608 4395 2726 4433; x_wconf 89' lang='lat' dir='ltr'><strong>cras</strong></span> <span class='ocrx_word' id='word_1_1129' title='bbox 2758 4378 2976 4443; x_wconf 85' lang='lat' dir='ltr'><strong>tollitur,</strong></span> <span class='ocrx_word' id='word_1_1130' title='bbox 3009 4378 3241 4433; x_wconf 89' lang='lat' dir='ltr'><strong>laudabit</strong></span> <span class='ocrx_word' id='word_1_1131' title='bbox 3268 4380 3362 4434; x_wconf 75' lang='lat' dir='ltr'><strong>te?</strong></span> <span class='ocrx_word' id='word_1_1132' title='bbox 3406 4380 3685 4445; x_wconf 84' lang='lat' dir='ltr'><strong>Numquid</strong></span> <span class='ocrx_word' id='word_1_1133' title='bbox 3720 4382 3830 4433; x_wconf 83' lang='lat' dir='ltr'><strong>lau-</strong></span> 
     </span>
    </p>
   </div>
   <div class='ocr_carea' id='block_1_135' title="bbox 2240 4450 3833 4519">
    <p class='ocr_par' dir='ltr' id='par_1_135' title="bbox 2240 4450 3833 4519">
     <span class='ocr_line' id='line_1_135' title="bbox 2240 4450 3833 4519; baseline 0 -16"><span class='ocrx_word' id='word_1_1134' title='bbox 2240 4450 2386 4503; x_wconf 89' lang='lat' dir='ltr'><strong>dabit</strong></span> <span class='ocrx_word' id='word_1_1135' title='bbox 2416 4460 2466 4504; x_wconf 92' lang='lat' dir='ltr'><strong>te</strong></span> <span class='ocrx_word' id='word_1_1136' title='bbox 2498 4451 2755 4519; x_wconf 86' lang='lat' dir='ltr'><strong>putredo,</strong></span> <span class='ocrx_word' id='word_1_1137' title='bbox 2787 4460 2842 4505; x_wconf 89' lang='lat' dir='ltr'><strong>et</strong></span> <span class='ocrx_word' id='word_1_1138' title='bbox 2868 4452 3006 4503; x_wconf 90' lang='lat' dir='ltr'><strong>lilius</strong></span> <span class='ocrx_word' id='word_1_1139' title='bbox 3028 4450 3258 4503; x_wconf 88' lang='lat' dir='ltr'><strong>hominis</strong></span> <span class='ocrx_word' id='word_1_1140' title='bbox 3285 4452 3527 4503; x_wconf 88' lang='lat' dir='ltr'><strong>vermis?</strong></span> <span class='ocrx_word' id='word_1_1141' title='bbox 3562 4451 3833 4519; x_wconf 81' lang='lat' dir='ltr'><strong>Numquid</strong></span> 
     </span>
    </p>
   </div>
   <div class='ocr_carea' id='block_1_136' title="bbox 2242 4520 3839 4591">
    <p class='ocr_par' dir='ltr' id='par_1_136' title="bbox 2242 4520 3839 4591">
     <span class='ocr_line' id='line_1_136' title="bbox 2242 4520 3839 4591; baseline 0 -18"><span class='ocrx_word' id='word_1_1142' title='bbox 2242 4520 2475 4575; x_wconf 89' lang='lat' dir='ltr'><strong>laudabit</strong></span> <span class='ocrx_word' id='word_1_1143' title='bbox 2501 4532 2570 4587; x_wconf 89' lang='lat' dir='ltr'><strong>te,</strong></span> <span class='ocrx_word' id='word_1_1144' title='bbox 2600 4521 2845 4582; x_wconf 85' lang='lat' dir='ltr'><strong>Domine.</strong></span> <span class='ocrx_word' id='word_1_1145' title='bbox 2894 4523 2979 4591; x_wconf 89' lang='lat' dir='ltr'><strong>qui</strong></span> <span class='ocrx_word' id='word_1_1146' title='bbox 3032 4522 3082 4573; x_wconf 91' lang='lat' dir='ltr'><strong>in</strong></span> <span class='ocrx_word' id='word_1_1147' title='bbox 3127 4521 3357 4588; x_wconf 83' lang='lat' dir='ltr'><strong>peccatis</strong></span> <span class='ocrx_word' id='word_1_1148' title='bbox 3399 4524 3620 4589; x_wconf 73' lang='lat' dir='ltr'><strong>genitus</strong></span> <span class='ocrx_word' id='word_1_1149' title='bbox 3665 4532 3745 4576; x_wconf 88' lang='lat' dir='ltr'><strong>est</strong></span> <span class='ocrx_word' id='word_1_1150' title='bbox 3786 4530 3839 4574; x_wconf 90' lang='lat' dir='ltr'><strong>et</strong></span> 
     </span>
    </p>
   </div>
   <div class='ocr_carea' id='block_1_137' title="bbox 2242 4591 3838 4661">
    <p class='ocr_par' dir='ltr' id='par_1_137' title="bbox 2242 4591 3838 4661">
     <span class='ocr_line' id='line_1_137' title="bbox 2242 4591 3838 4661; baseline -0.001 -17"><span class='ocrx_word' id='word_1_1151' title='bbox 2242 4593 2436 4645; x_wconf 86' lang='lat' dir='ltr'><strong>natus?</strong></span> <span class='ocrx_word' id='word_1_1152' title='bbox 2466 4592 2666 4645; x_wconf 88' lang='lat' dir='ltr'><strong>Laudet</strong></span> <span class='ocrx_word' id='word_1_1153' title='bbox 2712 4601 2784 4656; x_wconf 85' lang='lat' dir='ltr'><strong>te,</strong></span> <span class='ocrx_word' id='word_1_1154' title='bbox 2820 4592 3040 4645; x_wconf 87' lang='lat' dir='ltr'><strong>Domine</strong></span> <span class='ocrx_word' id='word_1_1155' title='bbox 3075 4591 3215 4644; x_wconf 88' lang='lat' dir='ltr'><strong>Deus</strong></span> <span class='ocrx_word' id='word_1_1156' title='bbox 3262 4606 3447 4650; x_wconf 84' lang='lat' dir='ltr'><strong>meus.</strong></span> <span class='ocrx_word' id='word_1_1157' title='bbox 3496 4594 3838 4661; x_wconf 85' lang='lat' dir='ltr'><strong>omnipotens</strong></span> 
     </span>
    </p>
   </div>
   <div class='ocr_carea' id='block_1_138' title="bbox 2242 4661 3838 4731">
    <p class='ocr_par' dir='ltr' id='par_1_138' title="bbox 2242 4661 3838 4731">
     <span class='ocr_line' id='line_1_138' title="bbox 2242 4661 3838 4731; baseline 0 -16"><span class='ocrx_word' id='word_1_1158' title='bbox 2242 4664 2473 4729; x_wconf 86' lang='lat' dir='ltr'><strong>potentia</strong></span> <span class='ocrx_word' id='word_1_1159' title='bbox 2506 4674 2625 4725; x_wconf 88' lang='lat' dir='ltr'><strong>tua,</strong></span> <span class='ocrx_word' id='word_1_1160' title='bbox 2655 4661 3217 4729; x_wconf 85' lang='lat' dir='ltr'><strong>incircumscriptibilis</strong></span> <span class='ocrx_word' id='word_1_1161' title='bbox 3244 4663 3508 4731; x_wconf 89' lang='lat' dir='ltr'><strong>sapientia</strong></span> <span class='ocrx_word' id='word_1_1162' title='bbox 3542 4674 3668 4727; x_wconf 86' lang='lat' dir='ltr'><strong>tua,</strong></span> <span class='ocrx_word' id='word_1_1163' title='bbox 3704 4662 3838 4715; x_wconf 87' lang='lat' dir='ltr'><strong>inel-</strong></span> 
     </span>
    </p>
   </div>
   <div class='ocr_carea' id='block_1_139' title="bbox 2243 4732 3837 4800">
    <p class='ocr_par' dir='ltr' id='par_1_139' title="bbox 2243 4732 3837 4800">
     <span class='ocr_line' id='line_1_139' title="bbox 2243 4732 3837 4800; baseline -0.001 -13"><span class='ocrx_word' id='word_1_1164' title='bbox 2243 4733 2413 4787; x_wconf 81' lang='lat' dir='ltr'><strong>labilis</strong></span> <span class='ocrx_word' id='word_1_1165' title='bbox 2440 4732 2643 4787; x_wconf 87' lang='lat' dir='ltr'><strong>bonitas</strong></span> <span class='ocrx_word' id='word_1_1166' title='bbox 2666 4740 2771 4784; x_wconf 86' lang='lat' dir='ltr'><strong>tua.</strong></span> <span class='ocrx_word' id='word_1_1167' title='bbox 2807 4732 3006 4785; x_wconf 83' lang='lat' dir='ltr'><strong>Laudet</strong></span> <span class='ocrx_word' id='word_1_1168' title='bbox 3034 4741 3083 4785; x_wconf 91' lang='lat' dir='ltr'><strong>te</strong></span> <span class='ocrx_word' id='word_1_1169' title='bbox 3109 4733 3520 4800; x_wconf 89' lang='lat' dir='ltr'><strong>supereminens</strong></span> <span class='ocrx_word' id='word_1_1170' title='bbox 3550 4735 3837 4787; x_wconf 78' lang='lat' dir='ltr'><strong>clementia</strong></span> 
     </span>
    </p>
   </div>
   <div class='ocr_carea' id='block_1_140' title="bbox 2245 4802 3839 4874">
    <p class='ocr_par' dir='ltr' id='par_1_140' title="bbox 2245 4802 3839 4874">
     <span class='ocr_line' id='line_1_140' title="bbox 2245 4802 3839 4874; baseline -0.002 -16"><span class='ocrx_word' id='word_1_1171' title='bbox 2245 4815 2361 4866; x_wconf 89' lang='lat' dir='ltr'><strong>tua,</strong></span> <span class='ocrx_word' id='word_1_1172' title='bbox 2412 4802 2848 4874; x_wconf 87' lang='lat' dir='ltr'><strong>superabundans</strong></span> <span class='ocrx_word' id='word_1_1173' title='bbox 2894 4803 3256 4874; x_wconf 81' lang='lat' dir='ltr'><strong>misericordia</strong></span> <span class='ocrx_word' id='word_1_1174' title='bbox 3306 4813 3441 4874; x_wconf 76' lang='lat' dir='ltr'><strong>tua,</strong></span> <span class='ocrx_word' id='word_1_1175' title='bbox 3510 4805 3839 4874; x_wconf 74' lang='lat' dir='ltr'><strong>sempiterna</strong></span> 
     </span>
    </p>
   </div>
   <div class='ocr_carea' id='block_1_141' title="bbox 2243 4872 3837 4943">
    <p class='ocr_par' dir='ltr' id='par_1_141' title="bbox 2243 4872 3837 4943">
     <span class='ocr_line' id='line_1_141' title="bbox 2243 4872 3837 4943; baseline -0.001 -18"><span class='ocrx_word' id='word_1_1176' title='bbox 2243 4888 2453 4943; x_wconf 90' lang='lat' dir='ltr'><strong>quoque</strong></span> <span class='ocrx_word' id='word_1_1177' title='bbox 2480 4874 2649 4926; x_wconf 84' lang='lat' dir='ltr'><strong>virtus</strong></span> <span class='ocrx_word' id='word_1_1178' title='bbox 2677 4882 2730 4927; x_wconf 89' lang='lat' dir='ltr'><strong>et</strong></span> <span class='ocrx_word' id='word_1_1179' title='bbox 2758 4872 3008 4927; x_wconf 85' lang='lat' dir='ltr'><strong>divinitas</strong></span> <span class='ocrx_word' id='word_1_1180' title='bbox 3037 4883 3145 4925; x_wconf 84' lang='lat' dir='ltr'><strong>tua.</strong></span> <span class='ocrx_word' id='word_1_1181' title='bbox 3173 4872 3375 4926; x_wconf 89' lang='lat' dir='ltr'><strong>Laudet</strong></span> <span class='ocrx_word' id='word_1_1182' title='bbox 3408 4884 3459 4926; x_wconf 91' lang='lat' dir='ltr'><strong>te</strong></span> <span class='ocrx_word' id='word_1_1183' title='bbox 3490 4872 3837 4939; x_wconf 79' lang='lat' dir='ltr'><strong>omnipoten-</strong></span> 
     </span>
    </p>
   </div>
   <div class='ocr_carea' id='block_1_142' title="bbox 2246 4944 3841 5011">
    <p class='ocr_par' dir='ltr' id='par_1_142' title="bbox 2246 4944 3841 5011">
     <span class='ocr_line' id='line_1_142' title="bbox 2246 4944 3841 5011; baseline -0.001 -14"><span class='ocrx_word' id='word_1_1184' title='bbox 2246 4946 2444 4997; x_wconf 89' lang='lat' dir='ltr'><strong>tissima</strong></span> <span class='ocrx_word' id='word_1_1185' title='bbox 2487 4944 2735 4997; x_wconf 82' lang='lat' dir='ltr'><strong>fortitudo</strong></span> <span class='ocrx_word' id='word_1_1186' title='bbox 2765 4952 2886 5008; x_wconf 90' lang='lat' dir='ltr'><strong>tua,</strong></span> <span class='ocrx_word' id='word_1_1187' title='bbox 2929 4958 3135 4997; x_wconf 90' lang='lat' dir='ltr'><strong>summa</strong></span> <span class='ocrx_word' id='word_1_1188' title='bbox 3182 4958 3393 5011; x_wconf 89' lang='lat' dir='ltr'><strong>quoque</strong></span> <span class='ocrx_word' id='word_1_1189' title='bbox 3441 4944 3749 5011; x_wconf 82' lang='lat' dir='ltr'><strong>benignitas</strong></span> <span class='ocrx_word' id='word_1_1190' title='bbox 3789 4953 3841 4996; x_wconf 92' lang='lat' dir='ltr'><strong>et</strong></span> 
     </span>
    </p>
   </div>
   <div class='ocr_carea' id='block_1_143' title="bbox 2244 5014 3842 5084">
    <p class='ocr_par' dir='ltr' id='par_1_143' title="bbox 2244 5014 3842 5084">
     <span class='ocr_line' id='line_1_143' title="bbox 2244 5014 3842 5084; baseline -0.002 -15"><span class='ocrx_word' id='word_1_1191' title='bbox 2244 5014 2476 5069; x_wconf 84' lang='lat' dir='ltr'><strong>Charitas</strong></span> <span class='ocrx_word' id='word_1_1192' title='bbox 2502 5024 2587 5068; x_wconf 91' lang='lat' dir='ltr'><strong>tua</strong></span> <span class='ocrx_word' id='word_1_1193' title='bbox 2607 5055 2622 5078; x_wconf 94' lang='lat'><strong>,</strong></span> <span class='ocrx_word' id='word_1_1194' title='bbox 2655 5024 2867 5082; x_wconf 80' lang='lat' dir='ltr'><strong>propter</strong></span> <span class='ocrx_word' id='word_1_1195' title='bbox 2892 5030 3047 5084; x_wconf 89' lang='lat' dir='ltr'><strong>quam</strong></span> <span class='ocrx_word' id='word_1_1196' title='bbox 3068 5015 3260 5068; x_wconf 87' lang='lat' dir='ltr'><strong>creasti</strong></span> <span class='ocrx_word' id='word_1_1197' title='bbox 3287 5028 3413 5078; x_wconf 88' lang='lat' dir='ltr'><strong>nos,</strong></span> <span class='ocrx_word' id='word_1_1198' title='bbox 3450 5015 3683 5069; x_wconf 88' lang='lat' dir='ltr'><strong>Domine</strong></span> <span class='ocrx_word' id='word_1_1199' title='bbox 3706 5016 3842 5068; x_wconf 84' lang='lat' dir='ltr'><strong>Deus</strong></span> 
     </span>
    </p>
   </div>
   <div class='ocr_carea' id='block_1_144' title="bbox 2244 5086 2740 5139">
    <p class='ocr_par' dir='ltr' id='par_1_144' title="bbox 2244 5086 2740 5139">
     <span class='ocr_line' id='line_1_144' title="bbox 2244 5086 2740 5139; baseline -0.006 0"><span class='ocrx_word' id='word_1_1200' title='bbox 2244 5087 2347 5139; x_wconf 84' lang='lat' dir='ltr'><strong>vita</strong></span> <span class='ocrx_word' id='word_1_1201' title='bbox 2373 5086 2563 5138; x_wconf 71' lang='lat' dir='ltr'><strong>anima:</strong></span> <span class='ocrx_word' id='word_1_1202' title='bbox 2589 5100 2740 5138; x_wconf 68' lang='lat' dir='ltr'><strong>mea).</strong></span> 
     </span>
    </p>
   </div>
   <div class='ocr_carea' id='block_1_145' title="bbox 2315 5153 3843 5224">
    <p class='ocr_par' dir='ltr' id='par_1_145' title="bbox 2315 5153 3843 5224">
     <span class='ocr_line' id='line_1_145' title="bbox 2315 5153 3843 5224; baseline -0.003 -15"><span class='ocrx_word' id='word_1_1203' title='bbox 2315 5155 2539 5209; x_wconf 77' lang='lat' dir='ltr'><strong>CAPUT</strong></span> <span class='ocrx_word' id='word_1_1204' title='bbox 2606 5156 2693 5208; x_wconf 73' lang='lat' dir='ltr'><strong>XI.</strong></span> <span class='ocrx_word' id='word_1_1205' title='bbox 2786 5153 2915 5223; x_wconf 78' lang='lat' dir='ltr'><strong>Spes</strong></span> <span class='ocrx_word' id='word_1_1206' title='bbox 2954 5154 3131 5207; x_wconf 84' lang='lat' dir='ltr'><strong>salutis</strong></span> <span class='ocrx_word' id='word_1_1207' title='bbox 3180 5154 3354 5206; x_wconf 85' lang='lat' dir='ltr'><strong>nititur</strong></span> <span class='ocrx_word' id='word_1_1208' title='bbox 3428 5154 3655 5209; x_wconf 81' lang='lat' dir='ltr'><strong>bonitate</strong></span> <span class='ocrx_word' id='word_1_1209' title='bbox 3731 5171 3843 5224; x_wconf 72' lang='lat' dir='ltr'><strong>qum</strong></span> 
     </span>
    </p>
   </div>
   <div class='ocr_carea' id='block_1_146' title="bbox 2244 5224 3841 5293">
    <p class='ocr_par' dir='ltr' id='par_1_146' title="bbox 2244 5224 3841 5293">
     <span class='ocr_line' id='line_1_146' title="bbox 2244 5224 3841 5293; baseline -0.002 -14"><span class='ocrx_word' id='word_1_1210' title='bbox 2244 5227 2445 5279; x_wconf 84' lang='lat' dir='ltr'><strong>creavit.</strong></span> <span class='ocrx_word' id='word_1_1211' title='bbox 2483 5225 2593 5293; x_wconf 80' lang='lat' dir='ltr'><strong>Ego</strong></span> <span class='ocrx_word' id='word_1_1212' title='bbox 2631 5234 2806 5279; x_wconf 91' lang='lat' dir='ltr'><strong>autem</strong></span> <span class='ocrx_word' id='word_1_1213' title='bbox 2835 5235 3074 5277; x_wconf 84' lang='lat' dir='ltr'><strong>creatura</strong></span> <span class='ocrx_word' id='word_1_1214' title='bbox 3124 5234 3211 5278; x_wconf 90' lang='lat' dir='ltr'><strong>tua</strong></span> <span class='ocrx_word' id='word_1_1215' title='bbox 3233 5264 3247 5288; x_wconf 94' lang='lat'><strong>,</strong></span> <span class='ocrx_word' id='word_1_1216' title='bbox 3272 5224 3373 5277; x_wconf 90' lang='lat' dir='ltr'><strong>sub</strong></span> <span class='ocrx_word' id='word_1_1217' title='bbox 3400 5227 3598 5279; x_wconf 84' lang='lat' dir='ltr'><strong>umbra</strong></span> <span class='ocrx_word' id='word_1_1218' title='bbox 3635 5228 3841 5277; x_wconf 83' lang='lat' dir='ltr'><strong>alarum</strong></span> 
     </span>
    </p>
   </div>
   <div class='ocr_carea' id='block_1_147' title="bbox 2249 5295 3842 5364">
    <p class='ocr_par' dir='ltr' id='par_1_147' title="bbox 2249 5295 3842 5364">
     <span class='ocr_line' id='line_1_147' title="bbox 2249 5295 3842 5364; baseline -0.003 -15"><span class='ocrx_word' id='word_1_1219' title='bbox 2249 5306 2453 5349; x_wconf 86' lang='lat' dir='ltr'><strong>tuarum</strong></span> <span class='ocrx_word' id='word_1_1220' title='bbox 2476 5296 2700 5362; x_wconf 78' lang='lat' dir='ltr'><strong>Sperabo</strong></span> <span class='ocrx_word' id='word_1_1221' title='bbox 2718 5296 2769 5348; x_wconf 90' lang='lat' dir='ltr'><strong>in</strong></span> <span class='ocrx_word' id='word_1_1222' title='bbox 2788 5296 3021 5350; x_wconf 91' lang='lat' dir='ltr'><strong>bonitate</strong></span> <span class='ocrx_word' id='word_1_1223' title='bbox 3046 5304 3153 5359; x_wconf 87' lang='lat' dir='ltr'><strong>tua,</strong></span> <span class='ocrx_word' id='word_1_1224' title='bbox 3176 5310 3276 5363; x_wconf 92' lang='lat' dir='ltr'><strong>qua</strong></span> <span class='ocrx_word' id='word_1_1225' title='bbox 3299 5297 3490 5348; x_wconf 88' lang='lat' dir='ltr'><strong>creasti</strong></span> <span class='ocrx_word' id='word_1_1226' title='bbox 3508 5312 3618 5349; x_wconf 87' lang='lat' dir='ltr'><strong>me.</strong></span> <span class='ocrx_word' id='word_1_1227' title='bbox 3636 5295 3842 5364; x_wconf 82' lang='lat' dir='ltr'><strong>Adjuva</strong></span> 
     </span>
    </p>
   </div>
   <div class='ocr_carea' id='block_1_148' title="bbox 2246 5365 3841 5434">
    <p class='ocr_par' dir='ltr' id='par_1_148' title="bbox 2246 5365 3841 5434">
     <span class='ocr_line' id='line_1_148' title="bbox 2246 5365 3841 5434; baseline -0.001 -14"><span class='ocrx_word' id='word_1_1228' title='bbox 2246 5376 2540 5420; x_wconf 87' lang='lat' dir='ltr'><strong>creaturam</strong></span> <span class='ocrx_word' id='word_1_1229' title='bbox 2570 5375 2732 5426; x_wconf 86' lang='lat' dir='ltr'><strong>tuam,</strong></span> <span class='ocrx_word' id='word_1_1230' title='bbox 2778 5381 2934 5434; x_wconf 88' lang='lat' dir='ltr'><strong>quam</strong></span> <span class='ocrx_word' id='word_1_1231' title='bbox 2981 5366 3181 5420; x_wconf 90' lang='lat' dir='ltr'><strong>creavit</strong></span> <span class='ocrx_word' id='word_1_1232' title='bbox 3215 5365 3516 5434; x_wconf 84' lang='lat' dir='ltr'><strong>benignitas</strong></span> <span class='ocrx_word' id='word_1_1233' title='bbox 3562 5376 3653 5419; x_wconf 75' lang='lat' dir='ltr'><strong>tua</strong></span> <span class='ocrx_word' id='word_1_1234' title='bbox 3691 5384 3703 5417; x_wconf 93' lang='lat'><strong>:</strong></span> <span class='ocrx_word' id='word_1_1235' title='bbox 3737 5382 3841 5418; x_wconf 79' lang='lat' dir='ltr'><strong>non</strong></span> 
     </span>
    </p>
   </div>
   <div class='ocr_carea' id='block_1_149' title="bbox 2248 5436 3842 5506">
    <p class='ocr_par' dir='ltr' id='par_1_149' title="bbox 2248 5436 3842 5506">
     <span class='ocr_line' id='line_1_149' title="bbox 2248 5436 3842 5506; baseline -0.002 -17"><span class='ocrx_word' id='word_1_1236' title='bbox 2248 5448 2427 5506; x_wconf 87' lang='lat' dir='ltr'><strong>pereat</strong></span> <span class='ocrx_word' id='word_1_1237' title='bbox 2455 5439 2505 5489; x_wconf 89' lang='lat' dir='ltr'><strong>in</strong></span> <span class='ocrx_word' id='word_1_1238' title='bbox 2530 5438 2723 5489; x_wconf 85' lang='lat' dir='ltr'><strong>tnali&#39;ia</strong></span> <span class='ocrx_word' id='word_1_1239' title='bbox 2755 5452 2902 5500; x_wconf 85' lang='lat' dir='ltr'><strong>mea,</strong></span> <span class='ocrx_word' id='word_1_1240' title='bbox 2937 5436 3075 5505; x_wconf 89' lang='lat' dir='ltr'><strong>quod</strong></span> <span class='ocrx_word' id='word_1_1241' title='bbox 3118 5446 3333 5506; x_wconf 79' lang='lat' dir='ltr'><strong>operata</strong></span> <span class='ocrx_word' id='word_1_1242' title='bbox 3355 5446 3439 5489; x_wconf 81' lang='lat' dir='ltr'><strong>est</strong></span> <span class='ocrx_word' id='word_1_1243' title='bbox 3466 5437 3683 5489; x_wconf 84' lang='lat' dir='ltr'><strong>bonitas</strong></span> <span class='ocrx_word' id='word_1_1244' title='bbox 3709 5446 3799 5489; x_wconf 86' lang='lat' dir='ltr'><strong>tua</strong></span> <span class='ocrx_word' id='word_1_1245' title='bbox 3828 5454 3842 5497; x_wconf 88' lang='lat'><strong>;</strong></span> 
     </span>
    </p>
   </div>
   <div class='ocr_carea' id='block_1_150' title="bbox 2250 5503 3845 5575">
    <p class='ocr_par' dir='ltr' id='par_1_150' title="bbox 2250 5503 3845 5575">
     <span class='ocr_line' id='line_1_150' title="bbox 2250 5503 3845 5575; baseline -0.001 -15"><span class='ocrx_word' id='word_1_1246' title='bbox 2250 5503 2351 5560; x_wconf 83' lang='lat' dir='ltr'><strong>non</strong></span> <span class='ocrx_word' id='word_1_1247' title='bbox 2394 5517 2577 5575; x_wconf 88' lang='lat' dir='ltr'><strong>pereat</strong></span> <span class='ocrx_word' id='word_1_1248' title='bbox 2618 5510 2667 5559; x_wconf 87' lang='lat' dir='ltr'><strong>in</strong></span> <span class='ocrx_word' id='word_1_1249' title='bbox 2712 5508 2923 5559; x_wconf 80' lang='lat' dir='ltr'><strong>miseria</strong></span> <span class='ocrx_word' id='word_1_1250' title='bbox 2956 5503 3112 5569; x_wconf 79' lang='lat' dir='ltr'><strong>mea,</strong></span> <span class='ocrx_word' id='word_1_1251' title='bbox 3142 5503 3280 5571; x_wconf 83' lang='lat' dir='ltr'><strong>quod</strong></span> <span class='ocrx_word' id='word_1_1252' title='bbox 3307 5503 3435 5559; x_wconf 71' lang='lat' dir='ltr'><strong>fecit</strong></span> <span class='ocrx_word' id='word_1_1253' title='bbox 3463 5521 3680 5559; x_wconf 85' lang='lat' dir='ltr'><strong>summa</strong></span> <span class='ocrx_word' id='word_1_1254' title='bbox 3728 5508 3845 5560; x_wconf 77' lang='lat' dir='ltr'><strong>ele-</strong></span> 
     </span>
    </p>
   </div>
   <div class='ocr_carea' id='block_1_151' title="bbox 2250 5576 3842 5644">
    <p class='ocr_par' dir='ltr' id='par_1_151' title="bbox 2250 5576 3842 5644">
     <span class='ocr_line' id='line_1_151' title="bbox 2250 5576 3842 5644; baseline -0.001 -13"><span class='ocrx_word' id='word_1_1255' title='bbox 2250 5580 2443 5631; x_wconf 79' lang='lat' dir='ltr'><strong>tuentia</strong></span> <span class='ocrx_word' id='word_1_1256' title='bbox 2485 5589 2587 5630; x_wconf 89' lang='lat' dir='ltr'><strong>tua.</strong></span> <span class='ocrx_word' id='word_1_1257' title='bbox 2622 5578 2750 5644; x_wconf 73' lang='lat' dir='ltr'><strong>Quzc</strong></span> <span class='ocrx_word' id='word_1_1258' title='bbox 2794 5588 2874 5630; x_wconf 86' lang='lat' dir='ltr'><strong>est</strong></span> <span class='ocrx_word' id='word_1_1259' title='bbox 2902 5578 3041 5631; x_wconf 87' lang='lat' dir='ltr'><strong>enim</strong></span> <span class='ocrx_word' id='word_1_1260' title='bbox 3075 5577 3272 5630; x_wconf 88' lang='lat' dir='ltr'><strong>utilitas</strong></span> <span class='ocrx_word' id='word_1_1261' title='bbox 3319 5576 3369 5629; x_wconf 89' lang='lat' dir='ltr'><strong>in</strong></span> <span class='ocrx_word' id='word_1_1262' title='bbox 3397 5578 3675 5629; x_wconf 88' lang='lat' dir='ltr'><strong>creatione</strong></span> <span class='ocrx_word' id='word_1_1263' title='bbox 3715 5588 3802 5629; x_wconf 83' lang='lat' dir='ltr'><strong>tua</strong></span> <span class='ocrx_word' id='word_1_1264' title='bbox 3828 5618 3842 5634; x_wconf 91' lang='lat'><strong>.</strong></span> 
     </span>
    </p>
   </div>
   <div class='ocr_carea' id='block_1_152' title="bbox 2247 5646 3844 5716">
    <p class='ocr_par' dir='ltr' id='par_1_152' title="bbox 2247 5646 3844 5716">
     <span class='ocr_line' id='line_1_152' title="bbox 2247 5646 3844 5716; baseline -0.004 -12"><span class='ocrx_word' id='word_1_1265' title='bbox 2247 5651 2292 5704; x_wconf 83' lang='lat' dir='ltr'><strong>si</strong></span> <span class='ocrx_word' id='word_1_1266' title='bbox 2310 5649 2629 5702; x_wconf 88' lang='lat' dir='ltr'><strong>descendam</strong></span> <span class='ocrx_word' id='word_1_1267' title='bbox 2658 5652 2709 5700; x_wconf 90' lang='lat' dir='ltr'><strong>in</strong></span> <span class='ocrx_word' id='word_1_1268' title='bbox 2733 5650 3133 5716; x_wconf 88' lang='lat' dir='ltr'><strong>corruptionem</strong></span> <span class='ocrx_word' id='word_1_1269' title='bbox 3160 5662 3331 5701; x_wconf 84' lang='lat' dir='ltr'><strong>meam</strong></span> <span class='ocrx_word' id='word_1_1270' title='bbox 3355 5647 3376 5699; x_wconf 84' lang='lat'><strong>?</strong></span> <span class='ocrx_word' id='word_1_1271' title='bbox 3403 5646 3675 5715; x_wconf 86' lang='lat' dir='ltr'><strong>Numquid</strong></span> <span class='ocrx_word' id='word_1_1272' title='bbox 3698 5649 3844 5701; x_wconf 77' lang='lat' dir='ltr'><strong>enim</strong></span> 
     </span>
    </p>
   </div>
   <div class='ocr_carea' id='block_1_153' title="bbox 2312 5736 3847 5787">
    <p class='ocr_par' dir='ltr' id='par_1_153' title="bbox 2312 5736 3847 5787">
     <span class='ocr_line' id='line_1_153' title="bbox 2312 5736 3847 5787; baseline 0.001 -4"><span class='ocrx_word' id='word_1_1273' title='bbox 2312 5740 2327 5769; x_wconf 77' lang='grc' dir='ltr'><strong>ι</strong></span> <span class='ocrx_word' id='word_1_1274' title='bbox 2356 5744 2427 5784; x_wconf 78' lang='lat' dir='ltr'><strong>Er.</strong></span> <span class='ocrx_word' id='word_1_1275' title='bbox 2447 5738 2596 5787; x_wconf 68' lang='lat' dir='ltr'><strong>Lugd.</strong></span> <span class='ocrx_word' id='word_1_1276' title='bbox 2624 5745 2741 5786; x_wconf 75' lang='lat' dir='ltr'><strong>ven.</strong></span> <span class='ocrx_word' id='word_1_1277' title='bbox 2773 5746 2823 5787; x_wconf 91' lang='lat' dir='ltr'><strong>et</strong></span> <span class='ocrx_word' id='word_1_1278' title='bbox 2844 5744 2952 5786; x_wconf 79' lang='lat' dir='ltr'><strong>Lov.</strong></span> <span class='ocrx_word' id='word_1_1279' title='bbox 2979 5738 3049 5786; x_wconf 73' lang='lat' dir='ltr'><strong>sic</strong></span> <span class='ocrx_word' id='word_1_1280' title='bbox 3073 5736 3311 5785; x_wconf 80' lang='lat' dir='ltr'><strong>exhibent</strong></span> <span class='ocrx_word' id='word_1_1281' title='bbox 3348 5736 3479 5784; x_wconf 90' lang='lat' dir='ltr'><strong>hunc</strong></span> <span class='ocrx_word' id='word_1_1282' title='bbox 3513 5737 3675 5785; x_wconf 84' lang='lat' dir='ltr'><strong>locum</strong></span> <span class='ocrx_word' id='word_1_1283' title='bbox 3713 5751 3725 5784; x_wconf 94' lang='lat'>:</span> <span class='ocrx_word' id='word_1_1284' title='bbox 3752 5745 3847 5785; x_wconf 61' lang='lat' dir='ltr'><strong>Nec</strong></span> 
     </span>
    </p>
   </div>
   <div class='ocr_carea' id='block_1_154' title="bbox 2243 5797 3856 5912">
    <p class='ocr_par' dir='ltr' id='par_1_154' title="bbox 2243 5797 3856 5912">
     <span class='ocr_line' id='line_1_154' title="bbox 2243 5797 3856 5912; baseline 0 -65"><span class='ocrx_word' id='word_1_1285' title='bbox 2243 5797 2490 5912; x_wconf 46' lang='lat' dir='ltr'><strong>iii/licitum</strong></span> <span class='ocrx_word' id='word_1_1286' title='bbox 2510 5797 2712 5908; x_wconf 48' lang='lat' dir='ltr'><strong>{lividere</strong></span> <span class='ocrx_word' id='word_1_1287' title='bbox 2747 5806 2928 5850; x_wconf 82' lang='lat' dir='ltr'><strong>terram</strong></span> <span class='ocrx_word' id='word_1_1288' title='bbox 2960 5812 3103 5861; x_wconf 75' lang='lat' dir='ltr'><strong>super</strong></span> <span class='ocrx_word' id='word_1_1289' title='bbox 3126 5811 3293 5861; x_wconf 81' lang='lat' dir='ltr'><strong>aquas,</strong></span> <span class='ocrx_word' id='word_1_1290' title='bbox 3328 5810 3473 5862; x_wconf 85' lang='lat' dir='ltr'><strong>quam</strong></span> <span class='ocrx_word' id='word_1_1291' title='bbox 3498 5810 3652 5862; x_wconf 84' lang='lat' dir='ltr'><strong>aquas</strong></span> <span class='ocrx_word' id='word_1_1292' title='bbox 3695 5812 3856 5863; x_wconf 66' lang='lat' dir='ltr'><strong>seprr</strong></span> 
     </span>
     <span class='ocr_line' id='line_1_155' title="bbox 2297 5874 2570 5909; baseline -0.004 0"><span class='ocrx_word' id='word_1_1293' title='bbox 2297 5874 2447 5909; x_wconf 72' lang='lat' dir='ltr'><strong>rrtnn.</strong></span> <span class='ocrx_word' id='word_1_1294' title='bbox 2561 5898 2570 5908; x_wconf 96' lang='lat'><strong>.</strong></span> 
     </span>
    </p>
   </div>
   <div class='ocr_carea' id='block_1_155' title="bbox 2297 5874 2570 5909">
    <p class='ocr_par' dir='ltr' id='par_1_155' title="bbox 2297 5874 2570 5909">
     <span class='ocr_line' id='line_1_156' title="bbox 2297 5874 2570 5909; baseline -0.004 0"><span class='ocrx_word' id='word_1_1295' title='bbox 2297 5874 2447 5909; x_wconf 88' lang='lat' dir='ltr'><strong>rrmn.</strong></span> <span class='ocrx_word' id='word_1_1296' title='bbox 2516 5874 2570 5908; x_wconf 75' lang='grc' dir='ltr'><strong>Μ.</strong></span> 
     </span>
    </p>
   </div>
   <div class='ocr_carea' id='block_1_156' title="bbox 2311 5923 2688 5981">
    <p class='ocr_par' dir='ltr' id='par_1_156' title="bbox 2311 5923 2688 5981">
     <span class='ocr_line' id='line_1_157' title="bbox 2311 5923 2688 5981; baseline 0.005 -10"><span class='ocrx_word' id='word_1_1297' title='bbox 2311 5925 2328 5953; x_wconf 78' lang='grc'><strong>²</strong></span> <span class='ocrx_word' id='word_1_1298' title='bbox 2356 5928 2480 5981; x_wconf 66' lang='lat'><strong>31.55.,</strong></span> <span class='ocrx_word' id='word_1_1299' title='bbox 2504 5923 2688 5973; x_wconf 60' lang='lat' dir='ltr'><strong>transit.</strong></span> 
     </span>
    </p>
   </div>
  </div>
