4070 6510
286 422 392 475 8ῗῦ

285 549 423 607 vane
450 532 769 589 constituisti
795 548 978 607 omnes
1010 535 1143 588 lilios
1173 534 1486 591 hominum?
1506 535 1710 594 Creasti
1741 557 1826 597 me
1848 584 1864 607 ,

285 605 516 660 Domine
539 647 554 670 ,
595 618 722 674 rege
741 604 879 673 quod
907 607 1117 659 creasti.
1149 607 1320 675 Opera
1362 624 1612 663 ntanuum
1655 604 1870 667 tuarum

284 691 358 730 ne
388 676 652 745 despicias
671 715 685 738 ,
733 675 890 730 Deus.
920 676 999 728 Me
1028 677 1196 730 fecisti
1226 677 1294 731 de
1334 679 1536 744 nihilo;
1567 681 1612 734 si
1641 695 1726 736 me
1762 698 1868 738 noti

286 747 704 818 regis,l)omine,
725 746 914 800 iterum
940 759 1176 801 revertar
1194 749 1258 801 ad
1279 749 1520 802 nihilum.
1539 751 1687 804 Sicut
1702 753 1866 817 enim,

284 818 547 884 Domine,
591 832 696 870 nm
727 832 894 890 eram,
922 818 1074 890 etde
1108 818 1274 890 nihilo
1301 821 1496 888 aliquid
1532 836 1617 875 me
1661 823 1868 890 fecisti;

283 890 365 943 sic
387 891 431 942 si
465 904 549 942 mc
578 904 680 941 non
712 889 853 958 regis
873 930 885 950 ,
911 888 1085 943 adhuc
1115 889 1165 942 in
1197 889 1417 942 nihilum
1447 891 1654 959 redigar
1679 893 1730 946 in
1761 888 1866 952 me.

281 960 492 1029 Adjuva
535 974 644 1021 me,
675 959 896 1026 Domine
923 960 1025 1012 vita
1074 975 1212 1024 mea,
1244 975 1311 1014 ne
1343 976 1552 1028 peream
1583 963 1632 1015 in
1667 964 1868 1018 malitia

280 1046 426 1084 inea.
457 1029 511 1085 Si
543 1046 648 1084 non
692 1043 906 1084 creares
949 1045 1053 1095 me,
1085 1029 1328 1088 Domine.
1359 1046 1465 1085 non
1494 1047 1668 1086 essem
1697 1051 1716 1094 ,τ
1747 1035 1869 1100 quia

279 1101 481 1154 creasti
506 1115 612 1166 me,
637 1101 744 1169 jam
768 1114 921 1164 sum;
946 1100 990 1154 si
1015 1117 1117 1154 non
1141 1102 1298 1170 regis.
1320 1102 1429 1169 jam
1460 1117 1564 1156 non
1593 1118 1732 1156 sum.
1751 1103 1866 1160 Non

279 1187 405 1226 mea
432 1171 644 1233 merita,
676 1185 780 1224 non
813 1186 931 1226 mea
959 1171 1151 1238 gratia,
1177 1181 1228 1225 te
1253 1181 1546 1240 coegerunt
1572 1183 1626 1227 ut
1650 1190 1865 1230 creares

278 1257 394 1306 me,
426 1241 523 1296 sed
569 1242 944 1311 benignissima
989 1241 1198 1296 bonitas
1227 1250 1312 1296 tua
1341 1251 1396 1297 et
1420 1244 1725 1299 clementia.
1775 1245 1868 1300 Illa

277 1313 542 1376 charitas,
573 1313 795 1366 Domine
840 1312 979 1366 Deus
1015 1328 1186 1375 meus,
1211 1329 1330 1382 qua:
1371 1325 1420 1367 te
1445 1315 1510 1368 ad
1541 1316 1868 1372 creationem

277 1383 481 1456 coegit,
506 1382 640 1456 ipsa,
672 1397 875 1456 quaeso,
906 1393 980 1456 et_
1001 1383 1161 1437 modo
1187 1394 1339 1456 cogat
1372 1394 1423 1456 te
1446 1385 1513 1438 ad
1554 1386 1865 1456 regendum.

275 1454 422 1518 Quid
439 1455 580 1509 enim
607 1454 818 1523 prodest
845 1453 982 1523 quod
1004 1454 1258 1523 compulit
1275 1453 1507 1508 charitas
1539 1453 1645 1518 tua',
1671 1457 1716 1510 si
1743 1472 1870 1524 per-

279 1540 406 1579 eam
460 1525 510 1578 in
537 1525 746 1578 miseria
774 1539 918 1587 mea,
952 1533 1006 1577 et
1034 1539 1137 1578 non
1166 1540 1249 1578 me
1285 1537 1431 1594 regat
1460 1527 1678 1580 dextera
1733 1536 1819 1581 tua
1845 1529 1868 1582 ’ἒ

282 1595 413 1649 ll;cc
441 1607 492 1650 te
517 1607 690 1664 cogat,
725 1596 944 1647 Domine
983 1596 1120 1649 Dens
1150 1609 1317 1660 meus,
1349 1597 1632 1650 clementia
1662 1597 1728 1651 ad
1755 1600 1865 1653 sal-

281 1666 517 1720 vandum
537 1706 552 1729 ,
582 1665 723 1736 quod
763 1676 999 1719 creatum
1014 1673 1122 1737 est,
1153 1681 1270 1734 quae
1296 1675 1347 1720 te
1373 1668 1632 1735 compulit
1656 1682 1862 1737 creare,

281 1737 500 1807 quando
519 1735 755 1790 creatum
773 1750 876 1789 non
891 1745 990 1791 est.
1013 1735 1130 1805 Ipsa
1145 1746 1194 1790 te
1217 1737 1391 1790 vincat
1411 1737 1642 1792 charitas
1663 1739 1730 1791 ad
1757 1735 1866 1793 sal;-

282 1809 518 1861 vamlum
559 1823 677 1877 qua:
709 1816 760 1862 te
813 1807 937 1861 vicit
973 1807 1039 1860 ad
1069 1807 1396 1873 creandum;
1433 1809 1555 1876 quia
1598 1823 1700 1863 nec
1726 1825 1867 1865 nunc

280 1879 462 1950 minor
480 1876 599 1950 est,
646 1877 768 1948 quia
799 1877 907 1950 ipsa
935 1876 1240 1950 Charitas-tu
1273 1883 1386 1946 ipse
1413 1893 1493 1944 es,
1542 1880 1630 1947 qui
1652 1894 1866 1950 semper

281 1949 424 2002 idem
447 1964 525 2003 es.
553 1948 667 2002 Non
695 1958 776 2002 est
802 1948 1102 2001 ahbreviata
1132 1962 1322 2001 manus
1344 1958 1452 2012 tua,
1481 1950 1756 2004 tttsalvare
1773 1948 1867 2006 tte-

278 2028 476 2088 queat;
520 2033 693 2088 neqne
718 2029 997 2088 aggravata
1028 2027 1108 2071 est
1134 2019 1278 2071 auris
1305 2027 1389 2072 tua
1416 2059 1429 2078 ,
1465 2029 1522 2072 ut
1556 2035 1660 2074 non
1687 2022 1866 2076 audiat

279 2089 440 2160 (lsai.
469 2107 575 2154 LIX,
609 2092 682 2160 1);
712 2090 806 2143 sed
839 2099 1051 2157 peccata
1085 2105 1199 2143 mea
1222 2089 1514 2142 diviserunt
1538 2091 1676 2145 inter
1697 2106 1784 2147 me
1811 2101 1866 2146 et

279 2170 356 2225 te,
386 2162 524 2215 inter
551 2160 794 2214 tenebras
817 2171 870 2213 et
899 2161 1093 2222 lucem,
1123 2161 1260 2214 inter
1286 2160 1569 2229 imaginem
1598 2163 1785 2216 mortis
1810 2172 1866 2217 et

277 2231 466 2297 vitam,
495 2232 636 2284 inter
661 2231 946 2284 vanitatem
975 2243 1027 2284 et
1069 2231 1367 2294 veritatem,
1397 2231 1535 2286 inter
1573 2232 1861 2287 lunaticam

277 2301 423 2356 hanc
452 2303 611 2355 vitam
648 2318 819 2354 meam
849 2310 902 2371 et
920 2301 1295 2371 sempiternam
1321 2310 1484 2354 tuam.

375 2372 602 2444 ΟΑΡῌΤ
652 2371 768 2426 XII.
832 2370 1591 2444 Contra’cgncupisccnliarum
1658 2373 1864 2444 laqueos

274 2445 462 2497 oratio.
499 2442 608 2499 Hos
650 2445 854 2512 laqueos
896 2444 1009 2511 quis
1053 2441 1280 2512 eﬂ'ugiut.
1317 2442 1409 2495 lla:
1441 2451 1565 2497 sunt
1622 2441 1860 2512 umbra),

274 2513 474 2583 quibus
501 2515 714 2583 operior
756 2514 806 2567 in
839 2513 934 2566 hac
964 2514 1159 2584 abysso
1187 2514 1473 2582 caliginosa
1501 2515 1735 2584 carceris
1764 2515 1864 2569 hu-

169 2659 176 2663 _
267 2585 385 2663 jus,
415 2587 465 2638 in
505 2600 612 2655 quo
628 2593 925 2663 prostratus
949 2583 1101 2652 jaceo
1122 2584 1298 2663 donec
1318 2585 1518 2652 aspiret
1541 2583 1762 2663 dies,_et
1789 2586 1863 2663 in-

271 2654 547 2710 clinentur
568 2657 787 2717 nulline,
831 2655 1026 2724 tiatquc
1056 2669 1156 2708 vox
1185 2655 1236 2708 in
1269 2654 1604 2708 firmamento
1649 2655 1861 2711 virtutis

270 2737 404 2791 tum,
435 2743 538 2781 vox
567 2727 773 2781 Domini
819 2727 868 2796 in
898 2729 1090 2780 virtute
1110 2767 1123 2789 ,
1155 2741 1265 2796 vox,
1304 2725 1509 2778 Domini
1537 2726 1588 2779 in
1614 2726 1859 2796 magniﬁ-

267 2798 486 2852 centia:
515 2798 760 2866 dicatque
780 2839 794 2862 ,
829 2795 942 2850 Fiat
971 2797 1080 2861 lux,
1119 2806 1174 2850 et
1198 2795 1496 2865 ellugentur
1518 2795 1773 2864 tenebric,
1805 2808 1862 2852 et

266 2877 531 2936 appareat
569 2869 736 2932 arida,
767 2868 1129 2938 germinelqtte
1180 2877 1317 2921 terra
1345 2867 1565 2921 herbam
1597 2869 1856 2922 virentem

267 2949 331 2993 et
363 2939 642 2993 facientem
676 2952 858 2992 semen
887 2948 940 2992 et
978 2938 1202 2991 fluctum
1235 2938 1430 2991 bonum
1456 2938 1676 3005 iustitiae
1709 2955 1857 3007 regni

269 3010 376 3062 tni.
405 3011 624 3063 Domine
650 3009 807 3065 Pater
831 3019 886 3063 et
911 3010 1068 3074 Deus,
1110 3010 1214 3061 vita
1249 3025 1342 3077 per
1369 3024 1527 3078 quam
1554 3009 1734 3063 omnia
1772 3010 1858 3064 vi-

266 3091 426 3143 vunt,
451 3090 504 3134 et
523 3082 638 3134 sine
666 3095 768 3150 qua
795 3080 972 3133 Omnia
1005 3087 1209 3150 mortua
1234 3090 1628 3148 eoniputantur,
1663 3095 1730 3134 ne
1758 3081 1855 3134 dc-

264 3151 544 3220 relinquas
564 3166 649 3205 me
670 3149 720 3204 in
740 3151 968 3220 cogitatu
997 3149 1246 3220 maligno,
1269 3159 1323 3203 ct
1351 3151 1712 3205 extollentiam
1730 3165 1860 3205 ocu-

268 3219 448 3274 lorum
487 3235 726 3275 meorum
764 3219 832 3275 ne
873 3219 1088 3275 dederis
1115 3221 1262 3274 mihi.
1295 3222 1462 3274 Aufer
1489 3237 1517 3273 a
1544 3236 1632 3275 me
1655 3236 1857 3276 concu-

267 3293 581 3360 piscentias,
611 3301 666 3346 et
692 3292 872 3346 animo
894 3293 1204 3345 irreverenti
1233 3293 1554 3346 etiufrunito
1585 3306 1652 3346 ne
1681 3293 1858 3347 tradas

265 3377 358 3415 ine
390 3361 575 3433 (Eccli.
605 3378 757 3426 χχιιι,
788 3360 904 3433 Ali-6)
937 3380 950 3415 :
984 3362 1076 3415 sed
1111 3361 1322 3433 posside
1365 3377 1461 3416 cor
1491 3377 1687 3426 meum,
1720 3372 1780 3416 ut
1807 3373 1857 3418 te

265 3432 469 3502 Cogitet
507 3447 737 3502 semper.
768 3432 1010 3486 Illumina
1037 3432 1225 3486 oculos
1254 3448 1423 3495 meos,
1447 3445 1502 3486 ιιι
1536 3443 1588 3488 te
1617 3434 1854 3501 videant,

265 3512 329 3555 et
377 3520 480 3555 non
524 3505 845 3557 extt'illantur
873 3512 994 3556 ante
1037 3511 1123 3568 te,
1164 3505 1328 3572 gloria
1360 3505 1682 3572 sempiterna
1719 3507 1854 3559 :sed

267 3572 545 3627 humiliter
588 3577 842 3638 sentiant,
873 3589 978 3627 non
1009 3575 1061 3626 in
1111 3573 1440 3628 mirabilibus
1482 3589 1642 3642 super
1666 3590 1754 3639 se;
1802 3588 1858 3630 et

265 3659 391 3712 qum
411 3659 440 3697 a
467 3645 666 3698 dextris
686 3656 810 3700 sunt
835 3645 1066 3709 videant,
1096 3659 1204 3697 non
1229 3659 1391 3712 quam
1414 3644 1643 3698 sinistris
1667 3646 1762 3698 abs
1782 3654 1851 3699 te.

267 3715 338 3768 Et
368 3716 632 3783 palpebrae
661 3731 792 3784 mea:
833 3715 1135 3784 prtecedant
1165 3729 1380 3784 gressus
1425 3730 1574 3768 meos
1604 3733 1617 3769 :
1649 3731 1770 3768 nam
1801 3725 1855 3770 et

267 3780 542 3853 palpebra:
571 3797 671 3839 tua:
698 3780 1024 3855 interrogant
1053 3780 1191 3837 filios
1216 3785 1486 3857 hominum
1512 3785 1680 3856 (Psal.
1713 3787 1851 3857 x,6).

265 3857 449 3910 Allide
486 3857 966 3924 cmucupiscentiatn
1008 3870 1180 3909 meam
1210 3856 1491 3908 dulcedine
1537 3866 1623 3909 tua
1647 3897 1661 3920 ,
1693 3856 1852 3926 quam

265 3926 596 3980 abscondisti
625 3927 930 3981 timentibus
973 3935 1046 3987 te,
1084 3935 1139 3979 ut
1164 3927 1539 3994 concupiscam
1596 3928 1852 3996 concupi-

263 4012 420 4052 scere
440 4007 490 4051 te
519 3997 962 4067 concupiscentiis
983 3997 1321 4064 sempiternis
1349 4013 1363 4048 :
1387 4012 1454 4049 ne
1479 3997 1626 4067 vanis
1646 3997 1853 4052 illectus

262 4076 323 4121 et
351 4068 603 4136 deceptus
657 4066 877 4124 interior
912 4079 1098 4137 gustus
1131 4076 1290 4136 ponat
1316 4082 1554 4120 amarum
1583 4066 1762 4134 dulce,
1797 4076 1854 4123 et

263 4138 424 4193 (ιιιιω
452 4154 714 4202 amarum,
745 4139 990 4194 tenebras
1012 4139 1202 4202 lucem,
1236 4148 1292 4192 et
1324 4137 1494 4191 lucem
1528 4138 1775 4192 tenebras
1798 4139 1850 4193 in

262 4211 443 4263 medio
491 4218 565 4262 tot
595 4210 957 4279 decipularum
1005 4210 1199 4278 passim
1234 4209 1303 4261 ab
1329 4208 1544 4262 inimico
1584 4223 1743 4278 super
1769 4208 1848 4262 fa-

261 4282 402 4334 ciem
442 4281 538 4334 vim
567 4279 724 4350 hujus
749 4281 814 4334 ad
837 4280 1122 4350 capiendas
1147 4279 1353 4333 animas
1376 4290 1696 4350 paratarum,
1728 4281 1848 4350 qui-

263 4351 367 4403 bus
391 4351 580 4421 pleuus
605 4349 686 4405 est
719 4361 861 4406 totus
899 4349 1149 4414 mundus,
1180 4350 1425 4421 ut_isrqui
1464 4349 1614 4413 vidit,
1641 4349 1757 4405 sub,
1777 4351 1849 4404 si-

263 4419 431 4474 lentio
462 4437 566 4474 nou
598 4424 859 4487 transivit,
902 4421 1146 4490 inquiens
1178 4437 1193 4474 :
1225 4419 1484 4490 Quidquid
1523 4421 1656 4474 enim
1693 4430 1764 4474 est
1794 4422 1848 4474 in

258 4493 475 4554 mundo,
500 4503 587 4545 aut
611 4502 683 4546 est
708 4492 1110 4560 concupiscentia
1134 4492 1330 4556 carnis,
1364 4500 1451 4543 aut
1484 4492 1847 4560 concupiscen-

262 4563 334 4614 tia
359 4565 641 4626 oculorum,
669 4573 756 4616 aut
799 4561 1036 4632 superbia
1055 4563 1170 4615 vita:
1190 4561 1232 4630 (Ι
1262 4561 1420 4613 Joau.
1450 4577 1506 4626 ιι,
1535 4563 1648 4630 16).
1677 4564 1844 4629 Ecce,

263 4633 488 4686 Domine
520 4634 658 4688 Deus
683 4650 856 4698 meus,
883 4633 1112 4686 mundus
1141 4642 1285 4686 totus
1323 4633 1512 4700 plenus
1538 4643 1616 4684 est
1644 4647 1845 4687 coacu-

262 4703 640 4770 pisccntiarum
683 4705 905 4772 laqueis,
937 4719 1070 4771 quos
1101 4713 1410 4772 paraverunt
1441 4703 1666 4773 pedibus
1688 4704 1842 4757 meis.

262 4773 330 4846 Et
357 4777 478 4843 quis
502 4777 718 4846 ell'ugiet
767 4777 864 4828 bos
895 4775 1154 4843 laqueos?
1182 4773 1424 4828 Profecto
1450 4790 1479 4825 a
1508 4789 1613 4842 quo
1643 4784 1695 4828 tu
1724 4775 1844 4827 abs-

259 4845 447 4899 tuleris
472 4847 834 4902 extollentiam
865 4851 1140 4900 oculorum
1189 4860 1443 4908 suorum,
1493 4856 1546 4896 ttt
1577 4861 1680 4897 non
1719 4861 1840 4898 emn

257 4916 438 4988 rapiat
466 4918 894 4988 concupiscentia
941 4916 1217 4988 oculorum
1242 4931 1256 4979 ;
1298 4925 1352 4968 et
1379 4933 1406 4967 a
1439 4923 1629 4988 quortu
1657 4917 1842 4969 abstn-

213 5013 220 5016 -
256 4985 386 5039 leris
429 4989 605 5042 carnis
641 4985 1163 5056 cmucupiscentiam,
1194 5002 1259 5038 ne
1298 5002 1422 5038 cum
1456 4987 1629 5053 capiat
1665 4989 1842 5039 carnis

253 5058 708 5125 concupiscentia;
737 5068 790 5114 et
813 5074 842 5112 a
868 5072 974 5128 quo
997 5067 1050 5110 tu
1075 5058 1358 5110 abstuleris
1385 5057 1620 5109 animum
1650 5057 1842 5111 irreveo

253 5137 462 5180 rentem
485 5142 538 5183 et
554 5127 894 5190 infrunitum,
919 5145 984 5181 ne
1005 5143 1126 5182 eum
1144 5129 1333 5180 callide
1350 5127 1837 5197 decipiatsuperbia

255 5198 399 5269 vita}.
429 5197 475 5252 0
498 5215 656 5269 quam
697 5201 817 5255 felix
850 5200 934 5253 cui
967 5198 1080 5253 haec
1110 5198 1299 5251 lacius!
1326 5198 1521 5269 quippe
1570 5205 1839 5266 pertrans-

251 5267 353 5322 ibit
383 5267 652 5324 immunis.
672 5271 824 5325 Nunc
848 5271 1108 5339 deprecor
1121 5280 1171 5322 te
1199 5276 1378 5336 perte,
1405 5268 1593 5336 adjuva
1622 5283 1737 5332 me;
1772 5283 1839 5323 ne

251 5351 499 5394 eorruam
528 5342 579 5394 in
605 5352 895 5410 conspectu
921 5340 1345 5410 adversariorum
1379 5354 1618 5410 meorum
1648 5348 1839 5407 captus

250 5410 458 5478 laqueis
483 5426 690 5476 eorum,
723 5409 856 5482 quos
884 5420 1203 5480 paraverunt
1231 5409 1453 5478 pedibus
1478 5409 1638 5482 meis,
1673 5420 1729 5482 ut
1758 5411 1839 5482 in-

247 5491 474 5536 enrvent
514 5481 751 5538 animam
777 5500 974 5536 meam.
1018 5482 1125 5538 Sed
1151 5495 1278 5535 erue
1306 5497 1410 5545 tne,
1441 5481 1608 5532 virtus
1650 5481 1836 5535 salutis

248 5567 388 5606 mea:
420 5569 434 5604 :
467 5569 535 5607 ne
561 5555 661 5608 sibi
707 5555 874 5608 risum
903 5553 1188 5608 exhibeant
1212 5552 1279 5606 de
1302 5569 1388 5605 tne
1423 5550 1619 5604 inimici
1645 5551 1716 5603 ttii
1745 5551 1833 5620 qui

243 5624 481 5676 oderunt
501 5633 572 5678 te.
606 5625 867 5694 Exsurge,
895 5625 1115 5678 nomine
1135 5625 1272 5677 Deus
1294 5636 1464 5685 meus,
1489 5622 1638 5694 fortis
1660 5637 1831 5686 meus;

245 5705 304 5764 ct
330 5694 658 5763 dissipentur
686 5693 881 5749 inimici
925 5696 1021 5761 tui,
1048 5705 1101 5750 et
1128 5695 1328 5764 fugiant
1352 5694 1443 5763 qui
1469 5693 1694 5746 oderunt
1723 5701 1775 5764 te
1801 5709 1832 5746 a

243 5763 386 5819 facie
416 5776 505 5820 tua
536 5764 706 5829 (Psal.
741 5781 901 5828 Litvn,
939 5765 994 5837 1)
1028 5783 1040 5817 :
1070 5763 1209 5820 sicut
1245 5765 1360 5820 ﬂuit
1385 5780 1508 5837 cera
1538 5778 1567 5816 a
1600 5764 1732 5837 facie
1757 5763 1833 5833 ig-

244 5837 354 5899 nis,
385 5837 461 5891 sic
482 5849 703 5908 pereant
731 5835 1036 5905 peccatores
1056 5852 1084 5890 a
1113 5837 1244 5891 facie
1263 5837 1374 5908 Dei.
1402 5835 1468 5889 Et
1487 5850 1587 5905 ego
1607 5835 1833 5908 abscon-

244 5909 346 5961 dar
385 5908 438 5962 in
465 5906 778 5963 abscondito
807 5907 960 5962 faciei
991 5917 1091 5963 tua:
1114 5951 1128 5974 ,
1156 5918 1209 5963 et
1236 5907 1495 5979 gaudeam
1535 5922 1658 5962 cum
1704 5906 1826 5972 liliis

516 5998 783 6055 Ριιίιιυι..
828 6001 952 6059 .\L.

1209 422 1406 477 LIBER
1448 423 2003 494 SOLII.OQUIORUM
2040 431 2280 489 ANIMIE
2318 433 2410 488 AD
2451 433 2654 492 DEUM.

3471 450 3573 507 8"

1981 546 2104 632 tuis,
2137 550 2358 632 satiatus
2375 551 2622 606 omnibus
2646 551 2800 609 bonis
2828 557 2947 610 tuis.
2967 556 3031 611 Et
3058 567 3133 632 tu,
3159 559 3380 619 Domine
3400 565 3562 632 Deus,

1981 627 2133 703 pater
2159 620 2519 703 orphanorttm
2537 664 2551 683 ,
2580 633 2635 677 et
2671 633 2743 690 tu,
2772 636 2942 682 mater
2979 620 3292 703 pupillorum
3316 620 3569 703 tuorum:

1979 689 2102 770 audi
2127 689 2379 770 eiulatum
2411 690 2639 770 filiorum
2669 689 2911 770 tuorum;
2941 689 2994 770 ei
3014 689 3241 756 eitteude
3263 705 3374 759 alas

1977 768 2036 839 ut
2068 758 2328 839 fugiamus
2366 763 2467 839 sub
2495 763 2632 839 eis_a
2665 764 2798 839 facie
2829 767 3024 825 inimici
3051 811 3067 836 ,
3101 775 3258 828 turris
3298 758 3568 834 ftirtiiitdi:

1981 830 2063 912 riis
2093 830 2394 912 Israel,.qui
2418 849 2521 887 non
2551 834 3008 912 dormitasneque
3034 830 3236 898 dormis
3256 830 3564 904 custodiens

1978 898 2138 1024 iit-qu
2163 943 2177 968 ,
2211 898 2336 972 quia
2379 920 2482 958 non
2531 905 2784 962 dormitat
2825 898 2995 966 basiis
3033 912 3121 982 qui
3171 898 3562 988 ἱιιιιιιιεξιιειῖίῖιιΣ

2041 987 2068 1023 c
2097 1010 2109 1022 .
3376 1013 3384 1024 κ

2041 987 2109 1023 Cl.
3329 987 3338 988 ί
3376 1013 3384 1027 ι

2049 1041 2274 1122 CA-PUT
2306 1043 2440 1122 Xlll.
2503 1046 2598 1122 De
2620 1048 2838 1122 mirabili
2867 1049 2980 1122 luce
3005 1051 3138 1122 iDei.
3174 1054 3322 1122 Quod
3371 1061 3425 1113 in
3453 1064 3562 1115 solo

1977 1109 2085 1164 Deo
2126 1112 2246 1167 bene
2295 1116 2369 1195 sit
2405 1116 2615 1195 honuni.
2652 1117 2744 1195 De
2769 1121 2920 1175 variis
2991 1121 3088 1195 Dei
3143 1109 3423 1195 beneﬁciis:

1976 1198 2132 1262 quam
2158 1198 2262 1262 non
2287 1185 2428 1240 videt
2453 1187 2558 1262 alia
2591 1190 2697 1262 lux.
2731 1189 2908 1246 lumen
2936 1194 3075 1262 quod
3106 1209 3211 1249 non
3247 1185 3392 1253 videt
3416 1185 3560 1254 aliud

1976 1251 2192 1331 lumen:
2225 1255 2310 1308 lux
2338 1272 2454 1325 quae
2485 1257 2806 1314 obteucbras
2832 1251 3044 1318 omnem
3071 1265 3273 1331 lucem,
3306 1251 3362 1322 et
3383 1251 3560 1325 lumen

1975 1323 2118 1405 quod
2148 1323 2392 1411 exerceas
2440 1343 2598 1384 omne
2639 1344 2950 1411 extraneum
3007 1335 3219 1411 lumen;
3259 1323 3558 1411 'luxgaiqua

1975 1395 2284 1480 omnis-lux,
2311 1398 2486 1480 lumen
2509 1414 2538 1452 a
2567 1415 2671 1480 quo
2687 1417 2847 1480 omne
2873 1403 3050 1480 lumen
3073 1422 3087 1469 ;
3119 1395 3296 1480 lumen
3321 1409 3388 1464 ad
3418 1395 3558 1480 qtiod

1975 1479 2134 1544 omne
2161 1467 2337 1544 lumen
2359 1478 2460 1544 ‘est
2488 1467 2739 1536 tenebrae,
2769 1473 2834 1526 ad
2860 1475 3000 1544 quod
3032 1467 3208 1531 omnis
3237 1479 3322 1533 lux
3363 1467 3558 1536 obscu-

1974 1540 2136 1609 ritas;
2169 1537 2257 1590 lux
2285 1539 2370 1592 cui
2397 1555 2584 1594 omnes
2627 1537 3090 1609 tenebrze'lumen,
3119 1549 3203 1602 cui
3257 1551 3433 1606 omnis
3457 1553 3558 1608 ob-

1974 1608 2200 1662 scuritas
2218 1608 2337 1689 lux;
2362 1609 2447 1663 lux
2468 1625 2713 1689 suprema
2738 1629 2894 1683 quam
2908 1608 3119 1670 czecitas
3142 1633 3244 1673 non
3262 1620 3557 1689 obnubilat,

1973 1692 2130 1747 quam
2161 1680 2332 1748 caligo
2372 1697 2475 1734 non
2507 1681 2721 1753 hebetat
2744 1680 2768 1746 ,⁷
2791 1699 2947 1753 quam
2981 1689 3214 1743 tenebrae
3253 1705 3359 1745 non
3396 1680 3556 1748 obfu;

1973 1757 2144 1806 scatit.
2177 1765 2337 1817 quam
2369 1752 2515 1830 nulla
2541 1752 2852 1830 obstantia1
2883 1756 3173 1830 claudunt,
3203 1776 3362 1830 quam
3412 1780 3552 1818 nun-

1973 1834 2132 1898 quam
2161 1831 2372 1898 separat
2413 1823 2586 1893 aliqua
2616 1825 2800 1898 umbra
2835 1843 2848 1879 :
2882 1826 2968 1880 lux
2998 1845 3118 1898 quae
3145 1823 3409 1889 illuminas
3434 1849 3555 1890 om-

1974 1891 2056 1965 nia
2079 1899 2186 1965 tota
2218 1892 2374 1965 simul
2396 1903 2447 1946 et
2475 1891 2639 1948 semel
2665 1906 2719 1949 et
2744 1911 2970 1965 semper,
3001 1891 3227 1956 absorbc
3258 1918 3344 1958 me
3365 1904 3417 1959 in
3447 1906 3555 1960 cla-

1955 1960 2144 2041 ritatis
2183 1972 2284 2042 tua:
2323 1963 2594 2034 abyssum,
2630 1974 2685 2042 ut
2729 1960 2934 2042 videant
2967 1971 3199 2042 undique
3228 1973 3354 2028 tein
3384 1983 3456 2040 te,
3499 1987 3554 2030 et

1973 2045 2060 2084 me
2089 2033 2139 2084 in
2186 2041 2265 2096 te,
2299 2044 2351 2087 et
2385 2033 2573 2112 cuncta
2606 2037 2705 2090 sub
2750 2047 2818 2112 te.
2848 2037 2925 2093 Ne
2950 2033 3288 2112 derelinquas
3324 2059 3410 2100 me
3432 2033 3454 2110 ς’
3483 2062 3554 2102 ne

1971 2113 2281 2182 acc'rescaut
2308 2106 2510 2182 umbra:
2545 2107 2855 2182 ignoranti-.1:
2881 2125 3034 2182 mete,
3057 2121 3111 2166 et
3135 2106 3556 2182 multiplicemur

1971 2170 2162 2250 delicta
2192 2189 2329 2250 mea.
2357 2173 2483 2250 Sine
2511 2170 2727 2250 teienim
2759 2181 2935 2233 omnia
2968 2170 3097 2236 mihi
3137 2193 3262 2238 sunt
3293 2170 3548 2250 ienehrm,

1971 2243 2148 2297 omnia
2177 2247 2344 2321 mala;
2373 2247 2492 2321 quia
2521 2247 2651 2302 nihil
2685 2248 2887 2321 bonum
2924 2252 3040 2305 sine
3084 2261 3134 2306 te
3175 2269 3327 2321 vero,
3361 2257 3477 2312 solo
3497 2243 3550 2314 et

1969 2327 2180 2394 intumo
2229 2316 2386 2367 houo.
2421 2316 2531 2394 {loc
2563 2320 2831 2394 confiteor
2860 2361 2875 2387 ,
2907 2321 2986 2392 (a)
3007 2322 3108 2378 hoc
3147 2326 3290 2394 scio,
3315 2316 3549 2383 Domine

1972 2383 2115 2465 Dens
2157 2401 2328 2451 meus,
2361 2387 2482 2454 quia
2524 2383 3007 2465 ubicumqttc's'um
3037 2394 3155 2449 sine
3195 2383 3436 2463 te,'male
3465 2410 3550 2454 est

1971 2454 2099 2535 mihi
2125 2465 2316 2535 praeter
2335 2467 2404 2521 te,
2425 2473 2541 2535 non
2568 2461 2739 2513 solum
2758 2454 3037 2535 extrahme,
3061 2466 3154 2520 sed
3175 2454 3334 2522 etiam
3362 2469 3414 2522 in
3437 2485 3544 2535 me;

1969 2525 2090 2594 quia
2118 2528 2292 2604 omnis
2319 2530 2468 2604 copia
2491 2543 2608 2598 quae
2637 2545 2741 2585 non
2785 2540 2867 2585 est
2913 2525 3053 2588 Deus
3083 2551 3234 2592 meus
3255 2579 3270 2604 ,
3300 2539 3430 2593 mihi
3462 2525 3545 2595 esi

1967 2606 2198 2678 egestas.
2236 2598 2501 2678 Satiqbor;
2521 2609 2893 2678 tan_tum_cum
2925 2608 3228 2678 apparuerit
3255 2598 3422 2678 gloria
3459 2620 3546 2665 tua

1971 2664 2146 2747 (Ιξιςιιιἶ
2181 2683 2288 2732 xw,
2320 2668 2429 2740 15).
2463 2669 2694 2747 Etenim,
2728 2664 3076 2747 Domine'v'ita
3105 2692 3224 2732 mea
3255 2664 3404 2733 beata
3425 2721 3443 2747 ,
3465 2664 3548 2734 tu

1966 2736 2236 2814 miseriam
2265 2736 2436 2793 meam
2465 2743 2722 2796 conlitear
2748 2743 2863 2806 tibi,
2888 2759 2953 2798 ex
2990 2761 3096 2814 quo
3121 2748 3189 2802 ab
3226 2736 3441 2806 unitate'
3455 2760 3543 2807 tua

1966 2809 2175 2873 cecidi,
2203 2825 2468 2888 summum
2500 2821 2572 2888 et_
2599 2827 2763 2868 unum
2793 2809 3022 2881 bonum;
3055 2821 3424 2888 temporalium
3455 2839 3542 2878 re-

1965 2892 2084 2954 rum
2116 2881 2527 2954 multiformitas
2559 2882 2764 2950 lapsum
2803 2900 2886 2940 me
2933 2902 3028 2954 per
3071 2881 3314 2945 caritalcs
3350 2907 3540 2948 sensus

1966 2949 2369 3015 disvorberavit,
2403 2961 2458 3006 et
2483 2951 2550 3004 ab
2579 2949 2686 3006 ιιιιυ
2721 2963 2769 3008 te
2795 2955 2845 3008 in
2879 2949 3041 3011 multa
3069 2959 3246 3014 divisit
3278 2977 3290 3013 :
3324 2971 3379 3016 et
3407 2961 3542 3019 facta

1966 3031 2048 3102 est
2095 3021 2225 3102 mihi
2249 3023 2595 3102 abundantia
2634 3025 2926 3102 laboriosa,
2957 3037 3011 3081 et
3055 3039 3262 3102 egestas
3301 3035 3538 3102 copiosa,

1963 3090 2090 3173 dum
2119 3093 2262 3173 aliud
2312 3102 2366 3148 et
2413 3094 2556 3173 aliud
2597 3096 2880 3173 sequebar,
2913 3090 2976 3152 et
3004 3115 3032 3152 a
3063 3090 3209 3155 nullo
3253 3090 3540 3173 implebar;

1963 3161 2091 3246 dum
2119 3162 2171 3246 in
2204 3173 2256 3246 te
2283 3181 2387 3246 non
2434 3161 2762 3246 inveniebar,
2807 3161 3240 3246 incommutabile
3267 3161 3542 3246 et'singu;

1964 3232 2074 3286 lare
2117 3245 2170 3288 et
2215 3235 2495 3311 indivisum
2547 3251 2710 3291 unum
2749 3237 2979 3311 bonum,
3018 3241 3159 3311 quod
3190 3253 3406 3299 secutus
3437 3232 3540 3302 rion

1963 3320 2121 3383 erro,
2153 3305 2294 3374 quod
2344 3317 2663 3383 consecutus
2715 3323 2818 3362 non
2861 3305 3050 3383 doleo,
3092 3314 3233 3382 quod
3267 3317 3542 3383 possidens

1961 3375 2368 3457 satiatur-totum
2387 3378 2706 3457 desiderium
2737 3395 2932 3457 meum.
2960 3375 3075 3437 lleu
3099 3375 3307 3438 miseria
3333 3393 3537 3457 magna!

1963 3444 2065 3499 heu
2097 3449 2208 3502 me!
2250 3448 2498 3527 Domine,
2524 3449 2718 3503 misera
2745 3450 2922 3527 anima
2951 3469 3067 3507 mea
3101 3464 3150 3509 te
3178 3457 3386 3527 refugit,
3419 3444 3539 3513 cum

1962 3531 2068 3584 quo
2089 3532 2301 3587 semper
2325 3519 2558 3572 abundat
2583 3528 2638 3574 et
2658 3520 2853 3594 gaudet
2876 3537 2891 3585 ;
2920 3532 2974 3594 et
2998 3527 3239 3594 sequitur
3259 3519 3538 3592 mundum,

1962 3602 2083 3663 eum
2115 3605 2220 3657 quo
2244 3604 2459 3663 seraper
2487 3589 2888 3663 egct_etqd_olet.
2914 3589 3139 3649 Mundus
3167 3597 3394 3663 clamat,
3441 3589 3541 3656 De;

1963 3656 2142 3717 ficio;
2168 3669 2223 3713 et
2254 3671 2309 3714 tu
2350 3656 2569 3724 Clamas,
2606 3660 2806 3714 Relicio
2833 3678 2847 3715 :
2874 3672 2927 3716 et
2974 3664 3169 3720 misera
3221 3656 3396 3723 anima
3421 3685 3539 3725 mea

1963 3729 2131 3800 magis
2155 3731 2396 3797 sequitur
2419 3729 2777 3796 deficientem,
2806 3747 2964 3800 quam
2995 3735 3344 3792 reficientem.
3372 3739 3539 3795 Plane

1960 3799 2241 3874 infirmitas
2262 3801 2519 3874 meaghaac
2544 3812 2645 3874 est.
2673 3799 2874 3874 MediCe
2901 3804 3202 3872 Spirituum,
3229 3811 3537 3874 sanaillam,

1963 3881 2019 3923 ut
2064 3872 2320 3923 confitear
2361 3871 2475 3935 tibi,
2505 3871 2648 3923 salus
2687 3872 2878 3926 anima:
2905 3871 3062 3939 mete,
3094 3871 3204 3931 toto
3227 3879 3390 3935 corde
3419 3871 3541 3936 meo

1959 3954 2119 4006 super
2147 3941 2396 3995 omnibus
2423 3940 2696 4015 beneficiis
2721 3941 2845 4007 tuis,
2873 3945 3064 4012 quibus
3089 3947 3262 4015 pascis
3289 3965 3376 4004 tne
3399 3965 3428 4003 a
3452 3951 3540 4015 ju-

1960 3967 2118 4006 θυμω·
2147 3967 2396 3995 uumtuus
2423 3967 2696 3994 ιιυιιυιιυιιδ
2723 3967 2845 4007 ιυιδ,
2873 3967 3064 4012 quwus
3089 3967 3262 4015 pansus
3289 3967 3376 4004 me
3399 3967 3428 4003 8
3481 3968 3536 4006 ιι-

1960 4020 2175 4065 ventnte
2204 4027 2321 4066 mea
2352 4022 2407 4065 et
2434 4026 2600 4081 usque
2627 4011 2680 4065 in
2703 4022 2974 4067 senectam
2999 4025 3052 4069 et
3087 4018 3319 4074 senium.
3343 4019 3418 4076 Te
3440 3967 3536 4078 tie-

1958 4097 2273 4154 precmjper
2299 4091 2350 4154 te
2375 4082 2579 4151 ipsum,
2609 4099 2676 4136 ne
2706 4083 3045 4154 derelinquas
3069 4102 3174 4142 me.

2034 4153 2104 4224 (ὁ)
2141 4152 2330 4224 Fecisti
2356 4169 2442 4207 me
2469 4168 2589 4207 cmn
2612 4169 2718 4207 non
2749 4152 2963 4219 essem}
2993 4157 3265 4214 redemisti
3306 4176 3394 4218 me
3417 4176 3542 4218 cum

1957 4223 2254 4293 periissem.
2297 4223 2589 4287 Perieram,
2627 4235 2866 4279 mortuus
2902 4225 3144 4294 fueram;
3172 4230 3241 4285 ad
3272 4243 3538 4290 mortuum

1955 4295 2280 4366 descendisti
2303 4296 2735 4366 ,ﬁmortalitatem
2767 4297 3069 4366 suscepisti,
3109 4299 3177 4354 ad
3201 4315 3415 4358 servum
3443 4321 3536 4361 rex

1956 4365 2299 4440 descendisti.
2333 4363 2402 4440 Ut
2452 4379 2666 4420 servum
2711 4363 3024 4436 redimeres,
3056 4363 3113 4426 te
3166 4372 3339 4440 ipsum
3373 4376 3535 4432 tradi-

1955 4436 2197 4511 disti;_ut
2216 4451 2316 4506 ego
2347 4436 2606 4511 viverem,
2636 4447 2694 4491 tu
2725 4447 2950 4511 mortem
2973 4436 3273 4511 suscepisti,
3310 4459 3536 4502 mortem

1956 4507 2160 4572 vicisti;
2190 4522 2279 4562 me
2301 4508 2634 4571 restaurasti,
2665 4523 2786 4562 cum
2824 4518 2874 4563 te
2905 4507 3217 4567 humiliasti.
3242 4507 3532 4576 Perierunt.

1953 4578 2188 4632 abieram
2214 4581 2329 4658 ,"iu
2377 4578 2606 4647 peccatis
2631 4579 2981 4635 venumdatus
3003 4598 3150 4658 erant
3170 4589 3408 4658 ;‘veuisti
3441 4605 3542 4658 pro

1954 4664 2061 4714 me,
2082 4661 2138 4702 ut
2159 4649 2552 4704 redimercsme
2581 4667 2591 4702 :
2625 4663 2680 4704 et.
2704 4659 2904 4704 tantum
2937 4668 3022 4706 me
3047 4653 3298 4720 dilexisti,
3331 4665 3389 4710 ut
3413 4649 3537 4713 san-

1951 4721 2164 4792 guinem
2199 4729 2345 4773 tuum
2393 4720 2447 4773 in
2475 4723 2704 4792 pretium
2726 4720 2882 4775 dares
2913 4738 3011 4792 pro
3041 4739 3145 4779 me.
3179 4725 3419 4782 Dilexisti
3451 4744 3540 4783 me

1953 4791 2071 4858 plus
2099 4805 2254 4859 quam
2284 4799 2374 4866 te,‘
2398 4791 2532 4866 quia
2551 4793 2693 4866 mori
2711 4791 2928 4866 voluisti
2955 4809 3049 4866 pro
3079 4810 3183 4850 me.
3217 4796 3330 4850 Tali
3358 4809 3534 4866 pacto.

1954 4873 2058 4914 tam
2085 4877 2210 4914 caro
2243 4861 2412 4930 pretio
2441 4861 2695 4915 reduxisti
2722 4878 2808 4916 me
2835 4862 2903 4916 de
2928 4861 3136 4930 exsilio,
3158 4861 3428 4921 redemisti
3447 4885 3539 4923 me

1953 4930 2020 4984 de
2051 4933 2289 4998 servitio,
2337 4933 2601 4986 retraxisti
2648 4949 2734 4986 me
2769 4935 2835 4986 de
2877 4934 3157 5002 supplicio.
3196 4935 3406 4992 Vocasti
3447 4956 3536 4994 tne

1950 5004 2167 5058 nomine
2196 5013 2306 5067 tuo,
2338 5002 2554 5072 signasti
2582 5018 2668 5057 me
2702 5005 2958 5072 sanguine
2987 5014 3105 5066 tuo,
3150 5017 3204 5059 ut
3226 5009 3541 5064 memoriale

1950 5083 2099 5126 tuum
2131 5089 2344 5142 semper
2375 5082 2518 5126 esset
2542 5072 2682 5142 apud
2721 5089 2806 5127 me
2826 5115 2839 5137 ,
2867 5084 2922 5127 et
2966 5091 3234 5144 nunquam
3259 5079 3538 5136 recederet

1948 5157 1990 5214 a7
2006 5144 2166 5197 corde
2191 5159 2332 5208 meo,
2355 5144 2443 5211 qui
2466 5159 2562 5214 pro
2590 5160 2675 5197 me
2714 5161 2982 5213 nunquam
3009 5148 3275 5201 recessisti
3298 5164 3328 5202 a
3349 5165 3509 5208 cruce

1949 5213 2157 5268 Unxisti
2188 5229 2274 5268 me
2302 5217 2420 5267 oleo
2452 5213 2545 5267 tuo
2563 5217 2671 5281 quo’
2695 5223 2746 5266 tu
2781 5227 2968 5269 unctus
2999 5214 3142 5269 fuisti
3175 5227 3280 5272 uta
3309 5219 3540 5276 teChri-

1947 5295 2032 5338 sto
2070 5286 2278 5338 dicerer
2325 5285 2665 5337 christianos.
2710 5285 2775 5337 Et
2818 5285 2869 5338 in
2914 5287 3158 5342 manibus
3189 5291 3292 5343 tuis
3327 5291 3533 5348 descri-

1947 5356 2100 5424 psisti
2125 5370 2210 5409 me
2229 5371 2245 5418 ;
2267 5363 2324 5408 ut
2356 5369 2569 5423 seraper
2597 5355 2665 5427 sit
2689 5357 2942 5427 memoria
2967 5372 3083 5411 mea
3108 5359 3246 5425 apud
3281 5370 3352 5427 te,
3376 5363 3420 5416 si
3453 5373 3539 5418 ta-

1946 5442 2073 5502 men
2098 5427 2355 5479 memoria
2396 5435 2480 5502 tua
2508 5426 2704 5502 iugiter
2733 5425 2892 5479 fuerit
2929 5429 3069 5497 apud
3111 5445 3216 5484 me.
3250 5425 3346 5486 Sic»
3381 5434 3537 5502 igitur

1944 5499 2111 5566 gratia
2141 5509 2227 5550 tua
2254 5506 2308 5551 et
2342 5497 2706 5568 misericordia
2752 5513 2966 5567 semper
3000 5512 3374 5568 pnevenerunt
3398 5497 3486 5562 ine
3519 5525 3538 5560 :

1943 5569 2012 5622 de
2057 5568 2235 5622 multis
2262 5583 2489 5637 namque
2521 5567 2769 5635 periculis
2799 5585 2939 5638 sat-pe
2965 5567 3203 5626 liberasti
3249 5590 3357 5641 me,
3398 5578 3540 5631 libc-

2008 5725 2024 5754 ί
2047 5729 2133 5772 Ms.
2158 5720 2482 5780 Colbertinus,
2501 5719 2635 5769 ostia.

2029 5787 2080 5847 α)
2105 5792 2168 5832 Ex
2196 5783 2279 5834 lib.
2306 5785 2363 5832 15
2384 5784 2768 5847 confessionum,
2791 5796 2898 5845 cap.
2923 5784 2970 5832 8.

2032 5846 2080 5909 b)
2109 5847 2222 5896 Vide
2243 5847 2416 5895 librum
2439 5848 2504 5895 de
2527 5846 2713 5909 spiritu
2739 5855 2791 5894 et
2817 5848 2996 5904 Anima,
3024 5860 3131 5908 cap.
3157 5849 3247 5908 i7;
3274 5849 3444 5901 librum
3473 5856 3545 5902 the

1943 5907 2194 5974 Dilig'eudo
2218 5917 2335 5972 Deo,
2351 5923 2378 5956 e
2394 5923 2488 5973 ipp.
2512 5907 2543 5957 6
2567 5917 2616 5958 et
2637 5910 2693 5970 7;
2721 5917 2774 5958 et
2794 5909 2919 5970 apud
2945 5907 3155 5957 auselm.
3181 5907 3342 5961 incdit.
3364 5913 3417 5962 Ἰ-
3512 5941 3544 5957 ρ

2759 6000 2787 6070 (
2808 5991 3227 6072 virtut-ltuit.)
