4070 6500
262 422 360 484 877

263 541 348 613 qui
392 546 717 610 cognoscunt
761 551 819 613 se
850 551 1139 613 pauperes,
1164 546 1213 589 et
1240 536 1560 613 conﬁtentur
1592 534 1681 613 tibi
1715 549 1845 613 patt-

264 606 520 683 perlatum
550 625 698 683 suam
725 650 739 672 ,
772 608 1077 683 ditabuntur
1105 623 1132 659 a
1166 616 1215 659 te
1243 624 1254 659 :
1285 606 1533 683 quoniam
1562 607 1651 683 _qui
1678 620 1743 683 _se
1763 606 1851 683 tli-

263 676 398 737 vites
422 680 727 736 existimant
755 694 874 733 cum
904 680 1009 731 sint
1039 693 1327 746 pauperes,
1356 692 1385 730 a
1418 677 1519 729 tuis
1544 676 1741 730 divitiis
1767 677 1850 729 in-

261 752 544 807 venientur
588 751 808 804 exclusi.
860 750 925 803 Et
964 764 1065 819 ego
1104 750 1261 817 igitur
1298 748 1677 819 conliteortibi
1702 788 1716 810 ,
1751 747 1855 800 Do-

263 824 412 878 mine
445 824 582 876 Dcus
609 836 757 875 meus
777 862 791 884 ,
823 818 1183 889 paupertatem
1213 835 1384 872 meam
1421 836 1433 872 :
1464 827 1517 871 et
1542 818 1611 872 sit
1644 819 1733 871 tibi
1767 828 1854 871 tua

258 895 430 964 gloria
458 902 563 946 tota
588 892 635 964 ί,
662 891 911 964 quoniam
943 902 1085 943 tuum
1112 900 1193 964 est
1216 904 1373 964 omne
1403 891 1619 964 bonum.
1648 889 1855 964 _l_’er__me

260 959 445 1030 enim,
491 959 745 1025 Domine,
789 960 992 1025 fateor,
1030 971 1087 1014 ut
1126 960 1350 1014 docuisti
1396 975 1510 1024 me,
1551 959 1680 1012 nihil
1714 959 1855 1013 aliud

260 1051 382 1089 sum
409 1050 567 1104 quam
600 1034 846 1087 universa
872 1034 1075 1086 vanitas
1104 1040 1158 1085 et
1184 1031 1367 1104 umbra
1382 1031 1602 1104 Amortis,
1627 1040 1680 1083 ct
1702 1030 1861 1100 abys-

260 1120 358 1159 sus
387 1101 629 1174 ρὶιίυιιειιιι
660 1104 940 1157 tenebrosa
966 1112 1062 1174 ,Aet
1090 1101 1424 1174 terrainanis
1445 1110 1498 1155 et
1522 1115 1709 1163 vacua,
1734 1116 1853 1169 qua:

261 1178 384 1231 sine
408 1172 503 1230 tua
532 1175 899 1229 benedictione
927 1172 1055 1227 nihil
1086 1172 1365 1243 germinat,
1396 1173 1621 1225 fructum
1644 1186 1858 1243 quoque

262 1263 373 1300 non
404 1246 527 1301 facit
550 1287 563 1307 ,
591 1246 689 1297 nisi
718 1240 1122 1309 confusionem,
1150 1252 1423 1311 peccatum
1448 1252 1501 1295 et
1529 1251 1772 1293 mortem.
1802 1240 1859 1296 Si

262 1316 395 1382 quid
426 1317 547 1371 boni
580 1331 809 1384 unquam
847 1315 1037 1377 habui,
1070 1330 1098 1367 a
1129 1323 1181 1368 te
1209 1313 1421 1381 recepi,
1451 1311 1705 1382 quidquid
1737 1312 1860 1366 boni

263 1387 443 1442 habeo
463 1428 477 1451 ,
521 1397 668 1441 tuum
715 1386 884 1440 habeo
906 1387 947 1437 ².
980 1386 1035 1440 Si
1062 1384 1277 1455 quando
1304 1384 1425 1455 steti
1452 1425 1465 1447 ,
1502 1398 1594 1455 per
1622 1394 1672 1455 te
1700 1384 1859 1455 steti,

264 1458 364 1512 sed
406 1457 618 1528 quando
643 1456 815 1511 cecidi
841 1498 856 1519 ,
886 1472 980 1525 per
1006 1453 1093 1509 me
1112 1454 1299 1510 cecidi.
1323 1453 1548 1521 Semper
1573 1454 1623 1506 in
1652 1453 1767 1528 luto
1783 1453 1865 1528 ja-

263 1523 535 1592 euissem,
583 1528 684 1581 nisi
727 1537 784 1581 tu
826 1523 912 1580 me
954 1528 1256 1580 ercxisses:
1294 1540 1507 1588 semper
1531 1538 1705 1578 caacus
1733 1523 1865 1579 fuis-

264 1614 425 1663 sem,
472 1599 570 1654 nisi
613 1606 667 1652 tu
710 1613 797 1653 me
835 1598 1202 1651 illuininasses.
1245 1595 1466 1661 Quando
1490 1594 1692 1659 cecidi,
1727 1611 1864 1649 nun-

262 1685 431 1738 quam
470 1669 819 1723 surrexissem
841 1709 855 1732 ,
887 1667 987 1720 nisi
1018 1676 1072 1721 tu
1103 1666 1230 1721 mihi
1259 1680 1471 1738 manum
1504 1665 1860 1738 porrexisses.

266 1735 559 1815 Postquam
605 1754 691 1815 me
735 1738 993 1815 erexisti,
1027 1752 1240 1815 semper
1279 1735 1627 1815 cecidissem,
1672 1736 1770 1789 nisi
1807 1745 1866 1790 tu

267 1826 363 1865 me
416 1806 814 1875 sustinuisses;
868 1809 1063 1877 sa‘pius
1118 1806 1372 1877 perissem
1405 1847 1420 1870 ,
1476 1806 1577 1860 nisi
1634 1821 1720 1861 me
1771 1822 1868 1877 gu-

267 1877 578 1936 bernasses.

348 1952 438 2007 Sic
462 1965 675 2019 semper
698 1990 714 2015 ,
746 1948 1000 2012 Domine,
1033 1946 1110 2019 sic
1134 1962 1348 2016 semper
1375 1949 1542 2019 gratia
1573 1958 1623 2000 et
1657 1947 1867 2002 miseri-

266 2022 456 2076 cordia
486 2018 856 2090 tua'prrevenit
883 2034 969 2073 me
988 2060 1003 2083 ,
1031 2018 1264 2072 liberans
1289 2034 1373 2073 me
1399 2018 1466 2072 ab
1486 2019 1732 2072 omnibus
1753 2034 1868 2072 ma-

268 2094 344 2147 lis
365 2134 380 2156 ,
410 2089 623 2146 salvans
650 2106 679 2145 a
709 2090 1020 2159 prieteritis,
1047 2090 1311 2143 suscitans
1342 2104 1370 2141 a
1394 2089 1747 2157 prsesentibus
1769 2131 1784 2156 ,
1816 2100 1869 2145 et

270 2163 524 2218 muniens
561 2178 593 2217 a
620 2161 809 2216 futuris
829 2202 843 2225 ,
871 2159 1168 2231 pra‘cidens
1196 2161 1356 2213 etiam
1387 2170 1511 2213 ante
1538 2176 1624 2215 me
1655 2160 1871 2231 laqueos

269 2245 618 2303 peccatorum
646 2274 665 2303 ,_
708 2230 900 2303 tollens
940 2232 1248 2303 occasiones
1277 2240 1330 2284 et
1358 2245 1584 2295 causas;
1616 2230 1741 2303 quia
1770 2232 1870 2303 nisi

276 2296 340 2358 iu
367 2305 467 2359 hoc
495 2304 624 2358 mihi
649 2301 896 2365 fecisses,
929 2317 1027 2371 ego
1057 2301 1234 2355 omnia
1266 2310 1478 2371 peccata
1510 2296 1688 2356 mundi
1716 2296 1875 2355 fecis-

270 2390 394 2429 sem
426 2393 439 2429 :
467 2374 717 2443 quoniam
755 2372 867 2443 scio
898 2370 1124 2443 Domine
1146 2412 1162 2437 ,
1189 2370 1332 2443 quod
1362 2371 1563 2425 nullum
1597 2382 1871 2443 peccatum

270 2456 364 2500 est
388 2440 528 2515 quod
561 2450 791 2515 unquam
819 2442 1131 2515 fecitbomo
1154 2480 1170 2507 ,
1195 2440 1336 2510 quod
1363 2456 1467 2515 non
1500 2442 1668 2511 possit
1690 2440 1874 2515 facere

270 2511 420 2571 alter
453 2517 611 2569 homo
631 2511 662 2578 ,⁷
690 2514 734 2567 si
774 2513 912 2567 desit
944 2513 1167 2567 Creator
1191 2527 1221 2565 a
1248 2527 1355 2582 quo
1384 2511 1554 2566 factus
1582 2520 1666 2567 est
1689 2512 1871 2568 homo.

272 2587 386 2642 Sed
415 2587 553 2656 quod
583 2603 686 2638 non
715 2583 943 2656 facerent
969 2623 983 2656 ,
1017 2594 1070 2636 tu
1101 2584 1266 2656 fecisti
1292 2599 1307 2647 ;
1335 2583 1475 2652 quod
1504 2583 1828 2656 abstinerem
1855 2626 1871 2648 ,

276 2668 338 2711 tu
364 2652 567 2726 jussisti
592 2673 606 2721 ;
639 2665 693 2712 et
719 2653 859 2726 quod
892 2653 983 2726 tibi
1008 2652 1283 2726 crederem
1305 2696 1319 2719 ,
1350 2664 1403 2708 tu
1430 2654 1652 2726 gratiam
1680 2654 1875 2708 infudi-

273 2724 376 2781 stii
405 2728 484 2783 Tu
516 2724 747 2794 namque
766 2764 783 2790 ,
818 2724 1039 2779 Domine
1062 2766 1077 2789 ,
1105 2724 1325 2793 regebas
1352 2739 1436 2777 me
1464 2724 1556 2794 tibi
1582 2765 1594 2785 ,
1623 2726 1876 2779 servabas

276 2814 371 2852 me
394 2800 483 2852 tibi
507 2807 561 2852 et
585 2793 736 2860 mihi,
764 2805 819 2848 ut
842 2794 1157 2850 adulterium
1180 2805 1233 2848 et
1253 2809 1413 2849 omne
1433 2793 1575 2849 aliud
1600 2806 1875 2865 peccatum

277 2884 389 2922 non
418 2869 825 2923 committerem.

352 2938 582 2995 CAPUT
602 2938 740 2992 XVI.
761 2936 837 2989 De
860 2934 1060 2989 diabolo
1076 2945 1120 2987 et
1138 2935 1488 2989 tentationibus
1510 2937 1639 3005 ejus.
1678 2936 1879 2992 Diaboli

275 3010 466 3078 ubique
497 3009 683 3079 laquei.
717 3005 1255 3079 'fentatordefuitaet
1280 3007 1587 3079 UttdCeSStfl,
1608 3018 1660 3061 tu
1682 3006 1876 3063 fecisti.

276 3076 457 3135 Locus
476 3091 530 3136 et
554 3076 765 3148 tempus
779 3076 975 3148 defuit:
1006 3087 1059 3130 et
1090 3085 1149 3148 ut
1189 3076 1301 3131 h:cc
1323 3077 1590 3141 deessent,
1612 3088 1665 3133 tu
1682 3080 1875 3133 fecisti.

278 3151 467 3207 Adfuit
490 3146 718 3204 tentator
735 3190 749 3213 ,
782 3165 886 3201 non
909 3147 1074 3201 defuit
1104 3146 1281 3212 locus,
1307 3165 1411 3207 non
1435 3148 1601 3219 deluit
1628 3161 1837 3219 tempus
1860 3167 1875 3213 ;

276 3223 380 3277 sed
422 3232 602 3276 utnon
624 3218 1006 3281 consentirem,
1032 3226 1086 3270 tu
1107 3233 1193 3272 me
1221 3219 1457 3272 tenuisti.
1473 3218 1628 3273 Venit
1650 3218 1881 3276 tentator

279 3292 601 3348 tenebrosus
618 3332 632 3355 ,
655 3298 713 3345 ut
727 3300 833 3351 est;
848 3296 902 3343 et
919 3297 1103 3343 uteum
1117 3288 1469 3356 deSpicerem,
1490 3298 1543 3343 tu
1564 3306 1647 3344 me
1670 3291 1882 3346 confor-

280 3364 428 3419 tasti.
460 3363 611 3418 Venit
639 3370 867 3416 tentator
893 3359 1042 3412 fortis
1065 3369 1303 3414 armatus
1326 3376 1340 3425 ;
1369 3370 1421 3413 et
1446 3370 1501 3412 ut
1526 3377 1610 3414 me
1633 3378 1736 3417 non
1761 3364 1879 3417 vin-

278 3445 432 3489 ceret
450 3476 463 3494 ,
491 3449 613 3488 eum
641 3430 918 3486 refrenasti
940 3470 952 3490 .
978 3439 1031 3482 et
1054 3444 1137 3483 me
1158 3430 1441 3483 roborasti.
1470 3430 1626 3486 Venit
1648 3443 1881 3491 tentator

282 3502 774 3575 transfiguratusin
804 3499 1048 3575 angelum
1075 3499 1244 3565 lucis;
1277 3509 1331 3554 et
1354 3511 1410 3554 ut
1432 3516 1516 3555 me
1542 3518 1645 3556 non
1668 3504 1880 3575 decipe-

282 3585 403 3642 ret,
447 3570 504 3629 ιιῖ
541 3590 662 3627 cum
705 3570 1037 3642 increpasti,
1059 3580 1112 3624 et
1144 3579 1201 3625 ut
1227 3586 1347 3623 cum
1377 3586 1759 3640 cognoscerem
1780 3570 1803 3637 ,’
1826 3584 1880 3631 ιιι

284 3640 749 3701 meilluminasti.
795 3640 913 3709 Ipse
956 3640 1098 3694 enim
1139 3649 1253 3701 est,
1305 3641 1563 3705 Domine,
1605 3644 1768 3699 draco
1795 3647 1881 3700 ille

283 3731 512 3788 magnus
536 3757 550 3778 ,
594 3714 776 3788 rufus,
818 3726 1043 3788 serpens
1076 3713 1323 3779 antiquus
1345 3752 1358 3774 ,
1388 3722 1607 3766 vocatus
1638 3715 1880 3788 diabolus

283 3798 341 3843 et
379 3782 603 3842 satanas
628 3828 641 3846 ,
689 3783 891 3837 habens
931 3782 1099 3848 capita
1144 3791 1348 3849 septeni
1387 3791 1442 3835 ct
1466 3797 1663 3837 cornua
1695 3786 1879 3841 decem

283 3860 477 3929 (Apoc.
505 3873 579 3911 xu
600 3898 615 3919 ,
643 3857 731 3929 3),
757 3870 912 3923 quem
945 3852 1138 3929 creasti
1159 3852 1229 3929 _ad
1254 3852 1579 3906 illudendum
1605 3853 1726 3929 huic
1748 3859 1881 3913 mari

286 3922 483 3998 magno
508 3937 563 3982 et
582 3926 816 3996 spatioso
845 3924 1087 3977 manibus
1109 3964 1123 3986 ,
1158 3922 1211 3998 in
1239 3937 1343 3998 quo
1371 3926 1725 3998 sunttreptilia
1746 3944 1880 3997 quo-

285 3992 406 4053 rum
448 4016 552 4052 non
596 3992 1088 4068 esttnuinerus,_et
1115 3992 1361 4068 animalia
1392 3992 1593 4068 pusilla
1610 4005 1660 4049 et
1693 3992 1880 4068 magna

292 4071 467 4137 (Psal.
510 4084 600 4124 Clll
625 4111 639 4133 ,
686 4067 756 4120 23
779 4064 931 4137 ,26)
958 4062 1071 4137 ;_id
1105 4071 1221 4125 est,
1258 4063 1467 4117 diversa
1493 4062 1880 4123 daimonior'um

286 4134 485 4214 genera
512 4183 527 4214 ,
555 4155 671 4208 quae
699 4135 829 4207 nihil
859 4135 1000 4189 aliud
1027 4134 1112 4188 die
1141 4142 1408 4214 noctuque
1431 4147 1753 4214 operantur,
1779 4141 1881 4214 nisi

285 4204 431 4284 quod
480 4204 811 4284 circumeunt
854 4214 1156 4284 quaerentes
1183 4220 1342 4284 quem
1376 4204 1667 4284 devorent,
1691 4212 1796 4284 nisi
1830 4221 1882 4265 tu

287 4275 505 4353 eripias.
547 4279 846 4353 lpse__enim
870 4284 967 4353 _cst
995 4275 1157 4353 draco
1185 4276 1432 4353 antiquus
1462 4277 1549 4330 ille
1570 4320 1584 4342 ,
1615 4281 1883 4353 quirortus

286 4345 388 4410 est'
417 4360 468 4407 in
515 4345 761 4421 paradiso
801 4348 1082 4421 voluptatis
1102 4345 1241 4421 ,__qui
1267 4348 1435 4401 cauda
1464 4362 1557 4421 sua
1586 4345 1749 4421 trahit
1778 4362 1884 4407 ter-

288 4428 416 4479 tiam
465 4416 667 4493 partem
717 4418 989 4493 stellarum
1029 4416 1147 4470 (mli
1170 4457 1183 4477 ,
1219 4426 1273 4471 et
1300 4432 1391 4470 eas
1417 4420 1577 4493 mittit
1609 4420 1657 4473 in
1692 4431 1883 4477 term."

291 4490 481 4566 (Apoc:
505 4509 601 4557 xit,
624 4494 684 4566 4)
704 4532 718 4553 ,
748 4491 834 4555 qui
859 4502 1181 4566 venenosuo
1203 4490 1491 4566 corrumpit
1516 4503 1880 4566 τιιιιιειςιιξιιιοςυ,

289 4559 631 4621 ιίιῚιίὴθηιρς
674 4562 918 4613 homines
954 4559 1253 4611 moriantur
1276 4600 1289 4620 ,
1324 4560 1409 4626 qui
1440 4562 1631 4613 sternit
1658 4563 1755 4615 sibi
1785 4581 1884 4616 an-

290 4654 410 4691 rum
455 4634 605 4704 quasi
651 4632 815 4704 lntnui
862 4627 1011 4704 (_J_ob
1054 4644 1176 4704 xu,
1209 4627 1424 4704 9l1)_,_ct
1453 4630 1613 4704 habet
1638 4633 1884 4689 fiduciam

288 4708 433 4775 quod
461 4697 645 4761 inﬂuat
672 4700 917 4775 Jordauis
944 4700 994 4753 in
1027 4714 1087 4751 os
1112 4700 1230 4775 _ejus
1262 4697 1383 4775 (_Id._
1405 4716 1503 4775 x‘L,
1646 4745 1660 4764 ,
1692 4705 1780 4773 qui
1807 4710 1884 4760 l'a.

287 4770 407 4833 ctus
446 4789 529 4832 est
562 4785 617 4829 ut
645 4774 845 4827 nullum
878 4772 1079 4824 timeat.
1110 4770 1175 4823 Et
1203 4771 1322 4838 quis
1352 4771 1601 4826 defendet
1628 4789 1659 4827 a
1690 4770 1881 4831 morsi-

288 4851 392 4903 bus
430 4849 578 4917 ejus,
626 4846 744 4917 quis
783 4850 935 4917 eruet
974 4840 1042 4917 ab
1078 4854 1171 4894 ore
1196 4842 1313 4917 ejus
1335 4880 1349 4904 ,
1381 4841 1595 4917 nis_iAtu_,
1629 4844 1883 4917 Domine,

289 4921 383 4990 qui
427 4910 732 4985 confregisti
781 4914 975 4990 capita_
1005 4910 1252 4965 draconis
1301 4912 1521 4990 iitagni?
1566 4910 1882 4990 Prmtende,

294 4981 520 5043 Domine
540 5029 556 5055 ,
601 4981 764 5055 super
803 4981 900 5036 nOs
929 4982 1040 5035 alas
1064 4992 1185 5055 ttuns
1206 5023 1222 5047 ,
1252 4990 1308 5033 ut
1339 4981 1599 5049 fugiamus
1626 4987 1724 5039 sub
1754 4990 1830 5042 eis
1853 4981 1885 5045 a

291 5061 426 5115 facie
466 5053 712 5114 draconis
752 5054 908 5123 hujus
930 5095 942 5113 ,
989 5053 1085 5123 qui
1127 5067 1224 5106 nos
1252 5055 1619 5122 persequitur,
1653 5066 1706 5111 ct
1735 5072 1885 5113 senio

290 5143 384 5186 tuo
414 5131 579 5185 libera
607 5142 704 5181 nos
732 5142 765 5181 a
794 5121 1044 5179 cornibus
1070 5121 1092 5153 ³
1121 5123 1259 5189 ejus.
1292 5123 1402 5177 Hoc
1429 5121 1569 5177 enim
1600 5138 1681 5180 est
1709 5132 1869 5184 conti

290 5218 455 5258 nuum
486 5199 718 5255 studium
749 5210 902 5250 suum
925 5236 939 5258 ,
972 5195 1071 5247 hoc
1099 5194 1313 5267 unicum
1338 5193 1661 5267 desiderium
1692 5214 1883 5267 suum,

291 5283 347 5329 ut
389 5270 595 5325 animas
624 5270 843 5323 devoret
870 5280 1002 5333 quas
1031 5264 1242 5318 creasti.
1278 5264 1333 5317 Ει
1366 5265 1486 5318 ideo
1507 5266 1573 5319 ad
1604 5276 1655 5321 te
1684 5264 1883 5324 clama;

289 5359 456 5407 mus;
503 5342 669 5395 libera
716 5352 815 5392 nos
858 5337 926 5390 ab
966 5334 1272 5407 adversario
1312 5345 1495 5389 nostro
1534 5339 1880 5406 quotidiano,

285 5417 383 5485 qui
406 5455 421 5478 ,
444 5405 575 5485 isive
617 5409 947 5485 dormiamus
967 5448 981 5472 ,
1004 5406 1124 5485 _sive
1148 5405 1429 5485 vigilemus
1446 5448 1460 5469 ,
1494 5405 1607 5462 sive
1632 5405 1884 5465 comeda-

285 5475 450 5552 nius,
491 5482 604 5538 sive
647 5480 926 5552 bibamus,
974 5476 1087 5552 sive
1128 5475 1499 5552 quodcumque
1535 5492 1671 5552 Opus
1697 5495 1885 5550 opere-

286 5546 442 5621 mur,
481 5552 729 5609 omnibus
768 5547 943 5603 modis
987 5549 1150 5603 instat
1181 5546 1268 5602 die
1296 5563 1358 5603 ac
1387 5546 1583 5615 nocte,
1612 5546 1889 5609 fraudibus

352 5761 369 5787 ι
397 5762 478 5805 se.
495 5752 832 5815 Colbertinus,
854 5762 952 5808 tota
981 5756 1140 5816 gloria
1164 5772 1289 5810 nica.

351 5820 477 5883 fles.
512 5820 718 5881 Regius,
740 5833 771 5869 a
802 5826 848 5869 te
880 5820 1042 5883 Iudico.
1073 5827 1120 5872 lu
1163 5822 1307 5872 editis
1330 5829 1408 5872 est
1429 5826 1638 5883 utraque
1662 5816 1826 5869 lectio.

351 5881 371 5913 ³
386 5886 467 5930 Ms.
492 5880 684 5942 ﬂagitis,
710 5894 739 5929 a
762 5880 1009 5933 morsibus.

1207 416 1405 477 LIBER
1445 417 1993 486 SOLILOQUIORUM
2036 417 2271 472 ΑΝΙΜΛΕ
2311 419 2402 471 AD
2442 417 2646 474 DEUM.

3447 419 3551 476 878

1959 542 2013 588 et
2039 533 2270 599 artibus,
2304 551 2444 589 nunc
2473 535 2642 610 palam
2666 578 2679 601 ,
2711 553 2846 592 nunc
2873 539 3081 593 occulte
3106 581 3119 602 ,
3144 540 3363 610 sagittas
3385 555 3547 597 vene-

1960 614 2111 658 natas
2152 615 2333 676 contra
2378 622 2472 659 nos
2514 606 2781 676 dirigens,
2828 620 2885 663 ut
2914 606 3428 665 interficiat'animas
3456 627 3552 666 no-

1960 684 2120 750 stras.
2169 675 2239 729 Et
2283 685 2457 750 tamen
2478 718 2491 739 ,
2546 678 2764 750 Domine
2788 721 2801 743 ,
2839 682 3069 750 pessima
3099 682 3302 736 insania
3330 691 3509 735 nostra
3530 721 3547 746 ,

1960 745 2082 814 quia
2110 760 2230 799 cum
2256 748 2504 801 continue
2527 747 2796 801 videamus
2818 745 2999 805 contra
3024 767 3120 805 nos
3145 752 3431 806 draconem
3456 745 3550 807 ore

1961 825 2149 882 aperto
2185 827 2423 884 paratum
2455 818 2518 871 ad
2548 818 2944 886 devorandum,
2972 821 3319 876 nihilominus
3345 822 3550 877 dormi-

1962 901 2081 939 mus
2110 895 2163 939 et
2193 888 2493 962 lascivimus
2524 889 2574 962 i_n
2601 889 2822 962 pigritiis
2846 892 3041 945 nostris
3061 934 3075 957 ,
3106 901 3353 962 tanquam
3377 894 3553 948 securi

1962 965 2084 1033 ante
2109 972 2263 1033 eum,
2292 959 2380 1027 qui
2414 958 2542 1012 nihil
2568 958 2709 1033 aliud
2739 960 3008 1016 desiderat
3034 978 3193 1031 quam
3215 958 3277 1017 ut
3307 978 3404 1017 nos
3425 979 3550 1033 per-

1964 1025 2073 1080 dat.
2116 1025 2360 1083 Inimicus
2388 1039 2444 1083 ut
2468 1029 2708 1102 occidat,
2733 1046 2945 1101 semper
2973 1025 3150 1102 vigilat
3176 1035 3293 1088 sine
3317 1025 3509 1089 som'no
3537 1051 3553 1090 :

1964 1107 2019 1150 et
2063 1112 2184 1173 nos_
2201 1108 2256 1152 ut
2295 1100 2656 1173 custodiamus
2693 1118 2824 1167 nos,
2856 1100 3103 1158 nolumus
3131 1104 3381 1173 evigilare
3407 1121 3437 1158 a
3465 1121 3555 1159 so-

1965 1182 2111 1221 mno.
2143 1169 2282 1225 Ecce
2313 1171 2534 1224 tetendit
2560 1181 2683 1225 ante
2713 1173 2876 1244 pedes
2899 1185 3109 1229 nostros
3131 1169 3350 1244 laqueos
3374 1176 3552 1230 inﬂui-

1966 1246 2049 1313 tos
2070 1279 2083 1299 ,
2109 1248 2180 1313 _et
2219 1256 2406 1313 omnes
2441 1244 2552 1294 vias
2583 1251 2794 1298 nostras
2823 1243 3060 1313 implevit
3087 1244 3345 1313 decipulis
3375 1245 3440 1299 ad
3466 1261 3556 1301 ca-

1968 1309 2186 1386 piendas
2210 1312 2415 1386 animas
2438 1319 2665 1386 nostras.
2697 1309 3176 1386 thuis’ell'ugiet?
3201 1309 3444 1384 Laqueus
3464 1332 3561 1386 po-

1967 1381 2189 1456 suit__in_
2220 1381 2449 1456 divitiis,
2474 1382 2721 1456 _laqueos
2766 1381 2816 1439 in
2847 1381 3157 1456 paupertate
3180 1428 3195 1451 ,
3232 1381 3556 1456 laqueos-te-

1969 1449 2137 1526 tendit
2176 1451 2229 1505 in
2266 1453 2433 1526 _cibo,
2472 1454 2524 1507 in
2562 1449 2684 1521 potu
2707 1496 2719 1516 ,
2743 1456 2805 1526 Vin
2834 1449 3132 1526 voluptate,
3165 1449 3217 1510 in
3249 1449 3470 1522 so'mno,
3504 1459 3556 1512 in

1968 1521 2162 1595 vigiliis
2192 1539 2220 1595 A:
2265 1523 2483 1593 laqueos
2523 1526 2697 1595 posuit
2738 1525 2789 1579 in
2836 1521 3001 1581 vei-lio
3031 1538 3082 1581 et
3111 1526 3166 1581 in
3196 1541 3390 1595 Opere,
3421 1538 3476 1583 et
3505 1530 3558 1583 in

1969 1592 2114 1646 omni
2154 1593 2237 1646 via
2278 1592 2479 1648 nostra.
2522 1592 2625 1649 Sed
2654 1603 2707 1648 tu
2730 1637 2744 1657 ,
2779 1598 3033 1661 Domine,
3066 1592 3355 1653 libera'nos
3381 1597 3450 1654 de
3479 1600 3559 1652 la-

1970 1676 2109 1729 queo
2151 1665 2512 1739 venantium_,_
2540 1674 2595 1739 et
2634 1681 2671 1723 a,
2702 1668 2880 1739 verbo_
2902 1683 3094 1739 aspero
3124 1667 3293 1739 (Psal.
3322 1684 3389 1725 xc
3409 1710 3425 1734 ,
3456 1668 3510 1739 '5)
3543 1687 3558 1722 :

1971 1742 2029 1785 ut
2052 1734 2405 1812 conti-teanzur
2425 1735 2515 1789 tibi
2540 1735 2810 1812 dicentes,
2841 1734 3146 1812 Benedictus
3175 1738 3449 1812 Dominus,
3472 1734 3562 1812 qui

1971 1819 2072 1856 non
2102 1803 2239 1877 dedit
2268 1822 2359 1859 nos
2387 1806 2439 1859 in
2466 1806 2745 1877 captionem
2774 1809 3005 1863 dentibus
3029 1826 3223 1864 eorum.
3253 1809 3437 1863 Anima
3465 1803 3562 1864 no-

1972 1884 2078 1926 stra
2122 1876 2250 1928 sicut
2288 1892 2461 1949 passer
2498 1876 2666 1947 erepta
2698 1888 2771 1931 est
2806 1879 2869 1933 de
2902 1878 3081 1949 laqueo
3110 1881 3395 1934 venantium
3430 1896 3450 1936 :
3483 1882 3564 1935 la-

1972 1961 2127 2088 gue7u)s
2155 1948 2398 2001 contritus
2422 1956 2496 2001 est
2518 1989 2531 2012 ,
2563 1958 2610 2001 et
2640 1966 2731 2002 nos
2757 1950 2954 2004 liberati
2970 1948 3154 2005 sumus
3180 1950 3351 2019 (Psal.
3374 1966 3561 2017 cxxut,

2044 2086 2272 2142 CAPUT
2308 2086 2472 2142 XVII.
2514 2087 2667 2142 Lucis
2705 2087 2800 2143 Dei
2835 2090 2904 2145 ad
2941 2108 3025 2147 eos
3063 2092 3311 2146 cavendas
3351 2094 3567 2147 necessi-

1976 2167 2073 2212 tas.
2104 2157 2317 2231 _lliaboli
2360 2161 2593 2212 versutia.
2639 2159 2705 2214 Et
2742 2162 2988 2231 quidem,
3030 2163 3251 2217 Domine
3292 2165 3385 2217 lux
3414 2180 3569 2227 mea.

1978 2228 2153 2282 revela
2200 2229 2384 2282 oculos
2432 2245 2613 2294 meos,
2660 2241 2718 2284 ut
2762 2228 2970 2286 videam
3018 2233 3232 2298 lumen,
3278 2242 3333 2287 et
3379 2235 3567 2289 ambu-

1978 2300 2081 2374 lem
2127 2299 2190 2374 irt
2232 2299 2432 2374 lumine
2483 2308 2709 2374 tuo,_et
2754 2318 2865 2374 _non
2918 2303 3205 2373 impingam
3256 2303 3307 2357 in
3348 2303 3567 2374 laqueos

1978 2371 2114 2441 ejus.
2155 2368 2285 2436 Quis
2322 2370 2471 2441 enim
2520 2372 2709 2426 evadet
2754 2371 2975 2441 laqueos
2997 2368 3147 2429 'istos
3192 2368 3431 2438 multos;
3465 2376 3567 2429 nisi

1979 2440 2157 2515 videat
2192 2454 2286 2515 eos
2312 2440 2348 2515 ?_
2367 2441 2432 2494 Et
2471 2440 2861 2515 quisvidebit,
2914 2444 3014 2498 nisi
3056 2459 3214 2515 quem
3265 2453 3319 2498 tu
3367 2445 3566 2499 illumi-

1979 2509 2190 2564 naveris
2224 2509 2422 2565 lumine
2449 2510 2571 2583 tuo?
2604 2511 2722 2583 Ipse
2745 2515 2886 2568 enim
2929 2509 3090 2583 pater'
3113 2515 3455 2569 tenebrarum
3484 2515 3564 2569 la-

1978 2596 2147 2650 queos
2171 2595 2300 2634 suos
2319 2582 2597 2653 abscondit
2624 2582 2679 2636 in
2698 2582 2939 2641 tenebris
2963 2586 3178 2651 suis,,nt
3202 2587 3480 2653 capiantur
3510 2587 3566 2641 in

1980 2653 2058 2725 eis
2074 2665 2262 2725 omnes
2286 2652 2376 2721 qui
2396 2661 2520 2705 sunt
2545 2654 2598 2707 in
2625 2654 2860 2725 tenebris
2886 2657 3017 2718 suis,
3042 2656 3129 2725 qui
3152 2652 3279 2710 sunt
3295 2656 3384 2709 lilii
3418 2666 3570 2712 tene-

1981 2722 2198 2797 brarum
2227 2720 2565 2797 barum,_non
2585 2724 2835 2797 qvidentes
2861 2726 3039 2797 lumen
3060 2720 3231 2792 iuum,
3262 2727 3312 2780 in
3343 2741 3454 2797 quo
3476 2729 3569 2797 qui

1979 2792 2249 2864 ambulat,
2278 2808 2383 2847 non
2416 2793 2641 2848 timebit.
2678 2794 2780 2863 Qui
2805 2796 2946 2850 enim
2973 2798 3209 2851 ambulat
3236 2798 3285 2851 in
3308 2792 3394 2850 die
3413 2839 3428 2864 ,
3460 2792 3566 2851 non

1981 2863 2203 2937 olfendit
2232 2880 2246 2915 :
2276 2864 2364 2937 qui
2387 2873 2562 2937 autem
2601 2864 2653 2918 in
2697 2876 2852 2921 nocte
2878 2868 3133 2931 ambulat,
3162 2863 3420 2930 offendit,
3443 2869 3562 2937 quia

1983 2933 2070 3007 lux
2100 2950 2204 3007 non
2227 2944 2311 2988 est
2335 2935 2385 3007 in
2402 2949 2468 3007 eo
2487 2934 2665 3007 (Joan.
2682 2952 2754 2999 χι,
2774 2938 2806 2992 9
2823 2948 2869 2992 et
2886 2939 2993 3007 10).
3013 2938 3091 2992 Τυ
3116 2939 3225 3002 lux,
3249 2933 3489 3003 Domine,
3513 2949 3566 2991 tu

1982 3004 2499 3078 lux_fil_iorun_i_lucis,
2535 3014 2588 3078 tu
2616 3006 2728 3060 dies
2754 3009 2842 3077 qui
2874 3004 3047 3063 uesicis
3071 3023 3345 3073 occasum,
3378 3009 3428 3061 in
3456 3026 3565 3078 quo

1981 3075 2267 3147 ambulant,
2293 3076 2384 3129 lilii
2418 3077 2494 3129 tui
2535 3077 2651 3129 sine
2678 3075 2972 3134 offensione
3000 3089 3052 3133 et
3082 3081 3197 3133 sine
3226 3095 3333 3147 quo
3379 3075 3568 3133 omnes

1983 3147 2072 3214 qui
2094 3146 2401 3220 a_mbulant_,
2431 3147 2482 3199 in
2512 3148 2747 3220 tenebris
2766 3159 2920 3212 sunt,
2951 3150 3074 3220 quia
3104 3159 3153 3204 te
3183 3146 3352 3203 lucem
3385 3152 3565 3203 mundi

1985 3233 2090 3270 non
2119 3216 2335 3291 habent.
2362 3216 2502 3291 Ecce
2531 3218 2767 3291 quotidie
2792 3216 3089 3285 cernimus,
3119 3221 3240 3289 quia
3264 3237 3371 3291 quo
3400 3222 3569 3291 magis

1983 3302 2014 3340 a
2046 3295 2096 3342 te
2124 3301 2267 3360 vero
2295 3288 2493 3360 lumine
2530 3290 2647 3360 quis
2673 3291 2983 3360 elongatur,
3014 3306 3080 3347 eo
3112 3288 3297 3360 magis'
3320 3288 3568 3359 peccato-

1985 3372 2103 3411 rum
2132 3358 2431 3432 involvitur.
2450 3359 2713 3432 tenebris;
2740 3358 2926 3429 et'quo
2950 3364 3115 3432 magis
3132 3358 3289 3414 estin
3315 3358 3565 3427 tenebris,

1984 3444 2050 3483 eo
2081 3430 2255 3481 minus
2285 3429 2428 3482 videt
2452 3430 2671 3497 laqueos
2697 3433 2751 3484 in
2773 3432 2853 3485 via
2879 3448 3002 3497 sua;
3027 3429 3081 3487 et
3110 3433 3229 3486 ideo
3260 3432 3437 3485 minus
3475 3448 3567 3486 co-

1983 3500 2223 3571 gnoscit,
2252 3508 2306 3571 et
2332 3499 2531 3571 ideirco
2560 3502 2755 3567 saepius
2781 3504 3017 3571 capitur,
3045 3516 3099 3557 et
3127 3503 3270 3556 cadit
3299 3503 3349 3555 in
3377 3504 3489 3566 eis;
3517 3515 3573 3557 et

1983 3570 2127 3637 quod
2161 3578 2244 3623 est
2282 3570 2621 3641 horribilius,
2650 3572 2809 3626 etiam
2847 3588 2905 3627 se
2927 3573 3185 3628 cecidisse
3217 3574 3445 3641 ignorat.
3467 3575 3567 3640 Qui

1984 3655 2112 3693 vero
2138 3654 2293 3693 suum
2329 3654 2511 3693 casum
2544 3640 2786 3711 ignorat,
2828 3658 2895 3697 eo
2932 3644 3108 3697 minus
3137 3640 3286 3696 curat
3316 3658 3569 3711 surgere,

1984 3719 2184 3777 quanto
2209 3725 2271 3764 se
2296 3710 2565 3764 existimat
2588 3710 2764 3766 adhuc
2802 3722 2964 3768 stare.
2993 3714 3070 3766 Tu
3098 3728 3246 3778 vero,
3280 3713 3369 3766 lux
3412 3710 3564 3767 ineu-

1987 3781 2072 3840 tis.
2111 3781 2332 3834 Domine
2367 3781 2505 3833 Deus
2527 3796 2706 3845 meus,
2746 3798 2885 3837 nunc
2912 3784 3149 3837 illumina
3176 3784 3361 3837 oculos
3389 3800 3576 3850 meos,

1987 3859 2044 3904 ut
2071 3851 2279 3905 videam
2325 3861 2378 3904 et
2414 3865 2732 3919 cognoscam
2754 3894 2768 3915 ,
2812 3868 2879 3908 ne
2902 3868 3147 3907 corrnam
3194 3854 3245 3906 in
3278 3864 3570 3921 conspectu

1985 3921 2409 3976 adversariorum
2455 3936 2717 3974 meorum.
2766 3924 2974 3978 Etenim
3033 3925 3084 3978 in
3129 3924 3507 3979 exterminium
3551 3927 3565 3955 ¹

1986 4001 2230 4064 nostrum
2274 3989 2481 4064 laborat
2520 3991 2766 4064 inimicus
2803 4003 3013 4056 noster,
3054 4010 3209 4064 quem
3242 3995 3474 4063 petimus
3516 4006 3574 4049 ut

1988 4062 2437 4135 faciagliquelieri
2466 4077 2496 4135 _a
2524 4062 2658 4117 facie
2697 4075 2875 4118 nostra
2902 4106 2915 4127 ,
2945 4062 3084 4119 sicut
3109 4062 3503 4135 cera’liquescit
3541 4085 3569 4118 a

1988 4134 2121 4187 facie
2160 4133 2292 4203 ignis
2324 4132 2491 4206 (Psal.
2541 4148 2710 4206 vait,
2743 4136 2820 4206 5).
2858 4136 3151 4202 Quoniam,
3182 4132 3430 4201 Domine,
3460 4138 3574 4205 ipse

1987 4214 2068 4258 est
2096 4206 2229 4277 latro
2255 4204 2458 4277 primus
2488 4214 2541 4258 et
2571 4204 2806 4271 ultimus,
2839 4207 2926 4277 qui
2949 4208 3228 4261 consilium
3261 4208 3382 4260 fecit
3409 4217 3463 4261 ut
3486 4204 3574 4262 ra-

1989 4285 2139 4344 peret
2179 4274 2405 4343 gloriam
2450 4285 2623 4346 tuam,
2664 4274 2878 4346 quando
2920 4278 3133 4332 inflatus
3164 4287 3216 4332 et
3254 4279 3425 4332 elatus
3452 4294 3571 4332 cre-

1989 4347 2103 4414 puit
2143 4356 2197 4399 et
2238 4345 2432 4400 cecidit
2462 4346 2514 4399 in
2555 4344 2760 4401 foveam
2796 4364 2977 4414 suam,
3016 4359 3071 4403 ct
3108 4350 3314 4417 ejecisti
3345 4365 3465 4403 eum
3505 4350 3583 4403 de

1989 4426 2170 4470 monte
2199 4426 2391 4489 sancto
2405 4426 2515 4479 tuo,
2542 4425 2596 4489 et
2621 4416 2688 4472 de
2718 4419 2894 4473 medio
2921 4416 3152 4487 lapidum
3182 4420 3493 4489 ignitorum,
3518 4420 3571 4473 in

1989 4503 2219 4552 auorum
2254 4488 2434 4542 medio
2467 4488 2775 4543 ambulavit.
2813 4490 2878 4543 Et
2914 4506 3084 4558 nunc,
3115 4488 3219 4544 vita
3250 4506 3399 4557 mea,
3431 4491 3578 4544 Deus

1991 4573 2163 4631 meus,
2190 4573 2255 4631 ex
2286 4574 2390 4627 quo
2416 4559 2627 4624 cecidit,
2653 4575 2759 4614 non
2783 4570 2961 4616 cessat
2994 4562 3239 4631 persequi
3266 4560 3401 4614 filios
3433 4570 3571 4615 tuos.

1992 4629 2055 4681 Et
2082 4629 2132 4682 in
2164 4629 2343 4682 odium
2376 4638 2543 4696 tuum,
2575 4646 2608 4684 ο
2643 4646 2736 4685 rex
2769 4629 3403 4701 magne,’cupit_pcrdere
3439 4631 3579 4684 hanc

1989 4709 2287 4772 creaturam
2331 4709 2473 4772 tuam
2499 4740 2513 4764 ,
2558 4716 2718 4770 quam
2754 4705 2954 4757 creavit
2996 4702 3334 4772 oumipoteus
3362 4702 3581 4755 bonitas

1993 4780 2077 4823 tua
2112 4770 2179 4822 ad
2219 4766 2502 4843 imaginem
2544 4766 2717 4843 tuam;
2767 4782 2825 4826 ut
2857 4788 2961 4827 non
2992 4775 3012 4805 ⁸
3044 4766 3316 4843 ροεὲὶάθειι
3351 4772 3579 4843 gloriam

1992 4850 2134 4894 tuam
2156 4881 2170 4905 ,
2200 4856 2362 4911 quam
2380 4842 2492 4911 ipse
2520 4841 2747 4909 perdidit
2791 4860 2885 4913 per
2914 4841 3217 4912 superbiam
3263 4857 3434 4896 suam.
3467 4842 3578 4897 Sed

1989 4920 2208 4965 contere
2236 4927 2357 4965 eum
2380 4952 2395 4976 ,
2425 4913 2578 4965 fortis
2607 4923 2791 4967 noster
2810 4957 2825 4977 ,
2866 4924 2990 4968 ante
3016 4929 3114 4967 nos
3140 4928 3305 4981 agnos
3332 4923 3450 4966 tuos
3480 4929 3493 4964 :
3520 4924 3584 4967 et

1991 4982 2228 5054 illumina
2255 4998 2353 5035 nos
2381 4992 2448 5054 ιιι⁸
2464 4983 2743 5037 videamus
2783 4985 2999 5054 laqueos
3025 4998 3162 5054 quos
3196 4984 3310 5052 ipse
3348 4984 3580 5052 paravit,

1990 5060 2044 5105 et
2066 5053 2360 5107 evadamus
2384 5051 2452 5107 ad
2480 5062 2551 5119 te,
2582 5054 2762 5107 laetitia
2797 5051 2977 5108 Israel.

2063 5122 2130 5175 Et
2152 5122 2266 5177 hazc
2292 5123 2472 5194 omnia
2510 5132 2563 5176 tu
2582 5164 2595 5185 ,
2624 5123 2865 5188 Domine,
2900 5123 3090 5179 melius
3121 5123 3296 5188 nosti,
3323 5123 3412 5194 qui
3440 5128 3586 5181 nosti

1989 5194 2385 5265 contentionem
2412 5193 2547 5262 ejus,
2576 5204 2630 5248 et
2651 5196 2913 5249 cervicem
2941 5194 3057 5265 ejus
3078 5193 3438 5248 durissimam.
3470 5196 3584 5249 Nec

1992 5264 2095 5319 hoc
2119 5264 2240 5319 dico
2266 5273 2322 5317 ut
2357 5264 2637 5335 ostendam
2666 5266 2755 5318 tibi
2774 5308 2787 5327 ,
2818 5266 2907 5335 qui
2936 5265 3114 5320 omnia
3140 5265 3320 5329 vides,
3354 5277 3408 5319 et
3439 5270 3587 5321 nulla

1993 5335 2200 5406 telatet
2236 5336 2509 5403 cogitatio.
2529 5334 2644 5406 Sed
2682 5334 3020 5406 antet’pedes
3051 5346 3156 5391 tuze
3186 5336 3485 5406 majestatis
3513 5340 3584 5391 de

1991 5405 2208 5460 inimico
2238 5420 2358 5458 meo
2386 5405 2780 5476 querimoniam
2806 5405 2963 5473 facio,
2990 5406 3156 5475 judex
3184 5405 3406 5471 atterite,
3452 5418 3509 5461 ut
3530 5421 3585 5461 et

1992 5476 2162 5547 ipsum
2194 5477 2437 5547 damnes,
2466 5485 2523 5529 et
2549 5492 2646 5530 nos
2675 5478 2814 5532 filios
2837 5487 2953 5532 tuos
2979 5478 3173 5543 salves,
3214 5494 3444 5547 quorum
3474 5481 3584 5532 for-

1992 5544 2160 5602 titudo
2183 5558 2239 5602 tu
2261 5561 2342 5602 es.
2374 5545 2630 5602 Versatus
2657 5557 2761 5618 est,
2791 5550 3033 5616 Domine,
3066 5551 3165 5605 iste
3197 5544 3365 5604 hostis
3395 5560 3447 5604 et
3474 5560 3589 5604 tor-

2055 5758 2204 5826 ‘ﬁss.
2221 5756 2345 5826 duo,
2374 5757 2550 5826 Regius
2572 5763 2625 5826 et
2644 5757 2952 5826 Colbertinus
2975 5771 2986 5804 :
3013 5766 3112 5826 Hoc
3144 5772 3271 5826 eauti
3309 5757 3359 5807 in
3401 5759 3591 5809 «aliter.

1992 5819 2317 5868 Medardeusis
2342 5830 2354 5866 :
2383 5818 2562 5868 Etenim
2585 5818 2635 5868 in
2657 5819 2857 5869 exitum.
2883 5826 3040 5878 Forte,
3064 5822 3113 5869 in
3135 5820 3353 5870 exitium.

2060 5884 2078 5912 ²
2101 5882 2174 5931 sic
2198 5888 2278 5929 us.
2306 5882 2498 5943 tteg'ms.
2525 5883 2825 5943 Abestmon,
2841 5882 2908 5931 ab
2926 5881 3040 5931 aliis
3058 5883 3216 5932 uuis.

3382 5989 3423 6007 4.
