4070 6504
261 432 363 484 885

261 544 608 607 effulserunt,
636 541 702 596 de
732 539 917 596 futuris
955 541 1294 607 benignitatis
1326 550 1427 594 tua:
1459 539 1764 594 melioribus
1792 549 1846 594 et

265 615 668 681 pi-rfeCIioribtts
700 613 1006 666 muneribus
1027 657 1038 673 .
1069 628 1186 682 qua:
1217 614 1317 665 tuis
1357 612 1540 664 amicis
1569 627 1809 682 reservas
1830 652 1844 673 ,

263 701 412 752 spem
445 700 614 738 meam
645 683 951 747 admonent,
977 693 1033 737 ιιι
1057 681 1107 737 in
1133 695 1181 737 te
1207 685 1434 747 lzett-tur,
1464 681 1683 752 Domine
1710 683 1848 734 Deus

265 772 418 809 lucus
441 798 455 820 ,
499 756 677 808 la-titia
718 762 897 808 sant-ta
940 763 994 806 et
1023 755 1151 807 .viva
1180 795 1192 815 ,
1222 768 1340 821 quae
1370 767 1583 820 semper
1612 751 1850 805 lattilicas

260 827 591 896 iuventutem
638 841 852 896 meam.
878 824 1120 878 Dilexisti
1161 826 1300 877 enim
1331 838 1418 896 me
1443 865 1456 886 ,
1501 821 1655 896 unice
1698 837 1851 875 amor

265 893 439 956 inens,
473 907 752 964 antequam
785 895 1059 963 diligerem
1099 904 1169 960 te,
1202 905 1254 949 et
1282 893 1345 946 ad
1387 894 1670 962 imaginem
1703 902 1848 948 tuam

262 968 458 1020 creasti
486 982 602 1029 me,
635 966 884 1020 omnibus
926 967 1182 1019 creaturis
1213 965 1316 1018 tuis
1340 964 1677 1033 przrposuisti
1718 981 1804 1018 me
1833 981 1848 1018 :

266 1053 428 1106 quam
459 1037 767 1106 dignitatem
800 1045 924 1089 tunc
945 1036 1158 1105 quidem
1185 1051 1341 1090 servo
1368 1049 1488 1088 cum
1514 1035 1750 1088 noverim
1776 1044 1847 1100 te,

267 1117 490 1176 propter
518 1107 656 1174 quod
690 1107 858 1159 fecisti
890 1123 993 1160 me.

342 1173 566 1233 CAPUT
602 1176 814 1232 XXVII.
865 1176 1068 1243 Quanta
1112 1175 1247 1230 Deus
1285 1184 1487 1245 pra'stct
1523 1173 1718 1228 homini
1765 1193 1854 1245 per

267 1249 488 1318 Angelos
519 1249 768 1301 custodes.
799 1246 947 1302 Unde
969 1247 1066 1300 Dei
1085 1264 1198 1300 cum
1223 1244 1423 1300 homine
1452 1244 1666 1299 delicia.
1698 1244 1852 1318 lnSU-

265 1317 370 1388 per
410 1318 538 1373 facis
578 1318 809 1387 Angelos
849 1327 967 1371 tuos
1014 1319 1230 1385 spiritus
1272 1325 1634 1388 propterﬂme,
1664 1317 1856 1388 quibus

270 1390 534 1442 mandasti
569 1397 625 1441 ut
661 1389 963 1442 custodiant
991 1403 1077 1443 me
1106 1388 1158 1441 in
1190 1388 1435 1442 omnibus
1466 1387 1566 1443 viis
1595 1387 1759 1450 meis,
1789 1403 1856 1441 ne

271 1459 412 1513 forte
445 1458 708 1513 oﬂ'endam
747 1459 813 1512 ad
848 1457 1076 1527 lapidem
1113 1458 1299 1527 pedem
1343 1473 1518 1512 meum
1552 1456 1724 1527 (Psal.
1754 1473 1818 1513 xc
1839 1499 1853 1522 ,

273 1528 524 1599 11,12).
573 1529 632 1583 lli
678 1537 802 1582 sunt
839 1529 1085 1583 Custodes
1126 1544 1286 1598 super
1327 1537 1663 1599 mnrosituos
1707 1545 1857 1583 nova:

269 1601 570 1654 Jerusalem
600 1599 748 1668 (lsai.
779 1615 888 1654 an
911 1641 926 1664 ,
959 1599 1012 1668 6)
1037 1641 1052 1665 ,
1085 1607 1138 1653 et
1164 1610 1372 1652 montes
1411 1599 1462 1653 in
1492 1598 1714 1652 circuitu
1741 1599 1858 1666 ejus

273 1670 556 1738 vigilantes
575 1681 628 1724 et
655 1670 1014 1724 custodientes
1043 1670 1246 1739 vigilias
1273 1670 1443 1723 noctis
1463 1683 1624 1738 super
1644 1671 1857 1738 gregem

275 1753 425 1794 tuum
459 1740 606 1812 (Luc.
651 1756 709 1805 ιι,
751 1739 831 1812 8),
881 1756 949 1794 ne
981 1740 1193 1812 quando
1235 1741 1416 1812 rapiat
1446 1750 1501 1793 ut
1546 1741 1626 1812 leo
1653 1741 1860 1812 animus

273 1810 528 1876 nostras,
559 1811 683 1864 dum
716 1810 822 1864 non
853 1821 934 1864 est
959 1810 1049 1879 qui
1074 1810 1333 1872 redimat,
1368 1810 1454 1864 ille
1489 1810 1736 1879 antiquus
1761 1810 1858 1864 ad-

274 1883 546 1936 versarius
575 1891 774 1941 noster,
808 1881 895 1949 qui
921 1881 1067 1948 quasi
1092 1881 1177 1934 leo
1202 1882 1417 1950 rugiens
1439 1894 1653 1949 semper
1673 1881 1863 1934 circuit

273 1965 525 2022 quasrens
561 1968 717 2020 quem
753 1952 973 2005 devoret
1011 1951 1066 2022 (ι
1092 1950 1232 2004 Petr.
1265 1969 1330 2017 v,
1359 1951 1435 2018 8).
1467 1951 1529 2004 lli
1565 1958 1688 2004 sunt
1717 1952 1863 2005 cives

277 2021 450 2076 licata:
487 2023 714 2075 civitatis
751 2037 996 2089 Supernae
1034 2021 1329 2075 Jerusalem
1351 2065 1365 2087 ,
1395 2037 1513 2089 quae
1540 2037 1748 2075 sursum
1781 2031 1863 2075 est

276 2103 453 2146 mater
493 2104 670 2146 nostra
701 2091 896 2157 (Galat.
927 2107 982 2144 tv
1005 2133 1020 2157 ,
1047 2091 1142 2159 26)
1168 2134 1182 2156 ,
1225 2093 1276 2145 in
1320 2092 1670 2145 ministerium
1715 2092 1862 2145 missi

278 2173 501 2232 prepter
524 2178 616 2216 eos
643 2165 731 2229 qui
765 2162 1127 2216 hwreditatem
1155 2163 1370 2231 capiunt
1397 2163 1581 2216 salutis
1608 2161 1790 2233 (Hebr.
1823 2177 1861 2228 ι,

283 2235 408 2302 ﬂ);
434 2245 488 2286 ιιι
513 2247 606 2287 eos
632 2234 858 2287 liberent
883 2233 1213 2302 abiniinicis
1239 2234 1371 2298 suis,
1400 2240 1453 2285 et
1483 2232 1784 2286 custOdiant
1812 2233 1867 2286 in

276 2301 531 2358 omnibus
559 2305 654 2356 viis
676 2304 820 2368 suis;
849 2301 1150 2357 confortent
1177 2319 1388 2374 qquuc
1413 2311 1467 2357 et
1495 2312 1778 2365 moneant,
1812 2311 1867 2357 et

277 2376 556 2430 orationes
579 2375 802 2428 liliorum
828 2384 1034 2428 tuorum
1058 2374 1283 2428 offerant
1302 2377 1352 2428 in
1375 2384 1660 2442 conspectu
1682 2374 1865 2443 gloria:

281 2445 579 2512 tnajestatis
617 2454 738 2498 lure.
781 2445 1014 2515 Diligunt
1055 2460 1244 2514 nempe
1283 2445 1528 2499 concives
1569 2459 1728 2506 suos,
1772 2459 1867 2512 per

278 2529 420 2584 quos
467 2531 579 2570 sua:
630 2515 797 2569 ruinae
849 2516 1110 2570 scissuras
1164 2515 1443 2569 instaurari
1499 2525 1860 2582 exspectant;

282 2585 513 2654 ideoque
548 2600 734 2655 magna
762 2601 888 2640 cura
916 2594 971 2640 et
996 2586 1229 2655 vigilanti
1270 2587 1446 2640 studio
1484 2585 1676 2639 adsunt
1715 2586 1868 2639 nobis

282 2657 538 2710 omnibus
570 2655 713 2708 boris
740 2665 794 2709 et
823 2657 953 2710 locis
973 2697 986 2719 ,
1019 2665 1392 2710 succurrentes
1430 2665 1483 2709 et
1528 2655 1869 2724 providentes

284 2726 692 2781 necessitatibus
720 2727 916 2780 nostris
937 2768 951 2789 ,
985 2737 1039 2781 et
1076 2727 1287 2780 solliciti
1330 2727 1691 2782 discurrentes
1721 2727 1870 2780 inter

284 2812 388 2851 nos
413 2805 467 2850 et
507 2806 556 2849 te
585 2836 599 2859 ,
632 2797 854 2866 Domine
875 2838 891 2863 ,
921 2798 1148 2865 gemitus
1189 2805 1403 2851 nostros
1443 2806 1602 2865 atque
1641 2798 1868 2866 suspiria

284 2866 584 2921 referentes
609 2865 675 2920 ad
706 2875 758 2920 te
777 2909 792 2931 ,
822 2877 876 2921 ut
904 2870 1189 2935 impetrent
1218 2868 1371 2922 nobis
1402 2867 1610 2922 facilem
1638 2865 1748 2920 tuae
1773 2868 1869 2922 bc-

286 2938 560 3006 nignitatis
585 2937 1031 3005 propitiationem,
1063 2949 1115 2992 et
1134 2937 1368 2993 referant
1388 2937 1453 2991 ad
1481 2951 1579 2991 nos
1599 2936 1870 2992 desidera-

287 3017 398 3062 tam
429 3017 533 3062 tua:
567 3009 752 3077 gratiae
792 3008 1238 3064 benedictionem.
1275 3008 1562 3063 Ambulant
1590 3007 1868 3062 nobiscum

285 3079 341 3132 in
368 3079 616 3133 omnibus
647 3078 745 3131 viis
771 3080 988 3144 nostris,
1023 3080 1224 3133 intrant
1247 3088 1301 3134 et
1327 3088 1529 3135 exeunt
1557 3079 1831 3134 nobiscum
1853 3119 1868 3144 ,

283 3157 492 3220 attente
520 3148 920 3220 considerantes
945 3163 1102 3219 quam
1135 3151 1240 3219 pie,
1272 3165 1537 3220 quamque
1563 3149 1786 3204 honeste
1817 3149 1870 3203 in

287 3217 471 3290 medio
493 3233 673 3290 pravae
696 3219 925 3273 nationis
949 3217 1346 3285 conversemur,
1370 3217 1674 3290 quantoque
1695 3221 1873 3274 studio

285 3300 343 3360 et
389 3288 657 3344 desiderio
699 3304 1002 3358 quaaramus
1047 3306 1266 3356 regnum
1314 3288 1458 3344 tuum
1509 3298 1564 3345 et
1591 3288 1871 3360 justitiam

290 3359 410 3428 ejus
430 3400 445 3424 ,
475 3368 776 3429 quantoque
806 3361 995 3414 timore
1020 3369 1072 3415 et
1095 3369 1332 3416 tremore
1356 3359 1653 3416 serviamus
1687 3370 1743 3416 et
1775 3377 1872 3417 εχ-

286 3430 550 3484 sultemus
595 3431 724 3496 tibi,
751 3429 931 3484 laetitia
971 3431 1148 3485 cordis
1189 3431 1380 3501 nostri.
1424 3430 1690 3501 Adjuvant
1728 3432 1875 3485 labo-

289 3509 504 3562 rantes.
536 3508 817 3573 protegunt
840 3503 1207 3573 quiescentes,
1238 3500 1516 3573 hortantur
1542 3511 1836 3573 pugnantes
1855 3542 1870 3566 ,

290 3579 556 3624 coronant
580 3571 854 3625 vincentes
877 3589 890 3634 ;
919 3571 1254 3640 congaudent
1281 3571 1664 3640 gaudentibus,
1691 3573 1758 3628 de
1789 3582 1872 3639 te,

289 3641 532 3713 inquam,
559 3641 940 3710 gaudentibus;
970 3645 1366 3712 compatiuntur
1399 3644 1752 3711 patientibus,
1776 3658 1876 3713 pro

292 3721 375 3775 te,
409 3712 653 3780 inquam,
685 3713 1022 3780 patientibus.
1053 3713 1284 3768 Grandis
1308 3721 1391 3768 est
1417 3714 1496 3768 eis
1524 3729 1650 3768 cura
1684 3713 1751 3768 de
1779 3712 1877 3767 no-

290 3781 408 3853 bis,
441 3796 666 3852 magnus
691 3781 911 3837 all‘ectus
949 3784 1251 3838 dilectionis
1285 3799 1470 3838 eorum
1502 3799 1628 3853 erga
1661 3799 1786 3849 nos;
1823 3793 1877 3838 et

291 3850 397 3905 hoc
427 3850 594 3905 totum
624 3862 838 3920 propter
873 3855 1127 3908 honorem
1157 3863 1260 3908 tute
1287 3850 1673 3908 iiiaastiinaliilis
1695 3853 1877 3907 chari-

293 3923 438 4003 tatis,
469 3938 574 4003 qua
589 3922 826 4003 (dilexisti
849 3939 968 3978 nos.
1004 3925 1238 4003 Diligunt
1265 3925 1405 4003 enim
1433 3938 1566 3994 quos
1590 3935 1642 3977 tu
1668 3923 1873 4003 diligis;

291 3993 604 4064 custodiunt
626 4009 760 4061 quos
790 4004 844 4048 tu
872 3993 1138 4061 custodis;
1169 4003 1224 4050 et
1252 3993 1508 4050 deserunt
1535 4009 1669 4064 quos
1696 4003 1751 4049 tu
1772 3993 1880 4050 ide-

291 4063 462 4136 seris._
478 4063 587 4136 Nec
613 4064 835 4134 diligunt
855 4075 1140 4134 operantes
1165 4065 1517 4135 iniquitatem,
1547 4063 1796 4136 quoniam
1825 4074 1878 4120 et

295 4143 348 4186 tu
377 4133 536 4188 odisti
568 4149 754 4206 omnes
780 4136 868 4204 qui
901 4133 1199 4204 'operantur
1224 4133 1579 4206 iniquitatem,
1607 4145 1660 4190 et
1686 4137 1878 4206 perdes

292 4219 484 4278 umnes
542 4205 632 4278 qui
691 4205 979 4278 loquuntur
1039 4204 1728 4278 mendaciumiPsaLv,
1779 4208 1874 4268 7).

292 4274 514 4346 Quoties
542 4275 676 4330 bene
713 4276 945 4345 agimus,
978 4277 1214 4346 gaudent
1235 4276 1420 4346 Angeli
1441 4274 1462 4341 ',
1507 4287 1560 4331 et
1599 4277 1879 4331 tristantur

294 4344 604 4416 dmmones;
636 4344 843 4416 quoties
872 4344 1001 4402 vero
1030 4363 1060 4401 a
1097 4349 1237 4402 bono
1269 4344 1574 4412 deviamus,
1606 4348 1877 4402 diabolum

294 4414 671 4488 Imtificamus;
713 4425 774 4488 et
805 4417 1037 4485 Angelos
1081 4432 1179 4472 suo
1220 4417 1413 4488 gaudio
1454 4417 1874 4473 defraudamus:

292 4484 544 4559 gaudium
581 4494 665 4540 est
688 4487 835 4559 enim
871 4484 949 4542 eis
987 4504 1148 4559 super
1172 4484 1280 4543 uno
1310 4497 1589 4557 peccatore
1617 4490 1880 4559 paeniten-

296 4555 425 4630 tiam
450 4565 641 4630 agente
678 4555 829 4630 (Luc.
857 4574 958 4630 sv,
987 4558 1042 4630 7)
1055 4555 1076 4621 ⁷,
1104 4559 1203 4630 sed,
1222 4555 1435 4630 diabolo
1469 4555 1630 4630 super
1661 4575 1769 4614 tino
1789 4559 1878 4628 ju-

293 4632 380 4678 sto
413 4625 428 4657 ¹
458 4626 832 4699 paenitentiam
855 4625 1154 4684 deserente.
1184 4629 1256 4683 Da
1283 4629 1459 4698 igitur,
1486 4625 1574 4692 da,
1605 4640 1773 4699 pater,
1790 4625 1879 4686 'eis

295 4710 511 4776 semper
547 4698 778 4776 gaudere
804 4698 872 4753 de
901 4700 1055 4754 nobis
1078 4740 1094 4764 ,
1123 4708 1181 4754 ut
1208 4707 1262 4776 et
1297 4708 1356 4776 _tu
1401 4715 1496 4769 per
1535 4698 1652 4776 eos
1661 4716 1880 4776 semper

294 4765 529 4820 lauderis
555 4765 605 4820 in
637 4769 812 4834 nobis,
844 4778 900 4824 et
925 4785 1022 4825 nos
1046 4785 1167 4826 cum
1189 4770 1268 4824 eis
1297 4770 1351 4824 in
1383 4765 1543 4824 unum
1569 4771 1709 4826 ovile
1731 4765 1878 4825 tuum

291 4835 652 4902 adducamur;
688 4849 744 4892 ut
771 4840 1124 4894 confiteamur
1145 4841 1300 4895 simul
1330 4841 1528 4894 nomini
1552 4849 1738 4896 sancto
1766 4851 1876 4906 tuo,

291 4915 509 4961 creator
550 4908 822 4963 hominum
863 4920 916 4964 et
955 4911 1301 4981 Angelorum.
1336 4911 1462 4965 llaac
1495 4912 1610 4981 ipse
1643 4927 1880 4967 comme-

293 4991 512 5052 morans
532 4993 710 5032 coram
751 4989 822 5046 te,
849 4980 1110 5036 confiteor
1146 4980 1365 5052 laudans
1400 4991 1483 5048 te,
1511 4980 1760 5052 quoniam
1791 4983 1881 5037 be-

293 5045 485 5122 neficia
511 5056 597 5122 tua
627 5045 815 5119 magna
837 5060 961 5105 sunt
989 5052 1121 5117 haec,
1148 5051 1340 5122 quibus
1364 5045 1878 5120 nos'honorilicasti,

291 5117 428 5169 datis
460 5117 856 5190 nobisiangelos
895 5129 1012 5176 tuos
1047 5117 1264 5190 Spiritus
1299 5122 1350 5175 in
1389 5122 1741 5178 ministerium
1786 5117 1881 5176 no;

291 5197 484 5241 strum.
520 5189 748 5244 Dederas
774 5191 915 5244 enim
954 5189 1206 5261 quidquid
1243 5193 1362 5246 cmli
1402 5194 1601 5246 ambitu
1641 5195 1882 5247 contine-

294 5268 411 5332 tu_r_;
455 5268 508 5312 et
551 5261 699 5328 quasi
748 5277 906 5329 parva
954 5261 1068 5316 haec
1105 5280 1222 5332 qua:
1262 5262 1360 5316 sub
1405 5263 1544 5318 ccelo
1581 5273 1743 5326 sunt,
1780 5265 1878 5318 nisi

293 5327 526 5401 adderes
554 5327 608 5383 et
636 5347 696 5383 ea
723 5327 838 5400 quis
867 5342 993 5385 sunt
1031 5327 1193 5401 super
1231 5333 1415 5388 cmlos.
1457 5333 1698 5388 Laudent
1734 5345 1783 5388 te
1811 5333 1881 5389 de

297 5399 401 5453 hoc
426 5415 614 5454 omnes
642 5399 826 5470 Angeli
860 5402 951 5467 tui,
980 5399 1332 5459 confiteantur
1355 5403 1445 5456 tibi
1469 5404 1537 5458 de
1569 5404 1668 5458 hoc
1701 5407 1879 5460 omnia

291 5484 456 5535 opera
489 5479 597 5535 tua,
629 5480 682 5524 ct
712 5473 808 5540 ipsi
839 5475 1013 5529 sancti
1045 5476 1117 5529 tui
1147 5475 1464 5529 benedicant
1495 5475 1608 5529 tibi.
1639 5474 1682 5528 Ο
1713 5475 1880 5528 hono-

291 5540 551 5613 riticentia
581 5553 759 5596 nestra
785 5585 799 5606 ,
841 5560 976 5613 quos
1014 5547 1171 5599 nimis
1211 5545 1570 5600 honorificans
1609 5555 1664 5599 ct
1705 5547 1879 5601 ditans

291 5611 476 5664 multis
514 5615 824 5669 muneribus
861 5611 1160 5672 dccorasti!
1194 5616 1525 5671 Admirabile
1563 5626 1645 5671 est
1685 5633 1877 5671 nomen

291 5683 743 5757 tuum,_Do_minc,
781 5685 832 5738 in
866 5686 1109 5742 universa
1138 5697 1276 5742 terra
1299 5685 1472 5755 (Psal.
1499 5703 1614 5752 vut,
1637 5688 1715 5757 2).
1743 5688 1877 5753 Quid

287 5761 375 5806 est
401 5754 542 5806 enim
573 5754 732 5807 homo
757 5798 770 5819 ,
799 5757 920 5826 quia
954 5759 1262 5828 Inagniticas
1281 5774 1404 5813 cum
1430 5801 1446 5824 ,
1478 5766 1532 5813 et
1560 5754 1881 5814 honorilicas

356 5886 370 5917 ⁸
399 5891 526 5973 11.55.,
552 5887 637 5936 sed
661 5887 777 5949 quid
795 5902 938 5952 super
963 5901 1054 5940 tum
1064 5890 1172 5973 j'um
1188 5891 1339 5951 justo,
1366 5899 1460 5941 etc.

1173 425 1368 482 LIBER
1409 424 1964 495 SOIJLOQUIORUM
2005 422 2238 479 AN“le
2279 425 2367 478 AD
2408 423 2614 482 DbUM.

3441 426 3542 482 886

1959 555 2080 594 eum
2107 549 2206 611 ,"et
2237 539 2477 611 appouis
2503 556 2624 611 erga
2651 556 2776 611 eum
2811 556 2904 596 cor
2933 550 3078 595 tuum
3109 539 3245 611 (Job
3266 559 3364 608 vn,
3405 544 3464 596 t7
3488 543 3545 611 )2

2028 609 2251 681 (APUT
2313 609 2578 664 XXVIIIJ
2631 610 2709 666 De
2779 609 3235 680 praedestinationis
3290 630 3351 666 ac
3408 609 3543 681 prte-

1957 682 2179 752 scicntia:
2211 679 2304 733 Dei
2343 681 2597 750 mysterio.
2644 679 2823 735 Dixisti
2853 683 2993 736 enim
3017 724 3029 742 .
3063 683 3268 736 Veritas
3295 679 3540 752 antiqua,

1961 750 2171 823 Deliciis
2197 767 2340 818 mete,
2369 768 2474 804 esse
2497 768 2610 823 cum
2631 753 2751 820 ﬁliis
2782 753 3038 823 hominum
3066 752 3242 823 (Prov.
3281 769 3400 819 \‘tll,
3425 750 3540 823 3|).

1958 821 2332 895 Nonnehoiuo
2374 822 2617 895 putredo,
2658 831 2710 877 et
2752 822 2892 895 filius
2933 821 3543 895 hominisvermis(Jbb

1964 907 2098 953 xxv.
2128 891 2222 961 ti)?
2251 892 2437 946 Nonne
2465 893 2709 947 universa
2740 894 2943 947 vanitas
2971 894 3144 948 omnis
3177 893 3334 947 homo
3361 891 3547 949 vivens

1961 961 2130 1034 (Psal.
2173 979 2371 1017 xxxvnt
2393 1004 2408 1028 ,
2442 963 2533 1032 6)?
2566 964 2629 1017 Et
2667 964 2899 1034 dignum
2924 964 3073 1034 ducis
3113 979 3272 1034 Super
3301 964 3546 1032 hujusce-

1962 1033 2104 1086 modi
2141 1035 2350 1101 aperire
2375 1035 2557 1088 oculos
2591 1045 2728 1097 tuos,
2760 1043 2812 1088 et
2839 1033 3104 1088 adducere
3134 1052 3252 1089 enm
3285 1047 3457 1090 tecum
3493 1039 3543 1088 in

1955 1103 2240 1176 judicium!
2273 1104 2416 1176 Doce
2447 1120 2561 1168 mc,
2590 1104 2815 1176 abyssns
2843 1104 3286 1176 rl'irofundissima,
3314 1105 3546 1160 creatrix

1960 1175 2238 1241 sapientia.
2272 1176 2372 1240 Qui
2402 1174 2602 1228 librasti
2635 1174 2687 1228 in
2716 1175 2946 1244 pondere
2971 1185 3199 1238 montes,
3223 1185 3275 1230 et
3303 1176 3467 1230 colles
3494 1176 3544 1228 in

1963 1255 2158 1298 statera
2185 1287 2198 1306 ,
2245 1255 2298 1297 ct
2339 1246 2636 1314 appendisli
2680 1247 2874 1316 molem
2922 1254 3076 1316 terra:
3122 1246 3288 1300 tribus
3329 1245 3505 1316 digitis
3530 1287 3546 1310 ,

1962 1316 2228 1383 suspende
2273 1316 2466 1369 molem
2511 1315 2899 1384 corporalitatis
2942 1315 3131 1385 hujus.
3177 1331 3336 1386 quam
3382 1315 3544 1385 gero,

1966 1386 2134 1439 tribus
2163 1387 2348 1440 invisis
2388 1386 2566 1455 digitis
2597 1387 2698 1440 tuis
2728 1387 2793 1440 ad
2823 1397 2901 1451 te,
2936 1396 2992 1446 ut
3019 1386 3224 1440 videam
3261 1395 3316 1440 et
3349 1401 3542 1455 cogno-

1963 1471 2108 1510 scam
2134 1497 2148 1519 ,
2191 1472 2347 1526 quam
2392 1456 2719 1512 admirabilis
2756 1473 2814 1511 es
2855 1458 2905 1510 in
2947 1457 3192 1511 universa
3232 1467 3390 1511 terra.
3436 1457 3548 1511 Lux

1963 1527 2372 1596 antiquissima,
2415 1543 2534 1596 qua:
2583 1527 2795 1582 lucebas
2847 1537 2970 1582 ante
3011 1543 3223 1582 onmem
3274 1528 3444 1582 lucem
3497 1529 3548 1580 in

1966 1599 2232 1652 montibus
2273 1598 2472 1651 sanctis
2509 1598 2824 1652 aeternitatis
2869 1599 3139 1664 antiquas,
3186 1598 3269 1652 cui
3316 1597 3455 1652 nuda
3499 1609 3554 1652 et

1965 1679 2167 1741 aperta_
2199 1678 2350 1722 erant
2388 1668 2564 1741 omnia
2606 1667 2802 1741 (Hebr.
2853 1684 2938 1733 tv,
2988 1668 3089 1741 15)
3130 1676 3415 1741 antequam
3457 1668 3550 1721 lie-

1966 1746 2118 1801 rent;
2155 1738 2242 1792 lux
2263 1781 2277 1801 ,
2309 1755 2426 1808 qua:
2453 1739 2575 1792 odio
2611 1737 2776 1794 babes
2805 1754 3017 1794 omnem
3046 1737 3306 1794 maculam
3327 1779 3340 1799 ,
3374 1748 3554 1808 utpote

1968 1809 2311 1862 mundissima
2339 1818 2391 1863 et
2417 1809 2921 1870 immaculatissima,
2951 1826 3068 1878 quae
3089 1809 3180 1864 tibi
3207 1808 3411 1864 delicia:
3431 1825 3553 1864 cum

1969 1878 2183 1951 homine
2200 1880 2228 1951 ?A
2253 1895 2370 1948 qute
2395 1883 2678 1951 conventio
2704 1880 2836 1935 lucis
2861 1879 2928 1934 ad
2959 1881 3205 1936 tenebras
3231 1879 3296 1951 (ll
3327 1878 3444 1935 Cor.
3479 1895 3552 1945 vi,

1971 1950 2100 2016 H)?
2130 1949 2233 2006 Ubi
2255 1960 2378 2004 sunt
2404 1951 2455 2004 in
2487 1950 2700 2004 homine
2729 1951 2932 2006 delicia:
2963 1951 3099 2005 tum?
3128 1951 3216 2006 ubi
3242 1949 3553 2020 praeparasti

1971 2020 2061 2073 tibi
2091 2021 2141 2074 in
2166 2037 2249 2074 mc
2267 2020 2486 2091 dignum
2507 2022 2863 2075 sanctuarium
2891 2021 3181 2091 majestatis
3203 2029 3325 2091 tuae,
3344 2021 3396 2075 in
3413 2021 3553 2090 quod

1971 2091 2227 2145 iutroicns
2266 2089 2464 2145 habeas
2502 2091 2718 2146 delicias
2756 2089 3058 2147 dilectionis
3084 2093 3100 2123 ¹
3135 2090 3274 2146 tum?
3302 2089 3555 2146 Mundam

1969 2160 2111 2214 enim
2141 2163 2470 2217 caenaculum
2498 2162 2652 2216 decet
2682 2170 2753 2222 te.
2779 2163 3039 2217 mundans
3063 2162 3251 2227 virtus,
3274 2177 3395 2227 qua:
3415 2177 3554 2216 non-

1973 2232 2077 2306 nisi
2112 2247 2139 2283 a
2183 2233 2393 2306 mundis
2431 2232 2680 2306 cordibus
2725 2233 2890 2306 videri
2929 2242 3080 2306 potes
3119 2231 3336 2306 (Matth:
3362 2247 3429 2306 _v,
3471 2232 3550 2304 8),

1972 2303 2141 2356 multo
2168 2304 2332 2370 magis
2362 2317 2459 2355 nec
2488 2301 2689 2356 haberi.
2730 2304 2783 2358 In
2817 2301 3032 2357 homine
3069 2301 3246 2358 autem
3288 2303 3376 2358 ubi
3417 2301 3554 2358 terna

1973 2373 2127 2444 plum,
2150 2382 2254 2444 tam
2289 2372 2576 2436 mundum,
2609 2384 2663 2426 ut
2695 2385 2745 2428 te
2773 2374 3062 2444 suscipiat,
3094 2374 3183 2443 qui
3222 2373 3360 2444 regis
3399 2389 3557 2428 mun-

1972 2442 2136 2496 dum?
2161 2443 2289 2510 Quis
2319 2451 2490 2509 potest
2531 2444 2702 2498 facere
2741 2442 2994 2499 mundtim
3024 2443 3093 2500 de
3115 2442 3396 2498 immundo
3422 2457 3556 2498 con-

1971 2521 2182 2585 ceptum
2203 2515 2452 2585 semine?
2493 2529 2668 2568 nonne
2709 2521 2764 2569 tu
2804 2515 2893 2584 qui
2923 2516 3066 2570 solus
3091 2529 3149 2570 es
3175 2513 3557 2585 mundus_(.lob

1973 2599 2096 2649 xw,
2123 2584 2217 2654 4)?
2246 2584 2313 2637 ab
2353 2585 2624 2655 immundo
2662 2583 2964 2655 enim’qnis
3000 2585 3340 2640 mundabitur
3367 2583 3555 2655 (Ereti.

1975 2653 2166 2727 xxxiv,
2203 2655 2298 2725 4)?
2323 2653 2454 2727 Nam
2478 2653 2876 2727 Aetgsecundiun
2920 2657 3091 2727 legem
3114 2697 3130 2724 ,
3171 2672 3328 2725 quam
3366 2653 3557 2710 dedisti

1976 2725 2218 2794 patribus
2247 2725 2446 2779 nostris
2475 2725 2525 2780 in
2557 2725 2676 2795 igne
2713 2725 3058 2782 comburente
3097 2735 3330 2782 montem
3355 2766 3370 2790 ,
3412 2734 3468 2781 et
3505 2727 3567 2780 in

1976 2795 2115 2868 nube
2155 2805 2362 2868 tegente
2400 2797 2963 2868 aquam,tenebrosam
2987 2840 3002 2862 ,
3045 2796 3297 2868 quidquid
3333 2797 3568 2868 tetigerit

1977 2866 2280 2920 immundus
2301 2908 2316 2928 ,
2349 2866 2678 2921 immundum
2718 2869 2818 2921 erit
2852 2867 3037 2939 (Num.
3061 2865 3150 2923 'xtx
3171 2865 3201 2939 _,’
3216 2867 3331 2936 22).
3361 2865 3580 2939 omnes.

1975 2944 2155 3011 autem
2194 2952 2293 2992 nos
2330 2939 2478 3006 quasi
2520 2953 2726 3011 pannus
2764 2937 3106 3011 menstruatze
3137 2937 3286 3011 (lsai.
3315 2953 3475 3011 LXIY_.
3502 2937 3586 3006 6).

1976 3007 2042 3061 de
2070 3022 2245 3062 massa
2274 3007 2528 3078 corrupta
2549 3017 2603 3063 et
2640 3009 2908 3063 immunda
2949 3007 3222 3064 venientes
3247 3051 3263 3074 ,
3296 3009 3587 3066 maculam.

1979 3078 2326 3132 immunditiac
2355 3090 2574 3145 nostras,
2597 3095 2754 3148 quam
2783 3079 2956 3134 celare
2984 3080 3171 3134 saltem
3203 3079 3295 3134 tibi
3328 3080 3417 3149 qui
3446 3093 3561 3133 οιιι-

1980 3149 2064 3204 nia
2113 3149 2261 3204 vides
2285 3190 2301 3215 ,
2332 3163 2437 3203 non
2486 3165 2770 3219 possumus
2794 3192 2807 3211 ,
2857 3150 2908 3204 in
2953 3149 3216 3205 frontibus
3253 3160 3586 3219 porlatntts;.

1978 3235 2143 3289 quare
2173 3221 2352 3274 mundi
2378 3235 2498 3275 esse
2527 3238 2628 3274 non
2654 3235 2956 3290 possumus,
2988 3222 3084 3274 nisi
3117 3229 3176 3275 tu
3198 3221 3560 3281 mundaveris,

1979 3290 2068 3360 qui
2093 3290 2240 3344 solus
2277 3306 2337 3345 es
2375 3292 2620 3346 mundus.
2665 3291 2886 3347 Mundas
2926 3301 3102 3346 autem
3142 3292 3208 3346 de
3251 3291 3404 3345 nobis
3443 3291 3566 3346 fdiis

1983 3361 2254 3415 hominum
2301 3376 2396 3416 eos
2441 3363 2490 3415 in
2537 3363 2731 3432 quibus
2777 3362 2868 3432 tibi
2914 3362 3236 3432 complacuit
3283 3361 3562 3426 habitare;

1979 3447 2113 3502 quos
2139 3432 2204 3486 ab
2227 3431 2678 3502 inaccessibilibns
2701 3431 2974 3500 profundis
3001 3431 3221 3487 secretis
3244 3432 3562 3501 iudiciorum

1981 3501 2596 3570 iucotnprehensibilium
2619 3505 2891 3573 sapientia:
2909 3511 3031 3567 tute,
3050 3518 3160 3556 sem
3169 3519 3262 3572 per
3271 3505 3562 3572 justorum,

1982 3573 2106 3628 licet
2152 3574 2502 3636 occultorum,
2547 3574 2662 3627 sine
2700 3588 2885 3627 eorum
2931 3574 3136 3628 meritis
3176 3573 3565 3642 prcedestinasti

1979 3652 2105 3699 ante
2126 3643 2402 3710 mundum,
2417 3645 2615 3698 vocasti
2639 3644 2704 3699 de
2722 3643 2941 3708 mundo,
2963 3643 3256 3710 iustifieasti
3275 3643 3325 3698 in
3344 3643 3564 3710 mundo,

1981 3724 2036 3768 et
2065 3714 2370 3784 magnificas
2399 3729 2493 3784 eos
2521 3722 2640 3784 post
2667 3714 2941 3768 mundum.
2973 3713 3087 3768 Non
3113 3722 3290 3769 autem
3319 3713 3566 3768 omnibus

1982 3783 2085 3839 hoc
2125 3783 2253 3838 facis
2276 3824 2292 3850 ,
2326 3783 2465 3854 quod
2505 3783 2837 3838 admirantur
2881 3784 3211 3854 tabescentes
3252 3797 3441 3839 omnes
3479 3797 3566 3837 sa-

1981 3857 2189 3926 pientes
2220 3853 2394 3926 ωτι-ω.
2413 3855 2477 3908 Ει
2505 3870 2633 3926 ego,
2647 3853 3010 3926 Domine,.hoc
3026 3853 3372 3926 considerans
3391 3867 3562 3926 expa—

1982 3923 2161 3991 vesco,
2185 3935 2238 3980 et
2272 3923 2591 3996 obstupesco
2606 3925 2672 3980 de
2686 3923 2960 3979 altitudine
2975 3924 3276 3996 divitiarum
3291 3939 3346 3980 sa
3356 3923 3566 3996 pientite

1982 4005 2036 4051 et
2059 3996 2295 4050 scientiae
2323 3993 2445 4063 tum,
2468 3994 2534 4050 ad
2564 4010 2722 4066 quam
2750 4010 2849 4064 ego
2871 4010 2974 4049 non
2997 3995 3258 4066 peritingo,
3279 4004 3332 4050 et
3357 3993 3562 4066 incom-

1983 4067 2359 4136 prehensibilia
2400 4063 2600 4136 judicia
2635 4063 2852 4136 justitiae
2892 4063 3007 4136 tuae:
3035 4063 3221 4136 (Rcui.
3273 4081 3358 4130 xi,
3406 4063 3501 4134 55)
3547 4080 3562 4118 :

1983 4133 2231 4202 quoniam
2272 4153 2337 4192 ex
2382 4133 2570 4191 eodem
2621 4133 2731 4190 luto
2777 4135 2878 4190 alia
2922 4133 3137 4206 quidem
3175 4133 3306 4206 facis
3347 4133 3565 4206 vasa'in

1984 4207 2276 4274 honorem,
2313 4207 2413 4262 alia
2441 4208 2490 4261 in
2519 4207 2893 4262 contumeliam
2923 4203 3300 4275 sempiternam
3330 4203 3440 4275 (Id.
3471 4221 3525 4260 ιι
3547 4245 3564 4272 ,

1982 4277 2097 4350 2|).
2127 4280 2268 4344 Quos
2300 4279 2456 4350 igitur
2485 4279 2574 4350 tibi
2606 4278 2824 4350 elegisti
2865 4277 2930 4333 de
2967 4277 3146 4332 multis
3183 4277 3237 4332 in
3269 4275 3522 4350 templum
3548 4317 3564 4344 ,

1986 4347 2129 4418 ipsos
2159 4349 2381 4430 mundas
2398 4390 2412 4413 ,
2442 4347 2725 4403 eﬂ'undens
2747 4363 2910 4418 super
2936 4362 3029 4403 eos
3054 4347 3524 4430 aquatumuiidam
3549 4389 3566 4413 ,

1984 4435 2212 4489 quorum
2241 4421 2452 4473 nomina
2483 4434 2867 4489 numerumque
2897 4429 2952 4474 tu
2981 4419 3152 4486 nosti,
3179 4419 3267 4488 qui
3297 4420 3446 4474 solus
3472 4434 3567 4472 nu-

1986 4506 2161 4545 tneras
2183 4490 2574 4544 multitudinem
2600 4491 2892 4553 stellarum,
2914 4501 2968 4546 et
2988 4489 3236 4544 omnibus
3254 4491 3333 4544 eis
3357 4489 3566 4544 nomina

1987 4576 2148 4615 vocas
2169 4559 2339 4632 (Psal.
2373 4576 2548 4623 cxu't,
2572 4560 2660 4630 4);
2688 4559 2778 4631 qui
2803 4560 2962 4615 etiam
2991 4560 3173 4630 scripti
3199 4569 3323 4632 sunt
3351 4561 3400 4614 in
3435 4561 3591 4632 libro.

1989 4633 2107 4686 vitm
2130 4672 2148 4697 ,
2176 4629 2263 4700 qui
2301 4629 2632 4701 nequaquam
2676 4629 2850 4700 perire
2876 4629 3138 4702 possunt,
3169 4631 3363 4702 quibus
3389 4629 3593 4702 omnia;

1985 4711 2341 4770 cuopcrautur
2370 4699 2420 4755 in
2445 4699 2662 4767 bonum,
2679 4699 2847 4756 etiam
2877 4699 2986 4771 ipsa
3011 4699 3246 4771 peccata.
3271 4699 3405 4755 Cum
3427 4699 3593 4754 enim.

1986 4773 2183 4827 cadunt
2208 4813 2222 4834 ,
2253 4788 2359 4826 non
2400 4772 2757 4838 colliduntur,
2798 4772 2921 4841 quia
2964 4782 3018 4826 tu
3059 4771 3315 4840 supponis
3353 4785 3571 4824 manum

1988 4852 2129 4896 tuam
2149 4842 2318 4912 (Psul.
2341 4857 2524 4906 xxxvi,
2541 4841 2665 4909 24);
2689 4843 2996 4896 custodiens
3017 4843 3196 4896 omnia
3216 4855 3338 4895 ossa
3359 4855 3568 4898 eorum.

1989 4924 2040 4967 ut
2071 4930 2231 4966 unum
2257 4929 2323 4967 ex
2350 4914 2428 4967 eis
2451 4929 2557 4966 non
2583 4921 2908 4967 conteratur.
2932 4916 3177 4966 Attamen
3209 4924 3352 4965 mors
3379 4924 3571 4979 μαραι-

1988 4993 2165 5038 torum
2199 4984 2426 5053 pessima
2459 4982 2629 5107 (Pani.
2656 4997 2856 5048 χχχιιι,
2883 4980 3010 5052 22);
3040 4981 3284 5044 illorum,
3317 4981 3532 5050 inquam
3555 5021 3569 5041 ,

1988 5069 2122 5107 auos
2147 5067 2427 5107 antequam
2481 5067 2665 5107 aceres
2697 5053 2890 5107 caelum
2918 5061 2973 5106 et.
3012 5062 3206 5106 terram
3233 5093 3248 5107 .
3275 5050 3569 5105 sccundmn

1986 5069 2122 5124 quos
2147 5050 2427 5124 antequam
2461 5050 2665 5124 faceres
2697 5053 2890 5108 caelum
2918 5050 2973 5106 et.
3012 5062 3210 5124 terram
3233 5093 3248 5114 ,
3275 5050 3569 5105 secundum

1987 5122 2236 5196 abyssum
2260 5122 2478 5178 multam
2495 5123 2816 5196 iudiciorum
2837 5131 3046 5196 tuorum
3065 5122 3416 5187 oceultorum,
3431 5135 3576 5175 scm-

1989 5192 2085 5264 per
2103 5203 2279 5248 autem
2297 5197 2588 5262 iustorum,
2612 5192 2922 5264 pra‘scivisti
2946 5193 3010 5246 ad
3038 5202 3263 5264 mortem
3294 5203 3570 5257 aeternam;

1986 5263 2214 5335 quorum
2257 5263 2917 5319 dinuineratio’nominum
2956 5271 3014 5317 et
3038 5263 3347 5335 meritorum
3381 5277 3572 5332 pravo-

1989 5334 2107 5390 rum
2136 5336 2274 5406 apud
2294 5345 2343 5389 te
2367 5336 2570 5404 est,qui
2595 5348 2871 5406 numerum
2895 5349 3073 5406 arenie
3094 5334 3255 5386 maris
3271 5334 3568 5406 dinumera-

1988 5407 2078 5472 sti,
2102 5417 2155 5461 et
2169 5403 2442 5460 dimensus
2457 5403 2514 5460 es
2539 5403 2858 5475 profundum
2877 5405 3072 5476 abyssi,
3092 5419 3227 5473 quos
3242 5404 3501 5476 reliquisti
3520 5405 3574 5458 in

1988 5477 2339 5532 immunditiis
2366 5478 2496 5541 suis,
2519 5474 2711 5544 quibus
2734 5475 2910 5528 omnia
2948 5474 3595 5543 cooperaturinmaluuv,

1987 5557 2041 5602 et
2066 5549 2175 5618 ipsa
2205 5549 2363 5601 etiam
2385 5548 2556 5601 oratio
2587 5547 2806 5618 vertitur
2838 5546 2889 5600 in
2922 5556 3228 5617 peccatmn;
3263 5556 3318 5600 ut
3341 5546 3385 5600 si
3413 5546 3572 5618 etiam

1988 5615 2157 5687 usque
2189 5619 2253 5672 ad
2289 5619 2456 5674 cmlos
2484 5617 2854 5682 ascenderiut,
2896 5615 2949 5673 et
2987 5625 3146 5686 caput
3187 5632 3372 5670 eorum
3410 5615 3593 5670 nubes.

1990 5689 2240 5757 tetigerit,
2256 5699 2307 5744 et
2326 5690 2461 5743 inter
2477 5690 2649 5744 sidera
2673 5689 2792 5744 cteli
2814 5688 3192 5744 collocaverint
3206 5687 3384 5757 nidum
3401 5701 3585 5751 ειιιιιιιι

1989 5755 2136 5830 quasi
2165 5759 2550 5831 sterquilinium
2576 5762 2625 5814 in
2652 5761 2755 5816 line
2788 5760 3075 5828 perdautnr
3102 5759 3303 5830 (Abdita
3329 5755 3404 5828 4).

2058 5896 2072 5925 ⁸
2097 5893 2237 5954 Alias.
2263 5891 2606 5944 delectationis.
