4006 6490
219 446 306 504 897

217 585 287 638 ria
313 581 602 637 beatorum,
631 590 788 645 quant
819 576 996 628 videre
1021 575 1122 628 vita
1148 583 1341 627 :eterua
1373 581 1471 636 est,
1501 582 1556 627 et
1585 573 1766 628 lartitia

217 651 517 720 sempiterna
561 655 885 720 sanctorum,
927 645 1158 699 Lattetur
1203 659 1329 711 ergo
1371 659 1468 720 cor
1498 659 1671 720 meum
1721 652 1778 720 ut

217 715 380 778 timeat
408 731 602 770 nomen
631 726 776 769 tuum
800 718 837 778 ¹,
874 716 1081 770 lauetur
1104 730 1196 769 cor
1216 715 1563 784 qnznrentinm
1599 715 1776 769 Domi-

217 807 351 853 num,
380 786 470 841 sed
501 787 669 840 multo
696 788 860 856 magis
886 801 980 840 cor
1005 787 1402 839 invenientium.
1433 785 1488 856 Si
1515 785 1656 839 enim
1688 784 1779 856 Ite:

218 865 318 917 tilia
345 859 489 914 estin
510 854 819 926 quatrendo,
842 857 1010 926 qualis
1033 857 1210 910 laetitia
1237 857 1337 908 erit
1363 856 1412 908 in
1436 854 1779 926 inveniendo?

218 934 448 1000 Quaeram
479 925 608 997 ergo
633 942 845 1000 semper
861 925 1114 1000 ardenter
1131 934 1184 1000 et
1213 926 1572 1000 indesinenter
1595 925 1778 1000 faciem

217 996 369 1062 tuam,
398 1000 440 1053 si
484 996 762 1067 quomodo
784 998 994 1052 tandem
1036 997 1304 1064 aperiatur
1332 996 1459 1049 mihi
1507 997 1699 1067 ostium
1730 1005 1784 1050 et

217 1081 352 1142 porta
378 1065 613 1142 prstitiaa,
634 1077 689 1122 ut
712 1070 900 1142 intrem
925 1069 975 1142 in
1003 1068 1250 1142 gaudium
1280 1067 1484 1142 Domini
1510 1069 1631 1120 mei.
1658 1065 1784 1142 [{3th

213 1136 350 1214 porta
366 1136 1055 1214 Domittiijusti‘intrabunt
1071 1139 1121 1214 in
1145 1152 1260 1191 eam
1293 1136 1643 1214 (Ρεᾳέηεξνιι,
1666 1136 1781 1214 2ολ

276 1209 501 1268 CAPUT
529 1209 792 1264 XXXVII.
829 1209 1004 1262 Oratio
1031 1209 1099 1261 ad
1127 1206 1353 1262 sanctam
1397 1207 1709 1260 Trinitatem.
1741 1206 1786 1262 Ο

214 1293 314 1339 tres
338 1281 636 1348 coaequales
677 1289 732 1335 et
770 1290 1049 1334 conuenta:
1082 1295 1351 1346 personm,
1383 1278 1520 1332 Deus
1561 1294 1695 1332 unus
1734 1286 1789 1333 et

210 1366 379 1416 verus,
413 1351 572 1406 Pater
615 1360 668 1404 et
698 1350 860 1404 Filius
890 1362 940 1404 et
975 1350 1201 1418 Spiritus
1231 1358 1444 1402 sanctus
1464 1389 1476 1407 ,
1525 1349 1615 1416 qtti
1642 1349 1787 1402 solus

211 1424 406 1478 habitas
453 1422 806 1475 aeternitatem
856 1430 911 1476 et
969 1422 1139 1474 lucem
1188 1419 1644 1483 inaccessibilem;
1695 1420 1786 1488 qui

211 1493 427 1550 fundasti
461 1501 658 1546 terram
692 1493 744 1545 in
775 1491 1006 1560 potentia
1036 1501 1144 1553 tua,
1177 1501 1232 1544 et
1272 1491 1410 1559 regis
1441 1490 1624 1542 orbem
1658 1505 1786 1558 prn-

208 1563 403 1627 dentia;
437 1571 687 1626 sanctus,
712 1570 929 1616 sanctus
951 1603 964 1624 ,
996 1569 1211 1615 sanctus
1250 1560 1503 1613 Dominus
1536 1561 1672 1614 Deus
1699 1575 1787 1613 sa-

209 1633 377 1696 baotb,
408 1633 661 1686 terribilis
689 1641 744 1686 et
773 1633 943 1693 fortis,
969 1632 1140 1696 justus
1170 1640 1224 1684 et
1261 1631 1584 1695 misericors,
1615 1630 1780 1683 admi-

207 1704 397 1767 rabilis,
434 1701 736 1768 laudabilis,
764 1702 1042 1765 amabilis;
1073 1717 1209 1755 uuus
1233 1703 1390 1761 l)eus,
1418 1711 1525 1754 tres
1548 1716 1788 1768 persona:

207 1776 255 1828 in
278 1789 372 1826 una
387 1773 620 1826 essentia
641 1789 656 1836 ;
675 1776 929 1842 potentia,
956 1773 1234 1839 sapientia,
1260 1771 1482 1834 bonitas,
1510 1787 1608 1824 una
1633 1780 1685 1842 et
1715 1771 1794 1824 in-

208 1845 362 1898 divisa
404 1843 642 1896 Trinitas
668 1841 684 1895 ἑ
706 1845 910 1911 aperite
934 1844 954 1874 ¹
981 1843 1110 1896 mibi
1139 1843 1386 1896 clamanti
1423 1849 1600 1906 portas
1636 1841 1794 1909 justi-

208 1917 320 1976 tim,
349 1922 403 1968 et
447 1914 728 1982 ingressus
759 1915 808 1966 in
848 1928 938 1967 eas
979 1913 1274 1967 conlitebor
1319 1913 1561 1965 Domino.
1608 1912 1683 1964 En
1722 1911 1789 1965 ad

206 1987 389 2037 ostium
423 1994 596 2047 tuum,
624 1999 830 2037 summe
858 1985 1012 2037 Pater
1036 1982 1281 2038 familias.
1310 1982 1584 2035 mendicus
1610 1985 1782 2051 pulso.

205 2055 331 2110 lube
354 2054 554 2124 aperiri
579 2054 840 2124 pulsanti,
867 2054 956 2124 qui
985 2053 1162 2108 dixisti
1190 2094 1204 2117 ,
1237 2052 1448 2107 Pulsate
1468 2062 1511 2105 et
1535 2054 1790 2122 aperietur

1033 436 1396 494 ADMONITIO
1436 437 1499 492 IN
1540 436 2070 506 SUBSEQUJSNTQS
2107 440 2622 496 Mi‘lDlTATl'JNES.

3343 440 3450 499 898

1873 574 2009 647 vobis
2039 574 2248 647 (Matth.
2280 591 2353 629 vn
2378 617 2391 637 ,
2421 575 2748 647 7)._Pnlsant
2776 577 2841 632 ad
2869 578 3059 632 ostitnn
3093 589 3274 642 tuum,
3303 590 3453 647 pater

1873 645 2383 711 misericordissima,
2407 645 2667 717 desideria
2690 649 3004 717 rugientinm
3030 645 3441 716 przucordiorntn

1877 731 2137 786 meorum,
2161 725 2214 770 et
2233 717 2492 770 clamores
2517 716 2863 786 Iacrymarutn
2883 719 3155 772 oculorum
3180 734 3448 772 meorum.

1878 785 2015 839 Ante
2039 794 2090 838 te
2115 795 2197 839 est
2223 801 2384 859 (nunc
2405 785 2722 859 desiderium
2749 805 2946 851 meum,
2969 799 3019 842 et
3046 791 3272 859 gemitus
3297 804 3450 844 meus

1879 870 1911 928 τι
1939 863 1990 909 te
2020 872 2122 928 non
2167 866 2248 910 est
2292 857 2631 928 absconditus
2659 857 2826 928 (Psal.
2859 857 3068 921 xxxvii,
3112 859 3221 926 10).
3253 859 3316 912 Ει
3362 867 3414 912 tu
3437 900 3452 924 ,

1882 925 2126 997 Domine,
2153 942 2254 980 non
2284 941 2492 997 avertas
2524 925 2706 982 facient
2738 939 2877 982 tuam
2911 930 3136 996 amplius
3165 925 3191 981 a
3221 946 3326 993 tur,
3357 944 3456 983 nec

1881 996 2119 1051 declines
2147 1000 2196 1050 iu
2227 999 2301 1051 ira
2332 1014 2360 1052 a
2393 1013 2548 1052 servo
2573 1009 2659 1052 tuo
2691 999 2861 1067 (l’sal.
2892 1016 3036 1062 mm,
3067 999 3142 1063 9).
3179 1000 3335 1052 Pater
3363 1000 3462 1052 nti-

1885 1069 2288 1122 sericordiarntn
2313 1112 2326 1132 ,
2360 1069 2480 1122 audi
2510 1069 2757 1136 ejnlatnm
2803 1070 2982 1140 pupilli
3029 1070 3100 1122 ttti
3121 1112 3135 1133 ,
3168 1079 3219 1122 et
3247 1070 3461 1137 porrige

1885 1153 2102 1210 manum,
2144 1150 2284 1192 tuam
2323 1141 2577 1210 optimam
2609 1141 2956 1207 adjutricetn.
2991 1150 3045 1192 nt
3074 1142 3244 1192 trahat
3284 1155 3368 1192 me
3397 1141 3464 1192 de

1885 1209 2158 1276 profundis
2197 1209 2484 1278 aquariun,
2515 1221 2568 1263 et
2602 1211 2668 1264 de
2706 1211 2820 1264 lacu
2860 1210 3085 1263 miseria:
3110 1250 3124 1273 ,
3152 1220 3206 1262 et
3245 1210 3312 1262 de
3355 1210 3466 1263 lnto

1887 1279 2067 1334 lineis:
2095 1297 2160 1334 ne
2191 1297 2402 1348 peream
2434 1281 2641 1334 vidente
2669 1281 3027 1335 misericordia
3052 1281 3466 1348 oculornmitno-

1887 1365 2041 1414 rum,
2079 1352 2367 1418 aspicietttc
2410 1351 2687 1418 clementia
2733 1353 2993 1405 viscerum
3039 1361 3246 1403 tuorum
3294 1347 3463 1420 (I’sal.

1887 1434 2077 1492 xxxix,
2107 1421 2160 1492 5)
2187 1439 2199 1484 ;
2230 1421 2322 1475 sed
2348 1421 2562 1476 evadant
2589 1421 2653 1475 ad
2683 1432 2732 1476 te
2760 1422 3039 1476 Dontiuntn
3073 1420 3238 1492 Deum
3264 1435 3462 1483 meum,

1888 1499 1948 1544 ut
1976 1491 2179 1545 videant
2220 1492 2428 1546 divitias
2458 1493 2604 1561 regni
2635 1493 2705 1545 ttti
2729 1534 2741 1551 .
2776 1503 2828 1544 et.
2859 1494 3063 1545 intuear
3093 1491 3276 1543 l'acicnt
3320 1498 3463 1542 tuam

1891 1575 2121 1628 semper,
2145 1573 2200 1616 et
2231 1561 2436 1616 laudent
2461 1563 2633 1617 dicant
2661 1562 2859 1616 nomini
2885 1573 2972 1616 tuo
2996 1571 3198 1625 sancto,
3228 1561 3466 1620 Domine,

1889 1631 1976 1704 qui
2005 1631 2132 1685 facis
2154 1632 2431 1704 mirabilia,
2462 1635 2671 1704 quicor
2696 1648 2874 1687 meum
2903 1635 3079 1702 laetum
3110 1631 3236 1683 lacis
3271 1645 3473 1704 metuo-

1891 1699 1968 1754 ria
1996 1710 2102 1766 tua,
2135 1703 2222 1771 qui
2252 1699 2514 1757 illuminas
2549 1703 2877 1772 juvcntntent
2924 1699 3128 1765 meam,
3158 1711 3208 1754 et
3240 1717 3342 1752 non
3375 1699 3468 1752 de~

1891 1772 2052 1840 spicis
2073 1784 2398 1827 senectutem
2423 1790 2613 1837 meam,
2637 1774 2728 1827 sed
2753 1774 2979 1841 jubilare
3009 1772 3136 1825 lacis
3153 1772 3326 1823 omnia
3350 1785 3471 1841 ossa

1892 1857 2032 1906 mea,
2056 1853 2109 1897 et
2127 1845 2526 1910 rejuvenescere
2549 1846 2562 1875 ¹
2588 1843 2716 1898 facis
2733 1840 2992 1912 utaquiltn
3014 1857 3175 1897 canos
3200 1857 3344 1893 tttCOs
3374 1840 3470 1908 (a).

1891 1911 2073 1967 Omnis
2094 1914 2281 1982 gloria,
2312 1916 2484 1968 omnis
2515 1915 2646 1975 laus,
2679 1911 2863 1968 omnis
2879 1916 3060 1968 virtus.
3088 1913 3259 1963 muttis
3283 1919 3473 1980 polen-

1893 1981 1960 2054 tia
1988 2025 2002 2048 ,
2050 1985 2224 2038 omnis
2267 1985 2650 2054 magniﬁcentia
2677 2027 2689 2046 ,
2732 1985 2904 2037 omnis
2944 1982 3246 2044 beatitudo,
3299 1982 3476 2032 ontn's

1890 2053 2169 2108 clementia
2211 2056 2282 2111 sit
2323 2053 2432 2111 Deo
2475 2056 2614 2110 Patri
2644 2066 2696 2110 et
2725 2054 2860 2109 Filio
2900 2065 2953 2108 et
2996 2053 3212 2122 Spiritui
3260 2061 3469 2106 sancto.

1889 2125 2082 2178 Amen.

265 2207 279 2237 ι
305 2213 412 2255 tunc
429 2205 587 2254 verba
618 2218 632 2254 :
657 2209 862 2256 tutetur
890 2216 1007 2260 erao
1037 2215 1121 2255 cor
1154 2216 1313 2256 meum
1345 2210 1396 2254 ut
1429 2203 1592 2255 timeat
1624 2215 1794 2254 nomen

205 2273 331 2317 tuum
350 2302 364 2326 ,
393 2267 580 2316 desunt
603 2267 654 2316 in
675 2274 783 2316 Mss.

263 2329 281 2360 ⁸
304 2325 375 2376 Er.
400 2329 551 2390 Lugd.
580 2335 703 2378 Ven.
730 2336 861 2389 hom,
884 2325 1042 2393 aperi.
1121 2333 1181 2378 M.‘

1954 2261 1968 2292 ²
1996 2262 2067 2310 sic.
2092 2265 2168 2308 Ms.
2198 2262 2512 2310 Colbcrtinns.
2547 2268 2597 2310 At
2619 2259 2698 2308 alii
2729 2258 2856 2320 libri,
2880 2255 3184 2310 reviviscere.

1951 2322 2022 2384 (a)
2042 2328 2123 2376 llic
2146 2325 2381 2375 clauditur
2407 2325 2530 2373 liber
2561 2325 2607 2372 in
2634 2331 2735 2372 Mss.

1306 2540 2348 2672 ADMONITIO

1160 2750 1241 2811 IN
1285 2747 1883 2824 SUBSEQUENTES
1925 2746 2548 2808 MEDITATIONES.

1747 2891 2008 2946 ίῖΚΙΕΙΕΙῶ

214 2444 3471 2472 ____________________—_______________________

275 3029 493 3084 Librum
545 3029 696 3084 hunc
739 3027 1135 3086 Meditationum
1161 3028 1301 3083 inter
1326 3043 1610 3099 germanos
1637 3029 1911 3094 Augustini
1956 3029 2092 3082 fetus
2123 3027 2172 3081 in
2206 3037 2350 3081 tomo
2375 3041 2517 3081 nono
2544 3024 2868 3093 reliquerunt
2892 3021 3270 3084 Lovanieuses,
3303 3034 3486 3089 neque

198 3120 262 3175 de
291 3138 356 3175 co
390 3121 818 3192 pronuntiarunt
859 3120 1040 3186 aliud,
1088 3135 1245 3190 quam
1279 3119 1328 3174 id
1359 3119 1497 3189 quod
1527 3130 1680 3174 antea
1717 3119 1966 3174 dubitans
1997 3120 2334 3188 incertusque
2374 3117 2628 3172 Erasmus
2668 3115 2855 3169 iisdem
2899 3114 3007 3168 fere
3036 3112 3212 3167 verbis
3248 3111 3489 3177 dixerat,

200 3216 471 3268 Auctorem
504 3214 762 3268 videlicet
786 3229 893 3268 esse
922 3213 1001 3267 vel
1023 3213 1381 3284 Augustinum,
1415 3214 1490 3268 vel
1513 3214 1599 3283 qui
1628 3215 1736 3284 ejus
1767 3213 1919 3268 libros
1943 3230 2045 3267 non
2071 3214 2392 3283 indiligenter
2421 3213 2558 3282 legit.
2593 3211 2894 3265 Bernartius
2925 3210 3215 3280 Vindingns
3246 3207 3490 3278 suspica-

196 3316 276 3358 tus
304 3315 387 3360 est
416 3306 489 3360 ab
521 3306 786 3359 Anselmo
830 3306 1196 3360 Cantuariensi
1245 3304 1538 3375 profectum
1558 3347 1572 3370 ,
1621 3306 1897 3373 Augustini
1925 3315 2106 3360 autem
2137 3319 2242 3359 non
2273 3319 2394 3359 esse
2436 3305 2517 3358 bis
2555 3303 3319 3373 argumentisdemonstravit.
3359 3301 3491 3356 Nam

195 3411 311 3466 cap.
341 3399 404 3450 51
445 3397 586 3451 dicit
615 3397 1015 3451 .‘lleditationum
1038 3397 1266 3464 scriptor
1291 3397 1441 3466 ﬁdem
1467 3413 1611 3450 suam
1638 3396 1698 3449 ab
1719 3397 1842 3466 ipsis
1864 3396 2134 3450 enati-itam
2155 3395 2438 3457 cunabulis,
2462 3405 2508 3448 et
2529 3395 2866 3449 illuminatum
2888 3409 3082 3460 semper
3105 3409 3192 3464 per
3212 3391 3495 3460 intelligen—

193 3489 312 3540 tiam
339 3489 533 3558 gratim
573 3488 778 3540 diuiuw.
811 3487 942 3540 Tum
971 3501 1088 3556 cap.
1120 3487 1187 3542 59
1217 3498 1270 3541 et
1295 3487 1384 3552 41,
1418 3487 1504 3540 ubi
1544 3501 1637 3540 sua
1671 3495 1884 3555 peccata
1917 3485 2109 3547 deﬁet,
2146 3486 2326 3539 multis
2353 3485 2565 3555 quidem
2595 3495 2650 3539 et
2691 3485 2938 3555 gravibus
2967 3469 3086 3554 post
3129 3483 3456 3552 Baptismutn
3476 3523 3490 3544 ,

195 3581 285 3634 sed
321 3592 506 3636 tamen
537 3592 672 3636 ante
701 3580 1027 3650 Baptismnm
1056 3581 1170 3633 solo
1209 3595 1267 3634 se
1305 3579 1544 3649 originali
1575 3587 1792 3649 peccato
1831 3578 2119 3647 dbligatum
2157 3577 2320 3632 fuisse
2346 3579 2628 3647 signiﬁcat.
2663 3577 2786 3630 lltec
2815 3592 2942 3631 vero
2970 3576 3188 3630 minime
3212 3577 3496 3630 convenire

191 3674 242 3728 in
276 3675 652 3743 Augustinum
675 3715 688 3737 ,
736 3688 894 3727 nemo
932 3682 1013 3727 est
1043 3673 1131 3742 qui
1159 3672 1568 3726 Conl'essionutn
1614 3671 1778 3740 ipsius
1817 3670 2044 3740 cognitis
2075 3671 2223 3725 libris
2255 3671 2482 3739 ignoret.
2513 3672 2712 3723 Auctor
2737 3679 2994 3738 praeterea
3028 3669 3220 3737 passitn
3260 3669 3496 3737 excerpit

193 3767 504 3820 sententias
546 3764 870 3832 Augustini,
918 3779 1114 3833 easque
1144 3763 1408 3817 interdum
1442 3777 1545 3816 non
1577 3763 1813 3816 sinceras
1834 3803 1850 3828 ,
1890 3761 2107 3818 adhibet
2128 3804 2142 3828 ,
2190 3777 2287 3817 nec
2316 3776 2570 3831 germano
2600 3777 2781 3815 carum
2810 3775 2990 3815 sensu.
3023 3760 3266 3828 Exempli
3294 3761 3492 3827 gratia,

187 3856 318 3911 dixit
349 3858 704 3928 Augustinus
746 3856 864 3910 libri
899 3855 923 3908 1
959 3853 1200 3910 COnl'ess.
1234 3855 1404 3923 capite
1441 3855 1500 3920 1,
1543 3852 1779 3908 Laudare
1821 3866 1868 3910 te
1909 3855 2012 3909 vult
2057 3853 2205 3906 homo
2254 3853 2423 3920 aliqua
2463 3853 2626 3921 portio
2669 3861 2912 3905 creatura!
2940 3861 3041 3905 tua.-
3067 3869 3086 3906 :
3115 3852 3198 3906 hic
3226 3863 3402 3906 autem
3443 3853 3494 3906 in

191 3947 621 4003 Meditationnm
646 3947 824 4017 capite
849 3947 940 4012 55,
968 3945 1165 4000 Laudet
1192 3955 1236 3998 te
1258 3947 1406 4000 homo
1428 3963 1612 4015 magna
1639 3948 1805 4017 portio
1823 3958 2064 4002 creatura:
2089 3955 2206 3999 tute.
2237 3947 2300 4000 Et
2329 3945 2456 3998 illttd
2489 3945 2607 3998 libri
2644 3945 2705 3998 12
2728 3946 2967 3999 Conless.
2993 3960 3109 4014 cap.
3140 3946 3227 4010 15,
3253 3943 3297 3998 0
3317 3945 3498 3999 domus

187 4041 446 4094 luminosa
466 4051 517 4094 et
537 4039 932 4109 speciosa,etc.,
955 4037 1096 4108 quod
1117 4038 1183 4092 ab
1206 4038 1499 4107 Augustino
1520 4037 1587 4092 de
1613 4039 1818 4094 caelesti
1847 4039 2058 4110 cpiticio
2077 4037 2273 4092 dictum
2302 4046 2405 4101 est,
2436 4036 2686 4090 transfert
2713 4037 2801 4090 ille
2829 4037 2880 4091 in
2905 4038 3077 4107 capite
3100 4037 3496 4091 Meditationutn

184 4132 255 4186 20
282 4133 349 4187 ad
378 4132 620 4188 domum
651 4131 745 4186 Dei
771 4131 1123 4203 spiritualem,
1152 4131 1427 4186 beatorum
1457 4130 1659 4185 scilicet
1687 4131 1993 4186 societatem
2019 4171 2033 4195 ,
2079 4145 2105 4183 a
2137 4143 2238 4199 qua
2270 4143 2366 4198 pro
2404 4143 2461 4183 se
2491 4129 2634 4197 cupit
2660 4130 2827 4183 Deum
2859 4129 2999 4182 orari
3048 4129 3310 4184 Muluatur
3337 4131 3496 4184 etiam

187 4224 237 4278 in
267 4240 391 4295 cap.
427 4224 507 4278 22
535 4223 789 4294 quazdam
821 4239 848 4276 a
877 4221 1134 4292 Gregorio
1155 4237 1218 4277 ex
1248 4222 1462 4276 bomilia
1493 4221 1560 4276 57
1593 4221 1645 4275 itt
1677 4220 2043 4290 Evangelium,
2071 4229 2126 4274 et
2156 4229 2410 4287 pra‘terea
2437 4234 2498 4275 ex
2533 4220 2892 4274 ecclesiastico
2919 4218 3104 4274 Ofﬁcio
3132 4220 3288 4275 verba
3317 4236 3502 4289 qnam-

187 4315 340 4380 plura
384 4317 440 4370 in
485 4331 660 4384 capp.
694 4315 783 4377 M,
818 4314 905 4374 15,
940 4315 1026 4376 17,
1061 4313 1149 4378 27,
1182 4311 1271 4379 55,
1302 4313 1389 4374 55,
1423 4311 1512 4375 59,
1545 4321 1648 4366 etc.
1683 4311 1817 4382 llym

1885 4327 1946 4365 im
1978 4325 2078 4381 pro
2106 4311 2279 4380 capite
2306 4311 2376 4366 26
2407 4311 2595 4365 inserit
2625 4309 2689 4364 de
2720 4311 2887 4380 gloria
2922 4311 3186 4380 paradisi,
3215 4312 3303 4380 qui
3343 4312 3501 4366 Petro

187 4406 437 4463 Damiani
471 4409 648 4478 vulgo
682 4407 999 4478 assignatur.
1034 4405 1268 4475 Denique
1297 4401 1434 4475 stylo
1459 4413 1510 4459 et
1540 4403 1860 4459 dictionibus
1887 4404 2049 4459 utitur
2078 4403 2263 4457 alienis
2295 4416 2512 4473 prorsus
2548 4403 2616 4454 ab
2647 4402 2963 4472 Augustino,
2999 4402 3156 4456 veluti
3191 4403 3504 4468 reciprocare

187 4513 283 4566 pro
326 4509 582 4571 repetere
598 4515 620 4564 ;
660 4500 847 4569 proles,
879 4497 1070 4551 soboles
1101 4504 1154 4550 et
1181 4495 1440 4564 progenies
1470 4494 1677 4564 poetico
1698 4509 1866 4557 more,
1889 4509 1987 4564 pro
2014 4491 2151 4546 Filio
2180 4491 2306 4558 Dei;
2346 4491 2470 4546 item
2501 4492 2703 4562 gladius
2734 4492 3028 4557 materialis,
3061 4492 3329 4558 lumidare,
3362 4508 3501 4545 mor-

184 4588 380 4656 bidare,
411 4602 530 4646 etc.
559 4590 744 4659 Atque
775 4587 888 4642 haec
915 4587 1031 4657 plus
1058 4586 1186 4641 Satis
1213 4593 1387 4651 erant,
1416 4594 1472 4638 ut
1499 4585 1613 4639 istze
1628 4583 1998 4640 Meditationes
2023 4583 2454 4652 abjudicarentur
2475 4584 2790 4654 Augustino.

251 4682 413 4749 Quod
450 4681 788 4736 Anselmum
828 4685 1065 4748 spectat,
1111 4692 1177 4732 ex
1224 4675 1566 4733 Orationibus
1605 4691 1668 4732 ac
1699 4676 2126 4732 Meditationibus
2172 4677 2337 4747 ipsius
2375 4678 2588 4733 nomine
2623 4677 2848 4748 vulgatis
2883 4678 3220 4732 continentur
3245 4675 3347 4731 hoc
3368 4677 3504 4731 libro

183 4789 286 4829 non
317 4791 546 4846 pancze,
580 4773 794 4828 scilicet
823 4773 874 4826 in
905 4780 1132 4842 quatuor
1159 4771 1422 4842 capitibus
1450 4771 1710 4841 prioribus
1736 4769 1918 4826 Oratio
1943 4771 2184 4835 decima;
2218 4770 2270 4824 in
2301 4770 2420 4824 aliis
2446 4781 2672 4840 quatuor
2702 4770 2942 4840 proxime
2965 4771 3326 4839 sequentibus,
3346 4770 3394 4823 id
3424 4781 3505 4824 est

181 4877 230 4928 in
260 4879 314 4942 5,
352 4879 411 4941 6,
449 4877 486 4930 7
526 4884 590 4930 et
630 4873 696 4937 8,
731 4871 914 4927 Oratio
939 4869 1171 4924 secunda
1197 4887 1210 4923 :
1234 4877 1418 4938 quarta
1447 4867 1649 4922 decima
1685 4867 1734 4920 in
1765 4868 1935 4936 capite
1967 4881 2141 4930 nono;
2187 4867 2238 4919 in
2278 4865 2486 4920 decimo
2515 4865 2764 4935 vigesima
2813 4864 3000 4930 prima.
3035 4863 3286 4917 Nonnihil
3320 4874 3502 4931 postea

177 4969 576 5026 Meditationis
609 4967 678 5021 18
708 4966 758 5020 in
790 4965 963 5034 capite
992 4962 1057 5018 l8
1087 4962 1348 5028 occurrit,
1385 4969 1440 5016 et
1467 4962 1614 5029 plura
1640 4960 1994 5016 Meditationis
2026 4960 2090 5014 14
2116 4960 2166 5013 in
2193 4974 2344 5028 capp.
2372 4958 2464 5022 22,
2491 4958 2584 5024 25,
2611 4957 2683 5011 29
2711 4968 2762 5011 et
2787 4957 2874 5012 50.
2909 4956 3136 5010 Rursum
3160 4955 3213 5009 in
3237 4955 3408 5023 capite
3439 4957 3506 5007 5.5

176 5065 367 5120 Oratio
397 5060 670 5119 Ansclmi
701 5059 906 5128 quinta.
937 5057 1141 5111 decima
1177 5056 1398 5124 septima
1440 5055 1491 5107 in
1519 5055 1618 5116 '55,
1647 5053 1852 5108 decima
1880 5061 2027 5106 sexta
2072 5053 2124 5105 in
2170 5050 2270 5117 56,
2317 5051 2519 5105 decima
2550 5061 2735 5105 octava
2765 5058 2817 5102 et
2847 5047 3049 5102 decima
3079 5063 3215 5102 nona
3247 5048 3296 5100 iu
3325 5047 3413 5113 37,
3445 5063 3506 5099 ac

179 5155 404 5211 tandem
446 5157 506 5209 in
555 5151 747 5218 capite
780 5149 840 5202 41
876 5147 1128 5216 vigesima
1162 5145 1299 5201 illius
1327 5144 1510 5200 Oratio
1549 5144 1847 5198 exhibetur.
1880 5144 2133 5197 lllittimus
2165 5143 2475 5208 sententias,
2503 5155 2633 5211 quas
2660 5141 2896 5208 reperire
2922 5149 3003 5193 est
3033 5139 3118 5194 hic
3145 5138 3305 5208 capiti
3334 5139 3402 5194 39
3429 5141 3506 5194 in-

176 5262 405 5315 spersas
431 5261 508 5300 ex
539 5238 1110 5310 cjusdch‘roslogio,
1139 5252 1204 5289 ex
1221 5235 1646 5290 Meditationibns
1670 5234 1734 5301 2,
1763 5235 1797 5289 5
1823 5244 1877 5288 et
1906 5234 1993 5300 11,
2022 5249 2086 5288 ex
2115 5231 2368 5288 Oratione
2393 5233 2446 5294 4,
2475 5241 2530 5286 ct
2555 5247 2616 5284 ex
2644 5231 2896 5285 Oratione
2924 5229 3011 5284 62.

248 5337 550 5392 Cmterum
586 5328 729 5384 nihil
756 5329 1049 5389 obstatnus,
1095 5327 1378 5397 quominus
1413 5340 1594 5380 earum
1617 5367 1631 5390 ,
1678 5341 1808 5394 quas
1843 5324 2002 5378 modo
2045 5323 2438 5385 recensnimus,
2467 5321 2777 5375 Orationum
2813 5319 3046 5373 Ansclmi
3073 5320 3184 5375 sive
3210 5319 3508 5374 Meditatio-

179 5447 345 5498 num,
386 5429 726 5483 habeantur
752 5421 924 5476 dubite
963 5419 1205 5490 quaedam
1231 5427 1286 5473 et
1314 5417 1531 5471 inccrtm
1550 5457 1564 5478 ,
1609 5417 1901 5485 praesertim
1942 5432 2070 5468 vero
2097 5416 2138 5469 si
2169 5431 2286 5484 qua!
2313 5421 2433 5466 sunt
2460 5428 2526 5467 ex
2559 5412 2821 5464 variorum
2849 5420 3121 5464 auctorum
3153 5411 3354 5466 laciniis
3384 5426 3511 5466 con-

179 5519 506 5576 sarcinatzc.
538 5511 864 5582 Quinetiam
890 5509 1226 5565 considerato
1254 5507 1419 5562 veteri
1447 5506 1629 5561 codice
1657 5507 1884 5576 quodam
1921 5522 1986 5561 ett
2027 5506 2084 5560 S.
2115 5505 2369 5572 Arnttlplti
2407 5503 2618 5557 abbatia
2644 5502 2908 5568 Mettensi,
2936 5503 3002 5557 de
3029 5517 3134 5573 quo
3168 5505 3220 5557 in
3254 5503 3502 5559 Veterum

182 5616 600 5670 Analectorum
641 5615 788 5660 tomo
818 5605 869 5661 1.
903 5619 1020 5673 pag.
1055 5602 1177 5664 161,
1208 5601 1361 5655 facile
1391 5601 1710 5654 arbitramur
1735 5599 1917 5654 isthmc
1949 5599 2319 5667 subsequentis
2346 5599 2464 5651 lthri
2497 5597 2668 5667 capita
2699 5597 2884 5668 viginti
2912 5605 3156 5667 quatuor,
3182 5597 3269 5662 12,
3300 5599 3386 5664 15,
3419 5600 3506 5663 is,

185 5707 402 5773 15,16,
445 5706 546 5767 17,
584 5699 688 5762 18,
725 5696 807 5755 19,
830 5695 920 5760 20,
948 5696 1039 5760 21,
1066 5693 1157 5759 22,
1185 5695 1275 5760 2⁸1,
1303 5693 1392 5757 21,
1425 5693 1515 5754 25,
1543 5692 1632 5756 27,
1659 5692 1750 5758 28,
1779 5692 1819 5745 2¹

1897 5692 1986 5755 50,
2016 5692 2101 5748 51.
2132 5692 2220 5752 52,
2243 5691 2331 5752 ⁸5⁸5,
2364 5691 2452 5754 55,
2483 5691 2550 5746 56
2579 5701 2630 5746 ct
2657 5691 2750 5757 57,
2780 5691 3002 5747 Joannis
3031 5707 3172 5756 esse,
3204 5692 3410 5746 abbatis
3439 5696 3510 5747 ttti

185 5803 437 5856 creditur
467 5789 915 5852 Fiscamnensis,
947 5788 1035 5858 qui
1063 5802 1202 5841 anno
1235 5787 1368 5841 1178
1390 5786 1527 5840 diem
1557 5784 1707 5849 obiit,
1743 5783 1995 5838 Auscltno
2016 5783 2205 5837 abbate
2233 5791 2357 5836 tunc
2380 5784 2633 5852 temporis
2665 5783 2936 5838 Becccnsi.
2972 5783 3102 5838 Nam
3129 5784 3405 5839 Mettensis
3429 5786 3509 5837 illa

192 5896 389 5954 codex,
424 5889 602 5958 cujus
639 5881 904 5950 scriptura
945 5877 1180 5948 ejusdem
1208 5877 1424 5932 Joannis
1468 5885 1674 5931 :rtatcm
1711 5875 1937 5943 redolet,
1971 5875 2201 5931 libellum
2227 5885 2564 5946 repraesentat
2598 5877 2858 5947 capitibus
2885 5877 3068 5948 viginti
3102 5889 3328 5948 quatuor
3353 5893 3510 5945 supra
