4070 6538
474 446 575 501 899
1909 430 2266 490 APPENUIX.
3654 426 3759 482 900

469 556 625 611 dictis
645 554 1119 624 comprehensum.
1153 555 1365 625 pnelixa
1400 554 1641 625 proxime
1667 558 1789 609 ante
1810 593 1824 617 ,
1859 548 2059 619 prologi
2103 546 2240 611 vice,
2270 542 2490 614 epistola
2518 541 2583 596 ad
2616 541 3008 611 lmperatricem
3035 541 3250 596 viduam
3279 537 3490 596 llenrici
3516 539 3751 610 Impera-

473 646 603 700 toris
642 646 951 717 (llenricum
1001 647 1142 701 hunc
1184 649 1422 711 tertium,
1478 646 1619 699 illam
1670 657 1797 697 vero
1851 643 2110 709 Agnetem
2157 651 2295 701 esse,
2344 635 2659 690 monstravit
2705 635 2767 688 D.
2815 634 3049 689 Joannes
3091 634 3341 689 Mabillon
3390 634 3440 687 in
3488 634 3759 702 prmdictis

473 737 759 799 Analectis,
793 737 880 791 ubi
915 739 1195 807 epistolam
1239 739 1482 794 eamdem
1514 753 1630 807 pag.
1664 737 1766 790 155
1792 731 2119 805 publicavit),
2140 746 2259 785 cum
2288 729 2450 783 haece
2482 729 2533 781 in
2564 728 2667 784 line
2699 728 3121 799 subscriptione:
3147 726 3259 797 Ego
3289 726 3517 781 Joannes
3544 727 3759 779 ultimus

471 845 727 882 servorum
757 828 977 895 Christi,
1006 839 1051 883 et
1079 830 1161 901 qui
1187 846 1377 883 mecum
1404 838 1517 882 sunt
1544 833 1745 898 fratres,
1774 822 2145 877 Beatitudiuem
2169 831 2304 873 luant
2333 818 2612 873 salutamus
2633 819 2683 871 in
2714 818 2934 882 Christo,
2966 828 3093 883 etc.;
3123 834 3224 887 qua
3258 819 3504 871 nimirum
3533 815 3759 886 epistula

474 929 593 987 post
634 931 1080 975 commemoratas
1132 922 1264 975 alias
1308 920 1562 988 quasdam
1613 918 1929 986 scriptiones
1978 914 2088 983 pias
2132 920 2188 965 et
2234 911 2515 965 nonnullas
2544 926 2673 980 quas
2704 927 2770 965 ex
2802 911 3071 979 opusculis
3103 911 3315 965 Patrum
3367 912 3665 964 sententias
3704 924 3762 963 se

472 1010 748 1078 deﬂorasse
773 1010 900 1063 dicit
930 1011 1185 1076 Joannes,
1223 1011 1432 1064 libellus
1461 1010 1548 1063 ille
1580 1008 1984 1063 commendatur
2011 1006 2060 1057 in
2101 1002 2215 1056 hmc
2241 1002 2399 1055 verba
2422 1020 2434 1054 :
2465 1002 2596 1069 Quia
2622 1004 2864 1057 relatione
2887 1004 3165 1057 amicorum
3192 1003 3367 1066 didici,
3401 1012 3447 1055 te
3473 1002 3763 1055 desiderare

470 1111 515 1152 et
547 1117 767 1168 poscere,
804 1110 855 1152 ut
882 1102 988 1171 ipse
1014 1118 1226 1171 quoque,
1256 1118 1401 1173 quem
1432 1102 1493 1153 de
1527 1099 1944 1166 contemplatione
1970 1096 2139 1148 divina
2164 1092 2448 1163 Christique
2477 1110 2665 1158 amore,
2696 1104 2740 1146 et
2775 1094 2836 1146 de
2862 1094 2953 1147 illa
2978 1111 3195 1163 superna
3223 1092 3507 1147 Jerusalem
3534 1095 3761 1147 omnium

477 1191 704 1262 fidelium
736 1203 893 1247 matre
918 1194 1105 1246 editum
1147 1194 1323 1258 habeo,
1355 1194 1442 1246 tibi
1471 1194 1716 1245 scribatur
1744 1189 2034 1242 libellus...
2055 1203 2164 1239 ecce
2193 1203 2285 1256 ego
2316 1185 2470 1238 libens
2500 1194 2647 1253 atque
2672 1201 2847 1247 ovans,
2878 1200 2971 1254 pro
2996 1185 3122 1238 scire
3142 1184 3276 1255 quod
3301 1185 3424 1237 mihi
3447 1184 3582 1237 dedit
3603 1183 3758 1241 Deus.

484 1298 693 1355 paratus
717 1303 850 1351 sum,
881 1296 1038 1339 mater
1064 1287 1345 1339 veneranda
1367 1327 1381 1347 ,
1424 1296 1524 1339 tua:
1566 1286 1617 1337 in
1656 1283 1885 1337 omnibus
1914 1280 2118 1350 obsequi
2146 1278 2488 1333 voluntati....
2526 1278 2739 1346 Accipe,
2775 1294 2966 1343 quaeso,
3000 1280 3228 1349 pervigili
3265 1288 3426 1332 mente
3459 1278 3592 1331 illud
3629 1279 3767 1345 quod

481 1384 700 1454 expetis,
746 1399 868 1437 mea:
905 1400 994 1453 per
1036 1383 1220 1436 Christi
1258 1383 1474 1453 gratiam
1522 1379 1870 1450 deﬂorationis
1913 1376 2245 1447 opusculum,
2290 1372 2342 1426 in
2386 1390 2484 1442 quo
2524 1372 2747 1425 videlicet
2785 1372 3003 1439 reperies
3044 1389 3230 1443 magna
3272 1388 3335 1425 ex
3369 1382 3510 1443 parte
3550 1372 3766 1426 caelestis

495 1475 705 1528 tlieoria:
728 1473 899 1527 dulcia
924 1474 1099 1538 rerba,
1128 1489 1240 1542 qua:
1264 1484 1540 1526 reverenter
1570 1470 1780 1541 legenda
1808 1478 1957 1535 sunt,
1987 1476 2031 1520 et
2060 1484 2173 1520 cum
2199 1466 2374 1519 timore
2399 1462 2560 1517 debito
2588 1463 2875 1516 meditando
2896 1503 2910 1527 ,
2938 1479 3000 1516 ne
3025 1464 3155 1531 forte
3179 1462 3241 1516 de
3269 1464 3545 1517 temeritate
3562 1464 3764 1535 judice-

491 1581 594 1631 tur,
614 1569 700 1638 qui
725 1567 924 1636 tepidus
949 1577 995 1621 et
1017 1568 1277 1620 indevotus
1302 1564 1582 1627 accesserit,
1616 1575 1720 1617 etc.

559 1660 812 1730 Epistolas
841 1658 1094 1714 continuo
1115 1658 1453 1728 subjungitur
1482 1656 1690 1711 libellus
1712 1652 1933 1707 diversis
1968 1650 2205 1721 partibus
2234 1656 2288 1704 et
2318 1647 2480 1701 titulis
2508 1645 2648 1700 hunc
2674 1646 2728 1700 in
2765 1644 2978 1699 modum
3008 1643 3288 1699 distinctus
3312 1662 3325 1699 :
3352 1644 3542 1716 Incipit
3572 1643 3770 1698 libellus

483 1753 546 1805 de
581 1753 864 1824 Scripturis
900 1761 948 1806 et
989 1752 1148 1806 verbis
1177 1751 1391 1805 Patrum
1435 1750 1696 1808 collectus.
1738 1747 1805 1800 ad
1850 1761 2023 1799 eorum
2065 1743 2338 1814 prtesertim
2368 1741 2635 1794 utilitatem
2662 1740 2749 1807 qui
2781 1740 3180 1807 contemplativa:
3206 1740 3318 1793 vita
3351 1750 3468 1792 sunt
3496 1750 3769 1792 amatores.

488 1847 635 1901 Psal.
675 1866 693 1899 ι
714 1845 852 1901 Deus
883 1846 1178 1899 misereatur
1203 1844 1361 1899 nostri
1387 1862 1430 1895 ι.
1464 1842 1679 1897 Sumam
1711 1839 1952 1899 Trinitas,
1984 1837 2141 1890 virtus
2169 1851 2289 1897 una,
2319 1844 2363 1887 et
2389 1832 2658 1887 indiscreta
2688 1833 2947 1902 majestas,
2988 1830 3122 1885 Deus
3149 1842 3333 1895 noster,
3368 1829 3505 1885 Deus
3532 1832 3770 1900 omnipo—

486 1957 615 2005 tens,
640 1941 881 2007 conﬁteor
912 1938 1019 2004 tibi,
1047 1950 1151 1993 etc.
1181 1938 1311 1992 Pars
1336 1947 1420 1991 est
1454 1934 1612 1989 libelli
1646 1932 1834 2001 prima,
1868 1930 2125 1999 incipiens
2164 1943 2193 1980 a
2234 1928 2405 1995 capite
2434 1925 2500 1979 12
2529 1924 2925 1978 Μείιὶιηιίτιιιυιη
2955 1924 3311 1991 sequentium,
3344 1934 3397 1978 et
3424 1923 3678 1978 desinens
3703 1922 3771 1977 ad

487 2032 651 2089 linem
679 2032 869 2102 capitis
895 2033 979 2086 l7.
1008 2031 1142 2085 Tum
1171 2030 1479 2099 subjicitur:
1509 2045 1526 2078 ε
1558 2025 1786 2093 Εατριὶσίι
1816 2024 1878 2076 de
1906 2019 2323 2089 contemplatione
2348 2019 2517 2070 divina
2544 2033 2661 2085 pars
2684 2017 2865 2086 prima.
2888 2012 3077 2084 Incipit
3099 2032 3216 2081 pars
3241 2016 3463 2068 secunda
3486 2016 3548 2069 de
3586 2015 3774 2068 Christi

486 2142 681 2191 amore,
711 2100 865 2179 simul
888 2133 936 2179 et
962 2123 1025 2176 de
1053 2122 1143 2176 illa
1184 2137 1404 2190 superna
1432 2118 1716 2172 Jerusalem
1748 2123 1904 2167 matre
1943 2120 2137 2164 nostra.
2171 2108 2312 2163 Psal.
2351 2126 2368 2158 ι
2396 2104 2674 2159 Eructarit.
2703 2125 2721 2157 ι
2764 2105 2897 2173 Spes
2927 2121 3055 2171 mea,
3086 2100 3281 2158 Christe
3316 2102 3472 2177 Deus,
3507 2104 3772 2157 hominum

490 2229 544 2273 tu
590 2218 753 2271 dulcis
783 2225 1001 2269 amator.
1036 2224 1141 2268 etc.
1176 2212 1378 2267 Desinit
1418 2210 1534 2264 lucc
1572 2205 1801 2262 secunda
1823 2219 1945 2273 pars
1985 2201 2050 2255 ad
2094 2200 2251 2253 linem
2292 2198 2478 2267 capitis
2522 2196 2612 2249 ‘25.
2649 2196 2833 2249 Postea
2881 2191 3359 2262 legiturzExplicit
3399 2209 3518 2260 pars
3557 2193 3778 2245 secunda

491 2310 778 2365 theoretica’
805 2306 1184 2378 speculatiouis.
1217 2303 1405 2373 Incipit
1446 2318 1564 2370 pars
1594 2298 1735 2352 tertia
1756 2339 1769 2359 ,
1803 2296 1884 2349 ubi
1914 2310 2051 2347 meus
2083 2290 2258 2345 devota
2307 2289 2408 2342 Deo
2446 2287 2514 2340 ad
2553 2287 2782 2339 altiorem
2808 2284 3239 2355 contemplationis
3268 2282 3485 2354 gradum
3524 2280 3771 2335 ascendit.

492 2404 640 2459 Psal.
680 2422 697 2454 ι
718 2401 791 2457 Te
807 2372 965 2455 Deum
997 2399 1285 2453 laudamus.
1302 2416 1319 2448 ι
1336 2372 1510 2449 Psal.t
1535 2390 1820 2446 Beuedicite
1847 2387 2068 2440 omnia.»
2100 2382 2271 2436 Psal.t
2291 2378 2521 2433 Laudate
2542 2377 2832 2430 Dominum.
2850 2375 3088 2439 Benedic,
3108 2375 3278 2427 anima
3305 2391 3436 2435 mea,
3460 2372 3704 2439 Domino,
3732 2382 3777 2425 et

492 2497 662 2551 omnia
698 2511 813 2566 qua:
850 2494 984 2547 intra
1014 2508 1092 2545 ine
1119 2498 1237 2544 sunt
1265 2486 1458 2541 nomini
1483 2494 1659 2538 sancto
1700 2482 1827 2550 ejus,
1855 2497 1873 2529 ι
1896 2486 2001 2533 etc.
2049 2475 2179 2529 Pars
2224 2474 2398 2539 itaque
2438 2468 2589 2524 tertia
2637 2466 2997 2533 przetermisso
3042 2465 3219 2533 capite
3252 2462 3343 2528 26,
3382 2463 3568 2532 incipit
3610 2477 3638 2514 a
3678 2461 3773 2515 27.

498 2556 721 2645 llesiuit'
743 2599 920 2642 autem
966 2585 1032 2640 ad
1074 2584 1230 2638 linem
1271 2580 1460 2649 capitis
1492 2578 1582 2633 55.
1626 2572 1829 2628 Deinde
1868 2569 2056 2625 relicto
2088 2566 2259 2635 cipite
2299 2564 2368 2619 51s
2407 2560 2750 2629 subsequitur
2790 2558 3012 2612 titulus:
3038 2556 3295 2628 Incipiunt
3332 2573 3503 2625 preces
3552 2556 3777 2611 ardentis

497 2680 768 2745 desiderii,
800 2689 851 2732 ut
878 2678 1049 2730 anima
1077 2674 1242 2730 solum
1270 2671 1526 2727 Christum
1556 2667 1708 2739 possit
1738 2679 1908 2717 amare
1925 2703 1939 2725 ,
1970 2660 2087 2729 quia
2114 2659 2273 2713 bonus
2300 2663 2342 2708 et
2372 2654 2535 2707 malus
2562 2668 2706 2705 amor
2729 2668 2827 2704 non
2850 2667 2902 2705 se
2925 2650 3077 2705 simul
3104 2650 3156 2703 in
3185 2667 3287 2703 uno
3313 2650 3519 2720 capiunt
3560 2658 3779 2718 pecto".

494 2774 622 2826 sicut
652 2740 889 2839 scriptum
922 2778 993 2822 est
1018 2810 1032 2830 ,
1079 2785 1097 2817 ‹
1126 2764 1290 2819 Nemo
1333 2770 1494 2833 potest
1522 2760 1717 2812 duobus
1746 2753 1962 2808 dominis
1977 2751 2215 2803 servire.)
2259 2746 2398 2801 I’sal.
2432 2765 2449 2796 ‹
2479 2742 2707 2797 Jubilate
2732 2742 2860 2805 Deo,
2889 2742 3051 2795 omnis
3081 2751 3213 2794 terra
3236 2760 3281 2793 ι.
3313 2741 3541 2810 Moxque
3568 2740 3780 2793 additur

496 2875 663 2919 totum
693 2834 853 2932 caput
894 2862 981 2918 55.
1013 2859 1139 2913 Jesu
1170 2868 1343 2911 nostra
1372 2852 1671 2921 redemptio,
1712 2858 1815 2902 etc.
1858 2843 2103 2911 Suscepit
2146 2848 2304 2908 caput
2334 2838 2423 2899 56,
2461 2852 2579 2891 cum
2620 2837 2719 2890 hoc
2763 2835 2952 2889 titulo:
2984 2834 3081 2887 llic
3122 2834 3375 2901 peccatrix
3412 2834 3582 2886 anima
3627 2834 3778 2903 gemit

502 2958 653 3011 nimis
682 2965 731 3009 et
760 2925 915 3019 dolet,
948 2953 1120 3005 videns
1146 2959 1332 3003 terram
1367 2947 1474 2999 sine
1497 2959 1649 3012 aqua,
1687 2948 1731 2993 et
1760 2941 1946 2992 idcirco
1977 2950 2082 3005 pra;
2108 2932 2355 2986 desiderio
2380 2930 2719 2998 lacrymarum
2759 2927 2960 2981 devotas
2989 2943 3157 2997 preces
3184 2926 3349 2996 fundit
3379 2925 3445 2979 ad
3477 2925 3767 2979 Dominum.

500 3048 646 3103 Psal.
685 3066 703 3099 ι
727 3018 1181 3111 Quemadmodum.
1206 3060 1223 3092 ι
1251 3039 1446 3093 Christe
1478 3035 1707 3094 Domine,
1744 3028 1961 3084 Verbum
1985 3025 2157 3079 Patris
2177 3066 2191 3089 ,
2224 3034 2327 3077 etc.
2356 3023 2544 3075 P05tea
2576 3020 2812 3089 sequitur
2843 3020 3013 3090 prima
3047 3033 3171 3086 pars
3194 3018 3382 3088 capitis
3417 3019 3507 3081 57,
3551 3033 3675 3072 cum
3702 3019 3787 3070 in-

503 3108 793 3206 scriptione
814 3154 826 3188 :
848 3134 949 3188 Hic
978 3140 1116 3203 optat
1142 3129 1323 3182 ardore
1344 3127 1499 3180 nimio
1526 3140 1663 3177 mens
1691 3122 1795 3192 pia,
1828 3129 1873 3171 et
1903 3118 2128 3170 datorem
2154 3114 2376 3167 onmium
2400 3110 2640 3165 bonorum
2675 3109 2836 3163 Deum
2864 3110 3117 3162 humiliter
3136 3118 3299 3179 rogat,
3322 3118 3375 3162 ut
3407 3108 3592 3161 divina:
3608 3110 3785 3179 gratia:

506 3195 637 3301 (ulti:
669 3227 925 3297 pra’sidio,
968 3195 1062 3277 hoc
1091 3230 1377 3275 constanter
1402 3232 1548 3287 agere
1588 3213 1767 3284 possit,
1791 3208 1925 3279 quod
1950 3205 2221 3275 Apostolus
2252 3202 2478 3272 prtecipit
2505 3202 2692 3266 dicens,
2727 3217 2746 3250 ί
2773 3199 2831 3254 Si
2856 3199 3239 3252 consurrexistis
3268 3214 3382 3249 cum
3411 3195 3638 3260 Christo,
3672 3212 3785 3265 qua:

505 3288 703 3373 sursum
735 3326 852 3371 sunt
881 3288 1105 3385 qitterite,
1148 3311 1233 3364 ubi
1260 3307 1491 3364 Christus
1537 3313 1607 3358 est
1648 3304 1700 3355 in
1738 3301 1942 3353 dextera
1972 3296 2065 3348 Dei
2093 3294 2300 3357 sedens;
2335 3305 2448 3358 qua:
2482 3306 2680 3344 sursum
2717 3298 2832 3342 sunt
2866 3288 3058 3357 sapite,
3092 3304 3190 3340 non
3231 3301 3344 3355 qua:
3369 3303 3521 3355 super
3545 3297 3725 3339 terram
3762 3306 3781 3335 ι

511 3410 655 3464 Psal.
691 3427 709 3460 ε
728 3375 1151 3475 Quanldilectd.»
1182 3401 1307 3455 Jesu
1331 3398 1561 3460 Domine,
1589 3391 1624 3446 Ι
1629 3409 1713 3446 esu
1744 3391 1844 3460 pie,
1872 3397 1974 3442 etc.
2003 3399 2168 3453 usque
2195 3382 2259 3437 ad
2288 3382 2471 3435 isthmc
2492 3381 2649 3434 verba
2677 3376 3201 3442 :Dormiat,obsecro,
3223 3375 3359 3429 Deus
3388 3375 3775 3436 meus,dormiat

514 3465 767 3554 ntemorid
792 3514 897 3550 mea
924 3494 984 3547 ab
1025 3491 1285 3553 omnibus,
1318 3488 1446 3557 (jam
1478 3485 1619 3539 varia
1651 3491 1733 3536 est
1773 3478 1960 3540 lectio,
1998 3477 2074 3530 sic
2105 3490 2198 3542 pro
2225 3472 2566 3525 conclusione
2582 3466 2806 3538 habens)
2833 3483 2944 3537 quw
2969 3468 3058 3520 sub
3091 3467 3214 3519 coelo
3239 3474 3375 3529 sunt,
3405 3465 3619 3534 uigilans
3646 3466 3699 3517 in
3722 3476 3788 3529 te,

508 3593 635 3645 sicut
663 3590 907 3658 scriptum
936 3596 1027 3651 est,
1058 3602 1075 3635 ι
1102 3582 1208 3653 Ego
1230 3554 1424 3633 dormio
1444 3585 1489 3629 et
1510 3592 1596 3629 cor
1619 3588 1779 3626 mcum
1808 3568 2003 3637 vigilat.
2032 3585 2050 3616 ι
2087 3565 2167 3619 Sit
2189 3572 2316 3626 tuta,
2340 3562 2402 3614 sit
2425 3576 2619 3628 semper
2642 3574 2816 3612 secura
2842 3556 2931 3610 sub
2954 3556 3129 3626 pennis
3155 3555 3475 3623 protectiouis
3498 3564 3601 3607 tua:
3620 3554 3788 3606 anima

509 3698 636 3745 mea,
676 3644 813 3732 Deus
842 3644 1436 3740 meuspetcilﬁxtretuo
1465 3666 1579 3719 loco
1613 3663 1823 3732 ponitur
1855 3660 2053 3727 reliqua
2098 3668 2219 3723 pars
2244 3651 2433 3720 capitis
2461 3648 2699 3718 ejusdem
2731 3648 2818 3709 57,
2850 3647 3158 3714 adjunctum
3193 3645 3393 3698 habens
3419 3644 3699 3698 exordium
3738 3657 3790 3697 et

513 3736 745 3836 titulum,
778 3770 880 3825 huc
907 3736 1063 3822 modo
1088 3784 1100 3818 :
1137 3764 1225 3817 Vir
1244 3760 1607 3815 desideriorum
1635 3764 1679 3807 et
1709 3751 1981 3806 caelestium
2006 3744 2387 3812 contemplator,
2415 3741 2678 3811 praesentia
2706 3740 2987 3809 fastidiens,
3020 3738 3188 3805 futura
3211 3736 3525 3796 desiderans,
3554 3737 3705 3805 gemit
3736 3752 3795 3787 ex

510 3867 671 3936 fundo
702 3827 889 3926 cordis,
929 3871 975 3913 et
1004 3858 1242 3925 implorat
1270 3851 1520 3923 quotidie,
1549 3848 1723 3900 dolens
1752 3860 1805 3897 se
1827 3842 1894 3895 ibi
1921 3856 2021 3893 non
2043 3854 2166 3897 esse,
2195 3834 2275 3887 ubi
2312 3834 2547 3885 dilectum
2576 3847 2721 3884 suum
2750 3830 2969 3882 revelata
2996 3829 3126 3899 facie
3154 3838 3404 3880 mereatur
3432 3828 3625 3889 videre,
3661 3827 3785 3878 sicut

510 3917 749 4026 'scriptum
784 3917 888 4017 est,
925 3970 942 4001 ι
965 3917 1121 4020 Cupio
1162 3917 1365 4000 dissolvi
1404 3951 1449 3994 et
1476 3956 1580 3993 esse
1610 3953 1722 3991 cum
1753 3933 1971 3988 Christo.
2006 3927 2179 3982 sPsal.
2209 3944 2226 3975 ‹
2251 3924 2474 3976 Jubilale
2502 3920 2738 3974 Domino.
2768 3939 2785 3971 ι
2806 3918 3011 4026 'C/triste
3036 3917 3268 4026 Domine,
3478 3927 3549 4026 etn
3550 3918 3798 4026 sapientia

511 4006 705 4110 Pati'is,
732 4006 1343 4111 ete.;,quod'exordium
1371 4030 1609 4085 versibus
1653 4025 1765 4079 fere
1796 4019 2096 4092 quindecim
2138 4027 2389 4071 coastans
2430 4012 2728 4064 annectitur
2755 4009 2818 4061 ad
2851 4008 3004 4061 verba
3036 4007 3121 4059 illa
3151 4006 3338 4075 capitis
3369 4006 3471 4058 57:
3506 4006 3644 4071 Quid
3670 4006 3799 4058 enim

511 4096 800 4207 pulchrius,
835 4096 1014 4204 quidve
1040 4130 1258 4192 dulcius,
1276 4137 1405 4188 etc.,
1438 4120 1738 4187 desinitque
1764 4115 1835 4170 ibi
1863 4111 2071 4166 libellus
2097 4127 2108 4160 :
2130 4106 2309 4177 Ipsum
2352 4103 2504 4156 laudo
2526 4144 2540 4167 ,
2590 4100 2825 4154 benedico
2854 4109 3003 4167 atque
3026 4099 3181 4150 adoro
3201 4139 3213 4162 ,
3257 4097 3343 4168 qui
3384 4096 3501 4149 ririt
3542 4106 3587 4149 et
3627 4107 3800 4168 regnat

514 4229 654 4283 Deus
682 4231 733 4281 in
762 4224 950 4281 swcula
978 4222 1296 4277 satculorum.
1337 4216 1513 4267 Amen.

1006 4319 1129 4363 ante
1158 4321 1325 4359 annos
1353 4303 1611 4356 ducentos
1641 4294 1941 4361 descriptus
1969 4287 2208 4344 libellum
2238 4281 2485 4338 eumdem
2518 4296 2545 4333 a
2576 4281 2746 4349 capite
2789 4278 2854 4332 Η
2881 4279 2958 4332 sic
2984 4277 3275 4340 exorditur,
3310 4286 3365 4330 ut
3395 4277 3444 4330 in
3476 4277 3634 4330 titulo
3665 4293 3803 4346 prte-

2340 4380 2351 4387 .
2426 4381 2456 4387 ..
2506 4371 2535 4387 ..
2646 4386 2655 4387 ,
2887 4384 2940 4387 η
3058 4367 3150 4387 ιτ--
3184 4365 3421 4387 ..,..,,,-ε
3478 4366 3569 4387 η.

515 4365 875 4475 ,,,;'li;qul,i.l
903 4406 987 4458 ιι,
1019 4404 1189 4469 Atque
1216 4397 1381 4465 ipsius
1412 4391 1573 4445 libelli
1601 4404 1705 4442 non
1738 4395 1942 4453 septem
1984 4388 2183 4449 partes,
2225 4380 2358 4444 quot
2387 4371 2662 4425 attulimus
2692 4384 2849 4437 supra
2879 4384 2943 4475 0.x
2972 4367 3154 4468 codice
3183 4365 3445 4431 Mettensi,
3475 4366 3571 4419 sed
3604 4375 3803 4419 tantum

514 4458 981 4568 pia-xvigicitscapilc
1021 4458 1267 4544 videlicet
1295 4488 1382 4547 57,
1418 4485 1470 4537 in
1499 4495 1603 4549 quo
1631 4478 1828 4548 pariter
1866 4472 2086 4534 desiuit,
2135 4467 2352 4521 minime
2382 4463 2572 4516 diviso.
2605 4461 2762 4514 Juvat
2787 4459 3039 4568 exhibere
3073 4458 3261 4568 titulos.
3295 4472 3358 4511 ac
3400 4458 3546 4559 initia
3577 4458 3806 4526 partium

980 4585 1168 4640 eodem
1212 4580 1373 4649 [legio
1400 4548 1606 4637 codice,
1633 4567 1844 4624 tametsi
1874 4578 2068 4618 nomen
2107 4556 2386 4627 Augustini
2419 4554 2547 4607 falso
2576 4552 2823 4621 prazferat
2854 4550 3083 4615 libellus,
3119 4549 3219 4603 huc
3251 4549 3321 4601 ibi
3353 4548 3560 4601 ratione
3590 4564 3808 4616 primo.

1955 4655 1980 4664 ..
2073 4654 2082 4663 υ
2276 4648 2288 4664 ι
2369 4648 2398 4664 ,ο
2458 4646 2470 4664 ι
2529 4645 2705 4664 ,νηηξηξ
2749 4643 2954 4664 ---3-----2
3028 4642 3084 4664 Δ..
3128 4640 3302 4664 Δέηε..2-
3338 4640 3615 4664 υ-..2..ι-.-.ἔ-
3653 4642 3774 4664 --ΙΙ-

1025 4695 1038 4729 :
1062 4674 1211 4728 Liber
1238 4640 1653 4737 suvpputationum
1696 4677 1784 4715 seu
1812 4654 2239 4727 supplicationum
2271 4648 2399 4700 beati
2439 4645 2705 4714 Augustini
2735 4643 2975 4710 episcopi,
3022 4642 3084 4694 de
3122 4640 3302 4693 divinis
3332 4640 3617 4707 Scripturis
3647 4642 3801 4693 colle-

686 4732 965 4829 va‘dwezrum
997 4766 1274 4839 prwscrtim
1303 4732 1614 4818 utilitatem,
1662 4753 1747 4823 qui
1794 4743 2193 4815 contemplativa:
2234 4741 2350 4793 vita:
2392 4747 2510 4791 sunt
2550 4744 2820 4787 amatores.
2856 4732 2920 4784 Et
2960 4742 3075 4784 ante
3108 4733 3276 4784 omnia
3313 4732 3511 4784 dicatur
3548 4733 3805 4801 psalmus.

2087 4836 2096 4843 .
2130 4834 2140 4843 .
2274 4833 2285 4843 υ
2344 4832 2354 4841 ο
2433 4829 2463 4843 ι·
2578 4828 2589 4843 ι
2731 4835 2742 4843 .
2810 4842 2815 4843 ,
2871 4824 2913 4843 3,
2955 4824 2998 4843 3,,
3056 4840 3096 4843 ,Α
3146 4822 3197 4843 J-
3244 4840 3343 4843 sn,“
3372 4840 3432 4843 ,__
3474 4821 3565 4843 η’]
3608 4825 3723 4843 Βιγι-
3772 4834 3804 4843 ,Α

523 4821 701 4926 ῖῇξω
729 4821 1023 4921 misereatur
1050 4858 1207 4913 nostri
1242 4864 1287 4908 et
1328 4850 1580 4906 benedicat
1606 4821 1767 4906 nobis,
1799 4861 1817 4894 ι
1850 4851 1982 4904 etc.,
2012 4836 2096 4905 qui
2124 4834 2174 4886 in
2207 4832 2381 4900 primis
2411 4828 2650 4882 dicendus
2672 4835 2742 4880 est
2765 4824 2915 4893 ,quia
2952 4824 3003 4875 in
3046 4840 3101 4876 eo
3138 4822 3200 4875 de
3236 4840 3434 4875 summa
3474 4821 3726 4876 Triuitate
3759 4834 3804 4875 ct

882 4914 1113 5023 expresse
1146 4951 1341 5001 locutus
1368 4952 1441 4995 est
1476 4938 1749 5006 Propheta.
1784 4932 1895 4998 Quo
1934 4928 2076 4997 [inito
2102 4923 2322 4976 addatur
2362 4930 2406 4974 et
2452 4921 2564 4981 hoc,
2592 4915 2665 4970 Te
2700 4916 2861 4969 Deum
2887 4914 3091 4967 Patrem
3119 4915 3411 4983 ingenitum,
3444 4924 3577 4981 etc.,
3609 4915 3813 4968 scilicet

522 5007 799 5125 catini“.
826 5007 968 5118 quod
995 5046 1094 5097 ltuc
1124 5043 1239 5095 loco
1267 5047 1432 5090 totmn
1464 5030 1743 5090 scribitur;
1772 5036 1827 5079 et
1854 5020 2098 5074 additur:
2122 5015 2315 5069 Deinde
2339 5023 2517 5066 caztera
2540 5026 2651 5078 qua:
2676 5018 2969 5079 sequuntur,
3005 5017 3165 5061 mente
3190 5007 3387 5071 derata,
3415 5016 3461 5059 et
3489 5008 3642 5059 corde
3662 5026 3815 5077 puro,

1628 5124 1635 5125 κ
1928 5116 1938 5125 ι
2043 5113 2054 5123 ο
2223 5110 2233 5125 ο
2372 5123 2381 5125 ,
2408 5106 2599 5125 ,_.!_--_'-
2651 5121 2729 5125 --η
2785 5102 2986 5125 ----...-2-
3030 5118 3207 5125 ..-ηηη-
3247 5117 3258 5125 .
3295 5102 3501 5125 0...-..ηι-
3539 5100 3769 5125 νιν-.;--ι.--

520 5100 691 5224 :ttpote
721 5100 894 5200 laudes
930 5142 1020 5194 Det
1047 5182 1061 5202 ,
1097 5138 1201 5189 Deo
1229 5134 1455 5185 dicturus
1482 5124 1663 5196 ﬂebilis
1704 5129 1751 5174 et
1790 5116 2003 5187 supplex
2037 5113 2088 5164 in
2116 5110 2319 5164 modum
2360 5106 2600 5159 orationis
2645 5121 2731 5157 seu
2777 5102 2986 5154 canonis
3028 5118 3207 5171 perora
3242 5117 3258 5152 :
3288 5102 3503 5155 Summa
3539 5100 3770 5154 Trinitas
3793 5143 3811 5165 ,

1646 5217 1681 5224 -.
1708 5216 1717 5224 .
1742 5214 1753 5224 .
1883 5210 1907 5224 η
1956 5209 1987 5224 ο.
2009 5222 2018 5224 Α
2067 5206 2221 5224 -Α-·.-
2265 5202 2325 5224 ιη
2389 5199 2569 5224 l..-:...'a
2606 5197 2819 5224 ..ι-,ηηιιη
2849 5212 2964 5224 ..ι-...ι
3025 5194 3109 5224 ..Ιμῖ
3146 5195 3310 5224 “minus
3337 5194 3397 5224 Αη
3424 5192 3609 5224 find”:
3643 5211 3811 5224 manans-Al

704 5192 1174 5296 ;;;wevlviy;dis(;rela
1208 5228 1451 5297 JIajestas
1513 5230 1616 5274 etc.
1646 5214 1843 5270 ibidem
1880 5209 2029 5263 ﬁnito
2054 5206 2226 5274 capite
2262 5202 2347 5264 l6,
2380 5199 2570 5300 Incipit
2603 5197 2819 5301 secunda
2849 5212 2996 5297 pars,
3025 5194 3109 5246 ubi
3144 5195 3310 5301 agitur
3336 5194 3397 5245 de
3424 5192 3609 5301 Christi
3640 5211 3813 5246 aniore

521 5282 1035 5398 ;;';;.5£:‘;perna
1069 5325 1269 5379 είυξιαιε
1290 5282 1579 5372 :Ierusalem
1599 5350 1612 5371 ,
1654 5320 1766 5375 qua:
1794 5311 1865 5356 est
1893 5309 2051 5352 mater
2077 5307 2269 5349 nostra.
2303 5292 2366 5343 lit
2399 5290 2560 5359 primo
2605 5286 2845 5340 dicendus
2870 5296 2939 5339 est
2966 5286 3058 5338 iste
3094 5285 3345 5354 psaltrias,
3384 5302 3401 5333 ι
3429 5282 3695 5337 Eructarit
3730 5302 3815 5337 eor

1801 5397 1806 5398 ,
2009 5389 2043 5398 .-
2154 5388 2163 5398 ι
2219 5397 2223 5398 ,
2346 5384 2376 5398 η
2424 5384 2435 5394 ο
2471 5383 2502 5398 ι-
2720 5390 2790 5398 ιηγ
2829 5379 2940 5398 -,..'-
2985 5393 3205 5398 _--,,,.-,,_-
3236 5376 3451 5398 I..-...'s._..
3503 5376 3612 5398 Λ-.-
3656 5378 3697 5398 εν
3727 5378 3787 5398 2.-

528 5376 972 5486 ;,;e:,:,,';erb,,,',.',
1002 5422 1055 5472 in
1079 5432 1179 5487 quo
1210 5415 1271 5465 de
1298 5409 1498 5465 Christo
1530 5412 1575 5455 et
1612 5397 1841 5452 Ecclesia
1883 5409 1971 5464 per
2001 5388 2311 5457 PrOphetzzm
2341 5383 2564 5452 Spiritus
2593 5390 2793 5433 sanctus
2820 5379 2941 5432 satis
2973 5393 3205 5446 expresse
3231 5376 3469 5445 loquitur.
3502 5376 3617 5443 Quo
3647 5378 3811 5445 ﬁnito,

526 5467 1320 5577 $5,";},}‘J,}a;',g'q..l.niur
1345 5498 1511 5564 :Spes
1540 5509 1670 5555 mea,
1701 5488 1896 5542 Christe
1932 5483 2084 5545 Deus,
2114 5490 2215 5532 etc.
2248 5476 2443 5529 Ibidem
2478 5484 2595 5541 post
2623 5472 2778 5526 linem
2821 5468 3009 5537 capitis
3036 5468 3104 5522 23
3132 5467 3354 5532 :Incipit
3384 5470 3530 5521 tertia
3558 5487 3697 5537 pars,
3730 5470 3811 5522 ubi

530 5559 667 5669 ξρεῑᾷ
696 5559 876 5661 aevom
898 5559 963 5653 λά
989 5559 1216 5652 altiorem
1242 5559 1674 5657 contemplationis
1700 5578 1915 5650 gradum
1955 5571 2197 5625 ascendit.
2230 5567 2293 5620 Et
2323 5568 2372 5619 in
2403 5565 2579 5635 prioris
2604 5573 2832 5617 cantetur
2861 5562 3094 5631 hymnus,
3130 5581 3145 5611 ι
3173 5559 3244 5613 Te
3273 5559 3432 5613 Deum
3478 5560 3769 5613 laudamus.
3799 5582 3815 5611 ι

1890 5660 2280 5669 _._-.
2463 5654 2501 5669 .,
2730 5656 2740 5669 .
2967 5650 3378 5669 ..._n,
3557 5652 3736 5669 ...

689 5650 823 5752 Illius
848 5695 1081 5763 hymnus,
1115 5706 1135 5738 ι
1161 5650 1467 5740 Benedicite,
1486 5674 1655 5729 omnia
1691 5686 1846 5739 opera
1878 5663 2104 5725 Domini,
2133 5660 2404 5713 Domino.»
2454 5654 2582 5708 Item
2632 5656 2872 5725 psalmus.
2912 5671 2929 5703 ι
2957 5650 3187 5705 Laudare
3230 5650 3504 5704 Dominum
3533 5654 3596 5706 de
3623 5652 3810 5706 caelis»

2126 5754 2157 5763 --
2237 5752 2248 5762 ο
2396 5749 2423 5763 ι.
2531 5758 2540 5763 .
2719 5745 2753 5763 η
2860 5744 2924 5763 ,η
3009 5744 3305 5763 κη--
3378 5742 3522 5763 ηας
3572 5761 3585 5763 _

537 5742 803 5854 ἓῖιῖρξῖιάε
827 5742 1006 5838 agtur:
1030 5742 1144 5849 qua!
1170 5780 1464 5841 sequuntur,
1493 5768 1683 5819 intenta
1714 5772 1759 5814 et
1790 5773 1989 5811 morosa
2023 5752 2346 5807 meditatione
2373 5749 2606 5801 dicuntur
2628 5764 2642 5799 :
2666 5765 2683 5796 ι
2712 5744 2955 5808 Benedic,
2998 5744 3166 5795 anima
3198 5760 3327 5824 mea,
3369 5742 3619 5807 Domino,
3650 5765 3669 5795 ι
3710 5755 3814 5796 etc.

1706 5851 1717 5854 -
1799 5851 1806 5854 .
1853 5850 1862 5854 -
2390 5841 2437 5854 σι·
2507 5852 2515 5854 .
2851 5838 2862 5854 Ι
2937 5836 2968 5854 ,9
3059 5836 3096 5854 l,
3135 5834 3182 5854 ΨΑ
3229 5836 3277 5854 “'3
3357 5844 3405 5854 .,.
3455 5836 3482 5854 Ρ
3507 5836 3519 5854 1
3557 5837 3586 5854 1⁸
3721 5840 3725 5843 '
3801 5853 3809 5854 κ

534 5834 1245 5945 illidciiiweo'tnnletoicapite
1282 5862 1350 5915 '53
1390 5856 1631 5911 snlnlitur
1657 5871 1668 5905 :
1695 5850 1883 5907 Incipit
1926 5857 2104 5916 quarta
2148 5860 2284 5909 pars.
2331 5841 2516 5895 scilicet
2561 5855 2725 5895 preces
2769 5836 2994 5889 ardentis
3037 5834 3309 5901 desiderii,
3352 5844 3405 5888 ut
3443 5836 3611 5905 ﬁdelis
3647 5840 3817 5889 trutina
