4070 6516
183 450 278 504 913

183 566 295 618 tatis
322 572 375 618 et
404 561 752 618 humanitatis
778 562 832 617 in
859 563 1060 617 unitate
1089 577 1330 632 persona:
1355 579 1368 626 ;
1404 572 1460 614 ιιι
1491 577 1596 615 non
1627 562 1760 616 alter

187 638 345 700 licus,
389 635 524 689 alter
566 635 726 690 homo
754 644 931 697 esset,
977 633 1072 689 sed
1105 648 1240 688 unus
1273 632 1517 701 idemque
1548 635 1684 687 Deus
1712 641 1766 687 et

184 706 333 758 homo
356 748 370 767 ,
412 704 573 759 homo
601 714 654 774 et
694 705 853 758 Deus.
899 704 1002 760 Sed
1035 703 1161 759 licet
1199 701 1430 758 mirabili
1461 702 1763 774 dignatione

183 775 405 830 Verbum
445 791 572 829 caro
611 773 806 830 factum
837 776 946 840 sit,
997 783 1182 829 neutra
1229 785 1402 828 tamen
1444 788 1511 828 ex
1558 774 1762 828 duabus

181 847 374 900 naturis
413 845 466 900 in
509 845 666 899 aliam
714 855 912 900 mutata
958 855 1040 899 est
1081 845 1453 899 substantiam.
1488 843 1761 899 Trinitatis

181 917 428 986 mysterio
451 925 638 986 quarta
669 933 773 970 non
803 925 886 971 est
912 915 1087 970 addita
1114 931 1358 984 persona.
1387 915 1542 971 Umta
1565 915 1760 984 quippe

179 1000 286 1046 est.
316 1004 421 1040 non
462 986 682 1042 confusa
717 987 871 1042 Verbi
905 987 997 1041 Dei
1045 986 1382 1056 hominisque
1415 987 1709 1041 substantia
1743 1004 1755 1039 :

180 1070 233 1112 ut
269 1059 316 1111 in
364 1059 530 1112 Deum
560 1057 699 1125 quod
728 1073 792 1112 ex
831 1057 984 1110 nobis
1014 1055 1317 1125 susceptum
1365 1055 1538 1110 fuerat
1570 1072 1757 1126 perve-

179 1130 329 1192 niret,
360 1138 414 1182 et
455 1127 582 1182 illud
609 1129 749 1197 quod
779 1143 1046 1198 nunquam
1077 1143 1180 1182 non
1213 1127 1412 1190 fuerat,
1446 1127 1585 1181 idem
1615 1126 1757 1196 quod

179 1215 383 1269 semper
414 1203 582 1252 fuerat
612 1207 970 1268 permaneret.
1001 1197 1044 1253 Ο
1071 1198 1386 1253 admirabile
1411 1198 1753 1269 mysterium!

177 1285 206 1320 o
234 1270 586 1324 inenarrabile
623 1269 1003 1322 commercium
1032 1269 1045 1322 !
1092 1283 1125 1322 ο
1157 1270 1286 1322 mira
1315 1283 1632 1336 semperque
1659 1269 1756 1322 mi-

176 1339 334 1394 randa
378 1339 572 1393 divina:
613 1339 1001 1409 propitiationis
1043 1339 1378 1407 benignitas!
1431 1339 1580 1409 Servi
1610 1338 1752 1407 digiti

177 1426 275 1470 non
312 1410 530 1473 fuimus,
562 1408 622 1464 et
644 1425 771 1464 ecce
812 1409 904 1463 lilii
947 1409 1038 1464 Dei
1084 1409 1203 1464 facti
1248 1424 1470 1473 smnus;
1513 1408 1755 1464 h:.credes

175 1480 382 1553 quidem
411 1479 522 1538 Dei.
545 1478 854 1553 colueredes
874 1490 1057 1553 autem
1083 1481 1286 1553 Christi
1307 1479 1482 1553 (Rom.
1500 1495 1613 1545 Vlll,
1641 1481 1751 1552 l7).

176 1551 320 1606 Unde
350 1553 450 1605 hoc
478 1550 654 1611 nobis,
685 1559 738 1606 et
761 1551 884 1619 quid
918 1565 1013 1603 nos
1041 1550 1104 1604 ad
1135 1551 1292 1605 haec?

238 1621 340 1676 Sed
376 1636 505 1690 rogo
535 1632 616 1686 te,
648 1621 1065 1676 clementissime
1109 1622 1263 1676 Pater
1295 1621 1462 1682 Deus.
1493 1636 1588 1690 per
1614 1620 1753 1676 hanc

173 1692 590 1746 iumstimahilem
644 1691 934 1761 pietatem,
990 1692 1278 1746 bonitatem
1331 1701 1386 1747 et
1435 1691 1749 1747 eharitatem

173 1775 340 1826 tuam,
375 1771 432 1816 ut
459 1762 647 1832 dignos
674 1777 771 1816 nos
800 1761 965 1816 facias
995 1763 1173 1816 multis
1203 1772 1256 1817 et
1287 1762 1489 1832 magnis
1517 1763 1749 1832 promis-

172 1833 406 1888 sionibus
433 1832 671 1902 ejusdem
696 1832 816 1886 Filii
843 1832 920 1886 tui
947 1834 1151 1886 Domini
1181 1834 1346 1887 nostri
1375 1834 1502 1888 Jesu
1529 1834 1746 1888 Christi.

171 1903 358 1958 Manda
387 1904 564 1974 virtuti
595 1913 717 1968 tum,
749 1913 800 1958 et
829 1903 1084 1974 continua
1111 1903 1218 1974 hoc
1243 1905 1382 1974 quod
1413 1913 1662 1972 operatus
1688 1919 1749 1959 es

170 1975 220 2027 in
249 1975 402 2028 nobis
429 1973 601 2042 (Psal.
633 1990 805 2040 van,
829 1975 898 2038 29
921 1976 956 2028 ι.
992 1973 1197 2028 Perfice
1232 1973 1372 2044 quod
1418 1975 1658 2044 coepisti,
1691 1987 1748 2030 ut

169 2045 230 2116 ad
257 2047 468 2115 plenam
498 2053 600 2116 tme
627 2045 840 2116 pietatis
866 2045 1087 2114 gratiam
1118 2061 1420 2100 mereamur
1443 2046 1742 2114 pervenire.

169 2115 270 2169 Fac
297 2130 398 2169 nos
429 2130 522 2184 per
545 2115 802 2185 Spiritum
829 2125 1069 2169 sanctum
1099 2116 1416 2186 intelligere,
1441 2126 1494 2171 et
1524 2117 1741 2181 mereri,

166 2196 218 2238 et
245 2187 426 2240 debito
451 2201 668 2255 semper
698 2187 898 2240 honore
924 2188 1164 2241 venerari
1206 2187 1306 2241 hoc
1336 2202 1586 2257 magnum
1627 2189 1742 2256 pie-

166 2258 284 2309 tatis
326 2258 675 2327 mysterium,
719 2257 859 2326 quod
902 2257 1295 2312 manifestatum
1338 2267 1419 2312 est
1460 2258 1510 2312 in
1557 2273 1737 2323 carne,

161 2328 504 2396 justifieatum
532 2337 613 2382 est
639 2329 691 2381 in
717 2328 926 2398 spiritu,
955 2330 1198 2397 apparuit
1219 2328 1456 2397 Angelis,
1485 2330 1744 2398 prmdica-

165 2406 270 2450 tum
301 2405 389 2453 est
415 2398 712 2464 Gentibus,
745 2399 1004 2452 creditum
1047 2407 1129 2452 est
1168 2400 1221 2453 in
1266 2399 1494 2462 mundo,
1532 2414 1738 2454 assum-

163 2477 303 2536 ptum
331 2476 418 2539 est
445 2469 496 2522 in
522 2469 690 2539 gloria
722 2468 771 2536 (Ι
793 2468 928 2522 Tim.
953 2485 1028 2531 tu,
1066 2469 1174 2539 lti).

227 2538 457 2594 CAPUT
495 2538 658 2593 XVII.
721 2539 922 2605 Quanta
973 2539 1082 2593 Deo
1135 2538 1418 2594 debeamus.
1476 2539 1625 2605 Quod
1678 2541 1742 2594 de

157 2608 264 2677 ipso
292 2611 339 2663 ei
384 2611 679 2664 serviamus.
716 2609 796 2663 Ea:
835 2613 880 2662 vi
923 2611 1218 2664 collatorum
1260 2628 1522 2665 munerum
1568 2613 1739 2678 petitio

156 2680 395 2734 aliorum.
427 2680 472 2735 0
499 2690 756 2750 quantum
803 2681 894 2734 tibi
939 2696 1122 2736 sumus
1163 2681 1465 2742 debitores,
1516 2683 1740 2737 Domine

159 2750 296 2806 Dens
339 2760 565 2815 noster,
617 2760 764 2804 tanto
809 2751 1068 2820 redempti
1113 2752 1318 2820 pretio,
1368 2762 1514 2806 tanto
1551 2752 1738 2807 salvati

156 2821 330 2889 dono,
363 2832 418 2877 et
459 2832 563 2875 tam
605 2823 838 2892 glorioso
867 2822 1032 2892 adjuti
1063 2822 1360 2878 beneficio!
1412 2824 1677 2890 Quantum
1707 2839 1737 2877 a

156 2893 306 2948 nobis
345 2893 558 2947 miseris
585 2893 851 2948 timendus
889 2901 1055 2948 estet
1098 2893 1390 2959 amandus,
1421 2894 1740 2949 benedicen-

153 2962 255 3016 dus
283 2974 336 3017 et
363 2963 692 3027 laudandus,
737 2963 1079 3018 honorandus
1103 2974 1156 3018 et
1193 2964 1572 3034 glorificandus
1592 3006 1606 3028 ,
1647 2965 1736 3034 qui

155 3047 251 3088 nos
277 3035 356 3088 sic
380 3035 595 3100 amasti,
619 3036 697 3090 sic
719 3035 951 3100 salvasti,
983 3036 1061 3089 sic
1084 3035 1448 3098 sanctiticasti,
1474 3036 1551 3089 sic
1571 3036 1736 3089 subli-

151 3106 342 3160 masti!
391 3105 513 3159 Tibi
551 3121 742 3174 nempe
777 3106 1038 3160 debemus
1065 3121 1225 3160 omne
1250 3106 1390 3174 quod
1433 3108 1734 3174 possumus,

149 3189 306 3246 omne.
349 3176 497 3246 quod
543 3176 808 3246 sapimus,
840 3191 999 3230 omne
1041 3176 1182 3246 quod
1212 3176 1458 3230 vivimus.
1511 3177 1575 3230 Et
1618 3178 1736 3246 quis

148 3243 308 3301 habet
334 3243 628 3318 quidquam
655 3262 759 3301 non
790 3247 971 3318 tuum?
998 3243 1098 3310 Tu,
1126 3247 1345 3301 Domine
1369 3247 1508 3301 Deus
1533 3243 1730 3311 nosier,

145 3331 173 3367 a
205 3332 314 3385 quo
354 3317 495 3372 bona
536 3329 727 3373 cuncta
768 3317 1080 3387 procedunt,
1113 3327 1331 3386 propter
1362 3327 1412 3371 te
1439 3326 1495 3372 et
1541 3334 1734 3373 nomen

142 3397 388 3441 sanctum
425 3398 572 3442 tuum
613 3387 680 3442 da
723 3389 877 3442 nobis
919 3389 986 3443 de
1014 3388 1170 3442 bonis
1198 3390 1331 3450 tuis,
1367 3396 1423 3441 ut
1467 3390 1534 3444 de
1580 3391 1735 3443 donis

140 3472 202 3510 ac
227 3458 372 3513 datis
404 3460 511 3514 tuis
536 3459 831 3513 serviamus
858 3458 974 3524 tibi,
998 3467 1052 3513 et
1078 3460 1130 3512 in
1159 3460 1380 3513 veritate
1409 3459 1730 3527 placeamus,

139 3536 302 3597 atquc
329 3529 544 3584 debitas
588 3529 825 3599 quotidie
870 3530 1051 3583 laudes
1100 3529 1454 3599 rependantus
1501 3529 1592 3584 tibi
1639 3546 1735 3599 pro

139 3600 304 3653 tantis
332 3599 614 3654 bcneliciis
639 3600 1018 3655 misericordia:
1044 3608 1146 3654 tua:
1174 3619 1186 3654 :
1222 3615 1327 3654 non
1353 3601 1494 3654 enim
1519 3601 1736 3656 aliunde

137 3670 578 3748 possumusntibi
629 3673 832 3748 servire
877 3686 1048 3748 neque
1094 3671 1336 3740 placere,
1384 3672 1484 3748 nisi
1531 3671 1599 3726 de
1645 3682 1735 3726 tuo

135 3755 390 3795 munere.
432 3740 595 3795 Omne
633 3742 806 3795 datum
833 3743 1113 3812 optimum,
1143 3751 1188 3795 et
1226 3758 1372 3812 omne
1401 3740 1589 3795 donum
1620 3759 1734 3811 per-

133 3814 326 3878 fectum
361 3813 636 3865 desursum
663 3822 771 3878 est,
801 3809 1105 3866 descendens
1135 3828 1166 3863 a
1197 3820 1246 3866 le
1277 3809 1435 3865 Patre
1463 3809 1729 3874 ltnnin‘um,

132 3881 273 3948 apud
321 3899 480 3952 quem
535 3899 637 3952 non
685 3892 755 3936 est
800 3884 1188 3949 transmutatio,
1240 3899 1329 3936 nec
1377 3883 1732 3937 vicissitudinis

130 3951 461 4006 obumbratio
490 3951 689 4022 (Jacobi
719 3970 756 4020 t,
787 3955 911 4024 l7).
1111 4023 1118 4024 ί
1151 3993 1156 4004 .

201 4023 446 4078 Domine
474 4025 615 4078 Deus
657 4022 868 4088 noster,
903 4023 1041 4077 Deus
1071 4023 1183 4090 pie,
1218 4022 1354 4078 Deus
1384 4022 1522 4078 bone
1543 4065 1557 4088 ,
1594 4023 1732 4079 Deus

127 4097 522 4164 omnipotens,
557 4095 630 4165 (ιι)
661 4095 801 4149 Deus
845 4093 1127 4150 inell‘abilis
1164 4103 1218 4149 et
1260 4095 1733 4165 incircumscriptze

125 4174 362 4225 naturae.
401 4166 679 4219 institutor
705 4165 944 4220 omnium
985 4181 1196 4228 rerum,
1227 4174 1280 4219 et
1305 4165 1516 4220 Domini
1563 4167 1732 4222 nostri

123 4233 253 4289 Jesu
307 4234 522 4290 Christi
572 4235 762 4302 Pater,
809 4237 896 4306 qui
942 4236 1189 4290 eumdem
1239 4235 1492 4291 dilectum
1537 4237 1730 4291 Filium

126 4315 277 4359 tuum
312 4307 612 4360 Dominum
640 4317 877 4362 nostrum
903 4307 1269 4361 dulcissimum
1298 4307 1486 4361 misisti
1518 4307 1585 4362 de
1611 4308 1730 4362 sinu

121 4386 215 4430 tuo
245 4377 316 4431 ad
363 4378 642 4446 publicum
677 4386 916 4432 nostrum
961 4378 1233 4446 suscipere
1264 4378 1423 4432 vitam
1472 4387 1728 4443 nostram,

123 4456 179 4500 ιιι
215 4448 383 4504 nobis
417 4448 646 4503 dOnaret
676 4465 822 4502 suam
849 4490 864 4514 ,
910 4457 1157 4516 eSSetque
1189 4449 1450 4516 perfectus
1494 4449 1636 4502 Deus
1665 4466 1728 4503 ex

120 4526 173 4572 te
203 4518 412 4585 Patre,
449 4527 506 4574 et
533 4519 800 4587 perfectus
826 4520 986 4573 homo
1011 4534 1074 4572 ex
1105 4527 1275 4573 matre
1295 4561 1310 4584 ,
1342 4528 1481 4572 totus
1511 4519 1649 4574 Deus
1679 4529 1733 4574 et

117 4598 266 4643 totus
296 4589 498 4655 homo,
526 4605 662 4644 unus
693 4590 938 4660 idemque
963 4590 1224 4651 Christus,
1255 4601 1490 4644 aeternus
1516 4601 1569 4644 et
1601 4601 1733 4645 tem-

114 4661 354 4724 poralis,
392 4661 716 4715 immortalis
740 4669 794 4715 et
821 4661 1109 4724 moriturus
1128 4700 1143 4724 ,
1174 4669 1384 4714 creator
1413 4673 1469 4715 et
1496 4670 1728 4721 creatus.

111 4731 278 4786 fortis
303 4740 364 4788 et
394 4731 668 4798 inﬁrmus,
693 4733 864 4787 victor
893 4742 945 4786 et
970 4731 1140 4785 victus
1161 4731 1200 4794 ¹,
1231 4731 1457 4785 nutritor
1483 4741 1538 4786 et
1565 4732 1734 4786 nutri-

114 4812 234 4866 tus,
278 4811 484 4872 pastor
512 4810 566 4855 et
601 4802 746 4867 ovis,
795 4802 1158 4870 tetnporaliter
1185 4811 1428 4856 mortuus
1461 4813 1515 4856 et
1556 4810 1730 4857 tecum

112 4873 312 4928 vivens
344 4875 404 4928 in
437 4880 702 4927 :eternum
732 4891 744 4926 :
776 4874 885 4928 suis
912 4873 1258 4927 dilectoribus
1283 4873 1403 4926 vitae
1436 4873 1730 4941 municipa-

110 4954 225 4999 tum
278 4943 623 5015 promittens
665 4944 846 5008 dedit,
880 4953 933 4998 et
979 4943 1131 4997 nobis
1174 4943 1336 5015 dixit,
1371 4944 1734 5015 Quodcumque

109 5012 372 5083 petieritis
415 5012 633 5068 Patrem
676 5015 727 5067 in
773 5016 972 5068 nomine
1017 5031 1160 5077 meo,
1203 5014 1339 5067 dabit
1382 5014 1520 5068 vobis
1551 5012 1728 5084 (Joan.

104 5101 206 5152 xv,
243 5085 370 5159 16).
426 5085 536 5140 Per
562 5085 748 5159 ipsum
781 5101 1048 5140 smnmum
1090 5085 1431 5159 sacerdotem
1464 5095 1518 5159 et
1546 5101 1731 5159 verum

103 5157 449 5226 pontifiCetn
483 5167 534 5210 et
562 5157 758 5211 bonum
789 5166 1092 5227 pastorem,
1122 5157 1210 5224 qui
1246 5171 1304 5209 se
1343 5157 1434 5210 tibi
1466 5157 1655 5218 obtulit
1682 5158 1732 5210 in

100 5230 462 5284 sacrificium
487 5269 501 5292 ,
533 5242 738 5296 ponens
763 5227 996 5280 animam
1027 5242 1178 5280 suam
1212 5241 1308 5295 pro
1332 5242 1493 5296 grege
1520 5242 1617 5279 suo
1636 5268 1650 5289 ,
1686 5239 1734 5281 te

102 5316 239 5370 rogo
283 5319 297 5354 :
351 5314 465 5369 per
510 5298 681 5367 ipsum
717 5298 814 5370 qui
862 5299 1015 5370 sedet
1059 5296 1124 5350 ad
1173 5296 1636 5370 dexteramtuam
1683 5307 1737 5352 et

102 5368 447 5440 interpellat
495 5384 593 5438 pro
642 5369 815 5429 nobis,
865 5369 1294 5440 ltetlemptorcni
1323 5377 1376 5421 et
1418 5368 1733 5440 advocatum

102 5438 401 5508 nostrum,
444 5439 630 5508 pietati
658 5449 713 5493 et
743 5440 964 5494 bonitati
995 5447 1099 5492 tute
1125 5438 1388 5508 supplico,
1421 5439 1734 5494 clementis-

95 5516 244 5568 sime
277 5524 339 5567 et
388 5511 770 5564 amantissime
799 5519 851 5564 ct
894 5509 1272 5579 benignissime
1311 5519 1518 5563 amator
1559 5511 1734 5563 horni-

1411 444 1608 501 l.lBER
1647 441 2182 508 MEDITATIONUM.

3359 470 3458 526 9N

1883 576 2066 652 saneto
2094 579 2184 623 tuo
2210 569 2409 652 Spiritu
2437 580 2488 627 te
2517 574 2859 652 ἰιιᾳοιιιιιίιιιιεΔ
2873 576 3191 636 benedicere
3218 592 3270 636 et
3296 583 3455 652 glori-

1875 635 2055 723 iiea‘re,
2087 655 2208 694 cum
2239 635 2400 723 multa
2443 645 2620 700 cordis
2647 649 2968 723 contritione
2990 635 3060 706 et
3099 635 3452 723 laerytuii‘runt

1873 705 2015 763 fonte
2035 750 2048 771 ,
2081 724 2202 764 cum
2230 713 2392 793 multa
2442 719 2737 793 reverentia
2769 731 2822 774 et
2861 705 3090 776 tremore
3122 741 3134 776 :

1872 793 1988 832 rmn
2016 795 2128 861 .una
2172 791 2256 836 est
2300 783 2618 861 substantia,
2665 805 2827 843 unum
2874 803 2954 845 est
2998 801 3052 846 et
3096 783 3298 848 datum.
3335 783 3448 852 'Sed

1868 855 2117 934 qiioniam
2161 869 2342 934 c_o_rpus
2384 855 2518 934 quod
2558 861 2896 928 corrumpitur
2943 873 3183 934 aggravat
3228 866 3448 921 animam

1869 918 2304 1002 (§ap.‘tx,15_),
2350 918 2544 989 elicita,
2594 918 2797 997 quasso,
2840 918 3107 1002 torpo'Fetn
3140 951 3312 990 meum
3335 918 3448 992 tuis

1867 991 2116 1076 stimulis2
2145 1003 2198 1046 et
2236 993 2315 1076 fac
2354 1011 2440 1076 me
2467 991 2684 1058 strenue
2713 991 3055 1076 perseverare
3084 1005 3137 1058 in
3169 991 3448 1076 przecepti'.

1865 1068 1921 1113 et
1959 1061 2200 1117 laudibus
2232 1065 2334 1118 tuis
2376 1065 2463 1122 die
2501 1084 2564 1124 ac
2601 1061 2780 1125 noeie.
2835 1071 3032 1129 Trihue
3077 1085 3130 1130 ut
3170 1061 3445 1132 'concal'eat

1865 1144 2154 1214 caementa
2169 1136 2318 1214 intra
2341 1153 2446 1204 tne,
2472 1149 2525 1214 et
2543 1141 2602 1214 in
2625 1143 2974 1214 meditatione
2997 1161 3110 1200 mea
3136 1148 3447 1202 cxardescat

1864 1203 2000 1286 ignis
2031 1203 2198 1286 (fuit.
2230 1203 2465 1286 ξιςιινιιι,
2497 1210 2582 1286 4).
2614 1211 2691 1286 (a)
2723 1213 2788 1269 Et
2816 1217 2936 1284 quia
2977 1217 3096 1286 ipse
3144 1229 3262 1271 tuus
3293 1220 3446 1272 unice

1862 1281 2021 1358 natus
2045 1274 2213 1358 dixit,
2241 1276 2406 1333 Nemo
2443 1274 2574 1358 uenit
2600 1274 2946 1358 a‘d'me,'nisi
2966 1274 3156 1358 lfater,
3189 1289 3274 1358 qui
3311 1291 3444 1343 misit

1864 1358 1942 1430 me
1957 1385 1981 1430 ,Ι
2000 1351 2207 1430 t'raxerit
2232 1364 2377 1430 eum,-
2404 1359 2486 1416 et,
2519 1351 2684 1430 Nemo
2710 1357 2842 1430 venit
2878 1357 2946 1410 ad
2974 1351 3319 1412 Patrem'nisi
3358 1378 3446 1430 per

1860 1429 1940 1465 me
1966 1413 2152 1498 (Joan‘.
2181 1433 2269 1481 vr,
2310 1420 2412 1479 4-4:
2463 1413 2580 1485 inv,
2620 1422 2736 1498 6);
2770 1427 3001 1498 Obsecro
3040 1438 3093 1482 et
3133 1413 3444 1498 suppliciter

1859 1499 2008 1569 rogo,
2045 1486 2193 1569 trahe
2221 1505 2307 1569 me
2338 1500 2390 1569 ιιι
2418 1506 2630 1569 semper
2656 1486 2740 1569 ad
2763 1497 2958 1569 ipsum,
2990 1508 3043 1552 et
3072 1486 3298 1569 ipse'n'ie
3324 1511 3441 1554 tan—

1858 1553 1979 1630 dem
2007 1557 2261 1630 perducat
2287 1560 2352 1614 ad
2384 1571 2434 1615 te
2462 1553 2586 1616 illuc
2607 1607 2621 1630 ,
2654 1566 2742 1620 tibi
2783 1553 2878 1623 ille
2907 1553 2988 1624 est
3014 1569 3066 1622 in
3092 1553 3438 1626 'deixteraitua

1857 1625 2085 1709 sedens;
2116 1628 2202 1683 ubi
2231 1632 2553 1709 sempiterna
2580 1625 2662 1690 est
2687 1638 2791 1709 vita
2822 1647 2874 1693 et
2904 1639 3228 1709 sempiterne
3247 1625 3434 1704 beata;

1858 1695 1947 1750 ubi
1975 1706 2057 1752 est
2084 1713 2235 1752 amor
2261 1695 2557 1770 perfectus,
2587 1715 2640 1761 et
2668 1708 2842 1762 nullus
2874 1695 3037 1764 timor-
3052 1727 3067 1773 ;
3101 1710 3188 1764 tibi
3217 1721 3300 1766 est
3322 1695 3440 1766 dies

1854 1775 2122 1834 auertitis,
2154 1779 2208 1824 et
2239 1787 2374 1846 unus
2413 1775 2652 1830 omnium
2690 1779 2948 1846 Spiritus;
2995 1780 3082 1834 ubi
3110 1791 3193 1836 est
3231 1795 3438 1836 smnma

1853 1846 2086 1923 ene-erle
2129 1843 2408 1923 securitas,
2456 1853 2511 1923 ei.
2558 1843 3151 1923 securatranquillitas,
3199 1861 3252 1906 et
3293 1864 3440 1907 tran-

1852 1908 2014 1990 quilla
2039 1908 2378 1990 iucunditas,
2407 1915 2716 1990 et_juc_unda
2749 1908 3011 1990 felicitas,
3042 1931 3096 1977 et
3124 1908 3247 1977 felix
3279 1932 3438 1977 mter—

1852 1984 2011 2045 nilas,
2038 1989 2094 2052 et
2116 1990 2316 2037 aeterna
2347 1984 2639 2052 beatitudo,
2667 1997 2720 2041 ct
2748 1989 2898 2045 beata
2929 1984 3007 2046 tui
3032 1993 3148 2047 sine
3177 1993 3279 2047 fine
3305 1994 3438 2047 visio

1853 2057 2010 2129 atque
2035 2050 2308 2129 laudatio_:
2331 2056 2436 2129 ilbi
2455 2067 2506 2111 tu
2533 2050 2653 2112 cum
2681 2059 2788 2123 illo,
2817 2071 2867 2114 et
2895 2063 2981 2117 ille
3012 2073 3184 2118 tecum
3214 2064 3264 2118 in
3291 2079 3438 2119 com.

1851 2123 2104 2204 munione
2129 2125 2297 2204 sancti
2325 2124 2554 2204 Spiritus
2579 2131 2904 2204 :eternaliter
2941 2148 3004 2187 ac
3040 2135 3432 2204 setnpiternali-

1848 2196 1932 2315 ιξι·
1952 2196 2085 2245 vivis
2110 2203 2162 2248 et
2188 2209 2379 2266 regnas
2398 2197 2535 2253 Deus
2559 2214 2656 2268 per
2676 2201 2851 2254 omnia
2876 2204 3069 2258 smcula
3094 2196 3432 2259 surculorum.

1897 2277 2038 2315 men.

1897 2277 2038 2316 men.

1847 2373 2080 2458 CgillfUT'
2100 2377 2283 2458 XVlil.
2309 2380 2544 2458 Precatio
2574 2386 2642 2439 ad
2677 2385 2952 2440 Christum.
2981 2387 3116 2455 Quid
3135 2389 3242 2458 ipse
3260 2391 3324 2442 sit
3345 2406 3434 2442 uo-

1915 2445 2008 2522 bis.
2027 2447 2315 2522 Necessitas
2333 2453 2380 2506 ei
2399 2471 2488 2522 per
2502 2471 2725 2510 amorem
2745 2445 3052 2512 adlnerendi.
3073 2445 3228 2512 Arnor
3249 2459 3433 2514 Christi

1917 2517 2096 2573 domus
2123 2520 2219 2574 Dei
2246 2517 2590 2580 recordatione
2613 2529 2926 2582 accenditur.

1845 2629 1918 2706 _(b)
1942 2637 2060 2706 Spes
2107 2647 2217 2706 mea
2239 2635 2424 2706 Christe
2447 2645 2593 2699 Deus,
2617 2639 2864 2706 hominum
2890 2647 2942 2690 tu
2964 2640 3117 2690 dulcis
3138 2651 3337 2701 natator,

1843 2699 1974 2762 ιλιι,Δ
1986 2697 2080 2756 via,
2105 2699 2218 2754 vita,
2242 2697 2388 2758 salus,
2414 2714 2502 2762 pax
2534 2697 2757 2762 ctidecus
2778 2715 2921 2751 omne
2946 2711 3153 2760 tuorum,

1841 2757 2005 2830 omnia
2024 2769 2115 2830 pro
2135 2772 2342 2830 quorum
2365 2757 2714 2830 voluistiferre
2737 2763 2913 2822 salute,

1840 2823 2058 2888 gruem,
2075 2823 2230 2888 vincla
2243 2835 2480 2888 _,crueem,
2494 2824 2669 2875 vulnus
2692 2862 2704 2884 ,
2726 2833 3033 2888 mortemque
3061 2861 3074 2882 ,
3101 2825 3398 2888 sepulcrum,

1843 2885 1958 2950 festi
1972 2888 2075 2950 tres
2091 2883 2203 2950 inde
2225 2883 2334 2932 dies
2353 2886 2541 2950 devicta
2563 2883 2723 2950 morte
2756 2883 3046 2950 resurgtins,

1832 2940 2091 3003 Discipulis
2114 2946 2244 3007 visus
2269 2979 2282 3003 ,
2311 2948 2531 2996 nutantia
2552 2949 2696 2998 corda
2714 2940 3000 3007 referamus,

1841 3008 1965 3076 nuce
1989 3011 2163 3076 quater
2185 3006 2313 3056 dena
2334 3007 2568 3058 cmlorum
2590 3023 2775 3060 summa
2800 3013 2990 3076 petisti:

1841 3071 1967 3114 \‘ivis
1989 3071 2038 3114 in
2060 3074 2314 3128 :eternutn,
2339 3083 2466 3119 nunc
2490 3079 2542 3120 et
2565 3085 2653 3134 per
2669 3071 2845 3122 szeeula
2868 3086 3099 3136 regnans.

1913 3169 1983 3243 (c)
2006 3171 2052 3247 _T
2058 3188 2092 3225 ιι
2123 3171 2261 3247 Deus
2301 3189 2450 3230 meus
2474 3177 2623 3230 vivus
2659 3186 2712 3231 et
2741 3193 2918 3243 verus,
2949 3188 3098 3247 pater
3139 3195 3287 3232 meus
3310 3195 3433 3232 san-

1839 3250 1972 3305 ctus,
2005 3242 2259 3317 Dominus
2286 3261 2437 3300 meus
2471 3248 2610 3316 pius,
2648 3264 2739 3302 rex
2780 3242 2929 3304 mens
2950 3242 3210 3317 'magttus,
3254 3261 3426 3317 pastor

1840 3327 1990 3364 meus
2017 3314 2492 3390 bonus,__magister
2521 3314 2668 3372 meus
2699 3335 2872 3390 unus,
2910 3314 3121 3390 adiutor
3150 3314 3300 3373 meus
3330 3338 3428 3388 op-

1840 3392 2120 3458 portunus,
2163 3385 2389 3458 diiectus
2434 3403 2584 3442 mens
2624 3385 3032 3458 pulcherrimus,
3080 3391 3231 3458 panis
3282 3385 3432 3444 meus

1841 3454 2019 3530 vivus;
2049 3456 2300 3530 sacerdos
2329 3473 2479 3513 meus
2523 3461 2573 3512 in
2596 3454 2882 3530 internum,
2910 3460 3016 3514 dux
3063 3454 3214 3514 meus
3240 3465 3304 3513 ad
3337 3478 3396 3530 pa
3416 3489 3429 3498 ο

1841 3524 2014 3590 triam,
2048 3525 2146 3598 lux,
2174 3541 2290 3579 mea
2337 3543 2478 3591 vera,
2519 3529 2746 3584 dulcedo
2784 3524 2900 3584 mea
2941 3540 3145 3598 sancta,
3188 3532 3268 3585 via
3314 3524 3427 3584 mea

1839 3605 2004 3660 recta,
2037 3597 2293 3671 sapientia
2322 3613 2439 3671 mea
2459 3601 2712 3671 praeclara
2736 3641 2750 3664 ,
2788 3601 3098 3671 simplicitas
3127 3617 3242 3655 mea
3275 3618 3426 3671 pura.

1839 3665 2120 3739 Concordia
2169 3683 2284 3720 mea
2327 3665 2578 3737 pacifica,
2621 3670 2860 3724 custodia
2896 3665 3020 3726 inea
3070 3680 3208 3732 tuta,
3257 3665 3429 3739 portio

1838 3750 1957 3790 mea
1998 3736 2157 3800 bona,
2185 3736 2334 3792 salus
2359 3754 2474 3792 mea
2507 3741 2849 3807 sempiterna,
2902 3736 3268 3796 misericordia
3312 3758 3425 3795 mea

1838 3821 2048 3875 magna,
2079 3808 2328 3875 patientia
2359 3823 2474 3862 mea
2504 3810 2892 3878 robustissima,
2921 3812 3132 3866 victima
3160 3827 3278 3867 mea
3325 3813 3425 3864 im-

1839 3879 2119 3950 maculata.
2173 3879 2467 3950 redemptio
2513 3895 2632 3934 mea
2671 3891 2875 3946 saneta,
2903 3897 3026 3950 spes
3054 3897 3168 3936 mea
3205 3882 3377 3935 futura
3411 3883 3424 3912 ¹

1836 3947 2070 4002 Charitas
2115 3964 2230 4004 mea
2276 3949 2505 4018 perfecta
2528 3992 2542 4016 ,
2577 3953 2895 4005 resurrectio
2935 3947 3052 4006 inea
3083 3961 3286 4014 sancta,
3322 3953 3423 4005 vita

1839 4033 1953 4071 mea
1997 4029 2214 4082 mterna,
2262 4020 2546 4076 exsultatio
2574 4032 2626 4075 et
2673 4022 2804 4075 visio
2839 4038 2954 4076 mea
2981 4023 3284 4078 beatissima
3312 4023 3429 4076 sine

1839 4088 1944 4143 fine
1969 4104 2238 4164 mansura.
2278 4091 2351 4164 'l_‘e
2391 4091 2672 4164 deprecor,
2707 4093 2949 4162 supplico
2977 4101 3031 4147 et
3067 4109 3216 4164 rogo,
3249 4102 3309 4148 ut
3337 4109 3429 4163 per

1839 4167 1890 4213 te
1925 4160 2216 4234 ambulem,
2244 4161 2310 4215 ad
2341 4171 2393 4217 te
2429 4163 2758 4234 perveniam,
2778 4160 2843 4218 in
2875 4173 2926 4234 te
2955 4160 3308 4233 requiescam,
3337 4160 3426 4234 qui

1837 4245 1898 4284 es
1928 4230 2030 4306 Υῖθν
2060 4232 2254 4306 ξ’ίξνίυιε
2281 4241 2336 4288 ct
2370 4234 2474 4286 vita
2503 4232 2834 4306 (Joansxw,
2868 4233 2944 4304 6),
2985 4230 3100 4306 sine
3127 4251 3228 4302 qua
3271 4230 3429 4290 nemo

1837 4301 1982 4354 venit
2009 4300 2074 4355 ad
2107 4301 2316 4357 Patrem
2357 4322 2371 4358 :
2418 4312 2472 4358 te
2501 4300 2640 4358 cnim
2684 4300 2932 4360 desidero
2974 4300 3339 4361 dulcissunum
3374 4314 3426 4361 et

1838 4372 2252 4439 pulcherrimum
2286 4374 2588 4430 Dominum.

1907 4443 1951 4516 ρ
1976 4442 2232 4516 splendor
2274 4456 2508 4514 paternae
2545 4445 2749 4516 gloriae,
2793 4446 2882 4515 qui
2917 4446 3072 4503 sedes
3103 4463 3263 4516 super
3291 4446 3430 4502 Cho-

1836 4511 2030 4587 rubim,
2055 4523 2107 4568 et
2133 4511 2356 4587 intueris
2378 4511 2652 4587 abyssum,
2681 4511 2860 4572 lumen
2901 4513 3216 4581 veridicum,
3250 4519 3428 4573 lumen

1837 4582 2162 4658 illutninaus,
2197 4586 2373 4658 lumen
2390 4582 2730 4658 in'tletieiens,
2761 4589 2812 4642 in
2830 4590 2970 4658 quod
2997 4590 3303 4644 desiderant
3324 4591 3432 4642 An-

1835 4654 2276 4728 geliprospiCPre
2316 4656 2354 4728 (Ι
2378 4656 2518 4710 Petr.
2552 4675 2589 4724 ι,
2619 4660 2746 4728 12);
2775 4654 2902 4716 ecce
2926 4676 3020 4714 cor
3045 4675 3223 4715 meum
3249 4675 3430 4713 coram

1839 4733 1909 4796 te,
1938 4725 2144 4781 discute
2171 4725 2420 4782 tenebras
2459 4729 2596 4795 ejus,
2626 4725 2907 4784 utiamoris
2951 4731 3024 4786 tui
3052 4731 3291 4785 claritate
3323 4729 3432 4796 ple-

1837 4795 1963 4869 nius
1984 4797 2348 4865 perfundatur.
2378 4798 2453 4869 (ά)
2485 4800 2554 4852 Da
2581 4799 2714 4853 mihi
2755 4809 2825 4863 te,
2874 4801 3016 4855 Deus
3058 4815 3228 4864 meus,
3271 4795 3433 4854 redde

1837 4867 1966 4939 mihi
2000 4875 2050 4921 te
2083 4885 2095 4920 :
2129 4884 2194 4921 en
2224 4883 2347 4922 amo
2377 4867 2448 4933 te,
2485 4878 2537 4924 et
2564 4870 2608 4924 si
2633 4885 2816 4939 parum
2845 4880 2950 4939 est,
2978 4887 3152 4926 amem
3185 4870 3428 4924 validius.

1838 4937 1952 5011 Non
1987 4952 2198 5011 possunt
2227 4939 2402 4994 metiri
2425 4950 2482 4994 ιιι
2507 4937 2672 4996 sciam
2696 4937 2951 5011 quantum
2977 4941 3116 4997 desit
3140 4940 3432 4994 mihiamo-

1841 5008 1914 5081 ris
1947 5007 2020 5062 tui
2046 5008 2110 5061 ad
2141 5009 2188 5062 id
2217 5011 2361 5081 quod
2387 5012 2517 5065 satis
2545 5021 2644 5075 est,
2673 5007 2730 5065 ιιί
2755 5020 2935 5066 currat
2964 5012 3068 5065 vita
3099 5027 3213 5064 mea
3239 5013 3290 5063 in
3320 5027 3433 5064 aut-

1841 5079 2026 5147 plexus
2058 5087 2197 5144 tuos,
2233 5079 2330 5135 nec
2358 5082 2816 5136 avertaturdonec
2843 5082 3199 5136 abscondatur
3226 5081 3278 5134 in
3307 5083 3432 5136 abs-

1839 5149 2056 5203 condito
2114 5151 2287 5204 vultus
2313 5152 2406 5204 ttti.
2437 5152 2548 5206 Iloc
2571 5161 2774 5206 tantum
2801 5153 2936 5217 seio,
2979 5153 3098 5221 quia
3129 5153 3263 5204 mala
3305 5152 3434 5206 mihi

1841 5231 1923 5273 est
1955 5229 2146 5288 printer
2187 5230 2258 5285 te,
2289 5221 2539 5287 Domine,
2573 5239 2677 5276 non
2708 5224 2880 5276 Solum
2905 5232 3053 5277 extra
3085 5237 3189 5284 me,
3237 5223 3331 5277 sed
3381 5223 3432 5277 in

1842 5307 1926 5344 me
1953 5293 2094 5363 ipso,
2115 5301 2169 5346 et
2192 5293 2364 5363 omnis
2393 5294 2542 5361 copia
2569 5309 2689 5363 qua:
2719 5295 2858 5349 Deus
2879 5309 3028 5348 incus
3051 5308 3155 5346 non
3181 5301 3285 5356 est,
3312 5308 3435 5363 ege-

1841 5370 1950 5414 stas
1973 5362 2098 5434 mihi
2130 5372 2232 5434 est.
2261 5362 2464 5416 Bonum
2495 5362 2745 5432 natnque,
2770 5365 2910 5434 quod
2941 5379 3111 5434 neque
3139 5365 3190 5417 in
3221 5362 3433 5420 melius.

1845 5448 2016 5505 neque
2039 5433 2088 5485 in
2121 5433 2354 5488 deterius
2381 5435 2695 5489 commutari
2727 5433 2924 5503 potest,
2951 5443 3005 5489 tu
3030 5433 3182 5488 salus
3203 5450 3263 5488 es
3282 5453 3296 5497 ;
3317 5434 3432 5505 quia

1843 5503 1989 5557 solus
2009 5505 2319 5572 simpliciter
2345 5520 2401 5557 es
2427 5522 2439 5558 :
2469 5507 2552 5559 cui
2586 5521 2691 5560 non
2721 5516 2802 5561 est
2827 5507 2968 5562 aliud
2989 5507 3188 5569 vivere,
3215 5517 3269 5560 et
3293 5503 3433 5561 aliud

95 5601 232 5638 num
270 5585 436 5638 Deus
459 5622 478 5648 ,
509 5580 579 5652 (b)
612 5590 669 5635 ιιι
710 5581 807 5636 des
838 5581 966 5634 mihi
1008 5597 1128 5636 cum
1159 5582 1350 5636 eodem
1384 5581 1519 5635 Filio
1565 5591 1655 5634 tuo
1686 5590 1736 5634 et

1909 5683 1926 5753 ξ
1954 5680 2093 5753 tilias,
2118 5679 2278 5753 ﬁrma.

160 5757 174 5785 '
208 5760 320 5801 Nec
347 5756 443 5798 Ms.
475 5753 609 5795 ‘Mctt.
634 5759 728 5796 nec
752 5745 976 5796 Alcuinus
1005 5746 1207 5806 habent,
1233 5745 1380 5796 victor
1405 5751 1449 5796 et
1475 5744 1640 5796 rictus.
1909 5741 1960 5802 (τι
2007 5741 2248 5800 Alcuinus,
2276 5756 2383 5806 pag.
2408 5743 2515 5803 151,
2539 5743 2586 5793 (1.
2611 5758 2624 5802 ;
2660 5752 2710 5795 et
2733 5745 2946 5795 Confoss.
2977 5751 3080 5806 part
3119 5743 3165 5803 2,
3195 5757 3241 5792 ιι.
3268 5745 3338 5793 lt).

169 5819 252 5876 ((1)
281 5814 463 5860 Verba
496 5809 706 5856 Confess.
748 5808 928 5857 Aleuin.
957 5816 1076 5869 iart.
1108 5807 1152 5868 ‘2,
1197 5824 1243 5857 ιι.
1270 5808 1326 5867 6;
1365 5817 1414 5859 et
1456 5817 1578 5870 [ιιι-ι.
1613 5808 1659 5868 -1,
1689 5822 1734 5856 n.
1911 5803 1959 5864 (b
2004 5806 2200 5853 Joannis
2222 5807 2446 5853 ti‘iseamu.
2477 5820 2588 5866 pars
2609 5806 2655 5854 2-

173 5894 185 5930 :
217 5887 439 5926 necnon
473 5867 652 5918 Alcumi
679 5883 786 5933 pag.
823 5869 923 5924 155,
951 5882 996 5914 e.
1912 5867 1960 5925 (τ
2009 5865 2253 5926 Aleuiuus,
2277 5883 2386 5929 pag.
2411 5868 2520 5927 995,
2549 5875 2594 5916 ιι.
2620 5883 2632 5926 ;
2663 5869 2766 5928 1'58,
2789 5874 2837 5918 d.

160 5941 235 5975 ιω
263 5946 332 5975 ι-δς
366 5933 568 5975 Alcuin.
592 5931 805 5975 fonfexs.
833 5938 970 5975 parte
994 5930 1039 5975 2.
1067 5943 1114 5975 n.
1141 5932 1187 5975 7.
1915 5932 1952 5975 tt
1977 5931 1990 5975 l
2019 5931 2262 5975 Attattslin.
2291 5928 2372 5975 lib.
2409 5931 2462 5975 13
2483 5929 2716 5975 Confusa”
2738 5945 2873 5975 cano.
2895 5931 2941 5975 8.
2968 5931 3015 5975 3.
3035 5931 3085 5975 9.

169 5819 252 5876 ((1)
281 5814 463 5860 Verba
496 5809 706 5876 (jonfess.
748 5808 928 5876 Alciiiii.
957 5816 1076 5869 iart.
1108 5807 1152 5868 ‘2,
1197 5824 1243 5857 ιι.
1270 5808 1326 5867 6;
1365 5817 1414 5859 et
1456 5817 1578 5870 [ιιι-ι.
1613 5808 1659 5868 -1,
1689 5822 1734 5856 n.

89 5867 185 5930 122
217 5867 439 5926 necnon
473 5867 652 5918 Alcumi
679 5883 786 5933 pag.
823 5869 923 5924 I55.
951 5867 996 5914 (⁸-

154 5941 236 6001 (b)
263 5946 336 5988 t-‘x
362 5933 568 5986 Alcuin.
592 5930 805 5983 confes.
833 5938 970 5994 parte
994 5930 1039 5992 2,
1067 5943 1114 5979 ιι.
1141 5932 1187 5979 7.

1911 5803 1981 5866 (b)
2004 5806 2200 5866 Joannis
2222 5803 2446 5853 liisL‘a'mu.
2477 5820 2588 5866 pars
2609 5806 2655 5854 ἓ-

1912 5865 1983 5929 (c)
2009 5865 2253 5926 Aleuinus,
2277 5883 2386 5929 pug.
2411 5865 2520 5927 ‘295,
2549 5875 2594 5916 lt.
2620 5883 2632 5926 ;
2663 5869 2766 5928 158,
2789 5874 2837 5918 tl.

1915 5928 1990 5989 (d)
2019 5931 2262 5991 Augustin.
2279 5928 2372 5978 lib.
2409 5931 2462 5979 13
2483 5929 2716 5991 Confess,
2738 5945 2873 5993 capp.
2895 5931 2942 5992 8,
2968 5931 3015 5989 3,
3035 5931 3085 5979 9.
