4070 6532
568 507 673 563 915

565 620 721 674 beate
746 616 944 681 vivere,
975 614 1096 686 quia
1129 620 1214 686 tua
1239 608 1510 686 beatitudo
1541 615 1704 686 lues.
1734 603 1990 686 (ireatura
2031 614 2159 654 vero

569 700 680 754 tua,
709 687 792 742 cui
823 694 905 740 est
930 678 1074 740 aliud
1103 685 1302 756 vivere.
1334 691 1396 756 et
1428 678 1571 756 aliud
1597 678 1750 756 beate
1774 678 1966 756 vivere.
1999 686 2162 756 omne

567 747 711 830 quod
728 757 888 830 vivit,
919 765 973 810 et
1001 755 1142 826 quod
1172 755 1322 808 beate
1349 751 1500 816 vivit,
1534 764 1637 830 non
1667 747 1829 830 dehei
1852 747 1950 799 nisi
1975 747 2160 830 gratia:

569 817 692 884 t'uze.
725 829 792 884 Et
827 817 946 882 ideo
986 817 1084 882 nos
1115 832 1442 896 egemuste,
1476 836 1578 896 non
1612 828 1667 896 ιιι
1710 817 1862 870 nobis
1901 832 1917 896 ξ
1960 817 2084 896 quia
2117 817 2161 866 si

567 883 789 954 omnino
835 914 938 952 non
978 883 1241 962 essemus,
1283 883 1554 948 nihil'tibi
1604 889 1814 944 deesset
1851 886 1918 941 ad
1960 883 2160 962 bonum

568 953 708 1040 quod
742 979 796 1023 tu
827 985 905 1023 es.
934 967 1054 1040 Tibi
1075 953 1262 1040 itaque
1293 963 1519 1019 Domino
1543 969 1725 1040 nostro
1746 972 1958 1026 semper

570 1025 692 1096 rere
735 1054 956 1094 necesse
1001 1025 1279 1101 habemus,
1327 1044 1384 1090 ut
1431 1050 1523 1102 per
1565 1025 1876 1085 continuum
1905 1025 2160 1102 auxilium

569 1112 754 1180 gratia:
785 1120 890 1165 tua:
919 1118 1102 1163 sancte
1143 1119 1197 1163 et
1244 1097 1328 1180 pie
1376 1097 1444 1180 et'
1471 1112 1614 1158 recte
1658 1101 1838 1180 vivere
1869 1097 2157 1180 valeamus.

573 1165 816 1236 Dondcre
841 1180 1101 1248 siquidem
1140 1165 1433 1247 fragilitatis
1473 1184 1670 1248 nostra:
1711 1171 1960 1225 deorsum
1996 1165 2160 1248 trahi-

571 1267 725 1318 mur;
771 1236 920 1306 dono
943 1260 1118 1304 autem
1163 1236 1254 1302 ιιιὸ
1291 1245 1748 1318 accendiinur,_et
1787 1236 2158 1318 sursnmferi-

573 1314 728 1386 muri
758 1321 1165 1385 inardescimus,
1199 1330 1250 1373 et
1270 1319 1434 1377 imus;
1461 1314 1798 1386 ascendimus
1819 1314 2161 1386 ascensiones

573 1395 627 1447 in
654 1380 836 1455 corde,
880 1400 935 1445 et
979 1380 1254 1444 cantamus
1294 1387 1555 1441 canticum
1583 1383 1862 1455 graduum.
1895 1380 2016 1448 Igne
2047 1387 2159 1455 tuo,

573 1465 695 1526 igne
709 1472 798 1516 tuo
816 1447 955 1516 bono
977 1461 1375 1521 inardescimns,
1395 1469 1447 1510 et
1468 1447 1622 1509 imus.
1643 1452 1878 1526 Quojam
1900 1447 2110 1526 sursum
2142 1447 2158 1477 ί

575 1519 746 1588 unus?
776 1532 856 1587 Ad
925 1547 1108 1601 pacem
1165 1519 1462 1602 Jerusalem
1501 1543 1520 1602 εΔ
1557 1519 1805 1602 quoniam
1833 1519 2163 1602 _jucundqfus

578 1621 688 1658 sum
711 1605 763 1656 in
794 1604 871 1656 Itis
893 1588 1007 1672 qiuc
1028 1602 1162 1654 dicta
1191 1610 1305 1652 sunt
1332 1599 1475 1672 mihi,
1502 1597 1554 1649 in
1574 1588 1785 1672 :domum
1821 1588 2026 1672 Domini
2062 1588 2160 1672 ibi-

573 1691 685 1728 mus
711 1659 1156 1746 (Psala'rzvutl).
1185 1671 1309 1746 lllie‘
1332 1659 1612 1746 collocavit
1648 1680 1745 1719 nos
1777 1667 2041 1746 voluntas.
2062 1659 2164 1740 bo-

574 1761 663 1811 na,
693 1732 750 1798 tit
801 1743 928 1797 nihil
984 1732 1208 1798 velimus
1244 1739 1386 1796 aliud
1416 1753 1573 1809 quam
1603 1749 1918 1806 permanere
1969 1732 2077 1786 illic
2110 1732 2162 1784 in

569 1825 850 1870 wternmn.

644 1905 748 1961 Sed
796 1906 915 1974 quia
956 1905 1081 1960 dum
1131 1918 1315 1959 smnus
1341 1903 1393 1956 in
1426 1915 1670 1974 corpore,
1713 1896 2164 1974 peregrinamura

572 1986 625 2031 te
658 1969 876 2049 (lerer.
908 1993 960 2043 v,
994 1977 1071 2048 ϐ),
1105 1976 1353 2049 Domine;
1403 1969 1794 2049 non'hahemus
1823 1969 2165 2049 Iliieniancn-

573 2037 680 2118 tetu
708 2037 998 2111 civitatem,
1031 2037 1138 2100 'sed
1186 2047 1410 2118 futuram
1459 2037 1996 2118 iuquirimus__(llebr.
2043 2053 2160 2118 aut,

571 2117 688 2189 Μ),
737 2128 918 2172 noster
959 2107 1547 2189 autenrmunicipaius
1582 2107 1966 2189 inucmlisnest
1996 2126 2008 2161 :
2043 2107 2164 2189 ideo

571 2180 709 2243 duce
733 2191 900 2259 gratia
931 2200 1014 2242 tua
1044 2188 1120 2257 (α)
1153 2180 1422 2256 ingredior
1458 2185 1508 2238 in
1541 2183 1716 2259 cubile
1746 2181 1921 2235 cordis
1956 2180 2078 2243 tnei,
2111 2186 2166 2232 et

571 2255 853 2314 canto'tibi
889 2255 1145 2313 amaturia
1167 2298 1182 2323 ,
1212 2255 1305 2311 rex
1331 2271 1480 2309 mens
1509 2264 1562 2308 et
1587 2255 1724 2307 Deus
1745 2266 1914 2316 meus,
1943 2263 2164 2319 gemens

576 2331 963 2386 inenarrabiles
1007 2330 1235 2398 gemitus
1282 2329 1332 2380 in
1380 2327 1499 2398 loco
1537 2323 2162 2398 peregrinationis-quem

572 2401 745 2472 (Psal.
773 2417 960 2464 cxvm,
984 2390 1095 2471 ἐι),
1131 2400 1214 2472 ubi
1245 2390 1718 2472 mutabiles-facta;
1756 2403 1877 2447 sunt
1919 2390 2045 2444 mihi
2073 2407 2162 2471 jn-

573 2462 921 2526 stilicationes
950 2462 1090 2525 ιυλυζ
1109 2471 1173 2524 Ει
1203 2469 1490 2522 recordans
1517 2466 1832 2526 Jerusalem,
1864 2472 2082 2516 extento
2111 2462 2163 2514 in

574 2559 695 2596 eam
725 2559 937 2597 sursum
979 2542 1162 2605 corde,
1189 2539 1488 2594 Jerusalem
1523 2538 1744 2606 patriam
1773 2549 1967 2598 meam,
2006 2532 2163 2586 Jeru-

574 2615 741 2669 salem
771 2621 994 2667 matrem
1039 2627 1232 2675 meam,
1284 2619 1440 2678 teque
1469 2623 1630 2676 super
1655 2621 1770 2660 eam
1803 2612 2161 2672 regnatorem,

575 2685 977 2748 illustratorcm,
1010 2693 1236 2751 patrem,
1265 2689 1514 2740 tutorem,
1546 2688 1850 2751 patronum,
1877 2685 2160 2751 rectorem,

575 2767 865 2823 pastorem,
895 2747 1068 2808 castas
1095 2764 1148 2806 et
1174 2751 1340 2806 fortes
1366 2751 1604 2823 delicias,
1634 2747 1860 2823 solidum
1893 2747 2162 2823 gaudium,

578 2818 636 2880 et
674 2827 852 2879 omnia
902 2827 1038 2880 btma
1069 2823 1373 2886 ineffabilia,
1415 2820 1572 2874 simul
1603 2820 1803 2882 omnia,
1846 2818 1968 2886 quia
2003 2831 2165 2868 unum

577 2912 841 2949 summum
871 2905 924 2950 et
954 2911 1136 2948 verum
1169 2896 1362 2948 bonum
1392 2910 1404 2946 :
1437 2901 1490 2946 et
1520 2906 1623 2944 non
1652 2899 1880 2952 avertar,
1913 2887 2086 2940 donec
2113 2886 2164 2939 in

575 2967 692 3032 ejus
718 2983 900 3037 pacem
921 2967 1104 3037 matris
1130 2961 1598 3037 cliarissint:_n,_ul)i
1629 2959 2034 3037 Sinit__pritniti:e
2060 2957 2168 3025 Spi-

581 3029 869 3101 ritus-mei,
897 3036 1118 3103 colligas
1159 3046 1326 3088 totum
1361 3032 1503 3101 quod
1531 3047 1646 3084 sum
1679 3046 1708 3082 a
1738 3029 2073 3103 dispersitme
2113 3035 2168 3103 _et

578 3097 914 3161 deformitate
966 3097 1084 3170 hac,
1141 3115 1196 3159 et
1245 3097 1546 3158 conformes
1595 3110 1752 3169 atque
1791 3099 2076 3152 confirmes
2114 3097 2166 3152 in

580 3187 860 3240 a~tcrnmn,
897 3178 1033 3232 Deus
1064 3192 1214 3230 meus
1242 3173 1604 3228 misericordia
1635 3188 1772 3225 mea.

652 3271 876 3327 CAPUT
907 3271 1053 3324 XIX.
1087 3268 1285 3322 Domus
1328 3267 1419 3320 Dei
1467 3275 1632 3319 creata
1670 3264 1935 3334 Sapientia.
1962 3262 2091 3332 Ejus
2110 3263 2170 3316 ab

581 3344 805 3396 iucreata
847 3342 1120 3395 distinctio.
1163 3339 1228 3392 In
1257 3355 1315 3392 ea
1349 3338 1599 3407 quomodo
1639 3353 1738 3388 non
1769 3344 2010 3407 itempusi
2046 3334 2173 3403 Ipsa

580 3413 832 3482 quomodo
856 3413 1034 3466 (mlum
1059 3411 1189 3465 curti.
1218 3408 1313 3463 Dei
1343 3405 1616 3482 aeternitas.
1645 3406 1865 3482 (b)_ll:ne
1881 3405 2172 3482 estdomus

585 3477 695 3550 tua,
726 3485 884 3546 Deus.
922 3498 1024 3536 non
1054 3492 1282 3546 terrena,
1314 3495 1485 3548 neque
1517 3479 1616 3531 ulla
1645 3477 2017 3550 cmlestimole
2048 3492 2170 3532 cor-

587 3548 746 3625 porca
773 3597 786 3618 ,
827 3555 920 3609 sed
957 3553 1246 3624 spiritualis
1266 3559 1345 3625 _et
1387 3550 1648 3619 particeps
1671 3548 1997 3625 aeternitatis
2029 3557 2131 3625 tuae
2155 3592 2169 3615 ,

585 3619 708 3696 quia
741 3627 854 3680 sine
885 3619 1003 3678 labe
1041 3632 1219 3678 manet
1264 3622 1315 3675 in
1348 3633 1626 3696 mterntnn.
1659 3619 1906 3696 _Statuisti
1953 3636 2070 3673 eam
2121 3621 2170 3674 in

587 3692 838 3751 sa'culum
871 3696 1069 3759 sa-culi,
1099 3703 1423 3765 pra‘ceptnm
1453 3692 1697 3765 posuisti,
1721 3700 1775 3765 e_t
1802 3705 1905 3742 non
1952 3701 2174 3759 prseter-

586 3769 682 3846 ihit
704 3767 874 3836 (Psal.
900 3762 1124 3846 _CXLYll-l;
1146 3763 1369 3846 6).‘_N,pn
1414 3771 1588 3844 tamen
1608 3762 1714 3846 tibi
1741 3762 1849 3842 Deo
1885 3771 2171 3842 coa‘eterna,

586 3831 720 3905 quia
742 3853 845 3892 non
868 3839 983 3892 sine
1015 3831 1196 3899 initio';
1223 3831 1357 3888 facila
1385 3843 1465 3887 est
1486 3835 1648 3886 enim.
1667 3833 1830 3905 Prior
1845 3833 2041 3905 quippe
2062 3847 2177 3886 om-

589 3903 732 3963 nium
756 3918 932 3962 creata
964 3918 1044 3961 est
1072 3907 1327 3976 sapientia
1357 3905 1545 3971 (Eccli.
1574 3919 1620 3968 ι,
1651 3904 1727 3972 4);
1761 3919 1864 3956 non
1905 3903 2099 3976 utique
2122 3913 2174 3956 tu

589 3982 674 4032 il'a
721 3979 989 4050 Sapientia
1035 3975 1174 4033 Patri
1212 3979 1318 4031 Deo
1359 3978 1513 4050 plane
1539 3983 1886 4050 coaeternatet
1936 3975 2172 4050 aequalis,

591 4068 685 4118 per
710 4045 868 4121 quam
898 4060 1074 4102 creata
1101 4059 1224 4102 sunt
1251 4048 1447 4121 omnia,
1485 4055 1539 4099 et
1567 4048 1624 4121 in
1647 4062 1752 4114 quo
1781 4045 2059 4121 _Prineipio
2096 4046 2177 4098 fa-

589 4115 835 4176 ctum'est
855 4121 1051 4176 cmlum
1083 4130 1133 4173 et
1163 4129 1299 4172 terra
1333 4117 1485 4188 (Gen.
1510 4133 1547 4180 ι,
1584 4116 1671 4185 1);
1703 4115 1795 4170 sed
1831 4115 2069 4188 profecto
2090 4133 2178 4170 sa-

594 4193 788 4260 pientia
812 4207 930 4260 qum
962 4199 1136 4244 creata
1165 4199 1266 4253 est,
1296 4187 1584 4255 spiritualis
1614 4187 2040 4260 naturascilicct,
2061 4204 2180 4256 qua:

592 4257 1041 4330 contemplatione
1069 4261 1284 4314 luminis
1333 4260 1509 4330 lumen
1555 4257 1906 4330 est.;_dicitnr
1943 4259 2084 4330 enim
2128 4267 2182 4312 et

595 4334 729 4398 ipsa,
758 4328 998 4400 quamvis
1037 4339 1232 4392 creata,
1273 4329 1549 4400 sapientia.
1591 4328 1695 4382 Sed
1731 4336 1984 4400 quantum
2022 4329 2182 4383 distat

599 4405 736 4455 inter
763 4399 940 4454 lumen
986 4401 1312 4465 illmninans,
1345 4408 1398 4453 et
1434 4399 1612 4452 lumen
1644 4399 1783 4468 quod
1835 4399 2179 4463 illmninatur,

599 4482 803 4526 tantum
829 4473 1006 4526 differt
1025 4475 1162 4525 inter
1187 4479 1238 4525 te
1258 4485 1519 4526 summam
1539 4469 1850 4532 sapientiam
1873 4485 1990 4538 qua:
2009 4486 2180 4534 creas,

599 4553 655 4598 et
676 4545 830 4598 istam
860 4558 978 4613 qua:
1005 4552 1182 4596 creata
1227 4550 1341 4603 est;
1375 4543 1510 4596 sicut
1540 4539 1957 4613 interjttstitiam
1984 4541 2182 4613 justiti-

597 4622 831 4679 cantem,
865 4610 982 4683 qua:
1005 4622 1081 4678 tu,
1111 4613 1479 4683 Deusiuoster,
1503 4625 1582 4676 es,
1612 4610 1940 4683 ctjustitiam
1965 4612 2184 4680 quarju-

598 4681 915 4740 stiticatione
943 4685 1075 4738 facta
1102 4693 1201 4736 est.
1233 4682 1362 4735 Nam
1393 4692 1447 4735 et
1474 4697 1569 4736 nos
1596 4697 1776 4734 smnus
1821 4681 1945 4734 dicti
1981 4683 2184 4749 justitia

603 4757 700 4810 Dei
728 4755 966 4810 Patrisin
999 4767 1051 4812 te
1082 4755 1219 4811 Filio
1260 4753 1376 4819 ejus
1416 4753 1640 4808 Domino
1678 4761 1859 4805 nostro
1881 4752 1946 4818 (II
1978 4752 2094 4808 Cor.
2127 4770 2181 4821 v,

597 4826 714 4898 2|).
746 4836 972 4898 testante
996 4824 1274 4898 Apostolo.
1309 4825 1449 4898 Ergo
1475 4823 1594 4893 quia
1617 4822 1759 4891 prior
1777 4823 2012 4898 omnium
2034 4840 2185 4898 crea-

601 4911 652 4951 ta
675 4893 778 4954 'est
825 4893 1063 4966 quaedam
1095 4895 1354 4964 sapientia
1385 4893 1501 4963 qua:
1533 4904 1707 4948 creata
1731 4903 1807 4946 est
1829 4893 2012 4966 (Ecc/i.
2047 4911 2082 4956 ι,
2107 4893 2184 4966 xi),

604 4985 756 5024 mens
786 4965 1058 5024 rationalis
1099 4976 1153 5022 et
1184 4966 1574 5030 intellectualis,
1605 4972 1766 5018 castae,
1797 4965 2028 5019 civitatis
2061 4965 2185 5031 tum,

603 5041 788 5094 matris
824 5048 1037 5101 nostrae,
1068 5053 1184 5107 qua:
1229 5052 1438 5109 sursum
1463 5045 1564 5109 est,
1607 5045 1661 5090 et
1690 5035 1851 5109 libera
1878 5046 1959 5109 est
1991 5037 2185 5109 (Galat.

602 5125 675 5176 tv,
705 5111 798 5179 26)
825 5119 876 5163 et
913 5106 1111 5164 atterna
1143 5109 1194 5161 in
1221 5109 1372 5162 emlis
1394 5108 1608 5178 (quibus
1649 5106 1822 5169 (telis,
1863 5107 1963 5179 nisi
2002 5106 2093 5177 'qui
2141 5118 2190 5162 te

603 5181 818 5236 laudant
841 5182 963 5236 caeli
1002 5180 1294 5235 etelorum?
1318 5182 1440 5248 quia
1489 5180 1588 5232 hoc
1635 5185 1719 5231 est
1760 5186 1812 5230 et
1838 5178 2030 5232 cmlum
2068 5179 2189 5233 ςαξιί

607 5249 1344 5322 Domino[l’sal.cxm,16]),
1373 5249 1474 5304 etsi
1518 5264 1622 5302 non
1657 5248 2192 5322 invenimustempus

603 5331 729 5376 ante
767 5319 930 5380 illam.
963 5337 1082 5390 qua:
1123 5319 1422 5376 creaturam
1455 5319 1710 5388 temporis
1751 5319 2038 5384 antecedit,
2070 5321 2190 5390 quia

606 5392 752 5458 prior
779 5393 1013 5444 omnium
1041 5401 1217 5446 creata
1245 5405 1359 5455 eSt;
1389 5401 1511 5444 ante
1536 5392 1677 5444 illam
1705 5399 1878 5443 tamen
1901 5405 1960 5444 es
1983 5398 2036 5443 tu
2058 5392 2195 5444 licus

607 5469 859 5525 internus,
886 5470 1096 5514 creator
1123 5462 1384 5524 omnimn,
1417 5476 1444 5513 a
1475 5475 1579 5530 quo
1610 5462 1744 5514 facta
1775 5461 1999 5528 Sumpsit
2024 5476 2190 5516 exor-

608 5531 776 5593 dium,
805 5533 1047 5597 quamvis
1077 5547 1181 5584 non
1205 5532 1479 5600 temporis,
1511 5534 1633 5600 quia
1668 5533 1900 5583 nomlmn
1929 5541 2041 5584 erat
2063 5541 2196 5584 tem-

609 5617 726 5670 pus,
752 5601 918 5670 ipsius
945 5611 1119 5654 tatnen
1148 5602 1467 5655 conditionis
1491 5617 1620 5655 suae.
1651 5601 1801 5655 Unde
1830 5602 1894 5654 ita
1917 5610 1998 5654 est
2022 5603 2117 5656 abs
2145 5612 2195 5657 te

609 5669 718 5725 lico
748 5669 953 5736 nostro,
981 5681 1034 5724 ut
1055 5671 1197 5725 aliud
1219 5673 1286 5725 sit
1314 5674 1466 5741 plane
1487 5689 1642 5739 quam
1667 5681 1741 5725 tu.
1771 5672 1922 5726 Licet
1950 5688 2047 5727 nec
2074 5683 2196 5728 ante

673 5838 687 5902 ἦ
714 5846 787 5902 sic
809 5842 916 5884 Mss.
942 5841 1098 5902 [ἴοι-ις,
1129 5836 1354 5902 ut‘apud‘
1372 5846 1509 5900 Aug.,
1535 5838 1756 5902 quoniam
1797 5854 2000 5891 sursum.

668 5899 742 5963 (ri)
770 5899 1015 5963 Augustin.
1043 5899 1126 5963 lib.
1158 5897 1214 5946 1‘2
1235 5896 1466 5963 (mnfessf,
1494 5896 1598 5963 ca'p.
1630 5902 1700 5948 16.

678 5961 751 6019 (b)
779 5959 897 6008 Ibid.
924 5972 1025 6020 cap.
1054 5960 1124 6020 iii,
1145 5973 1226 6008 nn.
1260 5959 1418 6008 19-21.

2028 482 2392 542 APPENDIX.

3757 478 3854 533 9l6

2271 596 2434 661 illam,
2468 610 2564 650 nec
2590 594 2641 649 in
2669 594 2757 649 illa
2780 593 3108 664 inveniamus
3137 602 3344 663 tempus
3371 592 3478 664 (est
3499 593 3638 664 enim
3666 595 3854 647 idonea

2271 667 2457 722 faciem
2495 676 2634 719 tuam
2666 679 2880 734 semper
2918 663 3116 725 videre,
3161 680 3259 719 nec
3309 663 3514 733 uspiam
3556 663 3857 717 deflectitur

2268 739 2336 790 ab
2360 753 2455 801 ea;
2487 752 2591 806 quo
2625 739 2684 790 fit
2713 745 2768 790 ut
2788 733 2942 789 nulla
2977 738 3268 789 mutatione
3286 733 3585 806 varietur):
3611 735 3754 806 inest
3782 744 3850 787 ta-

2268 824 2388 863 men
2421 809 2470 862 ei
2505 804 2625 876 ipsa
2653 807 2995 867 mutabilitas.
3025 822 3126 875 qua
3159 804 3553 860 tenchresceret
3594 813 3650 858 et
3694 804 3855 873 frige-

2268 889 2459 940 sceret,
2491 877 2589 932 nisi
2617 891 2799 932 amore
2823 876 3008 946 grandi
3034 877 3310 930 cohccrens
3333 876 3420 929 tibi
3442 884 3696 946 tanquam
3719 891 3855 928 sem-

2269 965 2363 1018 per
2393 947 2643 1002 meridies
2670 950 2686 979 ¹
2716 945 2918 1003 luceret
2947 957 3000 1002 et
3029 949 3254 1001 ferveret
3280 963 3347 1000 ex
3373 955 3445 999 te.
3479 945 3720 1014 Denique
3749 953 3856 998 tam

2266 1029 2413 1074 casto
2441 1034 2622 1073 amore
2651 1019 2886 1073 eohceret
2927 1018 3018 1072 tibi
3066 1019 3173 1072 Deo
3217 1033 3342 1071 vero
3377 1026 3429 1070 et
3469 1031 3598 1070 vere
3625 1026 3858 1077 :etcrno,

2269 1101 2324 1143 ut
2350 1090 2589 1158 quamvis
2637 1090 2726 1143 tibi
2759 1105 2862 1142 non
2905 1089 2972 1142 sit
3007 1099 3296 1152 coaeterua,
3347 1088 3399 1141 iu
3441 1087 3636 1141 nullius
3679 1097 3857 1140 tamen

2269 1162 2522 1229 temporis
2546 1159 2828 1214 varietates
2865 1167 2918 1213 et
2960 1159 3354 1214 vicissitudines
3384 1173 3415 1212 a
3457 1168 3508 1212 te
3537 1173 3594 1212 se
3618 1158 3861 1212 residi-at

2267 1240 2321 1286 et
2346 1230 2560 1295 defluat,
2592 1231 2687 1285 sed
2716 1231 2766 1283 in
2797 1229 2866 1282 tui
2899 1231 3065 1283 solius
3106 1229 3384 1283 verissima
3407 1229 3860 1297 contemplatione

2266 1304 2583 1371 requiescat.
2615 1301 2876 1366 Quoniam
2906 1308 2982 1366 tu,
3027 1301 3185 1371 Deus,
3231 1300 3469 1371 diligenti
3505 1311 3556 1353 te
3598 1310 3858 1371 quantum

2269 1369 2531 1442 praecipis,
2561 1371 2797 1426 ostendis
2819 1381 2891 1442 te,
2920 1381 2974 1425 et
2999 1369 3194 1425 sufficit
3220 1372 3289 1442 ei.
3315 1370 3467 1426 Unde
3496 1387 3600 1422 non
3623 1370 3862 1424 declinat

2265 1440 2294 1496 a
2325 1452 2394 1508 te,
2429 1440 2524 1496 nec
2553 1458 2582 1496 a
2612 1458 2670 1496 se
2703 1459 2716 1496 :
2755 1441 2846 1496 sed
2871 1457 3082 1508 semper
3111 1447 3159 1494 in
3189 1440 3378 1495 eodem
3402 1450 3542 1494 statu
3577 1449 3860 1502 manetste

2268 1514 2627 1568 indesinenter
2652 1513 2898 1573 videndo,
2930 1521 2980 1566 te
3007 1511 3372 1566 indeficienter
3396 1510 3644 1574 amando,
3673 1526 3857 1565 vermn

2267 1583 2444 1638 lmnen
2472 1594 2525 1638 et
2555 1593 2756 1638 castan
2787 1597 3048 1637 amorem.

2337 1675 2381 1730 Ο
2405 1675 2556 1730 beata
2579 1676 2676 1728 ista
2694 1674 2936 1730 sublimis
2953 1685 3192 1729 creatura
3215 1683 3581 1729 creaturarum
3601 1674 3857 1738 maxima,

2269 1745 2342 1818 ((ι)
2372 1747 2523 1800 beata
2568 1745 2876 1818 inhrerendo
2917 1760 3128 1818 semper
3175 1747 3492 1818 beatitudini
3530 1746 3662 1798 tum!
3716 1745 3860 1798 Felix

2270 1815 2383 1872 lucc
2412 1827 2464 1871 et
2489 1817 2706 1871 nimium
2730 1815 2855 1869 felix
2884 1823 2936 1869 te
2961 1817 3290 1881 sempiterno
3319 1816 3678 1870 inhabitatore
3699 1824 3863 1884 atque

2269 1889 2592 1942 illustratore
2621 1903 2737 1942 suo.
2767 1887 2874 1940 Nec
2902 1887 3114 1940 invenio
3151 1886 3277 1955 quid
3305 1887 3558 1941 libentius
3581 1887 3863 1955 appellan-

2267 1958 2394 2013 dum
2425 1959 2746 2023 existimem,
2784 1958 2976 2012 coelum
3005 1957 3125 2011 οωιὶ
3165 1957 3412 2023 ῐ)οιιιὶηο,
3442 1973 3600 2026 quam
3639 1955 3861 2010 domum

2271 2040 2413 2084 tuam
2461 2029 2910 2097 contemplantem
2948 2027 3357 2082 delectationem
3404 2035 3570 2092 tuam,
3615 2027 3735 2080 sine
3766 2027 3863 2080 de-

2268 2100 2407 2154 fuctu
2428 2101 2446 2130 ²
2474 2099 2780 2170 egrediendi
2826 2099 2878 2170 in
2920 2099 3096 2160 aliud;
3129 2107 3362 2152 mentem
3408 2115 3614 2167 puram,
3639 2113 3865 2170 cencnr.

2267 2170 2485 2225 dissime
2516 2168 2694 2234 imam,
2744 2169 3157 2224 stabilimentum
3200 2170 3344 2235 pacis
3386 2170 3664 2223 beatorum
3699 2168 3860 2239 spiri-

2269 2250 2439 2306 tuum,
2472 2242 2522 2295 in
2551 2241 2856 2296 cmlestibus
2885 2255 3042 2310 super
3064 2240 3161 2294 ista
3185 2239 3445 2295 C(BIestia.

2343 2332 2492 2387 Unde
2515 2332 2771 2400 intelligat
2801 2333 2974 2384 an'ma
2997 2331 3148 2400 cujus
3181 2331 3539 2401 peregrinatio
3578 2331 3866 2398 longinqua

2269 2402 2405 2457 facta
2433 2413 2533 2469 est,
2575 2403 2618 2456 si
2656 2404 2766 2470 jam
2807 2403 2915 2455 sitit
2953 2403 3066 2466 tibi,
3112 2404 3154 2456 si
3192 2403 3300 2468 jam
3345 2401 3493 2455 facta:
3536 2413 3665 2454 sunt
3695 2403 3745 2455 ei
3791 2402 3865 2453 la-

2267 2489 2466 2544 crymm
2507 2489 2618 2527 sua:
2662 2472 3002 2542 panis(Psal.
3040 2489 3140 2535 xm,
3172 2474 3250 2541 4),
3281 2473 3323 2525 si
3357 2474 3465 2540 jam
3510 2474 3645 2540 petit
3686 2487 3866 2535 unam,

2269 2554 2323 2598 et
2354 2545 2490 2596 hanc
2518 2545 2760 2612 requirit,
2793 2552 2852 2597 ut
2878 2544 3136 2596 inhabitet
3177 2544 3228 2596 in
3257 2546 3417 2596 domo
3443 2554 3530 2596 tua
3561 2558 3656 2611 per
3685 2557 3870 2595 omnes

2269 2616 2384 2670 dies
2412 2615 2532 2668 vita:
2559 2613 2862 2685 sute(Psql.
2905 2629 3048 2677 xxvi,
3094 2615 3169 2682 4).
3219 2614 3309 2685 (Ει
3334 2631 3453 2682 qua:
3485 2616 3586 2666 vita
3620 2615 3740 2681 ejus
3771 2613 3868 2666 nisi

2273 2687 2361 2739 tu?
2388 2694 2442 2740 et
2475 2686 2563 2754 qui
2595 2685 2709 2738 dies
2738 2683 2831 2744 tui,
2879 2685 2979 2754 nisi
3010 2683 3281 2754 mternitas
3323 2695 3430 2743 tua.
3473 2685 3611 2737 sicut
3643 2685 3769 2736 anni
3798 2685 3866 2736 tui

2271 2757 2358 2825 qui
2389 2753 2508 2810 noni
2525 2755 2812 2810 deficiunt?
2844 2753 3013 2827 [PsaL
3043 2753 3248 2826 cr,98])
3270 2755 3431 2808 ?hinc.
3465 2770 3592 2823 ergo
3612 2755 3870 2822 intelligat

2273 2828 2448 2880 anima
2477 2842 2595 2895 qua:
2637 2835 2810 2894 potest
2853 2842 3010 2895 quant
3045 2827 3198 2894 longe
3227 2841 3388 2895 super
3415 2827 3594 2880 omnia
3629 2835 3866 2893 tempora

2272 2899 2345 2951 sis
2373 2908 2622 2960 :eleruus,
2653 2895 2865 2965 quando
2891 2897 3078 2950 domus
3108 2908 3212 2961 tua,
3242 2912 3360 2966 qum-
3391 2897 3735 2964 peregrinata
3764 2911 3863 2948 non

2273 2977 2372 3028 est,
2407 2971 2650 3036 quamvis
2681 2967 2772 3020 tibi
2803 2982 2907 3020 non
2949 2967 3017 3018 sit
3049 2978 3335 3028 cozeterna,
3377 2967 3751 3021 indesinenter
3792 2977 3860 3020 ta-

2273 3055 2396 3092 men
2426 3051 2477 3092 et
2509 3038 2874 3092 indeiicientcr
2903 3038 3222 3091 coluerendo
3269 3039 3380 3100 tibi,
3427 3040 3632 3090 nullam
3663 3047 3869 3104 tempo-

2275 3127 2392 3164 rum
2423 3109 2616 3176 patitur
2645 3109 2950 3162 \arietalem
2985 3124 2998 3160 :
3034 3118 3188 3177 teque
3211 3125 3425 3176 semper
3453 3109 3872 3178 perseverantis-

2275 3181 2408 3234 sima
2454 3181 2694 3234 castitate
2736 3179 3005 3244 hauriens,
3048 3180 3454 3233 mutabilitatem
3490 3179 3510 3208 ³
3542 3195 3700 3231 suam
3743 3193 3868 3232 nus-

2273 3266 2431 3321 quam
2483 3259 2537 3305 et
2580 3265 2849 3315 nunquam
2893 3250 3111 3314 exserit,
3153 3259 3208 3303 et
3242 3259 3298 3321 te
3339 3251 3438 3304 sibi
3477 3260 3770 3317 praesente,
3811 3249 3872 3321 ad

2276 3319 2433 3390 quem
2464 3330 2572 3374 toto
2597 3321 2787 3374 affectu
2818 3336 2876 3374 se
2909 3331 3073 3383 tenet,
3107 3335 3210 3373 non
3239 3320 3704 3374 habenst‘utnrnm
3735 3319 3869 3388 quod

2275 3401 2578 3460 exspectet,
2606 3407 2704 3444 nec
2733 3392 2784 3444 in
2829 3393 3153 3458 pra-teritum
3193 3392 3462 3458 trajiciens
3491 3391 3638 3459 quod
3685 3391 3875 3444 memi-

2280 3463 2770 3586 nerit.lpernullas_
2796 3463 2938 3515 vices
2969 3463 3220 3528 variatur,
3262 3472 3314 3516 et
3360 3462 3412 3515 in
3456 3462 3605 3516 nulla
3639 3471 3873 3531 tempora

2280 3545 2454 3586 extent
2480 3543 2600 3586 ttur.
3090 3567 3106 3585 .
3327 3563 3336 3570 -

2277 3535 2600 3589 extenditur.
3090 3567 3106 3585 .
3327 3563 3336 3570 -

2348 3624 2572 3679 C.\l‘UT
2595 3624 2712 3677 XX.
2745 3625 2996 3694 Aspirotia
3018 3626 3082 3676 ml
3100 3624 3303 3678 domum
3335 3621 3425 3675 Dei
3445 3640 3464 3676 :
3491 3633 3538 3676 et
3562 3633 3617 3675 ut
3641 3624 3756 3690 ipsa
3777 3633 3876 3676 oret

2281 3713 2373 3767 pro
2400 3696 2560 3749 nobis.
2593 3695 2666 3766 (b)
2686 3696 2729 3748 0
2746 3695 2934 3747 domus
2954 3695 3214 3767 luminosa
3230 3703 3283 3748 et
3305 3695 3571 3767 Speciosa_,_
3588 3695 3762 3767 dilexi
3781 3694 3872 3767 de-_

2281 3764 2459 3820 curem
2491 3764 2658 3827 tuum,
2688 3774 2742 3820 et
2766 3767 2936 3818 locum
2966 3765 3302 3818 habitationis
3329 3766 3512 3834 glori-ce
3535 3764 3749 3818 Domini
3779 3765 3875 3819 mei

2281 3839 2328 3893 fa
2338 3839 2612 3893 bricaloris
2625 3845 2675 3890 et
2690 3835 3012 3904 ptmessoris
3027 3837 3119 3888 tui.
3136 3836 3252 3889 'l‘ihi
3269 3836 3495 3904 suspiret.
3519 3836 3876 3905 peregrinatio

2284 3925 2419 3969 mea,
2456 3920 2609 3961 noete
2640 3923 2700 3960 ac
2724 3907 2807 3959 die
2840 3907 2929 3959 tibi
2963 3906 3129 3959 inbiet
3157 3920 3250 3959 eor
3277 3922 3474 3968 meum,
3514 3907 3609 3959 tibi
3641 3906 3876 3960 intendat

2284 3995 2435 4033 mens
2467 3994 2606 4041 mea,
2646 3978 2710 4029 ad
2739 3979 3046 4031 stxciclatcm
3075 3977 3411 4030 beatitudinis
3452 3985 3557 4029 tua:
3597 3978 3878 4046 pervenire

2283 4051 2550 4104 desideret
2573 4049 2746 4101 anima
2777 4064 2915 4102 mea.
2949 4049 3074 4103 Dico
3094 4049 3140 4102 ei
3166 4047 3255 4116 qui
3277 4047 3400 4102 fecit
3423 4057 3494 4108 te,
3520 4057 3578 4099 ut
3611 4048 3878 4114 possideat

2285 4137 2370 4174 me
2399 4121 2448 4173 in
2483 4129 2554 4185 te,
2581 4121 2703 4188 quia
2738 4121 2848 4188 ipse
2877 4119 3001 4172 fecit
3030 4127 3082 4172 et
3109 4135 3213 4172 me.
3249 4118 3358 4172 lmo
3387 4128 3440 4171 tn
3466 4119 3572 4181 die,
3606 4127 3661 4188 tu
3682 4134 3807 4188 roga
3827 4125 3879 4170 ut

2285 4192 2501 4259 dignum
2535 4187 2619 4243 me
2643 4187 2798 4242 faciat
2823 4189 3224 4258 participatione
3250 4189 3433 4256 glori:c
3463 4198 3588 4259 luat.
3628 4187 3877 4243 Sanctam

2287 4257 2429 4316 enim
2471 4262 2777 4315 societatem
2813 4271 2978 4322 tuam,
3007 4257 3060 4313 et
3102 4259 3396 4314 mirabilem
3424 4257 3877 4327 pulchritudinem

2288 4342 2430 4387 tuam
2474 4348 2579 4386 non
2623 4347 2716 4400 per
2757 4333 3002 4384 meritum
3049 4330 3281 4397 requiro,
3311 4329 3403 4384 Sed
3441 4345 3539 4400 per
3563 4331 3878 4399 sanguinem

2288 4404 2404 4472 ejus
2435 4420 2537 4471 quo
2573 4403 2878 4468 redemptus
2908 4417 3045 4466 smn,
3084 4400 3302 4470 adipisci
3333 4417 3435 4453 non
3463 4401 3698 4469 deSpero
3724 4419 3736 4453 :
3773 4413 3878 4472 tanf

2289 4471 2401 4528 tum
2446 4474 2696 4541 adjuvent
2738 4489 2822 4526 me
2865 4473 3050 4526 merita
3099 4480 3206 4532 tua,
3261 4471 3584 4526 snbvenient
3633 4471 3878 4540 pravitati

2291 4560 2424 4598 mem
2446 4554 2643 4597 sancta:
2665 4552 2718 4596 et
2748 4544 2994 4612 piissimze
3035 4551 3087 4595 et
3115 4542 3411 4612 purissima:
3440 4543 3719 4596 orationes
3760 4552 3880 4605 tum,

2289 4630 2407 4683 quae
2436 4614 2734 4669 inefficaces
2778 4614 2916 4681 apud
2956 4615 3117 4667 Deum
3159 4613 3460 4667 nullatenus
3491 4627 3613 4667 esse
3643 4622 3879 4682 possunt.

2293 4686 2497 4750 Erravi,
2532 4686 2715 4745 fateor,
2749 4686 2884 4738 sicut
2914 4685 3027 4738 ovis
3062 4683 3266 4752 perdita
3300 4683 3470 4753 (Psat.
3503 4699 3696 4749 cxvm,
3734 4685 3879 4750 176),

2293 4767 2348 4810 et
2389 4756 2648 4810 incolatus
2693 4771 2842 4815 meus
2888 4757 3229 4824 prolongatns
3269 4764 3351 4808 est
3395 4753 3565 4823 (Psal.
3595 4769 3748 4816 estx,
3782 4757 3834 4822 5)
3870 4771 3883 4805 :

2293 4835 2451 4896 atque
2481 4827 2660 4896 procul
2689 4826 2955 4894 projectus
2986 4842 3100 4880 smn
3128 4841 3157 4878 a
3189 4825 3318 4895 facie
3337 4825 3546 4878 Domini
3580 4825 3676 4879 Dei
3711 4827 3815 4879 mei
3838 4827 3885 4878 in

2294 4896 2432 4951 hanc
2458 4897 2628 4951 exsilii
2655 4898 2968 4951 cazcitatem.
3011 4896 3112 4952 Ubi
3157 4897 3410 4963 expulsus
3437 4912 3463 4946 a
3500 4896 3737 4964 paradisi
3764 4913 3890 4966 gauo

2294 4969 2396 5022 diis
2420 4968 2642 5036 deploro
2669 4968 2903 5037 quotidie
2943 4983 3150 5022 mecum
3197 4983 3356 5036 super
3383 4966 3631 5037 miserias
3669 4969 3893 5036 captivi-

2299 5041 2419 5092 tatis
2441 5055 2572 5092 mea:
2600 5036 2820 5106 lugubre
2841 5053 3056 5092 carmen
3085 5039 3431 5108 ingentesque
3451 5036 3894 5108 lamentationes.

2296 5109 2420 5162 dmn
2453 5109 2705 5164 recordor
2735 5111 2830 5174 tui,
2873 5119 3042 5162 mater
3084 5107 3402 5172 Jerusalem,
3434 5107 3561 5161 dum
3596 5110 3764 5162 statui
3800 5125 3890 5177 pe-

2297 5180 2393 5233 des
2412 5196 2557 5234 meos
2579 5181 2628 5232 in
2657 5179 2807 5235 atriis
2836 5179 2958 5242 tuis,
2987 5189 3168 5233 sancta
3191 5187 3247 5232 et
3270 5179 3461 5232 decora
3483 5177 3639 5244 Sion,
3665 5179 3895 5234 necdum

2302 5251 2352 5303 in
2381 5251 2631 5303 interiora
2665 5259 2748 5303 tua
2789 5251 3099 5320 conspicere
3131 5251 3181 5302 in
3215 5249 3495 5318 propatulo
3523 5253 3716 5305 valens
3751 5269 3764 5303 τ
3807 5249 3898 5304 sed

2302 5321 2352 5375 in
2383 5322 2614 5374 humeris
2646 5321 2872 5389 pastoris
2899 5321 3022 5380 mei,
3053 5321 3334 5374 structoris
3365 5321 3459 5381 tui,
3497 5335 3660 5389 Spero
3704 5337 3791 5376 me
3821 5337 3900 5373 rc-

2302 5393 2502 5461 portari
2541 5391 2655 5453 tibi,
2690 5402 2746 5444 ut
2774 5391 3058 5458 tripudiem
3097 5392 3146 5443 in
3175 5400 3226 5444 te
3267 5406 3389 5444 eum
3426 5391 3520 5444 illo
3555 5391 3901 5446 inenarrabili

2301 5463 2514 5532 gaudio,
2542 5477 2648 5532 quo
2688 5462 2931 5516 ltetantur
2957 5462 3027 5514 illi
3073 5462 3161 5532 qui
3203 5470 3378 5516 tecum
3405 5469 3533 5516 sunt
3559 5477 3746 5517 coram
3789 5464 3902 5532 ipso

2371 5659 2385 5688 ¹
2434 5658 2506 5706 sic
2555 5663 2752 5720 August.
2807 5663 2858 5705 et
2919 5665 2996 5704 Ms.
3049 5664 3173 5705 ttett.

2307 5718 2453 5768 diem.

2371 5784 2389 5812 ⁸
2412 5787 2464 5843 ιιι
2489 5780 2630 5843 editis
2652 5780 2915 5843 irrej‘iserat
2938 5778 3198 5842 glossema,
3223 5786 3268 5828 et
3291 5778 3466 5843 absque
3489 5781 3685 5843 affectu.

2373 5843 2393 5873 ³
2420 5840 2557 5900 Alias,
2577 5840 3020 5890 imnmtabiliwtem.
3049 5848 3099 5889 l~‘.t
3121 5855 3251 5894 nmx.
3274 5840 3448 5891 exierit
3471 5840 3622 5892 ei'tc.

2374 5904 2446 5964 (α)
2474 5905 2722 5963 Augustin.
2749 5903 2832 5952 lib.
2865 5904 2920 5950 12
2941 5902 3175 5964 ConfeSs.,
3201 5916 3305 5964 cap.
3332 5904 3402 5960 tl,
3431 5918 3512 5954 na.
3545 5904 3620 5963 £2,
3654 5906 3730 5955 l5.

2377 5963 2444 6025 (b)
2470 5971 2533 6014 Ex
2573 5965 2678 6016 eod.
2722 5965 2803 6014 lib.
2845 5965 2926 6027 12,
2967 5978 3069 6027 cap.
3101 5967 3174 6018 15.
3202 5963 3348 6015 nail.

3243 5664 3292 5705 At
3347 5657 3502 5714 editi,
3555 5663 3706 5718 super
3762 5670 3902 5706 mert-
