4006 6494
483 354 586 415 919

481 474 750 528 orationes
777 482 952 528 vestro
981 483 1162 530 sancto
1186 480 1454 529 consortio
1483 471 1864 542 cunjungamur
1896 488 1908 524 :
1938 471 2058 542 quia

480 543 636 614 aliter
661 545 788 598 salvi
813 559 932 600 esse
969 561 1072 598 non
1104 559 1402 614 possumus.
1431 543 1625 598 Sumus
1652 541 2059 614 namquevaltle

480 613 691 682 fragiles
741 625 795 669 et
840 615 1036 670 nullius
1085 611 1294 671 virtutis
1348 614 1772 668 homunciones:
1813 611 2058 682 animalia

481 681 679 756 ventris
709 693 760 739 et
781 687 957 740 carnis
980 687 1262 756 mancipia,
1294 685 1348 740 in
1368 684 1560 755 quibus
1585 684 1670 756 vix
1701 681 1910 756 aliquod
1939 696 2062 750 pro-

478 751 656 826 bitatis
688 756 964 826 vestigium
994 751 1233 826 apparet.
1266 757 1328 810 Et
1350 751 1524 809 tamen
1570 754 1668 808 sub
1705 752 1898 826 Christi
1928 766 2060 805 con-

479 823 706 898 tessione
730 823 889 894 positi
915 869 931 892 ,
965 823 1104 898 ligno
1128 828 1300 882 crucis
1339 826 1588 898 ferimur,
1618 825 1922 898 navigantes
1966 837 2059 891 per

481 891 582 948 hoc
608 891 752 948 mare
783 891 1030 967 magnum
1055 910 1106 952 et
1136 898 1426 968 spatiosum
1450 896 1536 951 ubi
1559 903 1682 968 sunt
1706 891 1911 968 reptilia
1936 907 2061 961 quo-

480 977 594 1016 rum
625 980 730 1019 non
764 977 845 1021 est
869 965 1275 1033 numerum-ubi
1306 976 1425 1022 sunt
1452 967 1694 1021 animalia
1727 965 1910 1033 pusilla
1936 979 2056 1018 cutn

481 1035 683 1102 magnis
711 1034 878 1108 (Psat.
904 1055 989 1100 cv,
1018 1040 1130 1109 25),
1157 1040 1242 1094 ubi
1271 1048 1350 1094 est
1369 1037 1530 1092 draco
1551 1038 1891 1109 smvissitnus,
1918 1048 2058 1109 scm-

479 1117 572 1175 ρει·
600 1105 811 1172 paratus
841 1109 904 1162 ad
927 1105 1286 1163 devorandum
1311 1149 1324 1169 ,
1357 1109 1444 1163 ubi
1469 1117 1590 1162 sunt
1619 1107 1732 1160 loca
1765 1105 2054 1175 periculosa

477 1171 650 1244 Scylla
680 1186 734 1230 et
758 1178 1034 1234 Charihdis
1058 1223 1071 1242 ,
1104 1191 1156 1235 et
1182 1180 1282 1234 alia
1311 1177 1711 1233 innumerabilia
1738 1171 1832 1241 ,'in
1865 1175 2056 1243 quibus

479 1244 855 1316 naut'ragantnr
883 1251 1074 1306 incauti
1095 1292 1108 1316 ,
1146 1261 1200 1305 et
1238 1251 1290 1304 in
1323 1249 1426 1304 fide
1455 1248 1617 1302 dubii.
1648 1247 1808 1302 Orate
1847 1247 2012 1300 Deum
2037 1286 2051 1310 ,

477 1326 626 1388 orate
655 1318 910 1388 piissimi,
959 1333 1138 1384 orate,
1170 1320 1344 1375 omnia
1396 1319 1603 1388 agmina
1651 1324 1954 1388 sanctorum
1990 1325 2056 1388 et

478 1386 713 1442 universi
739 1398 908 1444 emtas
939 1391 1234 1455 beatorum,
1260 1399 1316 1444 ut
1340 1386 1530 1445 vesiris
1561 1389 1807 1456 precibus
1829 1387 2057 1440 meritis-

477 1471 595 1529 que_
618 1457 811 1526 adjuti,
847 1462 920 1529 (a)
949 1465 1092 1517 salva
1139 1477 1272 1516 nave
1301 1471 1352 1516 et
1379 1459 1597 1528 integris
1639 1459 1906 1513 mercibus
1934 1472 2055 1529 per-

477 1527 659 1582 venire
687 1527 986 1602 mereamur
1011 1533 1074 1586 ad
1108 1541 1317 1602 portum
1349 1527 1619 1602 perpetuae
1643 1529 1854 1602 quietis,
1879 1528 2050 1583 conti-

477 1611 597 1669 nua:
619 1601 780 1666 pacis.
809 1610 861 1654 et
891 1600 1154 1669 nunquam
1185 1601 1426 1657 finienda:
1452 1600 1770 1655 securitatis.

546 1666 771 1724 CAPUT
792 1670 956 1727 XXV.
1009 1666 1130 1727 Caeli
1179 1673 1361 1726 ardens
1411 1670 1730 1726 desiderium.
1770 1668 1894 1724 Caeli
1939 1669 2050 1740 glo-

475 1736 555 1808 ria
595 1749 643 1791 et
679 1742 884 1808 gaudia.
929 1743 1094 1797 Mater
1120 1743 1414 1799 Jerusalem
1437 1782 1452 1808 ,
1481 1741 1667 1795 civitas
1708 1751 1888 1795 sancta
1918 1736 2050 1804 Dei,

477 1806 788 1882 charissima
822 1827 1016 1882 sponsa
1041 1813 1272 1879 Christi,
1301 1823 1350 1867 te
1373 1806 1516 1866 amat
1552 1827 1645 1866 cor
1684 1826 1860 1866 meum
1881 1851 1913 1882 ,_
1939 1810 2054 1878 pul-

476 1875 832 1947 chritndiucm
853 1875 998 1937 tuam
1023 1885 1241 1939 nimium
1259 1875 1532 1938 desiderat
1558 1897 1708 1936 mens
1729 1897 1862 1936 mea.
1884 1875 2051 1947 Quam

476 1946 666 2024 decora
688 1991 704 2016 ,
735 1968 892 2020 quam
931 1955 1158 2024 gloriosa
1179 1996 1194 2019 ,
1223 1969 1380 2024 quam
1409 1967 1670 2024 generosa
1707 1946 2053 2024 tutesl’TAota

477 2018 694 2085 pulchra
724 2018 817 2088 es,
863 2034 915 2078 et
935 2018 1148 2079 inacula
1183 2018 1291 2079 non
1331 2018 1430 2078 est'
1445 2024 1496 2076 in
1530 2033 1600 2077 te.
1637 2023 1850 2076 Exsulta
1879 2031 1932 2076 et
1958 2021 2054 2075 he-

479 2097 612 2169 tare,
644 2091 869 2169 formosa
900 2095 1148 2169 principis
1170 2095 1282 2169 Aﬁlia
1301 2135 1316 2160 ,
1344 2094 1465 2163 quia
1495 2093 1795 2169 concupivit
1815 2108 1907 2169 res
1933 2107 2053 2160 spe-

475 2161 610 2213 ciem
627 2168 778 2231 tuam
799 2205 814 2228 ,
851 2161 910 2218 et
937 2161 1132 2220 amavit
1153 2161 1399 2221 decorem
1422 2172 1567 2218 tuum
1589 2165 1859 2231 Speciosus
1882 2161 2050 2217 forma

474 2243 586 2351 prro
607 2230 726 2287 filiis
750 2231 1045 2289 hominmn.
1071 2237 1172 2292 Sed
1198 2237 1366 2304 qualis
1385 2246 1464 2290 est
1493 2230 1716 2288 dilectus
1739 2243 1857 2287 tuus
1877 2249 1942 2288 ex
1972 2233 2052 2287 di-

494 2308 613 2351 eeto
631 2342 646 2351 .
681 2318 715 2351 0
747 2305 1092 2351 nulelmrrima
1110 2308 1133 2351 ?
1166 2308 1396 2351 Dilectus
1426 2316 1544 2351 tutis
1571 2306 1586 2336 ί
1610 2304 1864 2351 candidus
1891 2315 1941 2351 nl
1972 2319 2051 2351 ru-

494 2308 660 2372 ecto,
681 2318 715 2357 ο
745 2305 1133 2372 pulcherrima?
1166 2308 1396 2360 Dilectus
1426 2316 1544 2358 tuus
1571 2306 1586 2336 ί
1610 2304 1864 2358 candidus
1891 2315 1941 2356 et
1972 2319 2051 2356 ru-

473 2369 758 2446 bicundus,
779 2375 980 2432 electus
1008 2393 1071 2432 ex
1101 2378 1333 2431 millibus
1363 2375 1533 2446 (Cant.
1564 2391 1599 2430 v
1618 2417 1632 2438 ,
1659 2373 1693 2429 9
1716 2417 1731 2440 ,
1765 2375 1875 2445 10).
1905 2374 2052 2446 Sicut

475 2441 809 2518 malusintcr
836 2446 972 2516 ligna
996 2449 1258 2518 sylvarum
1276 2489 1290 2514 ,
1323 2441 1642 2518 siedilectus
1663 2454 1792 2518 tuus
1820 2441 1956 2518 inter
1985 2443 2048 2498 fi-

473 2509 595 2588 lios.
631 2512 741 2569 Sub
782 2509 964 2588 umbra
1007 2509 1146 2572 illius
1185 2509 1342 2588 quem
1379 2516 1707 2581 desideravi,
1737 2530 1866 2588 ecce
1897 2516 2049 2588 laetus

473 2581 636 2662 sedeo
665 2603 678 2638 :
705 2594 758 2640 et
782 2584 982 2642 fructus
1006 2589 1126 2662 ejus
1159 2581 1328 2643 dulcis
1353 2588 1546 2662 gutturi
1574 2603 1693 2641 meo
1725 2585 1835 2660 (Id.
1865 2602 1931 2648 u,
1963 2587 2042 2654 5).

473 2651 707 2727 Dilectus
739 2666 856 2711 tuus
901 2651 1282 2714 misit-manum
1326 2651 1420 2727 per
1461 2659 1695 2712 foramen
1711 2651 1743 2722 ,'
1770 2667 1823 2711 et
1864 2651 2050 2711 venter

472 2737 625 2778 meus
651 2726 921 2782 intremuit
940 2746 967 2783 a
998 2739 1135 2784 tactu
1166 2730 1281 2800 ejus
1307 2726 1416 2800 (Id.
1442 2746 1492 2795 v,
1521 2729 1599 2799 4).
1624 2729 1682 2783 In
1713 2728 1904 2783 lectulo
1928 2741 2050 2800 meo

471 2801 1039 2868 pernoctemiquzcsivi
1079 2798 1328 2854 dilectum
1352 2807 1494 2855 tuum
1524 2798 1578 2860 ιθ,
1610 2800 1860 2868 quaesivi,
1889 2806 1943 2852 et
1971 2798 2050 2868 in-

471 2864 590 2918 veni
610 2880 734 2942 eum
764 2864 874 2942 Id.
906 2886 981 2934 ut,
1009 2871 1059 2942 1)
1093 2888 1106 2924 :
1138 2881 1291 2942 teneo
1314 2911 1328 2935 ,
1351 2885 1450 2924 nec
1479 2864 1738 2924 dimittam
1765 2885 1885 2942 eum
1911 2867 2049 2942 ,_do—

471 2949 571 2989 nec
609 2937 905 2994 introducat
929 2957 1012 2995 me
1041 2937 1092 2994 in
1123 2941 1338 2994 domum
1372 2949 1542 3006 tuam,
1571 2949 1625 2994 et
1653 2942 1704 2994 in
1747 2940 2046 2994 cubiculum

473 3014 618 3081 illum
650 3007 691 3081 ³,
757 3010 982 3076 gloriosa
1015 3012 1242 3081 genitrix
1273 3025 1409 3064 mea.
1441 3010 1516 3064 Ibi
1557 3010 1698 3064 enim
1724 3009 1875 3064 dabis
1920 3009 2048 3063 mihi

471 3074 782 3150 dulcissima
803 3081 962 3134 ubera
987 3074 1070 3136 tua
1095 3081 1205 3150 (Id.
1239 3097 1331 3144 vu,
1360 3081 1447 3149 12)
1469 3081 1821 3134 abundantius
1849 3088 1903 3134 et
1924 3095 2048 3148 pcr-

472 3147 692 3213 l'ectius,
719 3157 774 3204 et
811 3152 1072 3206 saturabis
1103 3147 1186 3204 ine
1216 3147 1458 3205 satietate
1485 3151 1738 3216 mirifica,
1773 3152 1841 3204 ita
1871 3147 2048 3204 utnec

470 3215 731 3284 esuriam,
761 3235 933 3290 neque
953 3222 1125 3274 sitiam
1157 3223 1207 3274 in
1229 3231 1505 3276 aeternum.
1534 3222 1679 3275 Felix
1703 3222 1876 3274 anima
1909 3235 2045 3286 mea,

470 3301 787 3361 semperque,
809 3291 858 3343 in
889 3295 1079 3345 stecula
1104 3293 1245 3358 felix,
1277 3293 1321 3346 si
1349 3292 1536 3345 intueri
1559 3306 1803 3347 meruero
1825 3292 2047 3361 gloriam

471 3367 638 3421 tuam,
669 3359 1043 3417 beatitudinem
1072 3372 1232 3428 tuam,
1267 3362 1707 3431 pulchritudinem
1741 3359 1902 3427 tuam,
1934 3377 2050 3430 por-

471 3438 554 3482 tas
584 3439 637 3484 et
662 3446 841 3485 muros
873 3441 1012 3495 tuos,
1046 3435 1244 3500 plateas
1266 3443 1402 3498 tuas,
1434 3433 1737 3488 mansiones
1765 3442 1879 3486 tuas
1909 3432 2048 3486 mul-

471 3507 555 3552 tas
577 3539 590 3560 ,
627 3501 982 3574 npbilissimos
1008 3505 1151 3558 cives
1183 3513 1302 3557 tuos
1325 3545 1340 3570 ,
1379 3514 1432 3559 et
1478 3503 1820 3558 fortissimum
1868 3518 2048 3574 regem

471 3580 621 3624 tuum
653 3571 932 3627 Domintun
963 3584 1199 3628 uestrum
1231 3576 1281 3626 in
1322 3574 1514 3629 decore
1539 3589 1656 3628 suo.

542 3641 677 3694 Muri
704 3659 932 3713 namque
959 3645 1030 3698 tui
1053 3661 1118 3700 ex
1155 3644 1416 3712 lapidibus
1445 3643 1722 3714 pretiosis,
1753 3651 1917 3714 portae
1944 3651 2049 3698 tua:

469 3726 533 3783 ex
560 3714 852 3781 margaritis
882 3717 1114 3783 optimis,
1150 3717 1333 3782 platea:
1362 3713 1462 3768 tua:
1490 3731 1553 3770 ex
1574 3728 1707 3768 auro
1729 3713 2045 3782 purissimo,

468 3782 522 3835 in
554 3782 1048 3852 quibusjucundmn
1069 3786 1277 3840 alleluia
1303 3786 1421 3840 sine
1448 3785 1838 3840 intermissione
1863 3785 2048 3840 conci-

470 3853 629 3926 nitur.
668 3855 964 3926 Mansiones
1005 3865 1105 3909 tum
1150 3858 1328 3911 multa:
1369 3857 1585 3926 quadris
1635 3855 1893 3926 lapidibus
1934 3854 2049 3908 fun~

465 3923 636 3990 datm,
670 3925 946 3997 sapphyris
968 3935 1303 3989 constructae,
1328 3923 1592 3982 laterculis
1619 3925 1798 3997 aureis
1831 3941 2051 3997 cooper-

471 3998 643 4068 t:e;4in
669 4012 800 4068 quas
827 3996 1000 4068 nullus
1021 3997 1313 4068 ingreditur
1341 3998 1664 4060 immundus,
1695 3996 1871 4068 nullus
1900 3996 2050 4068 habi-

467 4074 545 4136 tat
574 4066 893 4136 inquinatus.
923 4066 1174 4136 Speciesa
1215 4067 1352 4122 facta
1394 4082 1452 4122 es
1473 4077 1526 4121 et
1550 4068 1726 4122 suavis
1761 4068 1811 4120 in
1843 4066 2049 4121 deliciis

469 4135 594 4201 tuis,
618 4135 788 4192 mater
810 4135 1124 4193 Jerusalem.
1152 4138 1290 4192 Nihil
1317 4139 1368 4192 in
1397 4147 1448 4192 te
1470 4138 1592 4201 tale,
1622 4137 1777 4207 quale
1800 4136 1886 4191 hic
1915 4137 2050 4206 pati-

465 4221 620 4271 mur,
652 4207 828 4276 qualia
869 4209 922 4262 in
962 4208 1059 4262 hac
1088 4209 1278 4262 misera
1318 4209 1423 4263 vita
1466 4209 1752 4263 cernimus.
1780 4207 1896 4260 Non
1926 4216 2050 4262 sunt

468 4276 704 4332 tenebrae
737 4278 789 4331 in
837 4287 922 4348 te,
966 4294 1136 4348 neque
1175 4295 1314 4344 nox,
1362 4292 1450 4332 aut
1476 4279 1726 4347 quaelibet
1769 4277 2049 4332 diversitas

468 4356 787 4416 temporum.
818 4347 932 4402 Non
961 4347 1100 4403 lucet
1124 4349 1174 4403 in
1204 4358 1253 4404 te
1276 4350 1366 4402 lux
1394 4350 1622 4418 lucerna:
1642 4389 1656 4412 ,
1685 4358 1775 4401 aut
1799 4348 2049 4418 splendor

473 4418 632 4480 lunae,
666 4418 748 4472 vel
773 4419 929 4486 jubar
956 4420 1225 4474 stellarum
1251 4437 1265 4481 ;
1294 4419 1386 4473 sed
1412 4419 1550 4472 Dens
1573 4417 1641 4473 de
1680 4418 1791 4472 Deo
1811 4417 1843 4484 ,ί
1869 4419 1954 4472 lux
1983 4419 2049 4474 de

467 4487 606 4550 luce,
637 4488 712 4543 sol
730 4488 947 4558 justitite
969 4504 1180 4557 semper
1206 4491 1466 4544 illuminat
1493 4498 1543 4543 te
1561 4504 1575 4552 ;
1593 4492 1772 4558 Agnus
1793 4488 2048 4542 candidus

465 4568 521 4611 ct
542 4559 908 4629 imntaculatus
927 4601 943 4628 ,
971 4560 1174 4615 lucidus
1208 4569 1264 4615 et
1307 4559 1696 4629 pulcherrimus
1715 4601 1730 4625 ,
1760 4568 1840 4613 est
1869 4559 2049 4614 lumen

465 4640 616 4682 tuum
653 4627 694 4682 ‘.
728 4628 816 4685 Sol
850 4627 1001 4694 tuus,
1030 4631 1244 4686 claritas
1269 4627 1356 4684 tua
1381 4640 1434 4684 et
1459 4645 1616 4684 omne
1642 4629 1835 4683 bonum
1865 4638 2009 4684 tuum
2030 4671 2046 4696 ,

465 4699 632 4771 hujus,
672 4701 1014 4769 pulcherrimi
1064 4701 1228 4771 Regis
1285 4699 1592 4755 indeficiens
1650 4701 2044 4771 contemplatio.

463 4769 584 4843 Ipse
623 4770 735 4843 Rex
776 4787 958 4843 regum
990 4773 1042 4843 in
1081 4769 1402 4843 mediotui,
1444 4781 1498 4843 et
1531 4771 1680 4840 pueri
1708 4770 1822 4843 ejus
1850 4771 2045 4843 ign-tcir-

461 4841 609 4915 cuitu
635 4842 751 4911 ejns
777 4841 872 4915 (ὁ).
895 4841 970 4896 lbi
1002 4841 1640 4915 hynmidiciAngelorum
1660 4841 1841 4915 ebori,
1867 4841 1936 4896 ibi
1961 4856 2050 4896 so-

461 4912 630 4968 cictas
654 4883 1003 4984 supernorum
1034 4883 1251 4968 civium.
1285 4912 1360 4967 lbi
1396 4883 1568 4967 dulcis
1597 4883 1904 4967 solemniias
1933 4928 2048 4966 ont-

462 4984 608 5054 nium
639 4983 845 5038 ah'hac
883 4985 1018 5038 tristi
1061 4984 1489 5054 peregrinatione,
1510 4983 1575 5037 ad
1609 4992 1692 5054 tua
1722 4983 1909 5052 gaudia
1955 4999 2044 5037 re-

459 5053 752 5126 deuntium.
785 5055 857 5110 lbi
899 5053 1281 5126 Prophetarum
1313 5053 1562 5126 providus
1584 5053 1783 5126 VChDI‘US
1806 5095 1821 5117 ,
1850 5054 2044 5126 ibiju-

459 5125 561 5177 dex
617 5125 638 5156 ⁸
690 5124 1064 5195 Apostolortun
1116 5142 1402 5189 numerus,
1463 5125 1533 5179 ibi
1581 5124 2043 5180 innumerabilium

524 5215 541 5280 ξ
569 5222 638 5264 ιςιι.
660 5217 805 5280 Lugd.
820 5225 936 5267 Ven.
962 5224 1072 5267 Iov.
1095 5217 1176 5266 hic
1199 5224 1250 5267 et
1270 5215 1414 5280 paulo
1428 5221 1558 5280 post,
1588 5214 1965 5280 Dilectusmeus1
1986 5222 2043 5264 Μ.

523 5278 543 5306 ¹
570 5283 641 5324 Er.
681 5279 827 5341 Lugd.
880 5287 999 5330 Ven.
1050 5285 1193 5339 μοι,
1237 5276 1449 5343 ᾳὶιωδὶυῑ
1485 5290 1626 5340 quem
1673 5276 1833 5341 diligit
1884 5277 2047 5328 anima

570 5373 582 5385 .
648 5347 669 5384 ιι
690 5375 702 5387 .

458 5349 565 5430 me?
569 5406 643 5448 Er.
667 5347 812 5462 Lugd.
832 5409 950 5451 Ven.
976 5407 1107 5463 Lov.,
1128 5401 1180 5454 in
1212 5401 1408 5453 domum
1435 5414 1572 5451 suam
1604 5407 1649 5452 et
1686 5399 1735 5451 in
1772 5399 2045 5452 cubiculum

455 5472 482 5509 ⁸
499 5473 641 5587 TE},
667 5469 814 5587 ἔδει).
839 5530 960 5572 Ven.
985 5529 1094 5587 ζέον.
1120 5525 1190 5587 sic
1227 5524 1466 5587 exhibeat
1488 5524 1616 5587 hunc
1649 5524 1805 5587 locum
1837 5537 1849 5572 ε
1889 5533 2046 5587 Αρηιιδ

457 5582 696 5633 candidus
717 5581 762 5634 et
778 5581 1130 5646 immaculatus,
1155 5585 1368 5637 lucidum
1391 5592 1436 5634 et
1461 5583 1835 5648 pulcherrimum
1866 5581 1944 5635 est"
1967 5585 2043 5635 tu-

455 5655 564 5692 nten
586 5651 737 5694 tuum.
816 5651 873 5694 tu.

518 5707 539 5737 ⁵
565 5705 700 5765 Alias,
724 5707 972 5757 duodenm
982 5704 1162 5766 judex.

520 5768 592 5831 (t1)
627 5771 724 5818 \‘id.
752 5770 834 5818 lib.
863 5769 930 5818 de
948 5769 1150 5831 Speculo
1173 5777 1315 5831 caput
1335 5768 1412 5817 50.

519 5829 589 5892 (b)
625 5837 685 5880 tta
709 5831 791 5881 lib.
817 5831 882 5881 de
904 5830 1124 5893 Speculo,
1147 5829 1252 5894 cap.
1274 5831 1353 5891 50,
1381 5839 1485 5892 post
1505 5832 1799 5893 Gregorium.

1915 349 2296 409 'APPENDIX.

3657 321 3769 408 me.

2168 475 2461 538 martyrum
2486 467 2658 522 victor
2685 466 2949 522 exercitus
2968 509 2982 531 ,
3016 466 3086 521 ibi
3126 476 3432 524 sanctorum
3462 468 3751 525 Confessu-

2168 553 2281 591 rmn
2305 553 2454 592 sacer
2481 548 2795 603 conventus,
2830 539 2898 591 ibi
2925 541 3036 593 veri
3064 548 3117 592 et
3139 539 3352 607 perfecti
3379 538 3654 604 monachi,
3686 541 3756 596 ibi

2166 618 2361 678 saneta:
2390 609 2654 673 mulieres,
2681 624 2799 678 qua:
2829 609 3125 677 voluptates
3156 610 3335 664 saeculi
3376 619 3430 665 ct
3455 626 3646 665 sexum
3674 612 3748 666 in-

2168 677 2728 751 firmitatisvicerunt;
2773 677 2860 751 ibi
2886 680 3033 748 pueri
3061 689 3113 751 et
3159 681 3385 750 puellae,
3414 697 3536 751 qua“:
3583 697 3758 736 annos

2164 762 2290 802 suos
2317 749 2551 803 moribus
2582 749 3042 804 transcenderunt.
3075 750 3147 804 lbi
3163 749 3298 805 sunt
3323 749 3514 807 omnes
3541 767 3674 807 oves
3703 763 3755 808 et

2166 819 2308 887 agni,
2337 821 2424 888 qui
2443 820 2552 887 jam
2580 819 2736 890 hujus
2758 820 3039 890 voluptatis
3069 821 3283 890 laqueos
3303 832 3611 876 evaserunt.
3646 822 3754 877 Ex-

2163 891 2360 963 sultant
2387 904 2574 944 omnes
2608 889 2660 963 in
2697 889 2931 963 propriis
2949 889 3332 963 mansionibus.
3365 893 3555 963 Dispar
3583 895 3755 962 gloria

2163 958 2485 1028 sirgulorum
2511 1002 2526 1026 ,
2550 960 2643 1015 sed
2666 958 2964 1016 communis
2985 971 3066 1016 est
3091 962 3268 1016 laetitia
3297 958 3561 1018 omnium.
3587 958 3757 1018 Plena

2163 1038 2214 1102 et
2244 1028 2473 1102 perfecta
2511 1031 2580 1102 ibi
2608 1040 2792 1102 regnat
2815 1031 3082 1102 cluat-itas;
3124 1033 3248 1102 quia
3294 1035 3434 1089 Deus
3462 1043 3546 1088 est
3576 1039 3757 1088 omna

2163 1099 2214 1152 in
2252 1101 2498 1155 omnibus
2524 1101 2569 1169 (Ι
2600 1099 2717 1155 Cor.
2751 1117 2849 1163 xv,
2877 1101 3006 1167 28),
3039 1099 3194 1171 quem
3243 1105 3359 1158 sine
3387 1103 3492 1158 fine
3531 1105 3720 1160 vident
3743 1149 3758 1168 ,

2161 1179 2215 1241 et
2255 1186 2464 1241 semper
2490 1171 2717 1227 videndo
2746 1172 2799 1226 in
2843 1173 2959 1241 ejus
2998 1174 3188 1228 ardent
3214 1189 3421 1228 amore.
3464 1177 3666 1230 Amant
3707 1186 3762 1229 et

2163 1239 2413 1314 ianuam,
2447 1242 2664 1314 laudant
2689 1250 2744 1296 et
2771 1239 2969 1297 amant.
2994 1241 3170 1314 Omne
3192 1259 3328 1314 Opus
3371 1260 3560 1300 eorum
3586 1287 3604 1314 ,
3641 1246 3760 1300 laus

2163 1310 2253 1365 Dei
2270 1352 2284 1371 .
2307 1312 2424 1366 sine
2448 1312 2744 1368 defectione
2761 1356 2775 1378 ,
2798 1314 2912 1367 sine
2942 1313 3139 1368 labore.

2233 1380 2372 1454 Felix
2403 1398 2504 1452 ego
2523 1426 2545 1454 ,ν
2563 1392 2616 1438 et
2640 1399 2766 1439 vere
2811 1385 2862 1436 in
2906 1394 3214 1452 perpetuum
3241 1383 3398 1450 felix,
3427 1386 3469 1439 si
3502 1396 3626 1454 post
3666 1401 3757 1441 re-

2165 1453 2481 1506 solutionem
2538 1453 2695 1523 hujus
2756 1455 3053 1522 corpusculi
3110 1455 3297 1510 audire
3353 1453 3606 1511 meruero
3664 1457 3757 1512 illa

2160 1523 2362 1595 cantica
2387 1524 2621 1595 caelestis
2658 1523 2901 1579 melodize
2931 1566 2944 1587 ,
2969 1541 3088 1595 quae
3112 1535 3393 1580 cantantur
3438 1527 3504 1581 ad
3538 1526 3758 1582 laudem

2163 1591 2321 1662 Regis
2349 1595 2532 1648 aeterni
2561 1594 2627 1648 ab
2669 1595 2770 1649 illis
2799 1591 3043 1663 supernae
3071 1597 3254 1665 patri-.e
3278 1596 3483 1650 civibus
3510 1637 3527 1663 ,
3562 1597 3753 1652 beato-

2161 1678 2384 1737 rumque
2436 1665 3084 1737 spirituumtagminibus.
3148 1667 3471 1720 Fortunatus
3513 1682 3617 1737 ego
3671 1669 3753 1722 ni-

2160 1733 2429 1802 miumque
2457 1734 2641 1789 beatus
2660 1776 2675 1800 ,
2705 1736 2749 1790 si
2774 1733 2830 1790 et
2856 1751 2954 1804 ego
2981 1735 3094 1804 ipse
3118 1753 3364 1792 meruero
3393 1733 3616 1793 cantare
3648 1754 3714 1793 ea
3739 1781 3754 1802 ,

2158 1812 2211 1856 ct
2239 1805 2487 1860 assistere
2513 1806 2619 1874 regi
2647 1821 2786 1871 meo,
2814 1806 2921 1860 Deo
2938 1822 3074 1869 meo,
3098 1806 3218 1861 duci
3248 1822 3368 1860 meo
3385 1808 3424 1870 ί,
3449 1818 3503 1863 et
3524 1823 3760 1865 eernere

2159 1888 2279 1950 eum
2325 1875 2377 1929 in
2416 1875 2586 1950 gloria
2620 1891 2713 1950 sua
2739 1918 2754 1942 ,
2782 1876 2916 1931 sicut
2960 1877 3358 1950 ipsehpolliceri
3385 1878 3636 1950 dignatus
3671 1892 3762 1934 est

2157 1943 2337 1999 (licens
2365 1986 2379 2010 ,
2408 1943 2562 1998 Pater
2589 1988 2604 2012 ,
2632 1948 2743 2000 volo
2772 1955 2825 2000 ut
2852 1943 3182 2016 quos—dedisti
3210 1949 3333 2000 milii
3355 1990 3370 2014 ,
3405 1943 3506 2003 sint
3530 1967 3758 2013 mecum,-

2157 2025 2210 2066 ιιι
2238 2016 2436 2088 videant
2477 2016 2756 2070 claritatem
2797 2033 2960 2088 nteant
2997 2034 3150 2088 quam
3179 2018 3333 2088 habui
3377 2020 3523 2088 apud
3562 2030 3611 2074 te
3638 2033 3762 2075 ante

2156 2087 2556 2158 constitutionem
2587 2088 2762 2141 mundi
2794 2087 2812 2156 (
2839 2086 3156 2155 Ιοαηζχνιι,
3188 2087 3259 2144 21
3290 2092 3329 2158 );
3358 2086 3421 2143 et
3439 2091 3570 2144 alibi
3603 2131 3620 2157 ,
3653 2092 3762 2156 Qui

2156 2155 2280 2230 mihi
2301 2157 2570 2222 ministrat,
2599 2174 2677 2230 me
2696 2155 2939 2230 sequatur
2958 2199 2972 2225 ,
2999 2169 3043 2212 et
3067 2160 3152 2230 ubi
3169 2155 3414 2230 snm'ego,
3443 2158 3552 2213 illic
3579 2155 3626 2213 et
3657 2155 3759 2214 un?-

2155 2225 2309 2300 nister
2332 2231 2585 2300 meusuerit
2611 2226 2722 2298 (Id.
2743 2245 2835 2295 xu,
2855 2228 3053 2300 26);,et
3081 2229 3296 2294 iterum,
3330 2225 3434 2295 Qui
3452 2231 3622 2300 diligit
3655 2250 3755 2294 me,

2155 2295 2434 2370 diligetnra
2455 2295 2752 2370 Patre‘meo,
2777 2309 2822 2353 et
2843 2295 2936 2370 ego
2954 2299 3166 2370 diligam
3185 2316 3322 2368 eum,
3346 2310 3392 2354 et
3416 2295 3762 2370 niani—restabit

2155 2367 2201 2418 ei
2225 2383 2304 2420 me
2330 2368 2498 2430 ipsum
2533 2367 2641 2438 (Id.
2672 2386 2776 2434 xw,
2807 2367 2920 2438 21).

2223 2479 2447 2536 CAPUT
2487 2480 2674 2534 XXVI.
2703 2480 2991 2552 Rhymmus
3011 2481 3074 2536 de
3091 2481 3256 2554 gloria
3285 2483 3538 2553 paradisi.

2215 2592 2287 2654 (α)
2321 2592 2386 2642 Ad
2410 2594 2643 2655 Perennis
2667 2594 2778 2655 vitae
2799 2591 2982 2643 fontem
3004 2607 3146 2644 mens
3166 2596 3319 2644 sitivit
3341 2595 3499 2655 arida,

2151 2653 2362 2718 Cla'uSLra
2383 2653 2542 2718 carnis
2565 2664 2738 2718 praesto
2760 2654 2915 2716 frangi
2932 2656 3098 2718 clausa
3120 2657 3295 2718 quaerit
3316 2653 3500 2717 anima,

2151 2669 2362 2704 utauSLra
2383 2669 2542 2704 carnts
2581 2669 2738 2703 )I‘EBSLU
2760 2669 2915 2716 u‘angt
2937 2669 3098 2705 Clausa
3120 2670 3255 2718 quazr

2151 2713 2329 2789 gliscit,
2353 2717 2517 2789 ambit,
2547 2669 2783 2765 eIluctatur
2807 2715 2946 2788 exsul
2971 2718 3060 2765 frui
3082 2720 3255 2789 patria,

2151 2782 2272 2825 Dum
2291 2781 2530 2839 pressuris
2552 2790 2608 2827 ac
2631 2778 2859 2841 aerumnis
2881 2791 2937 2826 se
2961 2778 3116 2841 gemit
3131 2780 3414 2841 ,ohnoxiam,

2151 2838 2304 2896 Quam
2321 2841 2494 2902 amisit,
2519 2853 2628 2888 cum
2649 2838 2876 2902 deliquit,
2900 2838 3253 2902 contemplatur
3275 2841 3480 2902 gloriam

2152 2907 2370 2950 Praesens
2390 2899 2566 2949 malum
2583 2907 2731 2962 auget
2747 2899 2861 2947 boni
2885 2902 3058 2962 perditi
3075 2899 3370 2950 memoriam.

2215 2970 2324 3010 Nam
2346 2964 2454 3025 quis
2478 2969 2678 3024 promat,
2699 2975 2900 3011 summa:
2924 2964 3052 3025 pacis
3073 2970 3252 3025 quanta
3276 2965 3340 3013 sit
3364 2964 3573 3014 laetitia?

2153 3024 2238 3072 Ubi
2263 3024 2382 3086 vivis
2411 3025 2682 3086 margaritis
2701 3032 2907 3086 surgunt
2929 3024 3143 3086 zedilieia,

2152 3092 2278 3134 Auro
2299 3084 2431 3134 celsa
2451 3084 2627 3134 micant
2650 3084 2808 3143 tecta;
2817 3085 3002 3134 radiant
3026 3085 3250 3145 triclinia,

2151 3145 2270 3194 Solis
2290 3147 2497 3208 gemmis
2520 3148 2745 3208 pretiosis
2775 3147 2879 3196 hcce
2900 3154 3140 3196 structura
3162 3148 3394 3206 nectitur,

2152 3214 2275 3270 Auro
2296 3208 2490 3270 mundo,
2513 3215 2742 3270 tanquam
2761 3209 2884 3270 vitro
2907 3209 3138 3270 urbis_via
3155 3210 3405 3258 sternitur.

2154 3269 2300 3319 Abest
2322 3267 2480 3328 limus,
2503 3267 2648 3319 deest
2669 3268 2825 3328 ﬁmus,
2852 3268 2961 3318 lues
2984 3267 3115 3318 nulla
3138 3272 3372 3319 cernitur.

2214 3332 2375 3380 Hiems
2396 3331 2619 3388 horrens,
2643 3339 2787 3379 aestas
2809 3339 3000 3379 torrens
3022 3328 3120 3380 illic
3142 3345 3387 3393 nunqnatr-
3410 3334 3644 3382 sa-vfuat.

2152 3389 2556 3454 Flospurpureus
2578 3395 2597 3423 ³
2622 3404 2838 3440 rosarum
2862 3406 2951 3440 ver
2974 3393 3074 3454 agit
3092 3389 3403 3454 perpetuum,

2151 3453 2502 3512 Candent’lilio,
2525 3454 2745 3502 rubescit
2763 3467 2948 3511 crocus,
2974 3453 3115 3502 sudat
3136 3453 3419 3514 balsamum,

2153 3514 2319 3564 \‘ireut
2351 3522 2501 3576 prata,
2527 3521 2730 3563 vernant
2751 3522 2872 3576 sata,
2895 3517 2987 3563 rivi
3011 3514 3172 3563 mellis
3193 3517 3420 3576 inﬂuunt,

2153 3577 2510 3638 Pigmentorum
2531 3579 2680 3685 spirat
2700 3577 2833 3635 odor,
2861 3575 3018 3638 liquor
3045 3583 3097 3625 et
3117 3585 3405 3635 aromatum,

2153 3638 2370 3685 Pendent
2400 3651 2532 3685 poma
2571 3637 2833 3685 loridorum
2856 3650 2950 3685 non
2975 3636 3166 3685 lansura
3198 3651 3404 3685 nemora

2152 3636 2372 3700 Pendeat
2398 3651 2532 3699 poma
2558 3636 2833 3700 ﬂoridorum
2856 3636 2950 3700 non
2975 3636 3166 3700 lapsura
3198 3651 3477 3688 nemorum.

2215 3706 2310 3747 Non
2333 3697 2542 3747 alternat
2562 3697 2673 3746 luna
2696 3699 2845 3758 vices,
2871 3697 2960 3756 sol,
2984 3697 3065 3747 vel
3083 3713 3255 3747 cursus
3276 3701 3498 3750 siderum
3526 3714 3540 3749 :

2154 3765 2318 3821 Agnus
2343 3768 2420 3810 est
2443 3759 2595 3809 felicis
2611 3761 2745 3808 urbis
2769 3760 2930 3808 lumen
2955 3759 3274 3809 inocciduum.

2153 3829 2249 3870 Nox
2271 3829 2321 3871 et
2343 3828 2534 3883 tempus
2554 3821 2733 3870 desunt
2756 3821 3095 3883 ei,7diemifert
3115 3824 3432 3883 continuum:

2152 3889 2263 3931 Nam
2288 3891 2339 3932 et
2367 3882 2515 3946 sancti
2547 3885 2747 3946 quique,
2769 3882 2902 3932 velut
2923 3882 2996 3930 sol
3019 3882 3294 3946 praeclarus,
3330 3883 3560 3945 rutilant,

2153 3951 2260 3994 Post
2289 3944 2582 4006 triumphum
2615 3944 2829 3994 ceronati
2859 3951 3026 3994 mutuo
3049 3944 3360 4006 conjuhilant,

2151 4011 2206 4055 Et
2232 4007 2454 4068 prostrati
2488 4019 2674 4068 pugnas
2694 4006 2847 4055 hostis
2869 4007 2969 4068 jam
2992 4007 3154 4068 securi
3177 4013 3458 4056 numerant.

2213 4065 2348 4116 Omni
2374 4065 2743 4127 lahe'del'azcati,
2764 4065 2922 4116 carnis
2942 4065 3070 4116 bella
3104 4069 3341 4117 nesciunt.

2151 4135 2268 4177 Caro
2298 4128 2419 4190 facta
2446 4127 2673 4190 spiritalis
2697 4137 2747 4178 et
2779 4141 2920 4177 mens
2936 4142 3084 4190 unum
3107 4130 3340 4177 sentiunt.

2154 4198 2271 4240 Pace
2295 4189 2445 4253 multa
2469 4189 2796 4251 perfrueutes,
2831 4189 3049 4253 scandala
3073 4203 3166 4238 non
3191 4194 3463 4253 perferunt.

2153 4251 2456 4322 tilutabilibus
2483 4253 2647 4322 exuti,_
2657 4259 2894 4322 repetunt
2921 4251 3177 4322 originem,

2153 4320 2207 4376 Et
2228 4321 2520 4376 praesentem
2542 4311 2764 4376 veritatis
2785 4311 3170 4376 contemplantur
3191 4314 3410 4376 ερθοὶθηι
3433 4329 3447 4364 :

2152 4371 2270 4424 Hinc
2290 4374 2488 4424 vitalem
2507 4375 2602 4424 vivi
2624 4372 2767 4424 fontis
2783 4371 3008 4422 hauriunt
3029 4371 3357 4424 dulcedinem.

2219 4435 2334 4486 Inde
2355 4443 2533 4485 statum
2552 4449 2748 4498 semper
2773 4436 2920 4498 iidem
2946 4435 3189 4484 existendi
3216 4437 3236 4466 ³
3267 4437 3488 4498 capiunt,

2153 4496 2292 4556 clari,
2323 4497 2486 4555 vividi,
2507 4497 2722 4557 iucundi.
2748 4496 2893 4546 nullis
2916 4504 3083 4558 patent
3104 4499 3312 4546 casibus.

2153 4560 2337 4610 Absunt
2358 4559 2512 4607 morbi
2536 4571 2733 4620 semper
2753 4559 2900 4615 sanis,
2928 4565 3162 4606 senectus
3177 4559 3462 4619 juvenibus.

2153 4623 2270 4684 Hinc
2289 4633 2510 4684 perenne
2533 4627 2880 4684 tenentesse;
2920 4633 3030 4668 nam
3055 4621 3263 4684 transire
3293 4623 3507 4684 transiit.

2154 4682 2268 4732 Inde
2289 4680 2480 4741 'virent,
2506 4682 2692 4743 vigent,
2712 4681 2914 4738 ﬂorent;
2949 4680 3226 4742 corruptela
3250 4683 3452 4741 corruit,

2153 4743 2527 4793 [inmortalitatis
2542 4745 2681 4805 vigor
2702 4745 2869 4806 mortis
2887 4745 2967 4806 jus
2989 4743 3255 4806 absorbuit.

2215 4808 2300 4864 Qui
2324 4806 2563 4854 scientem
2585 4804 2754 4854 euncta
2777 4804 2952 4859 sciunt,
2974 4804 3089 4866 quid
3109 4805 3302 4866 nescire
3332 4816 3607 4866 nequeunt
3641 4810 3677 4857 ⁸.

2153 4873 2264 4916 Nam
2291 4873 2343 4916 et
2366 4868 2578 4928 pectoris
2608 4878 2779 4928 arcana
2804 4865 3066 4927 penetrant
3101 4865 3417 4922 alterutrum,

2153 4935 2304 4977 Unum
2327 4927 2510 4977 velunt.
2531 4941 2679 4976 unum
2704 4927 2890 4984 nolunt,
2926 4929 3085 4975 unitas
3113 4935 3190 4975 est
3213 4928 3477 4975 mentium.

2153 4991 2281 5039 Licet
2303 4991 2480 5050 cuique
2503 4991 2566 5038 sit
2588 4989 2834 5037 diversum
2861 5002 2946 5048 pro
2969 4987 3137 5036 labore
3161 4989 3422 5050 meritum;

2151 5051 2361 5101 Charitas
2378 5049 2480 5099 haec
2501 5064 2641 5099 suum
2664 5050 2792 5108 facit,
2817 5051 2945 5111 quod
2964 5057 3090 5098 amat
3115 5051 3160 5098 in
3185 5049 3343 5098 altero
3367 5052 3410 5098 ⁵.

2155 5116 2398 5174 Μυρτίω]
2421 5114 2491 5160 sic
2521 5111 2840 5174 singulorum,
2875 5124 3129 5160 commune
3161 5111 3210 5159 fit
3233 5113 3470 5174 omnium.

2217 5171 2299 5222 Ubi
2323 5187 2513 5237 corpus,
2533 5171 2647 5222 illuc
2665 5174 2778 5235 jure
2801 5180 3164 5235 congregantur
3183 5171 3376 5235 aquilae.

2217 5319 2233 5348 ί
2258 5324 2336 5367 Ms.
2363 5323 2511 5375 Mett.,
2537 5315 2684 5367 dulci.

2223 5382 2242 5410 ²
2267 5386 2316 5427 ιιι
2338 5386 2408 5436 8.,
2434 5384 2706 5442 perpetuus.
2738 5379 3044 5442 correximus
3075 5391 3138 5427 ex
3175 5379 3470 5430 auctoritate
3507 5387 3637 5433 Petri
3674 5393 3770 5434 ua-

2151 5442 2311 5497 miani,
2337 5443 2414 5489 cui
2435 5441 2573 5489 hicCe
2595 5441 2807 5489 debetur
2831 5441 3054 5502 hymnus.
3105 5448 3158 5486 at.

2215 5504 2236 5534 ³
2259 5502 2398 5559 Alias,
2421 5508 2678 5562 exewttes;
2702 5510 2754 5550 et
2775 5499 2904 5558 mori,
2931 5507 3126 5564 peccant
3149 5499 3356 5552 casibus.

2213 5564 2235 5596 ⁸
2258 5564 2391 5626 Apud
2412 5576 2583 5612 omnes
2601 5565 2774 5622 editos,
2799 5572 3006 5626 excepta
3025 5570 3109 5611 GG.
3137 5565 3373 5624 editione,
3391 5578 3572 5616 versus
3596 5568 3771 5618 illeiu-

2152 5623 2490 5689 terrogationis
2512 5633 2687 5686 puncto
2705 5623 3000 5689 concluditur
3025 5638 3040 5686 ;
3064 5633 3306 5689 corrupte.
3361 5623 3438 5674 at.

2213 5689 2234 5719 ³
2260 5673 2402 5745 Alias,
2421 5673 2539 5736 dum
2561 5673 2688 5736 nam
2710 5685 2934 5736 alterum.

2213 5770 2284 5831 (ιι)
2317 5771 2398 5834 Hic
2420 5769 2621 5834 hymnus
2641 5768 2946 5834 desideratur
2969 5770 3014 5818 in
3034 5776 3138 5819 Mss.
3161 5777 3270 5820 Met.
3294 5777 3343 5819 et
3370 5777 3534 5834 Hegio.
3551 5771 3633 5822 Fs:
3661 5782 3750 5824 Pe:

2152 5834 2210 5880 tri
2237 5830 2462 5890 Damiani,
2495 5838 2608 5879 tom.
2639 5831 2680 5888 t,
2707 5830 2941 5892 105.226.
