4070 6560
425 477 517 533 931
1881 461 2246 524 Al‘PENDlX.

429 600 702 655 mortuos,
751 587 839 656 qui
887 595 1063 641 mutas
1102 594 1411 656 peccatores
1451 591 1504 656 et
1546 597 1650 634 non
1693 591 1834 656 sunt.
1865 577 2019 656 '[olle

427 677 555 731 ergo
579 659 647 713 de
675 651 1042 731 ine-quidquid
1071 651 1163 731 tibi
1190 654 1436 731 displicet
1468 655 1529 731 in_
1557 669 1677 731 me;
1709 651 2020 723 imperfecta

428 724 572 788 enim
617 744 735 783 mea
773 724 1003 799 plurima
1050 727 1241 799 vident
1271 725 1411 799 oculi
1457 724 1552 778 tui.
1586 724 1771 799 Mitte,
1805 737 2018 799 quaeso,

429 815 650 874 manum
679 793 887 874 pietatis
915 809 1052 874 tuae,
1071 807 1126 851 et
1155 797 1494 874 tolle‘deme
1520 793 1773 874 quidqiiid
1801 793 2024 874 offendit

429 873 615 946 oculos
638 866 892 946 bonitatis
912 878 1016 946 tua:
1042 870 1094 923 in
1123 884 1207 922 me
1235 867 1332 946 ta).
1357 867 1548 920 Coram
1575 876 1645 930 te,
1678 866 1918 946 Domine,
1940 871 2024 917 est

433 943 636 998 sanitas
665 950 719 995 et
744 941 1026 994 inﬁrmitas
1054 954 1206 1002 mea;
1241 939 1407 997 illam.
1435 951 1647 1006 precor,
1671 951 1844 999 serva,
1867 939 2022 1006 istam

430 1029 578 1068 sana.
606 1010 745 1066 Sana
775 1025 896 1075 me,
931 1011 1182 1074 Domine,
1211 1020 1264 1062 et
1287 1003 1532 1070 sanabor,
1563 1007 1765 1060 salvum
1797 1020 1882 1060 me
1910 1003 2021 1067 fac,

434 1092 490 1138 ct
518 1084 696 1137 salvus
724 1098 818 1136 ero
847 1100 860 1135 :
887 1091 940 1134 tu
963 1082 1052 1150 qui
1076 1081 1284 1133 inﬁrma
1309 1093 1486 1150 sanas,
1516 1086 1571 1131 et
1596 1086 1782 1150 sanata
1808 1091 2024 1150 conserf

431 1168 548 1218 vas,
581 1153 671 1223 qui
697 1154 814 1207 solo
839 1146 1088 1205 nutu—tuo
1114 1160 1380 1204 restauras
1413 1149 1587 1223 diruta
1608 1157 1661 1201 et
1686 1149 1940 1215 collapsa.
1967 1146 2024 1200 Si

435 1226 578 1278 enim
599 1220 844 1291 dignaris
873 1223 924 1275 in
953 1238 1080 1290 agro
1113 1229 1203 1274 tuo
1237 1228 1416 1274 serere
1454 1220 1649 1272 bonum
1687 1233 2027 1291 semenrne-

437 1309 591 1349 cesse
620 1288 704 1348 est
739 1303 795 1346 ut
835 1288 1008 1346 manu
1031 1291 1241 1361 pietatis
1277 1301 1380 1344 tua:
1421 1291 1566 1360 prius
1607 1289 1806 1343 evellas
1845 1288 2027 1357 spinas

434 1364 685 1418 vitiorum
713 1377 976 1417 meorum.

512 1434 832 1490 Dulcissime
852 1475 866 1499 ,
900 1432 1275 1503 benignissime
1296 1473 1310 1496 ,
1339 1431 1745 1503 amantissime,
1773 1428 2029 1503 charissi-

441 1521 559 1568 me,
592 1506 1007 1575 pretiosissima,
1029 1500 1568 1575 idesiderautissime,
1611 1500 2025 1575 amabilissime,

441 1570 799 1644 pulcherrime
821 1617 834 1637 ,
864 1573 1113 1638 infunde,
1142 1575 1386 1636 obsecro,
1421 1571 1812 1644 multitudinem
1841 1570 2025 1624 dulce-

441 1642 586 1700 diuis
611 1655 665 1700 et
693 1646 964 1698 charitatis
987 1655 1086 1697 ture
1111 1645 1305 1711 pectori
1330 1658 1472 1703 meo,
1492 1653 1550 1696 ut
1578 1642 1708 1695 nihil
1736 1651 2026 1705 terrenum,

443 1716 576 1770 nihil
615 1716 830 1771 carnale
869 1715 1166 1768 desiderem
1209 1715 1290 1767 vel
1332 1714 1592 1782 cogitem;
1637 1713 1729 1766 sed
1776 1723 1824 1765 te
1856 1713 2027 1764 solum

442 1801 658 1849 amem,
705 1797 752 1840 te
791 1787 964 1839 solum
996 1786 1216 1839 habeam
1250 1786 1300 1838 in
1331 1785 1492 1837 corde
1526 1793 1580 1837 et
1618 1784 1669 1836 in
1701 1799 1814 1836 ore.
1843 1782 2030 1836 Scribe

445 1857 611 1926 digito
641 1866 732 1910 tuo
761 1857 810 1909 in
843 1866 1056 1924 peetore
1087 1872 1207 1909 meo
1232 1855 1440 1908 dulcem
1473 1854 1878 1926 memoriamtui
1902 1855 2031 1905 mel-

445 1923 574 1982 lillui
623 1923 886 1987 nominis.
935 1927 1078 1979 nulla
1127 1943 1354 1994 unquam
1409 1925 1675 1978 oblivione
1723 1923 2027 1977 delendam.

446 1998 632 2051 Scribe
657 1999 707 2051 in
733 1998 920 2050 tabulis
946 1996 1124 2049 cordis
1152 1998 1252 2049 mei
1283 1997 1603 2049 voluntatem
1629 2006 1770 2048 tuam
1799 2004 1851 2048 et
1877 1995 2033 2062 justi-

448 2068 724 2122 ﬁcationes
748 2077 898 2122 tuas:
929 2076 985 2120 ut
1017 2078 1066 2119 te
1099 2068 1370 2119 immensa:
1399 2065 1695 2120 dulcedinis
1728 2065 2028 2125 Dominum,

446 2149 497 2192 et
530 2147 790 2208 prmeepta
826 2149 907 2190 tua
936 2154 1149 2205 semper
1178 2147 1225 2192 el
1259 2137 1460 2208 ubique
1483 2137 1706 2208 habeam
1736 2152 1841 2204 prie
1863 2137 2031 2190 oculis

445 2207 614 2272 meis,
646 2208 920 2264 Succende
965 2219 1194 2261 mentem
1229 2222 1398 2260 meam
1451 2207 1570 2275 igne
1611 2207 1700 2259 illo
1745 2216 1835 2260 tuo
1871 2222 2030 2274 quem

448 2280 636 2334 misiin
688 2280 738 2332 in
788 2289 1015 2338 terram,
1065 2287 1118 2331 et
1166 2279 1373 2332 voluisti
1422 2278 1766 2331 vehementer
1811 2275 2032 2331 accendi

450 2348 612 2419 (Luc.
644 2366 735 2413 xu,
768 2348 865 2414 49)
895 2367 908 2402 :
940 2360 996 2401 ut
1026 2349 1344 2401 sacriﬁcum)
1373 2349 1589 2416 spiritus
1615 2348 1948 2400 contribulati
1980 2357 2034 2400 et

445 2421 624 2473 Cordis
649 2420 862 2472 contriti
889 2422 1093 2472 obortis
1123 2419 1369 2488 lacrymis
1397 2419 1634 2486 quotidie
1656 2419 1875 2471 oll'eram
1911 2419 2025 2470 tibi.

451 2491 626 2543 Dulcis
655 2489 896 2554 Christe,
928 2489 1066 2542 bone
1093 2489 1218 2542 Jesu
1241 2531 1254 2554 ,
1279 2489 1420 2542 sicut
1450 2489 1724 2554 desidero,
1760 2488 1896 2541 sicut
1924 2499 2030 2541 toni

446 2569 627 2615 tuente
655 2577 771 2614 mea
806 2571 960 2628 peto,
998 2560 1062 2611 da
1102 2560 1232 2612 mihi
1258 2574 1498 2612 amorem
1538 2569 1682 2611 tuum
1711 2567 1951 2612 sanctum
1981 2571 2032 2613 et

447 2640 682 2694 castum,
707 2631 795 2700 qui
829 2647 912 2684 me
940 2631 1174 2697 repleat,
1205 2639 1413 2693 teneat,
1442 2638 1715 2698 totumque
1737 2630 2029 2696 possideat.

444 2701 514 2757 Et
536 2701 602 2755 da
633 2701 761 2754 mihi
792 2700 1010 2754 evidens
1037 2701 1245 2762 signum
1285 2703 1483 2753 amoris
1524 2701 1633 2761 tui,
1668 2701 1921 2768 irriguum
1955 2701 2032 2753 la-

445 2787 752 2843 crymarum
779 2773 973 2824 loritem
1001 2773 1198 2839 jugiter
1221 2778 1546 2836 manantem,
1581 2779 1636 2822 ut
1670 2771 1798 2843 ipsa:
1819 2785 2034 2840 quoque

445 2841 698 2912 lacrymze
739 2853 885 2895 tuum
925 2843 975 2894 in
1023 2858 1108 2894 me
1149 2851 1409 2894 testentur
1447 2856 1682 2894 amorem
1711 2859 1721 2892 :
1749 2841 1875 2908 ipSae
1908 2857 2033 2910 pro-

446 2911 608 2978 daut,
641 2914 768 2980 ipsa:
811 2915 1095 2982 loquantur
1118 2922 1372 2980 quantum
1403 2920 1453 2964 te
1483 2911 1652 2978 diligit
1680 2912 1854 2964 anima
1883 2928 2031 2977 mea,

443 2985 568 3037 dum
598 3000 706 3052 pra:
737 2984 894 3036 nimia
927 2982 1207 3036 dulcedine
1233 2983 1431 3036 amoris
1473 2982 1547 3035 tui
1586 2982 1768 3051 nequit
1793 2997 1852 3036 se
1891 2998 1920 3035 a
1953 2983 2032 3036 la-

443 3056 643 3125 crymis
669 3054 964 3125 continere.

519 3125 872 3189 ltemiuiscor,
919 3124 1004 3192 pie
1047 3122 1308 3187 Domine,
1359 3123 1500 3176 illius
1543 3122 1695 3175 bona:
1734 3123 2031 3186 mulieris',

443 3211 563 3264 qu:e
590 3195 654 3246 ad
687 3195 1083 3248 tabernaculum
1113 3203 1360 3264 rogatura
1389 3207 1484 3262 pro
1509 3193 1617 3245 ﬁlio
1644 3196 1807 3256 venit,
1833 3194 1899 3247 de
1925 3211 2028 3262 qua

443 3263 716 3332 Scriptura
761 3265 954 3328 refert,
1001 3263 1143 3333 quod
1172 3265 1350 3318 vultus
1391 3264 1506 3332 ejus
1534 3272 1651 3332 post
1693 3265 1952 3334 lacrymas
1979 3276 2033 3319 et

448 3350 635 3406 preces
665 3351 769 3406 non
796 3344 921 3388 sunt
948 3335 1258 3406 ampliusiu
1285 3334 1491 3387 diversa
1524 3335 1708 3388 mutati
1738 3336 1756 3405 (
1783 3335 1797 3386 I
1821 3334 1950 3406 Reg.
1985 3352 2030 3400 ι,

447 3405 571 3528 18?.
599 3405 704 3460 Sed
733 3421 936 3460 memor
961 3414 1120 3458 tantte
1150 3405 1356 3458 virtutis
1393 3415 1657 3472 tantmque
1689 3405 2030 3472 constanti-.12,

447 3477 518 3528 do
541 3491 633 3528 ore
681 3487 952 3528 toruueor.
997 3485 1047 3528 et
1087 3475 1410 3528 verecundia
1439 3475 1738 3528 confundor
1763 3495 1774 3528 :
1797 3477 1918 3528 auia
1949 3493 2030 3528 me

446 3475 633 3530 dolore
681 3487 952 3544 torqueor,
997 3485 1047 3529 et
1087 3475 1410 3530 verecundia
1439 3475 1918 3545 confundor:quia
1949 3493 2034 3532 me

448 3547 700 3600 miserum
745 3547 903 3599 nimis
940 3546 1190 3600 deorsum
1231 3549 1411 3614 jacere
1454 3547 1680 3599 intueor.
1705 3548 1758 3601 Si
1791 3549 1930 3601 enim
1961 3551 2031 3601 ita

448 3617 624 3677 ﬂevit,
655 3618 789 3670 etin
831 3617 953 3670 fletu
991 3618 1350 3686 perseveravit
1385 3618 1576 3670 mulier
1612 3633 1730 3686 qua:
1760 3619 2035 3686 qu:erebat

449 3689 644 3750 ﬁlium;
692 3688 960 3756 quomodo
1004 3688 1254 3757 plangere
1292 3697 1344 3742 et
1391 3689 1445 3741 in
1489 3689 1702 3757 planctu
1750 3690 2034 3757 persisteie

447 3758 608 3812 debet
645 3761 821 3812 anima
867 3775 985 3827 qua:
1025 3760 1213 3826 qua:rit
1243 3769 1294 3812 et
1334 3767 1478 3813 amat
1507 3760 1706 3823 Deum,
1737 3771 1792 3812 et
1818 3759 1883 3812 ad
1913 3776 2030 3814 eum

450 3830 731 3897 pervenire
756 3830 1060 3883 desiderat?
1086 3829 1354 3898 quomodo
1377 3845 1592 3899 gemere
1627 3845 1689 3884 ac
1717 3830 1844 3884 ﬁere
1873 3830 2033 3884 debet

449 3901 570 3953 talis
599 3901 773 3954 anima
818 3908 975 3954 nocte
1011 3915 1075 3953 ac
1117 3901 1229 3963 die,
1277 3917 1396 3968 quae
1439 3911 1629 3969 prtetcr
1657 3901 1927 3955 Christum
1957 3903 2029 3955 nit

446 3972 575 4024 velit
596 3971 812 4025 amare?
834 3971 1022 4024 Mirum
1047 3972 1241 4040 quippe
1263 3980 1364 4032 est,
1395 3974 1440 4024 si
1463 3973 1571 4039 jam
1599 3987 1704 4024 non
1737 3971 1886 4026 facta:
1909 3981 2034 4026 sunt

446 4043 494 4094 ei
527 4042 776 4112 lacryma:
802 4058 912 4095 sua:
943 4057 1108 4107 panes
1147 4042 1235 4095 die
1272 4057 1335 4096 ac
1374 4052 1547 4095 nocte.
1571 4042 1798 4112 Respice
1826 4058 1955 4110 ergo
1981 4053 2036 4096 ct

449 4112 707 4166 miserere
735 4114 876 4177 mei,
905 4114 1027 4181 quia
1071 4112 1282 4166 dolores
1329 4112 1507 4166 cordis
1551 4113 1654 4166 mei
1699 4114 2030 4181 multiplicati

448 4193 593 4235 sunt.
623 4184 692 4235 Da
717 4182 849 4235 mihi
875 4183 1294 4236 consolationem
1331 4191 1473 4236 tuam
1502 4184 1805 4249 ccelestem,
1837 4194 1892 4238 et
1922 4184 2032 4238 noli

444 4265 701 4322 spernere
720 4253 1065 4320 peccatricem
1086 4255 1340 4318 animam,
1361 4268 1456 4320 pro
1480 4269 1582 4322 qua
1607 4255 1766 4307 etiam
1791 4267 2033 4309 mortuus

442 4338 504 4376 es
530 4324 625 4393 (ὁ).
652 4325 724 4375 Da
753 4324 899 4383 mihi,
929 4337 1131 4392 quaeso,
1165 4324 1423 4394 lacrymas
1444 4339 1511 4377 ex
1540 4335 1627 4377 tuo
1647 4324 1834 4378 afl‘ectu
1863 4326 2032 4380 inter-

447 4407 544 4446 nas
566 4409 682 4460 qua:
705 4401 1039 4460 peccatorum
1068 4409 1308 4446 meorum
1333 4395 1536 4462 possint
1557 4395 1766 4450 solvere
1794 4397 2028 4459 vincula,

451 4472 506 4517 et
523 4463 725 4517 cmlesti
738 4463 1068 4532 jucunditate
1085 4479 1296 4533 semper
1311 4465 1554 4532 repleant
1568 4465 1798 4519 animam
1823 4483 2028 4532 meam;

448 4542 506 4587 ut
531 4534 578 4608 si
604 4549 708 4608 non
740 4550 860 4586 cum
891 4536 1032 4608 veris
1062 4543 1128 4608 et
1155 4535 1402 4608 perlectis
1441 4535 1714 4608 monachis
1731 4537 1774 4602 ',
1804 4553 2030 4608 quorum

447 4605 668 4674 vestigia
698 4619 906 4672 nequeo
938 4605 1167 4668 imitari,
1193 4606 1379 4658 saltem
1409 4621 1527 4658 cum
1559 4607 1763 4662 devotis
1790 4605 2030 4663 mulieri-

445 4675 546 4730 bus
567 4677 1105 4746 quantulamcumque
1127 4677 1424 4745 portionem
1445 4677 1497 4730 in
1519 4693 1684 4747 regno
1708 4687 1798 4732 tuo
1824 4695 2033 4733 merear

441 4746 686 4812 adipisci.

521 4817 678 4872 Venit
719 4830 934 4886 quoque
983 4815 1112 4870 mihi
1157 4815 1208 4870 in
1247 4825 1480 4872 mentem
1519 4820 1746 4874 alterius
1788 4819 2032 4875 mulieris

447 4887 582 4942 mira
612 4887 845 4959 devotio,
866 4903 986 4956 qua:
1009 4897 1060 4942 te
1089 4889 1140 4941 in
1172 4888 1419 4959 sepulcro
1439 4889 1708 4958 jacentem
1736 4891 1822 4959 pio
1847 4906 2033 4945 amore

443 4958 738 5030 qumrebat,
767 4973 886 5028 quae
907 4958 1578 5030 recedentibusdiscipulis
1598 4976 1626 5012 a
1649 4958 1899 5030 sepulcro
1925 4976 2032 5014 non

442 5029 745 5089 recedebat,
770 5043 890 5098 qua:
914 5029 1136 5083 sedebat
1161 5029 1327 5084 tristis
1349 5038 1402 5083 et
1429 5046 1685 5097 manens,
1708 5029 1763 5085 et
1786 5033 1874 5085 diu
1897 5033 2032 5084 mul-

445 5107 661 5170 tumque
678 5099 842 5154 ﬁebat
866 5117 878 5152 :
903 5109 957 5154 et
977 5115 1200 5168 surgens
1220 5116 1339 5153 cum
1369 5101 1551 5154 multis
1572 5101 1822 5170 lacrymis
1839 5103 2029 5156 iterum

444 5169 745 5242 iterumque
769 5179 921 5242 antra
950 5172 1182 5242 sepulcri
1200 5171 1548 5242 Avigilantibus
1581 5169 1753 5226 oculis
1779 5175 2030 5242 explora-

443 5239 552 5306 bat,
585 5242 629 5295 si
661 5241 794 5295 forte
819 5239 1026 5294 alicubi
1047 5250 1098 5311 te
1127 5239 1307 5294 videre
1350 5251 1560 5309 posset,
1603 5258 1764 5311 quem
1807 5239 2028 5297 ferventi

442 5311 711 5366 desiderio
727 5312 1020 5383 qumrehat.
1047 5310 1162 5366 Jam
1184 5321 1327 5383 certe
1349 5313 1512 5365 semel
1539 5323 1592 5366 et
1613 5310 1800 5367 iterur:
1829 5314 2033 5383 ingres-

440 5394 497 5433 sa
528 5383 736 5436 viderat
771 5382 1073 5450 sepulcrum
1095 5422 1110 5443 ,
1142 5382 1234 5435 sed
1264 5383 1487 5435 nimium
1528 5385 1726 5438 amanti
1759 5399 1864 5438 non
1895 5382 2033 5439 satis

441 5451 689 5522 erat(r):
723 5452 892 5504 virtus
921 5453 1064 5522 enim
1097 5451 1220 5522 boui
1266 5453 1446 5521 operis
1491 5457 1885 5519 perseverantia
1927 5467 2028 5508 est.

441 5520 504 5574 Et
544 5520 666 5592 quia
711 5536 821 5589 pra:
850 5521 1061 5574 caeteris
1103 5520 1322 5589 dilexit,
1366 5532 1422 5577 et
1465 5522 1734 5593 diligendo
1773 5525 1947 5588 ﬂevit,
1978 5535 2032 5578 et

502 5674 516 5704 ³
546 5673 662 5722 aliti
688 5671 768 5720 hic
790 5669 989 5728 addunt,
1024 5682 1186 5720 Αηπω.

501 5737 524 5766 ²>
545 5742 594 5784 ιιι
621 5743 699 5784 Ms.
727 5739 855 5781 Mett.
884 5731 1082 5794 legitur,
1107 5731 1254 5782 servis
1277 5730 1397 5793 tuis,
1428 5746 1534 5794 pro,
1561 5735 1820 5787 monachis.

500 5798 572 5859 (τι)
605 5803 670 5859 ex
700 5795 784 5844 lib.
809 5795 876 5859 de
899 5792 1119 5859 speculo,
1146 5805 1252 5856 cap.
1277 5796 1295 5842 l
1327 5792 1443 5859 ρος(
1459 5805 1577 5858 Aug.

519 5852 568 5920 ὁ)
607 5852 1006 5920 Αἰμιιιηφ-Ιιὶιξός
1028 5852 1252 5920 sacrati,
1275 5852 1381 5916 ca‘p.
1421 5858 1464 5904 l.

519 5859 568 5920 ὁ)
607 5859 808 5912 Aleum,
832 5859 916 5902 lib.
941 5859 1006 5901 de
1028 5862 1252 5912 sacram,
1275 5869 1380 5916 cap.

497 5859 569 5981 ie)
603 5917 822 5980 Gregorii
856 5914 1022 5964 homil.
1047 5915 1109 5963 25
1132 5917 1179 5964 in
1203 5922 1380 5978 Evang.

3616 466 3723 527 933

2129 578 2304 632 ﬁeudo
2330 578 2590 655 quzesivit,
2617 585 2675 655 et
2702 578 2989 655 quaerendo
3021 580 3422 655 perseveravit;
3447 581 3568 638 ideo
3605 589 3716 655 pri-

2130 664 2213 724 ma
2259 650 2495 724 omnium
2537 648 2888 724 te_ii_iven_ire_.
2923 657 2973 703 te
3004 651 3214 724 videre,
3262 659 3312 724 te
3355 653 3558 724 alloqui
3598 648 3716 712 mea

2130 721 2234 790 ruit
2267 718 2442 790 (Joan.
2476 735 2566 783 xx,
2600 720 2814 788 ll-li).
2849 719 2916 772 Et
2941 737 3044 774 non
3072 721 3242 774 solum
3267 723 3402 786 hzrc,
3433 718 3528 779 sed
3554 727 3718 783 etiam

2132 789 2263 864 ipsis
2279 789 2562 864 discipulis
2583 790 2826 864 gloriosa:
2850 793 3257 864 resurrectionis
3289 803 3392 849 tuae
3418 802 3718 864 praenuntia

2131 861 2451 938 esstitit,__te
2479 861 2817 938 przecipiente
2843 872 2896 915 et
2924 862 3218 938 clementer
3246 861 3516 938 monente,
3557 867 3717 938 Vade,

2131 931 2212 983 dic
2243 932 2480 1001 fratribus
2511 933 2665 996 meis,
2700 941 2750 983 ut
2781 943 2895 984 eant
2935 933 2987 985 in
3019 933 3320 1001 Gulilteam;
3364 936 3431 989 ibi
3471 955 3552 991 me
3578 931 3719 993 vide;

2133 1002 2251 1054 bunt
2279 1002 2492 1072 (Matth.
2518 1018 2700 1064 xxviii,
2738 1001 2844 1073 10).
2876 1003 2929 1056 Si
2965 1003 3122 1071 igitur
3149 1005 3216 1058 ita
3241 1004 3410 1070 ﬂevit,
3434 1009 3562 1062 etin
3592 1011 3720 1065 ﬁetu

2135 1075 2498 1149 perseveravit
2528 1074 2718 1126 mulier
2747 1089 2865 1149 qua}
2893 1074 3159 1149 viventem
3182 1091 3302 1149 cum
3327 1081 3553 1149 mortuis
3574 1097 3722 1149 qua:-

2136 1143 2283 1219 rehat
2307 1184 2320 1203 ,
2349 1159 2466 1212 qua:
2495 1150 2560 1219 _te
2601 1160 2759 1219 manu
2795 1143 2915 1196 fidei
2940 1160 3052 1219 non
3096 1147 3416 1219 tangebat‘;
3448 1143 3719 1219 quomodo

2135 1213 2385 1288 plangere
2415 1223 2466 1267 et
2495 1215 2546 1266 in
2573 1214 2782 1288 planctu
2814 1215 3099 1288 persistere
3120 1217 3277 1271 debet
3304 1213 3498 1283 anima,
3524 1237 3644 1288 quze
3667 1231 3721 1277 te

2134 1284 2524 1350 redemptorem
2557 1299 2709 1361 suum
2731 1287 2839 1361 jam
2861 1286 2998 1338 (mlo
3015 1288 3413 1361 praesidentem,
3442 1300 3496 1344 et
3524 1284 3720 1361 ubique

2135 1366 2444 1422 regnantem
2486 1355 2648 1428 corde
2687 1356 2893 1428 credit,
2941 1355 3035 1411 ore
3075 1357 3396 1413 conﬁtetur?
3438 1355 3720 1428 Quomodo

2135 1438 2270 1499 ergo
2282 1440 2497 1499 gemere
2522 1435 2575 1480 et
2592 1426 2716 1479 ﬁere
2737 1426 3024 1499 tleliettalis
3038 1429 3234 1494 anima,
3255 1446 3373 1499 qua}
3397 1441 3447 1486 te
3463 1426 3579 1486 toto
3601 1449 3721 1488 cor-

2136 1493 2202 1547 de
2223 1495 2408 1569 diligit,
2442 1507 2597 1566 teque
2625 1505 2734 1549 toto
2758 1497 3024 1551 desiderio
3051 1493 3235 1554 videre
3255 1493 3614 1569 concutiiscit?

2211 1568 2393 1620 Solmn
2442 1569 2842 1640 confugiumet
2891 1584 3044 1640 unica
3089 1585 3211 1638 spes
3243 1568 3595 1640 miserorum,
3635 1574 3719 1631 cui

2137 1651 2406 1714 nunquam
2449 1639 2684 1714 sine_spe
2710 1639 3089 1693 misericordee
3115 1641 3478 1710 supplicatur,
3528 1639 3719 1714 prmsta

2137 1707 2265 1759 mihi
2297 1707 2435 1781 hanc
2458 1710 2679 1776 gratiam
2708 1719 2924 1781 propter
2943 1719 2992 1764 te
3012 1707 3268 1765 etnonien
3287 1707 3715 1781 sanctum'tuum,

2139 1787 2195 1852 ut
2223 1780 2430 1852 quoties
2464 1781 2530 1852 de
2563 1789 2612 1834 te
2641 1781 2814 1852 cogito
2838 1822 2851 1842 ,
2894 1779 2960 1833 de
3008 1789 3058 1834 te
3088 1782 3303 1852 loquor,
3349 1783 3417 1838 de
3444 1795 3493 1840 te
3521 1779 3718 1852 scribo,

2137 1848 2202 1900 de
2230 1856 2284 1922 te
2315 1849 2448 1922 lego,
2482 1849 2548 1922 de
2577 1860 2626 1905 te
2651 1849 2890 1916 confero,
2923 1852 3129 1919 quoties
3158 1848 3232 1906 iui
3260 1856 3594 1922 reminiscor,
3628 1848 3722 1914 tibi

2137 1919 2329 1992 assisto
2351 1961 2380 1992 ,γ
2402 1920 2584 1974 laudes
2605 1963 2620 1987 ,
2654 1936 2867 1989 preces,
2900 1933 2952 1974 rt
2982 1923 3300 1977 sacriﬁcium
3329 1925 3495 1981 oll‘ero
3514 1971 3529 1992 ,
3559 1919 3719 1984 toties

2137 1989 2620 2064 obortisglacrymis
2651 1993 2700 2045 iu
2727 2004 3027 2064 conspectui
3043 2002 3133 2047 tuo
3172 1996 3388 2064 copiose
3415 2009 3470 2052 et
3492 1989 3721 2054 dulciter

2139 2059 2321 2125 ﬂeam,
2353 2062 2420 2114 ita
2448 2059 2509 2138 ut
2533 2059 2978 2138 eflkiauturiuihi
3019 2059 3267 2138 lacryma:
3293 2083 3425 2121 mea!
3453 2083 3617 2138 panes
3636 2071 3724 2125 die

2137 2144 2199 2182 ac
2227 2141 2398 2184 nocte.
2447 2133 2525 2186 Tu
2557 2135 2766 2201 quidem
2794 2175 2807 2197 ,
2840 2134 2951 2186 Rex
2985 2133 3168 2203 gloriie
3198 2145 3250 2189 et
3293 2133 3529 2192 on'mium
3561 2141 3724 2194 virtu-

2140 2207 2249 2280 tum
2274 2203 2543 2280 magister,
2573 2204 2795 2280 docuisti
2830 2219 2935 2280 nos
2955 2205 3116 2258 verbo
3147 2215 3198 2260 et
3228 2209 3480 2278 exemplo
3508 2225 3725 2280 gemere

2139 2270 2377 2349 et‘ﬂere,
2408 2274 2608 2349 dicens,
2638 2275 3115 2349 Deatiquijugent,
3143 2270 3724 2349 quoniain'ipsivronso-

2139 2341 2380 2419 labuntur
2409 2343 2516 2414 (Id.
2549 2361 2582 2399 v
2606 2385 2622 2411 ,
2653 2344 2730 2416 5).
2775 2346 2854 2399 Tu
2897 2341 3086 2401 ﬂevisti
3123 2341 3446 2402 defunctum.
3468 2356 3723 2419 amicum,

2139 2413 2537 2489 t_'t_.lac_rymatus
2563 2433 2620 2489 es
2642 2413 2802 2485 super
2829 2418 3114 2484 perituram
3141 2420 3406 2474 civitatem
3435 2419 3612 2489 (Joan.
3642 2413 3718 2489 tu,

2140 2481 2209 2559 ε’ὗὸ
2230 2500 2244 2546 ;
2266 2481 2402 2559 ‘Luc.
2431 2501 2517 2559 χιι
2539 2527 2554 2552 ,
2587 2488 2680 2554 41)
2712 2481 2725 2541 Ξ
2753 2481 2882 2555 rogo
2911 2496 2983 2553 te,
3013 2491 3150 2543 bone
3176 2489 3323 2554 Jesu,
3353 2481 3450 2559 per
3470 2493 3588 2546 illas
3611 2481 3726 2549 tuas

2140 2553 2472 2629 beatissimos
2495 2553 2772 2629 lacrymas,
2801 2553 2854 2629 et
2885 2574 2975 2625 per
2995 2574 3180 2613 omnes
3202 2553 3571 2617 miserationes
3585 2572 3722 2629 tuas,

2139 2624 2334 2703 quibus
2371 2624 2684 2703 mirabiliter
2719 2624 3126 2703 nobisperditis
3166 2631 3451 2686 subvenire
3478 2624 3724 2703 dignatus

2141 2708 2221 2770 es,
2251 2695 2314 2748 da
2346 2696 2471 2749 mihi
2500 2700 2720 2766 gratiam
2763 2695 3112 2769 Iacryinarum
3138 2741 3152 2765 ,
3197 2717 3355 2770 quam
3385 2695 3608 2759 multu'm
3633 2704 3728 2759 de-

2141 2763 2339 2819 siderat
2364 2809 2378 2828 ,
2411 2777 2463 2820 et
2551 2777 2600 2822 te
2629 2770 2759 2838 petit
2783 2763 2958 2822 aniina
2982 2785 3098 2823 mea
3134 2763 3147 2820 ἑ
3173 2763 3296 2840 quia
3325 2775 3440 2828 sine
3469 2775 3612 2829 dono
3639 2785 3728 2829 tuo

2143 2850 2246 2910 non
2267 2851 2481 2910 possum
2506 2837 2702 2910 habere
2715 2856 2853 2893 eam.
2878 2840 2980 2894 Per
3001 2837 3254 2910 Spiiitiim
3286 2846 3529 2898 sanctum
3557 2855 3724 2910 tuum,

2141 2907 2227 2974 qui
2260 2909 2391 2960 dura
2415 2909 2574 2962 corda
2605 2922 2939 2978 peccatorum
2973 2907 3160 2979 mollit,
3191 2924 3244 2966 et
3271 2915 3335 2969 ad
3366 2915 3549 2969 [letum
3582 2907 3728 2970 com;

2142 2980 2327 3052 pungit
2351 3021 2364 3043 ,
2415 2979 2481 3032 da
2513 2979 2643 3052 mihi
2681 2983 2902 3050 gratiam
2931 2983 3284 3052 lacrymarum
3311 3028 3325 3050 ,
3371 2987 3510 3040 sicut
3538 2986 3726 3042 dedisti

2143 3049 2380 3124 patribus
2428 3051 2596 3124 meis,
2644 3049 2868 3120 quorum
2913 3049 3133 3124 vestigia
3177 3054 3348 3108 debeo
3393 3058 3636 3111 imitari:
3670 3068 3728 3112 ut

2144 3119 2385 3187 plangam
2415 3137 2499 3175 me
2522 3119 2747 3198 in__omi_ii
2776 3126 2879 3176 vita
2909 3139 3022 3178 mea
3041 3119 3075 3198 ,ξ
3103 3125 3239 3179 sicut
3267 3127 3364 3196 ip~i
3407 3143 3464 3181 se
3505 3129 3726 3198 planxe-

2142 3199 2265 3266 runt
2291 3200 2450 3266 nocte
2473 3208 2534 3244 ac
2551 3192 2656 3245 die.
2691 3194 2916 3266 PrOpter
2937 3195 3123 3249 merita
3142 3207 3195 3249 et
3219 3192 3490 3252 orationes
3506 3192 3724 3266 eorum,

2141 3260 2236 3329 qui
2267 3261 2356 3314 tibi
2391 3262 2698 3340 placuerunt
2724 3274 2776 3340 et
2803 3260 3147 3340 devtit_i_Ss-ime
3174 3269 3494 3340 servierunt,
3523 3268 3598 3340 (τι)
3625 3260 3728 3340 ιηιέ

2142 3346 2322 3384 serere
2348 3333 2450 3386 mei
2479 3334 2762 3387 miserrimi
2801 3345 2854 3389 et
2885 3336 3082 3400 indigni
3113 3337 3255 3390 servi
3285 3339 3391 3401 tui,
3425 3348 3478 3392 et
3503 3333 3726 3394 da'mihi

2139 3403 2362 3477 gratiam
2397 3404 2770 3477 lacrymarum.
2819 3407 2889 3460 Da
2933 3407 3061 3460 mihi
3094 3408 3348 3477 irriguum
3383 3410 3603 3464 interius
3626 3453 3640 3476 ,
3671 3419 3727 3465 et

2143 3473 2396 3549 irriguum
2425 3473 2668 3549 superius
2689 3493 2716 3549 ;_
2744 3485 2803 3528 ut
2826 3477 2936 3549 Vsint
2969 3477 3098 3530 mihi
3127 3473 3376 3548 laérymm
3404 3496 3536 3533 mea:
3563 3473 3727 3549 panes

2141 3543 2227 3596 die
2257 3557 2318 3617 ac
2347 3555 2520 3599 nocte.
2570 3546 2784 3600 Efﬁciar
2823 3548 2874 3600 iu
2911 3559 3198 3616 conspectu
3231 3543 3319 3602 t'uo
3340 3591 3354 3613 ,
3386 3551 3524 3604 Deus
3551 3543 3724 3617 meus,

2142 3627 2246 3688 per
2263 3615 2435 3682 ignem
2461 3618 2883 3684 compuactionis
2913 3615 3278 3672 holocaustum
3317 3621 3510 3688 pingue
3536 3630 3588 3674 et
3613 3615 3728 3676 me;

2141 3684 2397 3738 dullatum
2431 3702 2444 3736 :
2477 3697 2678 3740 macter
2720 3696 2859 3742 totus
2906 3689 2957 3741 in
2988 3704 3080 3742 ara
3111 3690 3288 3743 cordis
3318 3684 3434 3745 inci
3463 3734 3474 3752 ,
3518 3701 3571 3745 et
3611 3703 3728 3745 tau-

2140 3770 2298 3823 quam
2329 3756 2733 3826 pinguissimum
2761 3757 3123 3813 holocaustum
3145 3775 3386 3815 assumar
3416 3761 3505 3815 lilii
3531 3764 3579 3815 in
3609 3763 3732 3817 odo-

2140 3840 2253 3878 rem
2286 3828 2582 3901 suavitatis.
2613 3829 2685 3881 Da
2712 3829 2845 3901 mihi
2877 3829 3074 3883 fontem
3102 3831 3354 3901 irriguum
3376 3873 3390 3896 ,
3423 3832 3730 3900 fontemque

2177 3897 2501 3971 erspicoum,
2534 3898 2728 3971 in_quo
2765 3900 2968 3954 lavetur
2991 3897 3367 3956 assidue'istud
3400 3897 3727 3971 inquinatum

2181 3966 2530 4021 olocaustum.
2586 3966 2734 4023 Licet
2774 3971 2914 4024 enim
2963 3987 3047 4025 me
3094 3973 3185 4025 tibi
3231 3981 3396 4026 totum
3443 3966 3726 4028 obtulerim

2140 4038 2433 4113 opitulante
2464 4041 2483 4070 ³
2510 4042 2675 4113 gratia
2709 4051 2793 4113 tua
2821 4058 2835 4106 ;
2871 4042 2928 4113 in
2974 4042 3152 4096 multis
3185 4052 3356 4097 tamen
3387 4044 3624 4113 quotidie
3648 4047 3732 4096 ot-

2140 4109 2298 4161 feudo
2339 4119 2554 4182 propter
2595 4111 2812 4164 nimiam
2859 4111 3195 4182 fragilitatem
3238 4109 3432 4168 meam'.
3480 4115 3550 4167 Da
3600 4115 3730 4169 mihi

2141 4193 2268 4247 ergo
2287 4181 2508 4248 gratiam
2543 4181 2917 4250 lacrymarum,
2943 4181 3219 4238 benedicte
3244 4195 3296 4238 et
3313 4185 3555 4238 amabilis
3569 4186 3728 4251 Deus,

2141 4252 2404 4318 pr.ecipue
2430 4265 2498 4304 ex
2531 4253 2692 4304 multa
2717 4252 2997 4306 dulcedine
3025 4256 3223 4309 amoris
3247 4255 3319 4308 tui
3343 4297 3355 4318 ,
3398 4265 3454 4310 et
3490 4271 3730 4311 comme-

2140 4323 2438 4396 moratione
2486 4323 2969 4396 misericordiarum
3015 4335 3243 4379 tuarum.
3301 4326 3547 4396 Prrepara
3595 4327 3731 4380 hanc

2141 4405 2380 4463 mensam
2413 4391 2609 4445 famulo
2637 4403 2727 4446 tuo
2753 4395 2802 4447 in
2833 4404 3116 4463 eoosriectu
3142 4397 3277 4449 servi
3312 4391 3491 4462 lui,'et
3511 4397 3575 4450 da
3603 4397 3732 4451 mihi

2140 4475 2256 4514 eam
2279 4462 2328 4514 in
2346 4471 2682 4531 potestatem,
2714 4462 2990 4533 utquoties
3019 4466 3139 4518 volo
3165 4468 3330 4521 satier
3350 4482 3413 4520 ex
3429 4482 3514 4521 ea.
3533 4466 3731 4522 Tribue

2140 4547 2237 4600 pro
2259 4534 2454 4602 pietate
2467 4544 2518 4586 et
2532 4534 2766 4588 bonitate
2790 4545 2896 4598 tua,
2918 4545 2975 4588 ut
2991 4537 3090 4590 iste
3103 4538 3236 4590 calix
3257 4547 3377 4591 tuus
3396 4539 3664 4592 inebrians
3675 4547 3733 4593 et

2139 4605 2428 4672 pra:clarus
2470 4606 2625 4676 saliet
2654 4607 2794 4659 sitim
2825 4622 2996 4660 meam
3029 4625 3042 4660 ε
3074 4617 3131 4660 ιιι
3173 4608 3342 4661 inhiet
3379 4608 3469 4662 tibi
3511 4609 3730 4676 spiritus

2141 4687 2311 4738 meus,
2340 4684 2388 4727 et
2417 4675 2602 4728 ardeat
2623 4691 2774 4730 mens
2798 4693 2912 4730 mea
2946 4679 2997 4730 in
3019 4692 3204 4733 amore
3233 4687 3322 4732 tuo
3346 4719 3360 4743 ,
3392 4675 3556 4733 oblita
3579 4681 3731 4733 vani-

2142 4744 2265 4796 tatis
2292 4753 2347 4798 et
2373 4745 2623 4800 miserim.
2652 4748 2812 4810 Audi,
2850 4749 2987 4802 Deus
3018 4765 3188 4812 meus,
3217 4748 3360 4812 audi,
3397 4750 3575 4804 lumen
3605 4766 3734 4804 ocu-

2140 4815 2314 4889 lorum
2340 4830 2582 4889 meorum
2608 4858 2622 4881 ,
2652 4818 2778 4889 audi
2802 4834 2919 4889 qiue
2953 4826 3074 4886 peto
3099 4860 3112 4881 ,
3146 4828 3200 4874 et
3225 4819 3290 4872 da
3321 4835 3440 4888 qua:
3471 4832 3650 4889 petam
3678 4830 3732 4876 ut

2139 4886 2344 4956 audias.
2393 4886 2484 4940 Pie
2522 4895 2577 4940 et
2600 4886 2890 4943 exorabilis
2916 4889 3142 4943 Domine
3169 4931 3182 4956 ,
3235 4905 3302 4944 ne
3327 4886 3578 4945 efﬁciat-is
3601 4891 3731 4945 mihi

2141 4955 2480 5010 inexorabilis
2508 4967 2723 5031 propter
2753 4969 2967 5028 peccata
2997 4975 3112 5013 mea
3135 5001 3150 5027 ,
3188 4960 3282 5015 sed
3326 4971 3548 5031 propter
3576 4962 3734 5014 boni-

2141 5035 2302 5079 tatem
2333 5039 2475 5080 tuam
2509 5029 2720 5097 suscipe
2753 5031 2889 5082 servi
2919 5031 2990 5083 tui
3016 5045 3233 5098 preces,
3276 5029 3418 5084 θιὼ
3447 5032 3575 5085 mihi
3606 5032 3735 5086 clie-

2139 5108 2281 5171 ctmu
2310 5098 2583 5171 petitionis
2621 5110 2671 5153 et
2697 5099 2954 5171 desiderii
2992 5101 3094 5156 mei
3117 5143 3132 5165 ,
3164 5102 3415 5171 precibus
3445 5110 3497 5154 et
3527 5104 3731 5157 meritis

2139 5167 2387 5234 gloriosa:
2431 5170 2648 5237 virginis
2694 5170 2871 5226 Maria:
2909 5171 3140 5226 domina:
3165 5167 3322 5226 'mere
3364 5181 3419 5226 et
3445 5172 3464 5202 ³
3492 5175 3734 5228 Omnium

2139 5251 2464 5292 sanctorum.
2493 5241 2685 5293 Amen.

2211 5309 2438 5364 CAPUT
2513 5310 2780 5364 XXXVII.
2858 5311 3096 5366 Precatio
3173 5313 3240 5363 ad
3315 5309 3576 5367 Christum
3644 5313 3736 5366 ι)ρὶ

2139 5378 2390 5453 desiderio
2425 5381 2672 5453 ﬂagrans.
2724 5381 2894 5453 [Ionio
2934 5395 3040 5452 eget
3084 5383 3279 5453 duplici
3330 5385 3460 5436 cibo.
3509 5383 3734 5438 Gemitus

2140 5451 2326 5503 anima:
2345 5452 2558 5505 sitientis
2591 5451 2753 5504 Deum
2826 5451 3279 5520 Contemplationis
3308 5471 3501 5522 pennas
3536 5457 3735 5507 interim

2143 5523 2298 5590 petit,
2345 5533 2390 5574 et
2426 5533 2479 5575 ut
2505 5524 2649 5576 sileat
2677 5523 2768 5575 sibi
2803 5525 3044 5593 quidquid
3077 5539 3300 5577 creatum
3339 5536 3433 5576 est.
3490 5525 3736 5580 Presutur

2205 5677 2220 5708 ³
2250 5676 2490 5737 Addimus,
2509 5688 2621 5734 non,
2645 5689 2709 5724 ex
2742 5684 2821 5725 its.
2857 5682 2988 5725 Mett.

2203 5741 2223 5771 ³
2244 5745 2323 5786 Ms.
2350 5745 2502 5797 Mett.,
2532 5746 2773 5800 operante.

2205 5801 2225 5832 ³
2250 5808 2358 5864 lttcc
2388 5796 2804 5864 verba,'gtorio.rw
2845 5798 3043 5862 virginis
3087 5798 3256 5849 Maria:
3278 5796 3488 5851 dominre
3511 5812 3631 5850 mea:
3669 5805 3734 5860 et,

2145 5875 2238 5910 non
2275 5863 2422 5910 hanet
2448 5869 2527 5909 Ms.
2554 5863 2680 5910 Μαι.

2208 5923 2282 5986 (ιι)
2319 5931 2607 5973 ltatzeaess.
2637 5923 2812 5972 Aleum.
2843 5933 2963 5985 [ιω-ι.
2993 5923 3036 5983 4,
3065 5937 3112 5971 ιι.
3140 5923 3215 5972 16.
