4070 6532
319 437 424 469 υθέ,

315 532 578 605 comitatis
601 533 801 605 ruinas.
829 533 1048 605 (tument
1073 532 1152 584 ln'c
1174 531 1359 605 respuit
1383 533 1796 586 consolationem.
1829 532 1902 605 (ιι)

314 603 442 655 .icsu
477 603 719 666 Domine,
747 602 871 657 Jesu
896 605 997 671 pie,
1025 603 1148 656 .Iesu
1180 603 1346 664 boue,
1377 606 1464 672 qui
1498 606 1629 656 tnori
1660 602 1904 672 dignatus

313 690 375 724 os
399 683 624 744 propter
652 683 866 744 peccata
899 686 1099 733 nostra,
1132 684 1185 726 et
1210 674 1545 727 resarrexisti
1577 687 1792 742 prepter
1812 675 1903 743 ju-

313 741 686 797 stiﬁcationem
720 755 953 798 nostram
976 785 991 807 ,
1035 760 1165 814 rogo
1209 754 1258 797 te
1288 760 1394 814 per
1418 741 1700 812 gloriosam
1729 741 1906 799 resur-

315 814 608 868 tectionem
639 825 818 878 tuam,
864 813 1118 868 resuscita
1152 830 1236 870 me
1266 813 1332 868 de
1365 815 1610 885 sepulcro
1651 817 1899 870 vitiorum

313 896 369 962 et
392 894 728 962 peccatorum
765 886 1001 962 omnium
1027 926 1043 949 ,
1089 893 1143 962 et
1171 885 1235 939 da
1268 886 1395 939 mihi
1437 885 1672 962 quotidie
1703 897 1903 954 partem

317 956 369 1006 in
395 956 788 1010 resurrectione
807 956 994 1024 prima,
1022 957 1152 1010 utin
1179 959 1568 1010 resurrectione
1591 967 1676 1010 tua
1694 972 1907 1011 merear

317 1026 584 1096 veraciter
615 1028 888 1094 percipere
917 1028 1237 1096 portionem.
1272 1027 1604 1087 Dnlcissime.
1630 1027 1902 1096 benignis-

316 1095 473 1159 sime,
507 1099 872 1151 amantissime
896 1095 1288 1161 .’charissime,
1326 1099 1726 1165 pretiosissime,
1760 1099 1903 1151 desi‘

314 1165 689 1221 derantissime
711 1208 724 1218 .
750 1167 1131 1221 amabilissime
1150 1208 1163 1229 ,
1207 1169 1584 1237 pulcherrime,
1619 1169 1903 1223 ascendisti

317 1238 369 1308 iu
401 1239 598 1308 caelum
626 1253 748 1291 cum
793 1237 1062 1306 tritunpho
1089 1239 1270 1308 glorirc
1295 1281 1309 1303 ,
1353 1238 1512 1292 sedes
1537 1241 1600 1292 ad
1632 1240 1902 1294 dexteram

319 1307 512 1360 l’alris.
569 1307 680 1362 Rex
724 1307 1131 1376 potentissime,
1177 1309 1327 1364 trahe
1355 1325 1440 1361 me
1479 1325 1690 1364 sursum
1720 1311 1784 1364 ad
1819 1323 1901 1376 te;

315 1393 527 1431 curram
561 1389 677 1446 post
717 1389 768 1434 te
812 1381 860 1431 in
894 1379 1058 1432 odore
1088 1390 1476 1448 unguentorum
1507 1389 1714 1435 taortnn
1736 1422 1750 1445 ,
1781 1398 1903 1436 cur-

321 1464 434 1500 ram
467 1458 522 1501 et
561 1466 664 1502 non
693 1449 973 1512 deliciam,
1028 1460 1078 1503 te
1107 1452 1382 1514 trahente,
1435 1460 1485 1504 te
1527 1451 1787 1515 ducente,
1821 1468 1905 1506 me

317 1530 568 1574 currente
600 1521 636 1571 ί.
692 1520 866 1574 Trahe
913 1536 974 1572 os
1001 1521 1231 1574 sitientis
1271 1530 1323 1575 te
1349 1521 1540 1574 auium:
1573 1523 1623 1575 in
1669 1538 1902 1590 snperna

320 1590 516 1646 llnenta
556 1601 770 1644 :eteraae
798 1591 1089 1654 satietatis;
1123 1592 1228 1644 imo
1255 1591 1404 1645 trahe
1431 1591 1494 1644 ad
1527 1601 1577 1646 te
1600 1593 1796 1646 fontem
1825 1596 1904 1646 vi-

321 1675 443 1712 vum
467 1701 482 1725 ,
510 1671 560 1713 nt
593 1662 716 1714 inde
747 1677 844 1732 pro
865 1671 1020 1731 captu
1051 1677 1169 1715 meo
1199 1663 1371 1715 bibam
1395 1705 1406 1723 ,
1443 1663 1564 1714 inde
1590 1679 1801 1731 semper
1828 1667 1904 1717 vi-

321 1748 461 1784 vam.
513 1733 650 1785 Dens
682 1750 831 1785 meus
860 1733 963 1786 vita
1008 1749 1145 1786 mea.
1195 1733 1271 1785 Tu
1299 1733 1438 1786 cnim
1483 1734 1658 1786 dixisti
1695 1751 1788 1787 ore
1817 1745 1907 1786 tuo

321 1812 508 1855 sancto
537 1813 589 1855 el
615 1804 915 1866 benedicta,
951 1803 1012 1857 Si
1031 1805 1141 1872 quis
1161 1803 1283 1866 sitit,
1308 1805 1472 1856 veniat
1493 1805 1559 1856 ad
1581 1823 1677 1870 me,
1709 1816 1753 1857 ct
1771 1806 1907 1858 bibat

323 1873 500 1939 (Joun.
529 1889 621 1937 vn,
647 1872 756 1943 57).
794 1873 933 1926 Fons
961 1876 1078 1927 vine
1099 1916 1112 1939 ,
1145 1874 1209 1928 da
1241 1875 1434 1928 sitienti
1479 1875 1671 1929 anima:
1698 1892 1907 1944 semper

326 1945 510 1997 bibere
539 1961 600 1996 ex
633 1955 706 2006 te,
741 1945 1099 1999 lllSl‘Clllllllllll
1124 1955 1359 1998 sanctam
1383 1955 1435 1999 et
1465 1947 1749 2000 veridicam
1784 1964 1906 2013 pro.

324 2016 631 2088 missionem
647 2029 786 2088 tuam
807 2015 871 2067 de
886 2025 1069 2088 ventre
1084 2031 1201 2070 meo
1224 2015 1389 2068 ﬂuant
1406 2033 1554 2084 aqua:
1572 2017 1701 2070 viva:
1718 2016 1875 2088 (Ibid.
1889 2059 1902 2081 ,

325 2086 436 2150 58).
477 2085 618 2139 Fons
645 2087 794 2146 vitm,
835 2087 982 2154 reple
1013 2097 1243 2139 mentem
1277 2101 1447 2139 meam
1488 2085 1734 2142 torrente
1753 2089 1904 2141 volu-

325 2157 482 2221 ptatis
510 2167 630 2222 unc,
661 2167 715 2210 et
741 2157 939 2210 iuebria
971 2174 1064 2210 cor
1087 2173 1260 2210 meum
1288 2158 1463 2210 sobria
1492 2158 1746 2212 ebrietate
1767 2175 1907 2212 amo-

325 2229 396 2278 ris
425 2228 495 2280 tui
527 2245 539 2279 :
574 2240 627 2280 ut
651 2229 934 2282 obliviscar
969 2244 1087 2297 qua:
1119 2243 1250 2282 vana
1277 2237 1399 2282 sunt
1425 2237 1478 2280 et
1505 2237 1744 2290 terrena,
1781 2240 1906 2286 ctte

323 2299 495 2350 solum
515 2298 712 2367 jngiter
739 2300 957 2352 habeam
989 2303 1037 2350 in
1062 2300 1313 2351 memoria
1344 2315 1480 2364 mea,
1499 2299 1904 2368 SlCttlSCI'lplllln

323 2378 405 2420 t-sl
436 2386 447 2420 :
482 2369 676 2421 Memor
714 2371 792 2440 fni
836 2369 953 2433 Dei,
996 2379 1041 2422 et
1081 2371 1356 2422 delectatus
1385 2387 1494 2422 sunt
1525 2370 1690 2440 (Psal.
1729 2388 1902 2434 Lxxw,

323 2443 399 2504 4).
439 2441 506 2490 lla
538 2440 664 2492 tnihi
702 2439 952 2506 Spiritum
981 2450 1220 2494 Sanctum
1252 2451 1394 2492 tuum
1423 2443 1443 2471 ¹
1465 2483 1478 2501 ,
1515 2439 1670 2505 utinm
1709 2444 1908 2507 signiti-

324 2511 515 2563 eahant
545 2512 645 2563 illa:
670 2527 819 2580 aqua:
845 2551 859 2575 ,
912 2527 1043 2580 quas
1071 2511 1373 2563 sitientibus
1403 2511 1646 2564 daturum
1688 2523 1737 2565 te
1781 2529 1904 2580 pro-

326 2581 548 2634 miseras
581 2598 593 2634 :
623 2581 685 2634 da
711 2622 728 2647 ,
771 2597 986 2650 quaeso,
1034 2592 1142 2634 toto
1170 2581 1434 2635 desiderio
1471 2592 1522 2636 et
1555 2585 1697 2636 omm
1731 2583 1906 2635 studio

326 2651 581 2716 tendere,
614 2667 720 2720 quo
761 2660 810 2705 te
847 2654 1150 2705 ascendisse
1184 2661 1299 2720 post
1340 2655 1791 2706 resurrectionem
1821 2654 1907 2707 die

324 2722 732 2792 quadragesimo
782 2724 1054 2776 credimus
1088 2741 1100 2774 :
1137 2723 1208 2792 (b)
1238 2733 1293 2775 ut
1329 2723 1377 2775 in
1406 2727 1656 2792 pr.csenti
1689 2723 1904 2792 quidem

327 2793 540 2846 miseria
569 2795 682 2848 solo
719 2802 898 2847 tenear
927 2809 1154 2860 corpore
1175 2835 1187 2857 ,
1222 2803 1394 2846 tecum
1423 2804 1598 2847 autent
1633 2796 1730 2848 sim
1759 2796 1906 2863 cogi-

325 2865 526 2918 latione
548 2879 760 2933 semper
784 2873 837 2918 et
861 2866 1146 2927 aviditate;
1180 2874 1233 2918 ιιι
1262 2865 1329 2916 ibi
1357 2865 1423 2918 sit
1455 2881 1549 2918 cor
1579 2882 1750 2918 mettm
1774 2907 1788 2927 ,
1819 2867 1904 2919 ubi

327 2943 381 2986 tu
411 2949 489 2999 es,
522 2934 805 2989 thesaurus
833 2951 984 2989 meus
1009 2935 1378 2988 desiderabilis
1404 2944 1458 2987 et
1479 2937 1908 3003 incomparabilis

325 3005 660 3075 multumque
683 3006 944 3059 amabilis.
1000 3007 1052 3059 lii
1087 3005 1186 3058 hoc
1213 3006 1356 3059 enim
1383 3021 1575 3074 magno
1609 3008 1760 3071 huius
1786 3009 1907 3060 vita:

322 3076 529 3128 diluvio
552 3117 566 3139 ,
599 3077 685 3128 ubi
715 3078 1166 3129 circumﬂantibus
1191 3077 1451 3143 agitantur
1484 3079 1728 3145 procollis
1755 3120 1767 3134 ,
1803 3095 1906 3131 non

324 3147 596 3201 invenitur
623 3146 726 3200 lida
757 3149 915 3200 statio
941 3159 989 3200 el
1016 3149 1163 3200 locus
1182 3148 1532 3208 eminentior,
1581 3148 1666 3200 ubi
1700 3163 1794 3216 pes
1820 3164 1910 3201 co-

325 3218 521 3270 lumbte
542 3218 875 3286 aliquatenus
906 3220 1075 3271 vah-at
1110 3218 1463 3286 requiescere.
1498 3219 1765 3288 Nusquam
1800 3229 1909 3274 tnta

324 3303 431 3356 pax
460 3329 475 3352 ,
528 3304 790 3357 nusquam
815 3303 1001 3342 secura
1031 3290 1216 3356 quies;
1263 3289 1456 3358 ubique
1501 3291 1636 3343 bella
1672 3300 1724 3344 et
1768 3291 1906 3353 lites,

325 3360 522 3427 ubique
555 3360 735 3412 hostes
757 3359 798 3419 ³,
833 3361 960 3414 loris
992 3376 1179 3428 pugna:
1200 3401 1215 3426 ,
1251 3359 1392 3412 intus
1422 3361 1657 3413 timores.

401 3431 474 3498 (ιτ)
510 3431 570 3483 Et
599 3431 720 3498 quia
758 3430 925 3483 altera
969 3447 1089 3498 pars
1128 3445 1313 3484 sumus
1337 3431 1457 3484 (ταῖΙί
1481 3473 1496 3494 ,
1528 3431 1695 3484 altera
1729 3441 1906 3496 terrm,

323 3515 525 3568 corpus
557 3501 697 3569 quod
733 3503 1094 3570 corrumpitur
1123 3511 1368 3568 aggravat
1412 3503 1664 3555 animam.
1707 3500 1910 3554 Idcirco

323 3571 539 3623 animus
564 3586 715 3624 meus
731 3573 906 3624 socius
933 3582 986 3625 et
1011 3572 1214 3624 amicus
1230 3588 1398 3633 metis,
1423 3570 1675 3641 fatigatus
1691 3573 1910 3627 veniens

323 3643 395 3696 de
424 3643 503 3694 via
526 3683 539 3701 ,
569 3641 779 3711 languet
803 3651 857 3696 et
879 3642 1021 3710 jacet
1043 3685 1057 3706 ,
1089 3654 1140 3695 et
1171 3642 1428 3697 discissus
1457 3653 1619 3710 atque
1648 3643 1912 3696 laceratus

324 3713 397 3764 ab
428 3713 555 3780 ipsis
588 3728 720 3780 quas
767 3715 1048 3766 transierat
1082 3713 1403 3766 vanitatibus
1427 3755 1440 3774 ,
1496 3715 1663 3768 esurit
1701 3723 1755 3766 et
1800 3715 1909 3767 sitit

323 3782 516 3844 valde;
563 3798 667 3836 non
713 3783 881 3837 ha'oeo
909 3785 1048 3853 quod
1093 3800 1284 3852 ponam
1317 3792 1439 3836 ante
1475 3784 1623 3837 illum
1649 3825 1662 3845 ,
1714 3799 1913 3852 pauper

325 3869 446 3906 sum
464 3865 517 3907 et
532 3853 834 3909 mendicus:
857 3855 1164 3916 tu,Domine
1181 3855 1316 3908 Deus
1331 3869 1499 3920 meus,
1513 3855 1658 3908 dives
1675 3857 1910 3907 omnimn

326 3925 589 3995 honorum
616 3967 630 3986 ,
678 3934 733 3979 et
775 3924 986 3995 dapium
1030 3940 1275 3993 supernae
1318 3925 1576 3979 satietatis
1615 3927 1912 3994 epulentisc

325 3994 464 4049 sime
495 3995 740 4064 largitor,
773 3994 852 4050 dar
873 3998 1014 4050 lasso
1033 3997 1232 4056 cibum,
1262 3996 1451 4063 Collige
1480 3995 1799 4062 diSpersum,
1832 4011 1914 4049 re-

325 4065 570 4135 dintegra
602 4067 846 4119 scissum.
911 4067 987 4119 En
1015 4077 1118 4120 stat
1164 4067 1227 4118 ad
1255 4067 1445 4120 os:ium
1474 4076 1527 4119 et
1562 4067 1772 4135 pulsat;
1814 4067 1911 4119 ob-

326 4153 482 4190 secro
529 4152 620 4204 per
659 4138 858 4191 viscera
887 4137 1265 4190 tniscricm'dize
1290 4179 1306 4200 ,
1339 4138 1530 4206 quibus
1561 4137 1782 4190 visi'asli
1815 4153 1912 4192 nos

325 4207 508 4260 oriens
537 4224 602 4261 ex
648 4207 788 4270 alto,
837 4209 980 4273 aperi
1017 4209 1242 4276 pulsanti
1283 4209 1482 4261 misero
1506 4224 1666 4262 manu
1701 4209 1914 4276 pietatis

330 4289 434 4330 tua:
463 4278 484 4308 ⁵
510 4320 524 4341 ,
556 4289 607 4332 et
647 4278 772 4347 jube
803 4279 1120 4349 pmpitiabili
1165 4279 1471 4348 dignatione
1501 4287 1558 4331 ιιι
1589 4279 1916 4348 ingrediatur

325 4351 390 4401 ad
425 4359 494 4413 te,
529 4351 826 4418 requiescat
861 4351 910 4402 in
944 4358 994 4402 te
1019 4391 1033 4415 ,
1067 4351 1335 4404 reliciatur
1361 4349 1426 4403 de
1455 4359 1504 4402 te
1532 4350 1650 4402 vivo
1683 4349 1916 4404 cmlesti-

325 4437 432 4487 que
465 4437 620 4488 pane,
643 4437 748 4490 qtto
769 4421 988 4473 satiatus
1008 4421 1293 4488 resumptis
1317 4420 1519 4475 virilms
1549 4422 1613 4473 ad
1637 4421 1913 4487 superiora

326 4491 686 4562 conscendat,
719 4500 771 4544 et
793 4491 858 4545 de
886 4490 984 4545 hac
1005 4491 1140 4544 valle
1163 4491 1516 4562 lacrymarnm
1550 4507 1718 4559 penna
1747 4492 1914 4544 sancti

326 4561 578 4614 desiderii
625 4570 804 4628 raptus
834 4603 848 4623 ,
900 4561 963 4614 ad
993 4561 1228 4617 cmlestia
1267 4561 1456 4631 gaudia
1498 4563 1702 4616 volitet.
1752 4565 1916 4615 Assu-

327 4644 458 4696 mat,
494 4632 716 4686 Domine
742 4674 755 4692 ,
783 4642 1047 4698 assumat,
1081 4649 1238 4696 rogo,
1283 4633 1500 4702 spiritus
1533 4647 1682 4686 meus
1716 4648 1918 4701 pennas

328 4713 386 4756 ut
411 4703 633 4772 aquihn,
669 4705 809 4757 volet
835 4713 886 4757 et
918 4718 1020 4756 non
1066 4703 1278 4757 deﬁciat
1305 4746 1320 4766 ,
1373 4704 1515 4758 volet
1543 4713 1596 4756 et
1642 4705 1918 4772 perveniat

330 4789 497 4842 usque
526 4774 591 4826 ad
620 4773 870 4827 dceorem
900 4774 1090 4827 domus
1124 4785 1248 4839 tum,
1283 4785 1336 4830 et
1364 4775 1536 4827 locmn
1567 4773 1913 4827 habitationis

325 4845 510 4911 gloria:
536 4853 640 4898 tua:
672 4862 684 4895 :
719 4854 776 4898 ιιι
814 4845 880 4897 ibi
914 4860 1073 4913 Stlpt'l‘
1100 4861 1336 4898 mensam
1376 4844 1680 4899 refectionis
1723 4845 1915 4897 civium

326 4930 682 4986 supernorum
723 4926 966 4984 pascatur
1001 4916 1067 4969 de
1101 4916 1322 4971 occultis
1351 4917 1452 4968 tuis
1482 4916 1532 4968 in
1566 4916 1682 4969 loco
1709 4929 1918 4981 pascuae

329 4995 452 5044 luat,
473 4986 622 5054 juxta
651 4986 844 5040 ﬂuenta
877 4987 1199 5055 plenissima.
1253 4986 1570 5056 ltequiescat
1595 4986 1646 5039 in
1677 4986 1918 5056 te,7l)eus

327 5071 479 5111 meus
499 5097 515 5122 ,
553 5071 648 5110 cor
677 5073 886 5122 memu,
926 5073 1020 5110 cor
1050 5072 1195 5111 mare
1225 5055 1472 5126 magnum
1504 5067 1712 5126 tumens
1741 5055 1916 5109 (lucti-

327 5127 446 5180 hus.
501 5128 578 5181 Tu
623 5129 711 5197 qui
754 5128 1022 5197 imperasti
1067 5127 1239 5182 ventis
1280 5125 1332 5180 et
1371 5126 1544 5191 mari,
1589 5137 1640 5181 et
1669 5125 1803 5180 facta
1835 5133 1920 5178 est

329 5195 685 5269 tranquillitas
716 5214 901 5268 magna
931 5195 1144 5269 (Matth.
1175 5213 1288 5260 vm,
1312 5197 1428 5264 26),
1461 5198 1577 5250 veni
1611 5206 1665 5249 et
1694 5196 1918 5269 gradi-re

326 5283 489 5336 super
514 5268 706 5323 ﬂuctus
735 5267 912 5323 cordis
942 5267 1067 5331 mei,
1097 5277 1154 5321 ιιι
1182 5269 1458 5338 tranquilla
1487 5276 1541 5321 et
1569 5283 1762 5338 serena
1793 5267 1920 5320 liant

325 5340 504 5392 omnia
535 5356 650 5393 mea
681 5358 694 5393 :
726 5351 988 5409 quatenus
1011 5353 1173 5392 unum
1202 5337 1395 5391 bonum
1430 5353 1604 5391 meum
1629 5337 1918 5409 amplectar

328 5421 378 5461 to
397 5451 413 5473 ,
459 5417 514 5464 et
537 5410 692 5465 dulce
721 5408 898 5464 lumen
928 5412 1203 5464 oculorum
1237 5424 1476 5464 meorum
1503 5408 1838 5477 contempler
1869 5417 1918 5462 te

395 5524 404 5550 '
435 5527 517 5570 Ms.
541 5527 671 5570 Mett.
689 5534 806 5583 ,non
837 5519 1007 5576 habet,
1031 5533 1108 5570 me
1131 5526 1372 5570 currente.

391 5585 408 5613 ¹
445 5589 526 5632 Ms.
555 5590 702 5641 Mctt.,
729 5583 793 5631 da
816 5596 900 5644 per
921 5589 1136 5644 semotum
1159 5587 1311 5632 tuum.

392 5646 412 5712 ξ
442 5651 522 5712 Its.
539 5651 677 5712 Διιιεειι.
695 5681 708 5701 ,
753 5643 961 5706 nudique
983 5643 1169 5712 hostes._
1457 5704 1466 5712 θ

391 5708 409 5736 δ
435 5707 571 5765 miti,
595 5706 769 5756 misero
791 5704 984 5755 inanimi
1008 5704 1199 5768 pietatis
1214 5712 1310 5756 tua:
1332 5704 1540 5768 porrige.

389 5768 460 5830 (τι)
496 5770 716 5830 Joannis,
741 5783 786 5830 p.
813 5771 861 5827 6,
888 5776 937 5830 et
959 5766 1036 5828 ap.
1064 5767 1273 5817 Anselm.
1299 5766 1376 5816 0r.
1408 5766 1480 5816 18.

389 5829 461 5891 (lt)
498 5837 560 5878 Ex
582 5829 661 5878 lib.
687 5829 752 5877 de
772 5829 991 5888 Speculo,
1014 5842 1114 5891 cap.
1143 5830 1214 5878 l8.

390 5891 461 5954 (ι’)
498 5892 610 5940 Ibid.
634 5904 741 5954 cap.
764 5893 805 5939 δι

1544 413 1743 470 IIBER
1785 415 2331 479 MEDITATIONUM.

3506 444 3609 500 95‘

2017 537 2134 625 sine
2160 541 2594 625 tui-uultuautimu
2621 547 3001 625 cogitationum
3024 566 3162 625 cteca
3194 554 3436 625 caligine.
3470 559 3608 613 Con—

2014 606 2478 688 fugiat,_l_)0tnine,_
2503 631 2653 688 meus
2680 606 2794 671 mea
2827 623 2926 674 sub
2950 622 3133 675 umbra
3163 606 3598 682 αιὰέιῖῖὶῖῐιὶηῖἆὶἑι

2013 678 2082 759 ξιξ
2121 681 2338 759 testibus
2367 685 2744 752 cogitationum
2793 690 2947 756 hujus
2986 694 3164 747 s:eculi
3200 713 3212 748 :
3681 745 3688 754 ,

2013 747 2210 826 frigerii
2241 747 2662 826 temperamento
2688 747 2944 814 absconsa
2969 804 2982 823 ,
3017 747 3530 822 lartabundavcantet'
3548 747 3604 823 et

2013 817 2214 906 dicat:
2262 817 2497 906 Iun-pace
2534 827 2584 879 in
2629 828 2850 906 idipsnm
2898 817 3144 906 dormiant
3197 846 3242 888 et
3298 840 3604 906 requiescant

2014 886 2183 974 (Paul.
2214 906 2294 954 tv,
2463 886 2731 974 Dormiat,
2773 903 2996 974 obsecro
3019 945 3032 966 ,
3077 886 3604 974 [ιριιέπηὲὶἷςῖᾚᾶἑιῖ

2014 965 2143 1042 miat
2173 965 2426 1042 memoria
2459 982 2572 1042 mea
2609 969 2675 1020 ab
2709 972 2960 1042 omnibus
2989 965 3106 1041 qua:
3137 977 3235 1028 sub
3276 965 3428 1033 cmlo'
3457 992 3604 1042 sunt,

2012 1031 2322 1114 vigilansoin.
2345 1043 2394 1088 te
2416 1037 2586 1114 ,§lcul
2615 1040 2870 1108 scriptum
2899 1055 2979 1095 est
3051 1043 3159 1114 Ego
3190 1031 3407 1114 dormio,
3441 1031 3606 1106 eiEi

2012 1117 2177 1188 nteant
2200 1105 2400 1188 uigilat.
2439 1106 2520 1161 Sit
2551 1119 2657 1188 tnta
2681 1151 2695 1172 ,
2726 1105 2793 1163 ιιι
2815 1105 3025 1188 Semper
3063 1105 3248 1169 sccura
3287 1105 3606 1188 snb'pcnnis

2013 1179 2358 1246 protectionis
2388 1185 2490 1230 tnze
2515 1179 2690 1233 anima
2723 1197 2838 1236 mea
2866 1225 2879 1244 ,
2926 1179 3062 1238 Deus
3092 1202 3258 1240 meus.
3312 1179 3519 1245 Maneat
3551 1193 3602 1246 iu

2015 1251 2084 1322 te,
2111 1252 2165 1298 et
2196 1245 2436 1300 foveatur
2459 1263 2674 1320 semper
2697 1265 2726 1303 a
2760 1261 2829 1306 te.
2861 1254 3266 1322 Contemplctnr
3295 1271 3342 1311 te
3373 1261 3422 1313 in
3451 1245 3602 1316 men?

2015 1320 2081 1394 tis
2109 1330 2332 1394 excessu
2354 1358 2388 1394 ,_
2419 1329 2470 1372 et
2501 1330 2680 1376 cantet
2701 1322 2901 1394 Alattdes
2930 1334 3043 1377 tuas
3075 1320 3125 1379 in
3152 1329 3489 1394 jubilalione.
3539 1333 3608 1388 Ει

2015 1385 2127 1465 iure
2155 1385 2324 1465 dulcia
2357 1387 2494 1465 dona
2541 1401 2624 1465 tua
2668 1392 2773 1446 sint
2822 1395 2958 1448 inter
2989 1397 3084 1449 hos
3126 1385 3365 1455 turbines
3407 1385 3602 1458 Conso:

2013 1454 2140 1537 latio
2169 1473 2282 1510 mea
2310 1460 2518 1514 interim
2547 1502 2560 1524 ,
2589 1463 2760 1517 donec
2787 1467 2991 1518 veniam
3022 1467 3085 1519 ad
3116 1477 3164 1522 te
3193 1454 3374 1537 pacem
3401 1454 3604 1533 veram.

2014 1527 2100 1578 ubi
2147 1543 2249 1579 non
2281 1539 2364 1582 est
2393 1545 2550 1585 arcus
2574 1574 2587 1595 ,
2619 1544 2824 1587 scutum
2853 1578 2866 1600 ,
2909 1537 3114 1605 gladius
3145 1527 3203 1593 et'
3228 1541 3426 1596 bclltttn
3453 1558 3466 1606 ;
3509 1527 3604 1598 sed

2013 1606 2095 1681 est
2137 1612 2343 1681 sm'uma
2372 1609 2425 1654 et
2452 1615 2611 1681 __c_erta
2657 1609 2914 1681 securitas
2936 1649 2948 1669 ,
2991 1620 3052 1681 et
3082 1623 3270 1681 secura
3307 1615 3605 1681 tranquilli—

2015 1675 2128 1747 tas,
2161 1678 2215 1722 et
2257 1673 2535 1747 tranquilla
2564 1678 2854 1736 securitas,
2888 1689 2943 1731 et
2982 1679 3216 1744 jucunda
3260 1673 3484 1736 felicitas
3505 1724 3519 1747 ,
3549 1694 3605 1738 et

2014 1738 2134 1811 felix
2163 1738 2452 1811 :eternita‘s,
2486 1753 2749 1799 cla-terna
2784 1738 3075 1811 beatitudo,
3107 1761 3157 1802 et
3182 1751 3333 1806 beata
3367 1754 3439 1807 tui
3469 1738 3604 1808 visio

2013 1816 2067 1861 ct
2097 1810 2326 1862 laudatio
2357 1815 2406 1865 in
2431 1817 2623 1867 secula
2652 1818 2992 1870 szeculorum.
3022 1810 3214 1874 Amen.

2085 1880 2163 1960 (ιι)
2191 1879 2398 1964 Christe
2429 1885 2647 1940 Domine
2668 1929 2681 1950 ,
2720 1890 2886 1942 virtus
2913 1897 2966 1942 et
2985 1891 3257 1964 sapientia
3277 1893 3485 1958 Patris,
3516 1898 3604 1964 qui

2014 1954 2165 2016 ponis
2215 1954 2407 2008 nubem
2453 1972 2731 2033 ascensum
2773 1969 2926 2033 tuum
2953 1999 2971 2026 ,
3027 1954 3114 2029 qui
3157 1963 3402 2017 ambulas
3447 1954 3609 2033 super

2014 2035 2220 2104 pennas
2261 2036 2582 2104 ventorum,
2633 2030 2720 2098 qui
2765 2029 2894 2084 facis
2941 2034 3160 2104 angelos
3202 2044 3320 2087 tuos
3362 2029 3603 2104 spiritus,

2012 2095 2366 2176 etntinistros
2411 2106 2530 2176 tuos
2573 2095 2745 2167 ignem
2778 2095 3064 2169 urcntenf,
3096 2103 3322 2176 obsecro
3348 2123 3361 2167 ;
3393 2095 3448 2159 et
3475 2095 3604 2176 Ster

2014 2161 2223 2240 pliciter
2252 2181 2415 2234 rogo,
2466 2169 2529 2222 da
2570 2161 2829 2238 pyra-petes
2859 2161 3062 2237 pennas
3086 2174 3204 2227 lidei
3234 2217 3248 2240 ,
3299 2161 3366 2228 da
3396 2161 3604 2232 celeris

2012 2233 2123 2308 alas
2173 2233 2452 2302 virtutmn,
2506 2233 2697 2308 quibus
2749 2233 2968 2297 evectus
3013 2233 3313 2299 :elerna'et
3362 2248 3601 2302 caelestia

2013 2305 2214 2358 valeam
2247 2305 2615 2377 contemplari.
2664 2311 2947 2366 Adlnereit
2969 2355 2983 2375 ,
3015 2330 3232 2380 qnmso,
3275 2318 3451 2369 anima
3483 2334 3599 2371 mea

2015 2387 2130 2442 post
2164 2386 2249 2438 te,
2295 2387 2346 2430 et
2385 2381 2640 2448 suscipiat
2669 2398 2753 2435 me
2792 2384 3006 2436 dextera
3059 2396 3164 2437 tua.
3223 2386 3480 2441 Sustollat
3513 2405 3599 2442 me

2013 2461 2175 2511 super
2201 2448 2476 2502 altitudine
2508 2461 2664 2506 terra:
2689 2493 2704 2517 ,
2739 2462 2791 2506 et
2831 2455 2973 2506 cibat
3003 2471 3086 2507 me
3119 2456 3205 2509 illa
3247 2459 3450 2511 caelesti
3495 2459 3604 2511 ha:-

2014 2518 2237 2592 rcditate
2261 2561 2275 2582 ,
2307 2522 2389 2572 cui
2416 2525 2644 2592 StlSpll‘tll
2675 2526 3030 2591 peregrinatio
3065 2542 3180 2578 mea
3212 2526 3298 2580 die
3325 2543 3386 2581 ac
3423 2539 3602 2582 nocte.

2015 2585 2096 2709 Et!
2133 2589 2253 2656 quia
2304 2585 2617 2646 moribunda
2675 2585 2912 2648 membra
2962 2597 3197 2664 vigorem
3248 2599 3442 2652 anima:
3501 2600 3597 2654 he-

2053 2668 2230 2709 cant.

2053 2668 2193 2711 εδιειιιῑ
2216 2701 2230 2723 ,

2141 2772 2214 2844 (li)
2240 2775 2413 2834 [)isjice
2437 2783 2651 2827 terrente
2667 2777 2875 2844 nebulas
2899 2787 2949 2828 et
2970 2780 3181 2844 pondera
3205 2780 3363 2831 molis.

2137 2842 2434 2905 sistevagam
2460 2848 2678 2888 utentem
2705 2855 2793 2902 per
2808 2842 2951 2890 devia
2976 2842 3127 2905 multa
3152 2853 3414 2905 ruentem,

2137 2903 2187 2946 Et
2209 2899 2269 2946 da
2290 2899 2544 2949 caelestem
2569 2899 2721 2952 menti
2745 2904 3079 2953 conscendere
3103 2906 3309 2966 sedem;

2016 3009 2071 3079 ut
2100 3016 2333 3079 superno
2367 3004 2567 3059 lumine
2613 3005 2896 3079 irradiata‘,
2947 3018 3140 3061 terram
3175 3008 3464 3079 despiciat,
3492 3025 3603 3064 cm-

2016 3074 2123 3153 lnm
2150 3075 2389 3160 aspiciat,
2418 3077 2880 3160 peccalamliatf]
2903 3121 2916 3142 ,
2945 3080 3201 3160 justitiam
3232 3074 3432 3160 diligat.
3451 3074 3595 3160 Quid

2015 3144 2156 3217 enim
2191 3146 2460 3212 pulchrius
2481 3189 2494 3210 ,
2525 3148 2718 3215 quidve
2745 3144 2971 3212 dulcius,
2996 3166 3152 3217 quam
3184 3144 3597 3208 inter'tcnebras

2016 3214 2173 3284 lmjus
2205 3217 2323 3269 vita:
2346 3214 2644 3286 multasque
2673 3214 3071 3280 :unaritndines,
3113 3221 3304 3275 divina:
3334 3222 3601 3277 dulcedini

2016 3286 2240 3352 inhiare,
2256 3296 2308 3341 et
2327 3298 2540 3362 attenta:
2558 3291 2864 3362 beatitudini
2887 3291 3175 3360 suspirare,
3202 3293 3413 3362 illicque
3432 3294 3603 3348 teneri

2017 3366 2274 3429 mentem,
2304 3359 2390 3411 ubi
2422 3376 2544 3413 vera
2575 3360 2756 3414 haberi
2789 3359 3364 3429 gaudiacertissimum
3388 3364 3506 3417 est?

2092 3428 2421 3501 Dulcissime,
2445 3428 2841 3497 benignissime,
2868 3435 3251 3497 :unantissime,
3268 3434 3605 3501 charissimc,

2019 3499 2437 3573 pretiosissime,
2471 3502 2994 3573 desiderantissinm,
3041 3505 3456 3568 amabilissime,
3489 3499 3607 3573 pnlé

2016 3569 2280 3642 clterritne
2305 3610 2320 3633 ,
2372 3571 2584 3638 quando
2611 3583 2658 3626 te
2683 3574 2872 3626 vidi-ho
2895 3576 2917 3626 ’ἶ
2947 3575 3160 3642 quando
3185 3575 3453 3642 apparebo
3483 3569 3608 3629 anle

2018 3639 2206 3713 faciem
2247 3643 2423 3713 tuam?
2460 3642 2673 3709 quando
2699 3645 2929 3696 satiahor
2953 3639 3020 3698 de
3047 3639 3441 3713 pulchritudine
3479 3655 3563 3700 tua
3581 3647 3606 3698 ?

2017 3711 2228 3780 quando
2254 3712 2450 3766 educes
2482 3729 2566 3765 me
2595 3713 2660 3765 de
2688 3714 2786 3767 hoc
2807 3730 3019 3768 carcere
3048 3711 3331 3768 tenebroso
3351 3757 3368 3780 ,
3399 3724 3456 3769 ut
3475 3731 3607 3770 con-

2020 3779 2400 3853 fitear_nomini
2447 3791 2536 3835 tuo
2559 3824 2572 3841 ,
2618 3785 2686 3836 ita
2718 3794 2775 3837 ut
2802 3785 3052 3853 deinceps
3085 3802 3188 3838 non
3233 3779 3606 3853 compungar?

2017 3850 2228 3924 quando
2268 3853 2500 3906 transibo
2542 3853 2592 3906 in
2629 3855 2771 3908 illam
2799 3850 3166 3908 admirabilem
3209 3865 3262 3909 et
3307 3850 3606 3924 pulcherri-

2021 3938 2158 3974 mam
2190 3922 2404 3976 domum
2432 3935 2594 3988 tuam,
2625 3924 2714 3978 ubi
2745 3938 2995 3993 personat
3022 3941 3121 3978 vox
3143 3927 3153 3978 I
3177 3922 3336 3979 vtitize
3359 3935 3412 3980 et
3435 3928 3610 3982 exsul-

2022 3993 2232 4064 tationis
2255 3994 2304 4046 iu
2334 3994 2689 4048 tabernaculis
2710 3995 3020 4064 justorum?
3067 3997 3210 4048 Beati
3242 3995 3331 4064 qui
3365 3997 3610 4051 habitant

2021 4063 2072 4116 in
2099 4063 2258 4116 domo
2288 4072 2370 4149 t‘ua
2391 4107 2406 4132 ,
2436 4065 2491 4149 in
2517 4079 2543 4118 s
2562 4063 2767 4146 ccnlum
2796 4066 2986 4149 seculi.
3016 4063 3306 4149 laudabunt
3347 4077 3399 4148 te
3429 4067 3603 4149 (Pent.

2022 4150 2268 4196 Lxxxm,
2298 4136 2379 4201 5).
2436 4135 2579 4207 Beati
2613 4145 2666 4189 et
2697 4153 2820 4191 vere
2851 4137 2986 4190 bcati
3015 4178 3028 4200 ,
3077 4152 3211 4206 quos
3251 4135 3452 4206 «legisti
3495 4137 3605 4207 jam

2021 4215 2072 4258 ct
2101 4207 2435 4276 assumpsiin
2463 4207 2512 4258 iu
2547 4205 2686 4260 illam
2713 4208 2986 4262 caelestem
3020 4205 3409 4262 haircditatein.
3470 4205 3609 4263 Ecce

2021 4277 2187 4328 sancti
2219 4278 2288 4330 tui
2315 4319 2329 4341 ,
2373 4277 2625 4338 Domine,
2662 4277 2853 4332 ﬂorent
2877 4289 3000 4333 ante
3027 4289 3076 4332 te
3108 4280 3247 4333 sicut
3279 4280 3470 4334 lilium.
3504 4278 3608 4333 Re-

2022 4347 2235 4416 plentur
2274 4349 2416 4401 enim
2457 4347 2522 4401 ab
2567 4349 2806 4403 ubertate
2847 4348 3038 4403 domus
3071 4359 3174 4402 tnze
3199 4389 3213 4414 ,
3264 4360 3318 4402 et
3367 4359 3610 4404 torrente

2020 4417 2307 4490 voluptatis
2345 4429 2446 4471 tua:
2497 4429 2646 4487 potas
2688 4434 2781 4474 eos
2812 4419 2984 4487 (Psal.
3014 4436 3152 4474 xxxv
3174 4461 3190 4485 ,
3219 4419 3275 4473 9i
3309 4437 3324 4475 :
3355 4422 3608 4490 quoniam

2024 4498 2081 4560 tu
2105 4505 2165 4542 es
2199 4488 2316 4560 fons
2341 4493 2488 4560 vita',
2506 4498 2559 4542 et
2590 4491 2642 4543 in
2671 4490 2870 4545 lumine
2891 4500 2982 4544 tuo
3006 4491 3187 4545 vident
3217 4488 3416 4558 lumen,
3443 4506 3610 4560 usque

2022 4559 2157 4612 adeo
2186 4568 2238 4612 ut
2261 4559 2380 4628 ipsi,
2404 4559 2653 4614 videlicet
2673 4561 2847 4615 lumen
2877 4562 3230 4616 illuminatmn
3261 4577 3354 4630 per
3375 4571 3426 4617 te
3444 4559 3609 4616 Deum

2024 4631 2208 4702 lumen
2232 4631 2569 4694 illuminans,
2624 4633 2761 4686 sicut
2803 4633 2884 4687 sol
2915 4632 3198 4702 ell'ulgeant
3230 4633 3280 4686 in
3319 4643 3607 4701 ροιιειιοςιιι

2026 4711 2134 4754 tuo.
2181 4701 2350 4766 Quam
2381 4703 2549 4772 mira.
2578 4719 2734 4768 quam
2769 4703 2986 4771 pulchra
3009 4745 3022 4768 ,
3049 4701 3212 4772 quam
3259 4703 3610 4772 acccptabilia

2023 4779 2148 4825 sunt
2173 4773 2362 4825 domus
2396 4783 2497 4825 tua:
2522 4771 2818 4828 habitacula
2843 4775 2856 4828 ι
2895 4771 3118 4828 Domine
3150 4771 3406 4826 virtutum
3431 4815 3444 4837 ,
3474 4788 3607 4827 cou-

2023 4843 2248 4912 cupiscit
2296 4844 2492 4896 intrare
2537 4843 2586 4896 in
2638 4859 2701 4897 ea
2753 4844 2866 4898 ha-c
2921 4845 3183 4912 peccatrix
3238 4844 3415 4896 anima
3465 4859 3606 4896 mea.

2026 4913 2249 4969 Domine
2271 4955 2286 4976 ,
2315 4913 2476 4967 dilexi
2518 4913 2767 4968 decorem
2793 4914 2984 4968 domus
3024 4923 3148 4974 tum.
3182 4926 3234 4966 ct
3259 4914 3434 4967 locum
3465 4913 3614 4967 habi-

2025 4985 2238 5055 talionis
2267 4985 2450 5054 gloria:
2489 4993 2590 5037 ιιιιιι
2633 4983 2802 5055 (Ρδαι.
2837 5001 2973 5045 xxv,
3003 4985 3084 5055 8).
3132 4984 3296 5038 Unam
3327 4984 3450 5052 petii
3480 4992 3612 5055 ate,

2026 5054 2163 5108 hanc
2200 5053 2500 5124 requiram,
2547 5065 2600 5106 ut
2633 5053 2922 5110 inhabilem
2967 5055 3018 5108 in
3057 5054 3216 5106 dozno
3243 5063 3330 5106 tua
3363 5053 3614 5124 omnibus

2024 5125 2219 5207 diebus
2244 5123 2366 5178 vit:e
2392 5141 2524 5207 meae
2555 5124 2727 5207 ‘(PsaL
2757 5141 2894 5189 xxvi,
2925 5125 3002 5196 4).
3035 5123 3618 5207 Quemadmodumde-

2025 5195 2227 5250 siderat
2248 5211 2434 5248 cervus
2460 5197 2524 5248 ad
2553 5195 2725 5249 fontes
2751 5195 3032 5265 aquarum,
3066 5197 3132 5247 ita
3156 5195 3615 5250 desideratanima

2027 5282 2142 5320 mea
2171 5266 2236 5319 ad
2265 5276 2314 5319 te
2337 5305 2352 5328 ,
2395 5266 2549 5318 Deus.
2580 5265 2805 5332 Quando
2837 5267 3044 5320 veniam
3070 5306 3084 5329 ,
3125 5266 3340 5334 quando
3386 5266 3608 5335 parebo,

2025 5337 2237 5406 quando
2263 5336 2454 5389 videbo
2487 5336 2650 5389 Deum
2677 5352 2852 5391 memn
2877 5378 2891 5401 ,
2934 5351 3092 5406 quem
3138 5335 3250 5389 sitit
3276 5337 3452 5390 anima
3496 5349 3612 5388 mea

2027 5407 2198 5477 (Psal.
2232 5422 2339 5470 XLI,
2368 5406 2473 5463 ‘2)?
2518 5407 2740 5472 Quando
2770 5407 2960 5461 videbo
2986 5422 3107 5461 eum
3155 5406 3206 5460 in
3251 5418 3391 5460 terra
3425 5406 3613 5477 viven-

2030 5476 2196 5532 tium?
2253 5477 2308 5532 ln
2362 5478 2461 5532 ista
2512 5479 2654 5531 enim
2706 5487 2845 5532 terra
2897 5477 3236 5532 morientium
3298 5476 3614 5531 mortalibus

2091 5636 2107 5667 ί
2135 5635 2270 5693 aditi,
2289 5633 2481 5699 omissis
2501 5645 2612 5696 quae
2636 5630 2902 5699 intra_duos
2920 5633 3123 5699 uncinos
3144 5628 3470 5699 includuntur,
3490 5641 3620 5698 quae.

2025 5710 2124 5760 que
2148 5692 2450 5760 restituiinus
2468 5692 2534 5744 ex
2558 5695 2777 5760 atettensi
2801 5701 2888 5760 _-.\ts.
2921 5694 3123 5760 habent,
3159 5692 3368 5741 dormiat
3392 5692 3628 5741 memoria

2026 5754 2133 5810 mea
2154 5758 2216 5807 ab
2237 5756 2455 5807 omnibus
2478 5754 2636 5813 malis,
2659 5755 2956 5818 iniquitatem
2977 5755 3124 5818 adiat:

2092 5821 2165 5894 ςει)
2200 5829 2334 5894 toan:
2360 5821 2590 5894 Pist-ama.
2616 5832 2662 5894 ιζ.
2683 5813 2812 5894 7,:et
2834 5817 2960 5894 apud
2987 5813 3196 5866 anselm.
3221 5822 3300 5865 0r.
3331 5813 3406 5862 10.

2092 5879 2164 5946 (lt)
2201 5889 2261 5932 Ex
2289 5883 2373 5932 lib.
2394 5882 2458 5931 de
2481 5879 2702 5943 Speculo,
2731 5893 2835 5943 cap.
2855 5879 2904 5928 '5.
