4070 6514
335 466 440 524 937

334 592 479 636 tuam
504 577 699 636 creasti
726 574 875 648 (Gen.
899 573 1072 648 t,2‘l),
1100 573 1368 643 superbia,
1393 587 1527 648 vana
1547 572 1735 648 gloria,
1767 572 1841 646 (a)
1869 582 1923 629 et

333 660 526 707 czctera
544 650 708 703 multa
725 642 850 712 alia,
866 642 1056 716 quibus
1068 642 1290 698 vexatur
1301 653 1354 700 et
1352 642 1642 716 afﬂigitur,
1660 642 1924 716 laceratur

332 732 388 778 et
427 720 720 776 destruitur
758 714 941 772 infelix
971 715 1147 770 anima
1178 730 1313 768 mea.
1348 714 1507 780 Ecce,
1544 714 1784 777 Domine,
1817 715 1920 767 ini-

333 794 562 864 quitates
588 805 721 844 meae
747 801 1108 858 supergressae
1136 794 1261 839 sunt
1287 793 1454 864 capiti
1474 800 1671 864 meum,
1702 794 1756 839 et
1783 786 1921 864 sicut

334 853 468 916 onus
496 876 655 929 grave
681 853 1064 929 gravatte'sunt
1090 853 1365 929 superine
1387 853 1554 929 (Paul.
1580 871 1813 920 xxxvm,
1838 856 1916 925 5);

332 942 389 988 et
427 926 528 987 nisi
572 942 648 996 tu,
680 926 762 984 cui
795 932 1065 998 proprium
1096 935 1188 998 est
1206 926 1447 980 misereri
1475 941 1687 994 semper
1711 936 1765 998 et
1795 942 1919 994 par—

333 1019 480 1067 cere,
503 1002 777 1056 dexteram
798 996 906 1054 tuae
932 997 1223 1067 majestatis
1249 1010 1536 1067 supponas,
1565 996 1733 1066 mergi
1759 1011 1921 1066 cogor

334 1072 707 1128 miserabiliter
731 1072 783 1124 in
815 1068 1153 1138 profundum.

404 1142 654 1206 Attende,
689 1135 909 1194 Domine
939 1140 1097 1199 Deus,
1125 1146 1179 1191 et
1210 1136 1350 1200 vide,
1382 1135 1631 1207 quoniam
1663 1143 1916 1207 sanctus:

331 1222 386 1269 et
416 1229 540 1268 ecce
571 1212 789 1266 insultat
813 1209 1092 1263 adversum
1123 1222 1209 1262 me
1237 1207 1480 1261 inimicus
1510 1221 1681 1264 meus.
1707 1206 1915 1273 dicens,

334 1283 477 1339 Deus
522 1282 802 1351 dereliquit
846 1294 989 1351 eum,
1037 1293 1325 1351 persequar
1370 1287 1423 1351 et
1470 1275 1915 1351 comprehendam

330 1370 475 1417 eum,
496 1354 617 1423 quia
647 1346 752 1405 non
783 1350 979 1423 estqui
1008 1346 1196 1423 eripiat
1225 1346 1410 1417 (Psal.
1440 1362 1562 1423 va,
1590 1348 1647 1400 Η
1675 1347 1711 1416 ).
1746 1346 1812 1423 Et
1840 1356 1915 1413 tu,

330 1416 594 1484 Domine,
647 1416 962 1489 usqueqqu
1010 1416 1333 1473 Convertere
1370 1426 1437 1489 et
1480 1416 1638 1489 eripe
1683 1417 1915 1472 animam

330 1511 527 1556 meam,
569 1486 769 1545 salvum
810 1486 896 1545 me
939 1490 1019 1543 fac
1056 1498 1270 1557 propter
1312 1486 1729 1557 misericordiam
1771 1496 1914 1540 tuam

360 1565 501 1619 Psal.
527 1580 600 1629 νι,
625 1564 702 1625 ὅ).
726 1561 976 1615 Miserere
1008 1558 1116 1612 lilio
1145 1567 1255 1619 tuo,
1279 1572 1435 1626 quem
1466 1556 1652 1629 dolore
1672 1571 1778 1610 non
1803 1573 1915 1610 mo-

367 1635 450 1690 ico
495 1635 787 1704 peperisti:
816 1639 871 1685 et
912 1630 1018 1684 noli
1061 1628 1335 1704 attendere
1376 1628 1571 1681 malum
1617 1642 1818 1704 meum,
1859 1636 1917 1681 ut

327 1698 661 1760 obliviscaris
703 1704 901 1756 bonum
947 1711 1115 1754 tuum.
1139 1698 1272 1767 Quis
1309 1706 1393 1752 est
1433 1706 1601 1766 pater,
1627 1698 1717 1764 qui
1751 1698 1912 1751 lilium

329 1791 435 1830 non
479 1774 704 1829 liberet?
731 1776 831 1826 Ant
860 1772 977 1840 quis
1009 1770 1176 1840 filius,
1208 1783 1363 1838 quem
1378 1776 1545 1840 pater
1573 1767 1782 1840 pietatis
1824 1767 1916 1820 ba-

327 1847 450 1901 culo
480 1860 584 1899 non
612 1837 904 1912 corripiat?
931 1842 1090 1910 Ergo,
1116 1837 1273 1892 Pater
1298 1847 1351 1891 et
1376 1838 1618 1912 Domine,
1643 1837 1765 1892 licet
1780 1853 1915 1912 pec-

326 1925 477 1971 Catur
505 1916 627 1975 sim.
668 1907 773 1968 non
816 1907 1029 1981 possum
1062 1926 1177 1981 (non
1217 1923 1338 1963 esse
1368 1907 1508 1981 [ilius
1538 1917 1677 1981 tuus,
1706 1908 1826 1977 quia
1859 1917 1912 1962 tu

326 2001 414 2044 me
457 1986 623 2040 fecisti
654 1994 708 2038 et
737 1978 987 2037 refecisti.
1016 1980 1166 2035 Sicut
1197 1978 1432 2048 peccavi,
1469 1978 1691 2032 emenda
1725 1994 1831 2041 me,
1861 1987 1915 2033 et

327 2057 475 2125 prius
492 2056 698 2125 ﬂagello
714 2069 800 2108 me
816 2051 1154 2106 emendatum
1185 2050 1330 2125 trade
1356 2064 1442 2102 me
1462 2048 1597 2103 Filio
1620 2059 1728 2125 tuo.
1752 2048 1914 2125 Num-

327 2072 475 2125 pl‘ltts
492 2072 553 2109 lla
595 2072 698 2109 eno
714 2072 800 2108 me
816 2072 1154 2106 elltettuatum
1185 2072 1330 2103 traue
1357 2072 1442 2102 tm:
1462 2072 1490 2103 ι’
1507 2072 1597 2101 ιιιυ
1620 2072 1728 2102 ιυυ.
1752 2072 1914 2102 nutu-

323 2127 451 2197 quid
498 2072 737 2180 οι)ῗίνίδοί
763 2131 964 2197 potest
1002 2130 1172 2197 mater
1201 2118 1469 2197 infantem
1519 2119 1652 2197 uieri
1681 2119 1813 2197 _sui?
1851 2119 1915 2173 Et

322 2189 472 2252 certe
500 2198 542 2251 si
573 2196 656 2250 illa
687 2189 850 2249 oblita
884 2190 1061 2255 fuerit,
1096 2201 1172 2255 ιιι,
1201 2190 1377 2255 Pater,
1405 2189 1693 2258 promisisti
1726 2198 1777 2243 te
1808 2205 1914 2242 non

322 2266 567 2321 oblivisci
596 2265 745 2337 (Isai.
778 2279 920 2337 XLII,
955 2261 1061 2331 15).
1090 2261 1230 2315 Ecce
1257 2261 1453 2337 clamo,
1482 2269 1535 2314 et
1562 2274 1679 2337 nim
1694 2259 1914 2337 exaudis

324 2353 449 2402 me;
474 2328 659 2392 dolore
680 2336 910 2399 crucior,
935 2342 986 2387 et
1009 2328 1113 2386 non
1134 2330 1429 2402 consolaris
1454 2346 1559 2383 me.
1582 2328 1718 2402 Quid
1740 2330 1911 2402 dicam

322 2400 581 2477 veliquid
633 2407 817 2461 faciam
864 2401 1235 2477 miserrimus?
1276 2401 1387 2477 Ego
1439 2410 1583 2454 tanto
1630 2400 1913 2477 destiintus

321 2469 537 2541 solatio,
564 2478 827 2545 projectus
851 2490 968 2529 sum
991 2489 1019 2525 a
1043 2471 1176 2526 facie
1196 2471 1471 2545 oculorum
1499 2478 1709 2524 tuorum
1736 2469 1907 2545 (Psal.

321 2564 451 2609 xxx,
474 2541 593 2619 23)}
620 2541 733 2602 Heu
753 2561 837 2600 me
852 2548 871 2619 li
894 2545 961 2619 de
985 2550 1180 2615 quanto
1206 2542 1344 2596 boao
1362 2543 1413 2619 in
1437 2550 1689 2619 quantum
1711 2541 1911 2619 malum

320 2609 696 2686 cecidil'Quo
751 2609 1052 2677 tendebam,
1097 2622 1152 2667 et
1193 2628 1299 2686 quo
1340 2609 1578 2686 devetti?
1624 2609 1722 2686 [ibi
1769 2625 1909 2686 sum,

323 2699 383 2745 et
411 2690 497 2745 tibi
531 2680 636 2743 ηοῖι
665 2688 818 2742 sum?
842 2686 917 2740 Ad
945 2700 1101 2754 quem
1124 2680 1375 2751 aspiravi,
1402 2688 1458 2754 et_
1481 2695 1620 2754 nunc
1637 2680 1697 2754 i_u
1721 2681 1913 2754 quibus

321 2762 572 2831 suspiro?
613 2757 847 2831 Qurrsivi
897 2750 1057 2817 bona,
1088 2762 1143 2809 et
1184 2750 1312 2807 ecce
1344 2751 1607 2831 iurbatio.
1637 2750 1777 2831 Ecce
1799 2750 1911 2831 jam

321 2820 548 2891 morior,
572 2820 805 2885 etVJesus
836 2842 940 2880 non
976 2832 1058 2879 est
1088 2838 1315 2877 mecum.
1342 2823 1408 2876 Et
1435 2831 1584 2876 certe
1611 2820 1811 2875 melius
1832 2830 1914 2875 est

319 2903 454 2957 mihi
485 2917 590 2955 non
621 2913 761 2960 esse,
793 2912 949 2965 quant
980 2896 1094 2949 sine
1120 2893 1248 2949 Jesu
1273 2907 1427 2959 esse;
1458 2892 1648 2947 melius
1684 2897 1767 2945 est
1804 2907 1910 2946 non

319 2972 524 3037 vivere,
554 2986 711 3038 quam
738 2969 918 3038 vivere
944 2967 1059 3021 sine
1086 2965 1213 3038 vita.

396 3045 462 3098 Et
499 3030 584 3105 tu,
618 3040 839 3094 Domine
880 3037 1026 3101 Jesu,
1077 3035 1163 3089 tibi
1208 3040 1333 3105 sunt
1373 3030 1757 3105 misericordia:
1808 3040 1912 3105 tum

317 3103 750 3184 antiqum(Psal.
778 3122 1026 3166 Lxxxvut.
1056 3105 1185 3229 503?
1212 3103 1473 3173 Numquid
1504 3104 1751 3158 irasceris
1780 3104 1911 3184 mihi

318 3184 377 3229 in
410 3184 567 3229 ﬁnem
597 3178 769 3229 (Ριαι.
797 3193 1017 3229 LXXXIV.
1047 3176 1111 3229 6i
1174 3175 1419 3229 Placare.
1451 3174 1694 3229 obsecro.
1728 3179 1783 3226 et
1814 3190 1911 3228 mt-

318 3184 377 3238 in
409 3174 567 3237 ﬁnem
589 3174 769 3251 '(Psal.
797 3193 1017 3241 Lxxittv,
1047 3174 1147 3246 6)?
1167 3175 1419 3251 Placare,
1451 3174 1694 3237 obsecro,
1728 3175 1913 3251 et‘mi-

318 3269 504 3309 serere
533 3241 657 3316 méi,
686 3260 739 3305 et
766 3264 871 3303 non
911 3241 1122 3301 avertas
1163 3245 1348 3316 faciem
1392 3253 1535 3299 tuam
1561 3259 1605 3316 a7
1622 3259 1706 3316 me
1729 3241 1908 3316 ⁸(Ρειιι.

319 3340 475 3386 xxvi,
499 3324 578 3393 9),
607 3313 694 3393 qui
723 3336 817 3389 pro
845 3334 929 3393 me
959 3315 1270 3372 redimendo
1298 3329 1413 3393 non
1438 3315 1677 3393 avertisti
1707 3313 1908 3393 facisim

320 3383 470 3448 tuam
496 3383 985 3460 ab’it'icrepautibus
1009 3396 1064 3441 et
1084 3386 1498 3460 conspuentibus
1529 3385 1579 3437 in
1603 3393 1674 3438 te.
1701 3383 1785 3460 (ὸ).
1802 3384 1907 3438 Fa-

318 3473 443 3521 teor
470 3466 588 3535 quia
620 3452 853 3535 peccavi,
884 3470 937 3513 et
965 3452 1290 3535 conscientia
1322 3471 1449 3535 mea
1494 3452 1729 3535 meretur
1752 3452 1908 3508 dam—

319 3524 690 3593 nationem,'et
711 3529 1016 3601 pmuitentia
1041 3541 1145 3601 non
1167 3524 1908 3601 sulticitadsatisfactionemt

318 3605 418 3660 sed
466 3596 725 3660 creditum
769 3612 852 3657 est
890 3600 908 3631 ¹
949 3598 1091 3668 quod
1141 3596 1502 3668 misericordia
1531 3604 1913 3668 _tua_superat

319 3691 537 3729 omnem
579 3665 1116 3728 offettsionem.Nuli,
1153 3683 1354 3735 quzrso,
1396 3665 1634 3736 piissime
1661 3665 1906 3736 Domine,

320 3746 560 3801 scribere
589 3745 870 3799 adversum
903 3756 988 3794 me
1017 3733 1624 3806 atnaritudines—meas(
1644 3733 1764 3789 Job.
1792 3752 1907 3800 xui,

320 3815 441 3884 26).
469 3826 535 3887 ut
553 3817 717 3869 intres
747 3814 797 3887 in
823 3810 1081 3887 judicium
1110 3823 1228 3887 cum
1257 3822 1414 3887 servo
1439 3816 1528 3859 tuo
1553 3804 1724 3887 (Prol.
1746 3820 1907 3871 CLXII,

318 3877 422 3956 2)}
449 3886 543 3940 sed
574 3877 864 3956 secundum
912 3879 1317 3956 multitudinem“
1343 3877 1743 3956 miseraiionum
1791 3886 1910 3956 tua-

321 3944 441 4011 rum
482 3956 604 4011 dele
647 3955 974 4023 iniquitatem
1017 3964 1188 4023 tineam
1273 3946 1419 4001 Psal.
1451 3963 1499 4009 L,
1522 3947 1631 4023 β).
1663 3944 1754 4023 Ῡιιι
1780 3946 1909 4023 mihi

322 4029 524 4082 misero
549 4041 669 4081 cum
694 4016 901 4079 venerit
926 4021 1039 4075 dies
1063 4016 1263 4085 judicii.
1288 4026 1343 4071 et
1366 4018 1535 4085 aperti
1568 4016 1763 4070 fuerint
1789 4016 1911 4069 libri

322 4098 772 4153 conscientiarum
800 4110 816 4158 ;
858 4106 979 4147 cum
1019 4091 1224 4144 dicetur
1250 4088 1318 4143 de
1346 4103 1431 4141 me
1451 4127 1467 4153 ,
1504 4088 1640 4142 Ecce
1671 4086 1831 4141 homo
1858 4095 1913 4140 et

321 4183 487 4238 opera
516 4169 651 4235 ejus.
682 4157 818 4238 Quid
865 4163 1052 4238 faciam
1104 4172 1245 4238 tunc,
1290 4159 1512 4213 Domine
1556 4157 1695 4238 Deus
1737 4172 1908 4221 meus,

323 4228 447 4293 cum
477 4228 598 4293 σώιὶ
625 4228 937 4291 revelabunt
965 4232 1295 4300 iniquitatem
1326 4244 1520 4294 meam,
1539 4237 1603 4300 Aet
1626 4228 1911 4282 adversum

322 4324 414 4364 me
453 4316 593 4363 terra
632 4302 952 4374 consurget?
984 4298 1122 4356 EcCc
1152 4300 1281 4374 nihil
1322 4298 1649 4368 respondere
1687 4308 1910 4374 potero;

323 4380 418 4435 sed
439 4378 672 4433 demisso
688 4370 859 4445 capite
883 4388 989 4445 prie
1015 4370 1325 4445 confusione
1349 4384 1529 4445 eoraut
1556 4370 1782 4445 testatio
1810 4379 1917 4445 tre:

324 4450 482 4518 pidus
519 4458 575 4503 et
612 4437 897 4518 confusus:
921 4443 1164 4518 ileu_me
1206 4441 1493 4518 miserum!
1535 4438 1661 4509 quid
1702 4437 1916 4494 dicam?

322 4512 578 4573 Clamabo
602 4517 669 4571 ad
696 4527 769 4581 te,
792 4513 1015 4569 Domine
1036 4513 1176 4566 Deus
1196 4527 1366 4565 meus.
1390 4512 1563 4579 Quare
1587 4518 1919 4581 tacenscon-

325 4588 544 4644 sumor?
572 4580 953 4644 Verumtamen
983 4583 1027 4636 si
1059 4582 1265 4637 locutus
1298 4580 1469 4641 fuero,
1497 4595 1603 4634 non
1630 4580 1918 4648 requiescit

324 4660 482 4715 dolor
524 4674 674 4714 meus
701 4675 715 4710 :
742 4665 797 4711 et
841 4655 887 4709 si
932 4664 1165 4716 tacuero,
1202 4652 1534 4708 amarissima
1563 4649 1917 4704 amaritudine

325 4731 541 4786 crucior
590 4728 832 4783 interius.
877 4723 1094 4793 Plange,
1143 4724 1319 4776 anima
1372 4737 1522 4793 mea,
1577 4722 1715 4775 sicut
1759 4722 1917 4793 vidua

326 4814 491 4869 Sllpet‘
513 4800 685 4854 virum
731 4791 1033 4869 pubertatis
1068 4803 1215 4846 tute:
1248 4792 1413 4855 ulula,
1454 4792 1672 4869 misera,
1708 4791 1919 4869 ethplo-

328 4860 425 4934 ra';
453 4870 704 4942 quoniam
731 4860 950 4922 'dimisit
994 4875 1045 4919 te
1087 4876 1317 4934 sponsus
1358 4870 1500 4928 tuus,
1541 4862 1590 4915 id
1630 4869 1733 4925 est,
1764 4860 1921 4915 Chri-

325 4951 461 4997 stus.

405 5012 476 5083 (c)
515 5008 603 5066 Ira
642 5005 1056 5083 omnipotentis,
1101 5019 1170 5061 ne
1206 5001 1396 5083 irruas
1444 5017 1623 5083 super
1648 5016 1755 5083 me,
1796 5002 1920 5073 quia

326 5073 598 5146 nunquam
630 5080 746 5146 capi
778 5073 960 5146 posses
987 5077 1038 5129 in
1068 5091 1172 5146 me.
1200 5073 1359 5129 Certe
1382 5088 1486 5127 non
1500 5073 1662 5146 (estin
1682 5082 1794 5126 toto
1810 5088 1917 5146 me,

326 5099 435 5137 nun
479 5099 598 5134 uani
630 5099 746 5146 capt
778 5099 960 5146 posses
988 5099 1038 5129 Ill
1068 5099 1172 5130 me.
1200 5099 1359 5129 uerte
1382 5099 1486 5127 ιιυιι
1509 5099 1662 5128 cauti
1683 5099 1917 5135 tinuum,

326 5099 471 5223 quodl
501 5159 680 5223 posset
709 5148 937 5223 tolerare
965 5156 1034 5223 te.
1067 5145 1334 5223 liiiserere,
1384 5158 1452 5197 ne
1479 5144 1778 5223 desiverem,
1826 5143 1921 5196 sed

327 5213 597 5292 sperando
627 5220 908 5288 respirem.
959 5216 1036 5289 (ά)
1069 5216 1135 5269 Ει
1176 5216 1242 5292 si_
1265 5228 1365 5284 ego
1392 5214 1635 5292 commisi
1669 5213 1922 5292 unde_tne

326 5284 587 5348 damnare
634 5284 804 5360 potes,
852 5299 905 5342 tu
946 5284 1049 5340 non
1093 5286 1316 5339 amisisti
1347 5284 1488 5338 unde
1514 5285 1722 5360 salvare
1739 5284 1918 5360 soles.

326 5364 430 5430 Tu,
482 5353 728 5425 Domine,
778 5376 883 5413 non
928 5360 1008 5430 vis
1050 5364 1274 5430 mortem
1324 5362 1661 5430 peccatorum
1707 5353 1917 5430 (Exerit.

328 5424 516 5502 xxim,
543 5434 602 5488 ll
619 5435 657 5500 ).
682 5424 781 5485 nec
805 5429 1002 5484 lzrtaris
1019 5429 1069 5482 ιιι
1090 5425 1385 5497 perditione
1418 5425 1757 5478 morientium
1778 5441 1792 5477 :
1815 5424 1922 5477 imo

328 5514 388 5559 ut
408 5505 600 5559 mortui
630 5502 892 5562 viverent,
916 5509 971 5554 tu
999 5508 1240 5553 mortuus
1262 5510 1343 5561 es,
1365 5505 1419 5551 et
1443 5508 1590 5549 mors
1619 5503 1705 5548 tua
1735 5508 1923 5563 pacci-

397 5681 415 5741 ε
443 5675 570 5741 Αριιά
593 5675 887 5741 Anselmum,
909 5679 1093 5741 certum
1109 5678 1197 5724 est.

418 5734 489 5788 (ιδ’
504 5746 565 5788 Ex
592 5737 802 5787 Anselm.
821 5742 951 5785 orat.
971 5734 1016 5782 ι.

422 5796 473 5850 bi
506 5798 715 5849 Attselm.
742 5798 901 5847 Medii.
921 5796 970 5845 5.

420 5857 469 5923 ε)
502 5869 564 5911 Ex
586 5861 803 5923 ejusdem
825 5858 946 5923 Med,
971 5857 1019 5923 ‘2_.

510 5931 573 5973 Ex
604 5920 821 5982 ejuwem
841 5921 959 5970 Med.
990 5920 1037 5968 3.

623 6008 892 6066 ΡΑτιιοιι.
936 5995 1069 6057 XL.

1583 459 1788 515 LIBER
1828 456 2369 518 MEDITATIONUM.

3514 474 3617 529 938

2035 582 2206 629 torum
2225 584 2451 648 mortem
2473 576 2684 648 occidit.
2730 577 2797 633 Et
2835 580 2879 636 si
2918 579 3017 648 ipsi
3059 588 3111 636 te
3152 584 3416 640 moriente
3460 588 3616 642 vixe-

2032 654 2175 726 runt,
2204 646 2447 709 obsecro,
2473 646 2713 726 Domine,
2735 657 2796 726 ut
2820 646 2995 726 ego_ie
3020 650 3232 708 vivente
3247 669 3361 726 Anon
3394 658 3611 713 moriar.

2029 714 2177 770 Mitte
2203 731 2415 769 manum
2443 726 2583 771 tuam
2610 718 2675 773 de
2702 718 2828 783 alto,
2854 714 2908 774 ἐι
2926 720 3088 775 libera
3117 737 3204 776 me
3229 722 3297 779 de
3322 740 3483 781 manu
3514 729 3615 782 ini-

2030 787 2286 862 micorum
2315 802 2555 841 meorum
2577 803 2681 862 ille
2710 791 3134 862 super-gaudeant
3171 795 3301 849 mihi
3334 804 3389 851 et
3413 796 3609 862 dicant,

2030 855 2413 935 Devoravimus
2438 873 2559 912 eum
2592 855 2789 935 (ιξδαις
2810 855 3152 935 uineas).
3192 863 3324 935 Quis
3355 855 3609 935 unquam,

2028 925 2341 1008 bottelesu,
2371 927 2438 981 de
2468 939 2552 981 tua
2592 925 2953 1008 misericordia
2985 925 3333 1008 dil‘lidativqni
3359 925 3480 1001 cum
3510 925 3612 993 ini;

2027 998 2149 1050 miei
2181 998 2559 1073 tuinessemust
2575 999 2847 1073 redemisti
2879 1016 2977 1055 nos
3005 1002 3060 1073 in
3101 998 3356 1073 sanguine
3404 1000 3515 1071 tuo,
3560 1019 3613 1063 et

2026 1068 2384 1139 reconciliasti
2409 1083 2507 1139 nos
2536 1070 2642 1123 Deo
2668 1068 2841 1138 (Rom.
2873 1086 2927 1134 v,
2967 1070 3075 1139 10).
3103 1068 3238 1129 Ecce
3269 1077 3367 1131 sub
3394 1068 3614 1132 tuae-mi-

2024 1138 2543 1215 sericordiaeitmbra
2576 1149 2843 1215 protectus
2883 1140 2950 1195 ad
2996 1138 3242 1215 thronum
3286 1146 3469 1215 gloria:
3517 1165 3611 1203 ve-

2025 1207 2166 1279 niam
2189 1209 2460 1277 postnlans
2476 1207 2653 1274 euri-0,
2683 1210 2919 1265 clamans
2944 1221 2997 1266 et
3027 1212 3243 1279 pulsans
3268 1207 3439 1271 donec
3460 1219 3609 1273 miseo

2024 1278 2192 1331 rearis
2216 1280 2367 1331 mihi.
2398 1279 2453 1333 Si
2492 1281 2635 1333 enim
2666 1280 2732 1335 ad
2767 1282 2973 1334 veniam
3004 1278 3104 1335 nos
3133 1286 3353 1348 vocasti,
3401 1289 3610 1343 veniam

2024 1362 2128 1401 non
2154 1358 2482 1425 quzerenies;
2511 1359 2711 1420 quanto
2753 1352 2921 1421 magis
2962 1353 3170 1407 veniam
3210 1355 3612 1425 impetrabimus

2022 1418 2386 1486 postulantes?

2094 1486 2168 1556 (a)
2209 1489 2288 1543 Ne
2330 1489 2657 1553 memineris,
2706 1490 3014 1564 dulcissime
3054 1491 3203 1558 Jesu,
3250 1503 3354 1548 tum
3391 1496 3611 1564 justitire

2019 1556 2278 1637 adversus
2303 1570 2637 1637 peccatorem
2662 1569 2842 1625 tuum;
2875 1562 2966 1616 sed
2993 1572 3108 1617 esto
3137 1556 3349 1637 memor
3371 1556 3612 1637 benigni-

2019 1628 2145 1680 tatis
2174 1637 2276 1682 tua:
2319 1629 2576 1685 adversus
2623 1639 2925 1685 creaturam
2973 1640 3137 1687 tuam.
3184 1634 3258 1689 Ne
3301 1628 3611 1694 meminéris

2020 1696 2114 1750 ira»
2140 1698 2401 1754 adversus
2430 1715 2609 1763 reum;
2642 1701 2733 1754 sed
2764 1717 2969 1756 memor
2994 1712 3110 1757 esto
3128 1704 3486 1762 miserationis
3506 1717 3611 1764 tua:

2018 1767 2278 1852 adversus
2302 1769 2580 1852 miserum.
2612 1771 2691 1852 (ὁ)
2724 1769 3051 1852 Obliviscere
3078 1774 3365 1852 superbum
3408 1792 3609 1845 provo-

2019 1847 2252 1913 cantem,
2285 1847 2337 1893 et
2372 1842 2587 1913 respice
2617 1842 2869 1913 miserum
2916 1845 3269 1913 invocantem.
3299 1842 3435 1913 Quid
3465 1849 3607 1904 enim

2019 1917 2101 1962 est
2124 1908 2299 1987 Jesus,
2332 1911 2438 1987 nisi
2459 1912 2731 1987 Salvator?
2757 1912 2916 1987 Ergo,
2965 1912 3113 1987 Jesu,
3148 1931 3244 1987 per
3270 1908 3607 1987 temetipsum

2018 1993 2247 2053 exsurge
2277 1979 2328 2033 in
2354 1980 2687 2053 ειόλιιιοισῃιιιιΔ
2708 1979 2949 2038 ιηὶΙιῐί-ει
2985 1982 3072 2038 dic
3101 1979 3292 2039 anima:
3320 1979 3477 2053 meai,
3508 1989 3609 2044 Sa-

2019 2047 2102 2125 l_us
2132 2047 2348 2125 tuaego
2388 2065 2503 2103 sum
2531 2050 2702 2120 (Psal.
2734 2068 2926 2117 χχχιιι,
2967 2053 3047 2125 ὅ).
3082 2054 3321 2121 Multum,
3362 2047 3606 2125 Domine,

2018 2118 2085 2198 de
2113 2127 2197 2173 tua
2228 2118 2464 2175 bonitate
2498 2118 2799 2198 praesumo,
2814 2118 3066 2198 quoniam
3096 2126 3289 2198 tuipse
3309 2118 3480 2185 doces
3519 2118 3610 2198 pe;

2018 2196 2153 2268 tere,
2184 2205 2424 2268 quzerere
2453 2200 2506 2268 ei
2537 2192 2745 2268 pulsare
2780 2192 2992 2262 (Matth.
3023 2210 3118 2258 vtt,
3153 2192 3244 2268 7):
3279 2206 3333 2268 et
3366 2198 3489 2253 ideo
3517 2192 3606 2255 tua

2017 2261 2261 2336 oratione
2290 2260 2594 2336 admonitus
2626 2263 2697 2332 (c)
2728 2260 2870 2336 peto,
2903 2280 3085 2336 qtnero
3109 2275 3163 2319 et
3186 2260 3382 2334 'pulso.
3420 2268 3485 2323 Et
3524 2279 3606 2336 tu,

2018 2329 2261 2408 Domine,
2291 2330 2555 2408 quijubes
2573 2329 2773 2408 petere,
2807 2332 2888 2388 fac
2914 2329 3182 2408 accipere;
3203 2329 3437 2393 consulis
3452 2329 3603 2408 qnan

2017 2415 2161 2477 [ει-θ1
2188 2400 2255 2454 da
2285 2410 2338 2454 et
2378 2400 2645 2477 invenire;
2678 2402 2837 2458 doces
2882 2400 3113 2472 pulsare,
3165 2408 3309 2477 aperi
3354 2400 3602 2477 pulsanti.

2016 2470 2282 2524 Conlirma
2309 2486 2394 2525 me
2423 2471 2713 2534 infirmum,
2742 2470 2979 2527 resta'ura
2999 2488 3085 2529 me
3107 2470 3388 2541 perditum,
3410 2480 3604 2533 suscita

2017 2555 2104 2594 me
2144 2550 2448 2617 mortuum:
2485 2550 2540 2595 et
2580 2556 2769 2617 omnes
2810 2558 3000 2617 sensus
3043 2560 3212 2617 meos,
3255 2548 3513 2617 cogitatus
3552 2558 3608 2604 et

2015 2618 2165 2664 actus
2193 2611 2425 2687 dirigere
2466 2619 2521 2666 et
2562 2612 2860 2687 gubernare
2899 2614 3134 2687 digneris
3179 2615 3232 2669 in
3272 2611 3603 2687 be'neplacita

2018 2689 2128 2757 tuo,
2160 2691 2218 2734 ut
2246 2681 2313 2757 de
2341 2692 2536 2757 cmlgro
2563 2682 2657 2757 tibi
2682 2683 2935 2757 serviam,
2959 2681 3269 2757 tibi_vivam,
3302 2681 3501 2757 tibique
3516 2705 3604 2745 me

2017 2753 2241 2826 tradam.
2272 2750 2426 2826 Scio,
2451 2752 2672 2826 Domine
2696 2756 2789 2817 mi,
2819 2755 2948 2826 quia
2970 2771 3033 2809 ex
3067 2754 3166 2809 hoc
3192 2757 3330 2826 quod
3362 2750 3445 2813 me
3473 2757 3601 2814 feci-

2017 2822 2105 2884 sti,
2136 2821 2308 2900 debeo
2338 2822 2430 2900 iibi
2459 2837 2543 2876 me
2562 2823 2763 2900 ipsum;
2788 2821 2847 2878 et
2862 2825 2985 2900 quia
3003 2821 3407 2900 incred—emisti,
3438 2837 3493 2883 et
3510 2846 3606 2900 pro

2015 2907 2103 2966 me
2142 2891 2302 2945 homo
2336 2891 2505 2946 factus
2530 2891 2608 2957 es,
2640 2891 2899 2966 deberem
2924 2895 3015 2950 tibi
3062 2895 3179 2964 plus
3216 2911 3373 2966 quam
3415 2891 3524 2962 me;
3557 2902 3601 2954 si

2015 2960 2290 3037 haberem,
2339 2972 2537 3033 quanto
2583 2974 2639 3037 ιιι
2690 2965 2860 3037 major
2905 2980 2986 3031 es,
3037 2960 3133 3035 pro
3180 2960 3290 3037 quo
3330 2960 3525 3024 dedisti
3554 2980 3605 3026 te

2015 2980 2290 3022 naucrem,
2339 2980 2537 3033 quanto
2585 2980 2639 3016 ttt
2690 2980 2860 3087 maior
2905 2980 2986 3031 es,
3037 2981 3133 3035 pro
3180 2981 3290 3037 quo
3330 2980 3525 3024 dedisti
3554 2980 3605 3026 te

2014 3034 2206 3115 ipsum.
2242 3033 2381 3087 Ecce
2411 3048 2519 3115 .nec
2547 3034 2666 3103 plus
2696 3032 2761 3115 ha
2804 3049 2890 3115 eo,
2924 3051 3022 3090 nec
3060 3036 3201 3105 quod
3246 3036 3436 3115 habeo,
3476 3040 3605 3115 dare

2016 3103 2110 3157 tibi
2136 3118 2349 3171 posmm
2380 3104 2496 3157 sine
2528 3115 2611 3168 te;
2635 3105 2727 3159 sed
2750 3105 2933 3174 accipe
2958 3120 3044 3160 me
3069 3103 3145 3172 tu,
3174 3117 3230 3161 et
3251 3110 3401 3163 trahe
3426 3126 3512 3165 me
3536 3112 3602 3166 ad

2014 3180 2092 3237 te,
2130 3181 2187 3226 ut
2218 3184 2338 3228 tuus
2380 3176 2480 3227 sim
2525 3174 2817 3230 imitatione
2854 3185 2909 3230 et
2949 3176 3255 3241 dilectione,
3307 3178 3444 3235 sicut
3483 3190 3605 3237 tuus

2015 3256 2131 3316 sum
2162 3244 2488 3316 conditione,
2512 3246 2600 3316 gui
2634 3245 2770 3298 vivis
2796 3255 2850 3301 et
2878 3262 3068 3316 regnas
3095 3248 3147 3301 in
3171 3250 3387 3303 smcula.

2084 3312 2311 3369 CAPUT
2349 3313 2461 3368 XL.
2506 3314 2613 3368 Deo
2654 3316 2824 3368 omnia
2860 3312 2963 3370 sua
2977 3318 3311 3372 commendat.
3336 3319 3464 3374 Orat
3486 3338 3607 3376 avo-

2013 3384 2121 3439 cari
2130 3383 2283 3459 uitia,
2315 3385 2767 3459 uirtutesfoncedi.
2793 3385 3011 3441 Sanclos
3031 3389 3338 3459 interpellat.
3360 3389 3467 3445 Pro
3490 3394 3605 3446 uni-
3644 3396 3649 3401 ’

2014 3455 2166 3529 versis
2184 3456 2489 3529 gupplicat._
2514 3454 2735 3510 Rursum
2757 3473 2849 3529 pro
2867 3474 2921 3512 se
2946 3454 3171 3529 aliisque
3200 3470 3452 3529 precatur.
3495 3462 3601 3516 Do-

2016 3526 2161 3580 mine
2184 3525 2324 3601 Deus
2348 3525 2705 3601 omnipotens,
2748 3525 2836 3596 qui
2875 3543 2933 3582 cs
2961 3525 3131 3583 trinas
3159 3525 3213 3584 et
3242 3546 3399 3597 unus,
3427 3533 3514 3601 qui
3543 3549 3603 3589 es

2014 3608 2231 3663 semper
2260 3597 2311 3648 in
2342 3596 2611 3659 omnibus,
2637 3608 2690 3652 et
2717 3612 2837 3652 eras
2863 3605 2988 3653 ante
3020 3602 3220 3664 omnia,
3249 3612 3303 3655 et
3323 3596 3430 3656 eris
3446 3596 3604 3658 'sem-

2016 3681 2114 3735 per
2158 3667 2208 3718 in
2260 3666 2509 3719 omnibus
2552 3667 2689 3721 Deus
2746 3666 3063 3723 benedictus
3107 3674 3158 3723 in
3212 3674 3408 3727 saecula
3450 3690 3462 3726 :
3507 3674 3602 3729 tibi

2013 3735 2331 3790 commendo
2383 3736 2540 3807 hodie
2581 3746 2632 3789 et
2663 3736 2807 3807 omni
2851 3746 3091 3807 tempore
3129 3741 3361 3794 animam
3404 3758 3598 3807 meam,

2014 3821 2211 3872 Corpus
2238 3821 2435 3870 meum,
2467 3806 2659 3869 visum,
2688 3806 2951 3869 auditum,
2984 3817 3219 3877 gustum,
3251 3811 3529 3866 odoratum
3548 3806 3604 3869 et

2015 3884 2235 3939 tactum,
2264 3890 2452 3929 omnes
2488 3877 2836 3944 cogitationes
2873 3893 3040 3943 meas,
3082 3878 3419 3945 afﬂictiones,
3452 3884 3599 3937 locn-

2016 3946 2205 4005 tiones.
2226 3947 2485 4010 actiones,
2509 3947 2683 4017 omnia
2711 3948 2973 4001 exteriora
2990 3957 3045 4001 et
3065 3949 3337 4017 interiora,
3384 3967 3601 4009 sensum

2014 4026 2070 4071 et
2086 4017 2429 4075 intellectum,
2451 4016 2759 4070 memoriam
2780 4033 2975 4083 meam,
2996 4018 3151 4072 fidem
3168 4030 3217 4072 et
3234 4021 3603 4080 credulitatem

2013 4102 2209 4146 meam,
2247 4095 2300 4139 et
2338 4087 2786 4161 perseverantiam
2822 4104 3016 4151 meam,
3062 4090 3331 4161 inimanus
3354 4096 3603 4161 potentia».

2017 4166 2152 4221 tute;
2183 4166 2245 4238 ut
2258 4157 2538 4238 custodias
2563 4171 2656 4212 eas
2683 4157 2873 4214 diebus
2892 4168 2947 4214 et
2976 4160 3241 4226 noctibus,
3271 4157 3417 4217 boris
3440 4174 3604 4236 atque

2016 4237 2321 4281 momentis.

2089 4299 2291 4353 Exaudi
2332 4313 2439 4361 me,
2490 4297 2724 4354 Trinitas
2764 4306 2968 4365 sancta,
3014 4306 3069 4354 et
3115 4315 3373 4357 conserva
3420 4319 3506 4359 me
3536 4305 3605 4360 ab

2018 4368 2161 4423 Omni
2191 4369 2352 4435 malo,
2393 4371 2460 4422 ab
2497 4370 2642 4424 omni
2682 4369 2954 4433 scandala,
2997 4378 3051 4424 et
3088 4371 3158 4425 ab
3196 4373 3342 4428 omni
3391 4378 3601 4430 mortali

2018 4450 2260 4509 peccato,
2289 4440 2357 4493 ab
2376 4440 2623 4494 omnibus
2649 4439 2858 4494 insidiis
2879 4450 2931 4495 et
2954 4439 3380 4498 infestationibus
3404 4444 3606 4501 dznmo-

2019 4526 2169 4586 num,
2201 4521 2256 4564 et
2292 4510 2630 4586 iniitticorum
2668 4511 2954 4566 visibilium
2997 4520 3053 4567 et
3090 4512 3456 4586 invisibilium,
3511 4533 3605 4586 per

2020 4581 2291 4654 orationes
2334 4580 2779 4654 Patriarcharum,
2827 4597 2923 4652 per
2971 4582 3158 4637 merita
3196 4580 3601 4654 Prophetarum,

2020 4664 2118 4720 per
2160 4649 2408 4728 suffragia
2440 4649 2842 4728 Aposiolorutn,
2888 4667 2981 4721 per
3018 4649 3368 4728 constantiam
3404 4649 3605 4728 marty;

2022 4736 2161 4783 rum,
2188 4736 2281 4795 per
2301 4720 2457 4775 ﬁdem
2477 4720 2983 4795 confessorum,iper
3000 4724 3298 4780 castitatem
3322 4720 3604 4795 virginum.
3692 4760 3696 4765 ο

2023 4800 2079 4862 et
2114 4807 2207 4861 per
2255 4792 2690 4846 intercessionem
2739 4793 2976 4847 omnium
3019 4803 3321 4849 sanctorum
3370 4792 3458 4862 qui
3511 4798 3603 4851 tibi

2025 4861 2336 4931 placuerunt
2365 4862 2434 4916 ab
2460 4862 2614 4916 initio
2638 4863 2843 4916 mundi.
2876 4862 3094 4931 Expelle
3119 4878 3148 4916 a
3181 4881 3269 4920 me
3291 4861 3602 4932 iactantiam

2026 4934 2239 4995 mentis,
2269 4940 2325 4987 et
2352 4947 2485 5001 auge
2522 4933 2985 5002 compunctionetn
3026 4934 3240 5002 (cordis;
3292 4935 3472 4992 minue
3514 4951 3607 4991 su-

2028 5004 2261 5072 perbiam
2292 5017 2486 5063 meam,
2521 5012 2576 5057 et
2602 5001 2797 5072 perfice
2822 5003 2873 5057 in
2905 5017 2992 5073 me
3021 5001 3371 5059 humilitatem
3401 5021 3607 5073 veram,

2026 5075 2222 5130 suscita
2249 5074 2313 5144 in
2352 5073 2669 5144 meiﬂetum,
2698 5073 2775 5144 (ά)
2798 5072 3055 5144 mollifica
3083 5088 3180 5129 cor
3209 5090 3385 5130 meum
3412 5072 3605 5134 duntm

2026 5154 2079 5197 et
2120 5143 2406 5212 lapideum.
2440 5143 2629 5197 Libera
2660 5158 2765 5205 me,
2796 5143 3039 5205 Domine,
3077 5152 3131 5196 et
3157 5145 3390 5200 animam
3434 5165 3608 5204 meam

2026 5215 2092 5268 ab
2121 5213 2366 5267 omnibus
2416 5213 2622 5267 insidiis
2673 5213 2892 5277 inimici,
2933 5222 2986 5267 et
3029 5228 3282 5270 conserva
3315 5232 3402 5270 me
3430 5219 3481 5271 in
3523 5229 3612 5274 tua

2030 5284 2318 5338 voluntate.
2353 5283 2491 5338 Doce
2519 5297 2627 5348 me,
2661 5282 2904 5345 Domine,
2936 5284 3262 5340 voluntatem
3296 5299 3436 5342 tuam
3471 5288 3612 5345 face-

2026 5355 2254 5431 re_._quia
2288 5353 2428 5431 Deus
2455 5367 2605 5407 meus
2635 5368 2693 5407 es
2721 5361 2774 5407 tu
2816 5351 2986 5431 (θεαί.
3043 5369 3206 5431 exui,
3259 5357 3371 5431 ili).
3418 5360 3486 5431 (ε)
3539 5361 3611 5415 Da

2028 5424 2180 5484 mihi,
2214 5424 2457 5496 Domine,
2505 5438 2719 5496 sensum
2752 5423 3042 5496 perfectum
3075 5434 3130 5481 et
3174 5423 3526 5496 intellectum,
3556 5438 3615 5485 ut

2027 5497 2299 5564 suscipere
2324 5495 2527 5550 valeam
2557 5492 2872 5564 profundam
2891 5495 3269 5567 benignitatem
3300 5510 3462 5557 tuam.
3481 5492 3613 5557 Illud

2200 5734 2301 5776 iam
2326 5738 2388 5775 ex
2415 5724 2511 5775 line
2534 5725 2658 5775 Med.
2683 5724 2729 5775 ‘3.

2115 5664 2167 5714 αι
2200 5661 2454 5714 Anselmus
2464 5663 2522 5714 in
2542 5661 2640 5713 ﬁne
2665 5665 2784 5714 Med.
2812 5664 2861 5714 ὃ.

2116 5680 2143 5714 a
2200 5664 2454 5714 Anselmus
2464 5664 2522 5714 in
2542 5664 2640 5713 ﬁne
2665 5665 2784 5714 Med.
2812 5664 2861 5714 ὃ.

2118 5726 2146 5776 b
2200 5734 2301 5776 Jam
2326 5738 2388 5775 ex
2415 5724 2511 5775 line
2534 5725 2658 5775 Med.
2683 5724 2729 5775 ‘3.

2118 5802 2142 5838 c
2199 5795 2262 5837 Ex
2302 5795 2551 5847 Ansetmo,
2578 5800 2627 5836 tn
2650 5786 2745 5838 ﬁne
2767 5788 2927 5838 Medtt.
2956 5789 3030 5838 Η.

2154 5851 2173 5899 ι
2206 5850 2307 5899 vid.
2326 5862 2611 5899 suura.can.
2634 5850 2713 5899 35.

2090 5665 2114 5910 Ξ

2206 5850 2611 5961 ἕὲἦὲἷὲδθῗξῖξ
2634 5850 2713 5961 Ῠέἒ

2096 5910 2172 5974 (ε)
2207 5917 2273 5962 Ex
2296 5910 2511 5973 Alauiuo,
2534 5910 2624 5961 lib.
2646 5911 2711 5963 de
2730 5918 3045 5969 sacramentq
3070 5924 3173 5974 (ap.
3205 5918 3249 5962 ί.

2983 5993 3072 6073 ('1'
3074 5996 3295 6063 rente.)
