4006 6496
467 505 570 564 σιτ

463 634 517 679 ct
541 622 640 677 nisi
664 622 754 677 Dei
779 619 1146 697 misericordia
1158 634 1278 675 eum
1308 624 1539 697 tueatur,
1566 614 1952 697 gaepluspsque
1970 614 2035 669 ad

467 703 692 749 mortem
717 692 1041 747 vulneratur.
1071 690 1258 745 Libera
1290 704 1376 742 me
1397 730 1412 753 ,
1444 684 1667 741 Domine
1686 728 1702 751 ,
1731 685 1796 739 ab
1825 684 1909 740 his
1940 685 2038 739 ho-

465 764 636 819 stibus
662 763 813 820 meis.
832 777 862 816 a
892 762 1083 831 quibus
1110 776 1193 814 me
1220 759 1446 813 liberare
1474 773 1581 811 non
1612 758 1783 831 valeo.
1815 756 2039 831 Perver-

466 851 580 887 sum
611 834 751 889 enim
783 841 838 887 et
863 826 1153 902 pessimum
1176 838 1258 902 est
1279 844 1371 902 cor
1390 843 1567 883 meum
1593 845 1607 881 :
1629 827 1694 880 ad
1720 826 2041 902 deploranda

470 912 767 972 perpetrata
805 896 1020 972 peccata
1050 916 1166 955 mea
1195 900 1461 972 lapideum
1500 905 1584 972 est
1628 906 1681 953 et
1709 897 1912 972 aridum
1934 938 1947 960 ,
1975 896 2042 972 ad

469 966 823 1029 resistendum
852 973 1169 1027 instantibus
1200 972 1216 1003 ¹
1249 966 1408 1024 molle
1433 978 1488 1022 et
1517 968 1717 1022 luteum
1742 1005 1759 1033 ,
1783 966 1847 1019 ad
1884 967 2042 1020 inuti-

471 1045 536 1097 lia
562 1053 616 1098 et
654 1045 809 1097 noxia
850 1042 1122 1096 tractanda
1144 1041 1295 1095 velox
1328 1048 1381 1093 et
1406 1038 1729 1107 infatigabile
1754 1078 1768 1101 ,
1798 1036 1863 1091 ad
1894 1037 2041 1106 cogi-

471 1114 625 1169 tanda
662 1113 893 1168 salubria
934 1112 1265 1166 fastidiosum
1296 1118 1352 1166 et
1381 1110 1675 1163 immobile.
1708 1108 1897 1161 Anima
1928 1122 2042 1161 mea

468 1186 689 1239 distorta
708 1192 763 1238 et
781 1184 1063 1251 depravata
1084 1181 1148 1235 ad
1174 1179 1605 1251 praecipitandum
1628 1188 1683 1233 et
1700 1178 2042 1251 volutandum

470 1270 529 1309 se
559 1255 611 1309 in
647 1254 790 1308 vitiis
828 1248 987 1308 nimis
1014 1248 1187 1309 facilis
1214 1261 1296 1306 est
1319 1248 1373 1305 et
1412 1259 1688 1318 prompta;
1717 1249 1783 1302 ad
1816 1248 2043 1303 salutem

473 1324 922 1381 reminiscendam
966 1325 1122 1377 nimis
1148 1322 1377 1376 difficilis
1405 1331 1457 1374 et
1496 1321 1660 1389 pigra.
1698 1319 1932 1387 Longum
1963 1325 2047 1372 est

470 1410 787 1450 enumerare
834 1394 1039 1464 singula
1065 1436 1079 1458 ,
1104 1391 1523 1464 gastrimargiam
1549 1432 1563 1453 ,
1592 1390 2001 1464 somnolentiam
2026 1428 2040 1452 ,

473 1467 767 1531 levitatem,
800 1459 1202 1535 impatientiam,
1236 1459 2043 1535 cenodox‘iain,‘detractionem,

473 1529 909 1596 inobedientiam,
939 1543 993 1589 et
1018 1543 1207 1589 e-etcra
1237 1533 1360 1586 vitia
1382 1532 1571 1601 quibus
1600 1531 1733 1584 facta
1755 1539 1838 1583 est
1866 1529 2045 1601 infelix

472 1607 646 1660 anima
693 1621 811 1661 mea
848 1606 1157 1675 quotidiano
1183 1600 1446 1667 ludibrio,
1477 1602 1668 1675 quibus
1696 1600 2007 1675 distrahitur
2029 1639 2045 1661 ,

473 1678 816 1731 conculcatur
839 1672 893 1730 et
917 1677 1173 1745 perditur.
1198 1674 1391 1745 Libera
1406 1688 1546 1745 eam,
1562 1672 2048 1745 Domine,e_xon_era

473 1746 614 1802 mole
642 1739 979 1809 peccatorum
1014 1746 1255 1800 obrutam
1280 1760 1295 1809 ;
1319 1743 1464 1797 solve
1490 1742 1800 1796 delictorum
1836 1739 2051 1795 funibus

476 1812 713 1888 ligatam,
739 1817 929 1886 expedi
953 1816 1263 1871 criminibus
1294 1815 1570 1888 irretitam.
1594 1814 1736 1881 erige
1762 1812 2048 1888 jacentcm,

476 1882 680 1943 sustine
708 1882 1002 1950 nutantem.
1032 1888 1235 1941 instrue
1261 1884 1623 1953 spiritualihus
1649 1883 1812 1936 armis
1840 1882 2052 1935 virtuti-

477 1959 575 2012 bus
603 1959 862 2013 inermem
886 1999 901 2023 ,
930 1966 1049 2028 tege
1076 1966 1130 2011 et
1174 1966 1389 2028 protege
1410 1963 1741 2028 pugnantem
1768 1994 1781 2014 .
1810 1965 2050 2020 expugna

476 2030 893 2099 impugnantem.
921 2024 1048 2084 Jesu
1076 2028 1237 2099 bone,
1265 2025 1385 2099 vide
1410 2024 1765 2099 humilitatem
1797 2036 1971 2099 meam
1998 2031 2051 2099 et

478 2091 714 2154 laborem
743 2114 919 2154 meum
941 2140 957 2165 ,
980 2107 1032 2153 et
1058 2097 1265 2152 dimitte
1291 2096 1534 2149 universa
1561 2093 1753 2147 delicta
1783 2091 2055 2165 mea._A_d-

473 2172 620 2235 jutor
646 2184 797 2224 meus
823 2162 959 2233 esto,
992 2183 1061 2222 ne
1089 2168 1426 2235 derelinquas
1452 2179 1557 2230 me,
1585 2178 1758 2233 neque
1786 2162 2053 2235 despicias

476 2233 582 2299 me;
606 2240 698 2295 Sed
724 2240 857 2294 doce
881 2254 965 2293 me
987 2239 1159 2293 facere
1187 2233 1511 2291 voluntatem
1540 2246 1705 2288 tuam.
1725 2233 1910 2285 Anima
1937 2247 2052 2287 mea

477 2319 721 2375 testctur,
744 2310 887 2379 quod
913 2310 1138 2363 libenter
1164 2322 1224 2361 os
1251 2306 1550 2379 confitetur.
1581 2304 1785 2371 Adjuva
1810 2318 1913 2379 me,
1953 2304 2052 2355 llo-

476 2381 619 2434 mine
656 2374 780 2449 pie,
805 2380 1030 2448 benigne
1054 2387 1110 2432 et
1128 2379 1364 2449 clemens
1401 2378 1516 2449 plus
1546 2390 1703 2444 quam
1734 2374 1929 2441 possim
1960 2388 2051 2427 co-

473 2448 687 2519 gitare:
720 2460 780 2505 ut
808 2467 912 2505 non
941 2452 1116 2504 minus
1155 2448 1257 2503 hoc
1295 2448 1519 2502 sentiam
1539 2486 1555 2511 ,
1584 2461 1743 2514 quam
1786 2457 2055 2511 pracsumo

476 2535 708 2589 sperare.

545 2590 772 2647 CAPUT
814 2591 897 2644 Vl.
956 2588 1243 2645 Peccatoris
1279 2587 1593 2643 discrimina.
1625 2585 1701 2656 (a)
1747 2586 1790 2641 0
1842 2595 2053 2653 peccata

477 2678 591 2714 mea
618 2704 633 2724 ,
659 2677 844 2726 magna
887 2664 1015 2716 eStis
1045 2660 1201 2715 nimis
1220 2704 1234 2725 ,
1262 2661 1427 2713 multa
1472 2660 1602 2712 estis
1632 2658 1785 2711 nimis
1806 2658 1857 2710 ἐ
1884 2656 2053 2726 Judex

479 2724 788 2787 terribiliter
810 2732 1081 2787 districtus
1102 2774 1115 2796 ,
1147 2724 1478 2800 inaequaliter
1505 2742 1761 2800 severus,
1790 2724 2055 2800 immode-

477 2812 591 2858 rate
614 2803 848 2857 offensus
871 2844 887 2867 ,
920 2798 1481 2863 vehementer—iratus,
1516 2799 1777 2854 sententia
1809 2798 2054 2851 immuta-

480 2874 599 2926 bilis
622 2915 637 2938 ,
663 2888 851 2928 carcer
884 2873 1233 2928 irremeabilis
1258 2913 1271 2934 ,
1301 2878 1569 2925 tormenta
1597 2870 1713 2923 sine
1736 2868 2012 2922 intervallo
2035 2908 2051 2933 ,

478 2944 596 2998 sine
625 2954 1062 3012 temperamento.
1083 2951 1311 2997 tortores
1342 2941 1644 3012 horribiles,
1673 2940 1760 3005 qui
1785 2954 2053 3006 nunquam

480 3011 793 3079 lassescnnt,
825 3030 1092 3083 nunquam
1124 3014 1465 3073 miserentur;
1492 3011 1650 3064 timor
1675 3025 1821 3083 reum
1840 3017 2056 3062 contur-

476 3084 568 3139 bat
595 3127 611 3151 ,
638 3080 967 3139 conscientia
1008 3084 1318 3145 confundit,
1350 3082 1695 3149 cogitationes
1739 3080 2051 3147 increpant:

477 3154 659 3223 fugere
703 3170 809 3208 non
863 3156 1004 3209 licet.
1045 3155 1180 3208 Ecce
1211 3156 1262 3207 in
1308 3168 1415 3222 quo
1449 3152 1683 3223 periculo
1726 3151 2057 3205 incessanter

482 3221 717 3280 consisto
750 3243 764 3279 :
796 3225 896 3279 nisi
925 3226 1043 3293 quia
1074 3240 1179 3278 non
1204 3223 1542 3293 semperhoc
1570 3221 1765 3292 cngilo;
1789 3236 1854 3276 eo
1878 3230 2054 3293 autem

480 3296 725 3351 miserior
746 3306 799 3350 et
818 3290 1193 3358 miserabilior,
1206 3290 1585 3364 quia—oblivisci
1605 3293 1625 3323 ³
1642 3290 1888 3360 possum.
1906 3290 2056 3364 Sen):

553 3383 576 3419 r
591 3368 732 3421 enim
774 3366 916 3421 videt
945 3366 1082 3420 Deus
1107 3380 1191 3420 me
1214 3362 1263 3418 et
1291 3374 1505 3433 peccata
1527 3379 1675 3427 mea;
1697 3378 1907 3430 semper
1927 3362 2055 3415 mihi

502 3438 753 3492 ntimatur
774 3436 1013 3491 districta
1040 3436 1321 3492 sententia.
1349 3449 1562 3502 semper
1585 3433 1821 3487 infernus
1842 3442 2056 3501 apertus

479 3517 535 3561 ct
576 3516 835 3562 tormenta
884 3515 1100 3576 parata,
1135 3520 1347 3574 semper
1390 3504 1681 3576 invisibiles
1720 3503 2057 3576 insidiatores

484 3579 651 3645 parati
677 3622 692 3645 ,
717 3588 773 3631 ut
813 3573 936 3632 illuc
962 3580 1167 3646 rapiant
1200 3573 1447 3630 miseram
1478 3575 1709 3646 animam
1741 3589 1934 3646 meam.
1966 3573 2057 3628 Sic

480 3644 597 3703 sum
624 3651 829 3721 positus
856 3664 977 3721 cum
1002 3644 1183 3716 vigilo,
1208 3648 1285 3721 sic
1308 3662 1427 3701 sum
1444 3660 1563 3721 cum
1590 3644 1817 3704 dormio.
1839 3644 1916 3699 sic
1938 3659 2055 3699 sum

478 3735 599 3774 cum
624 3716 777 3774 rideo
800 3762 813 3781 .
845 3720 923 3774 sic
946 3734 1063 3774 sum
1101 3733 1222 3772 cum
1250 3718 1404 3771 laetor
1426 3756 1441 3777 ,
1474 3716 1550 3769 sic
1576 3731 1691 3769 sum
1719 3731 1839 3769 cum
1866 3730 2055 3785 super-

479 3791 568 3845 bio
586 3833 599 3852 ,
631 3792 708 3845 sic
728 3806 843 3845 sum
870 3805 990 3845 cum
1018 3788 1240 3843 detraho
1264 3829 1277 3851 ,
1307 3789 1385 3842 sic
1416 3802 1531 3839 sum
1553 3801 1674 3839 cum
1711 3786 1914 3838 irascor
1936 3828 1949 3849 ,
1979 3786 2059 3840 sic

478 3876 596 3914 sum
636 3877 754 3915 cum
787 3864 969 3915 tristor
993 3901 1007 3919 .
1033 3861 1109 3914 sic
1137 3874 1252 3913 sum
1284 3874 1403 3913 cum
1443 3856 1661 3911 delicias
1689 3856 1929 3923 corporis
1960 3857 2059 3910 mi-

479 3932 717 3985 serabilis
754 3931 1083 4000 amplector!
1114 3929 1343 3998 denique
1364 3930 1439 3981 sic
1464 3942 1580 3982 sum
1611 3941 1821 4000 semper
1850 3936 1902 4000 et
1938 3927 2057 3981 ubi-

478 4018 599 4069 que.
634 4003 745 4056 lleu
768 3996 857 4056 me
877 4003 1151 4064 miserum,
1176 4010 1231 4055 et
1255 3996 1342 4054 ubi
1366 4014 1503 4063 sum,
1528 4006 1582 4053 et
1611 3997 1697 4051 ubi
1724 4013 1827 4051 non
1856 3996 1877 4026 ⁸
1901 4013 2018 4051 sum
2040 4038 2055 4063 ,

478 4073 565 4141 qui
591 4073 772 4128 nescio
791 4073 878 4127 ubi
905 4086 1124 4141 securus
1144 4071 1299 4125 sum?

550 4143 773 4197 CAPUT
828 4142 938 4197 νη.
998 4140 1330 4196 Peccatorum
1376 4139 1594 4204 vincula,
1626 4155 1797 4191 carcer
1836 4146 1881 4192 et
1924 4147 2059 4192 tene-

480 4214 602 4269 bras.
634 4213 709 4285 (b)
740 4213 829 4285 Va:
865 4213 995 4267 mihi
1031 4213 1261 4277 misero,
1290 4210 1414 4281 quid
1445 4208 1676 4263 faciam?
1714 4210 2060 4285 lleu_qnanto

482 4280 719 4351 tempore
756 4284 969 4353 languet
996 4298 1146 4337 mens
1176 4297 1287 4335 mea
1312 4280 1329 4343 ,
1357 4290 1553 4348 quanto
1582 4288 1799 4353 stupore
1841 4280 2060 4353 indura-

482 4350 603 4406 tum’
623 4363 704 4409 est
729 4369 823 4408 cor
850 4350 1024 4408 meum
1052 4394 1065 4415 ,
1092 4360 1291 4421 quanto
1324 4360 1539 4421 torpore
1569 4352 1843 4421 obturatur
1882 4350 2057 4421 anima

480 4426 632 4479 inea!
661 4425 794 4491 Quid
836 4433 913 4479 est
943 4422 1082 4493 quod
1109 4419 1185 4478 sic
1222 4437 1307 4493 me
1346 4420 1566 4493 impedit
1587 4419 1609 4472 ’ἲ
1633 4420 1756 4493 quid
1802 4428 1888 4493 est
1919 4419 2060 4493 quod

481 4490 744 4549 cervicem
772 4510 941 4549 meam
962 4490 1044 4547 sic
1076 4492 1309 4561 premit?
1342 4492 1461 4546 Vult
1482 4533 1494 4554 ,
1528 4492 1780 4547 Domine.
1804 4490 2058 4561 vultani-

481 4581 566 4619 ina
594 4582 709 4619 mea
741 4565 805 4619 ad
836 4574 889 4619 te
917 4560 1119 4634 erigere
1150 4563 1333 4617 faciem
1364 4576 1538 4620 suam.
1569 4570 1623 4614 et
1645 4560 1900 4634 plumbeo
1922 4576 2060 4634 pon-

481 4638 609 4692 dere
634 4644 850 4691 onerata
874 4632 1136 4703 gravatur;
1155 4642 1376 4686 conatur
1405 4647 1462 4686 se
1490 4632 1761 4699 expedire,
1786 4638 1839 4684 et
1859 4632 2061 4686 catenis

482 4708 665 4762 ferreis
713 4707 1023 4775 astringitur
1052 4722 1067 4769 ;
1102 4713 1266 4775 tentat
1290 4702 1451 4775 exire
1481 4743 1495 4775 ,
1546 4712 1609 4775 et
1641 4716 1795 4756 aureo
1847 4716 2061 4756 carcere

480 4778 774 4840 clauditur;
805 4772 946 4845 cupit
995 4777 1044 4830 in
1103 4783 1154 4828 te
1202 4772 1432 4843 dirigere
1457 4773 1727 4845 Aintuitum
1754 4786 1966 4845 _suum_,
2007 4780 2062 4826 et

480 4849 787 4920 «uliginosis
823 4841 1057 4920 tenebris
1085 4841 1416 4920 obscuraiur.
1446 4841 1575 4920 Quae
1605 4851 1728 4895 sunt
1754 4842 1850 4894 ista
1872 4883 1888 4907 ,
1923 4842 2061 4898 Deus

481 4912 648 4983 meus,
671 4934 790 4989 quae
814 4920 892 4973 sic
915 4918 1145 4989 animam
1168 4912 1712 4989 meam‘obtenebrant
1736 4920 1793 4967 et
1816 4921 2058 4981 gravant,

481 4983 734 5045 rlaudmit
758 4999 811 5043 et
841 4990 1040 5059 ligant“!
1070 4986 1311 5041 Forsitan
1343 4983 1457 5037 hcce
1494 4991 1617 5036 sunt
1651 4992 1867 5059 peccata
1906 4997 2057 5059 mea;

480 5066 589 5113 imo
618 5076 740 5115 vere
770 5054 1036 5114 haee'sunt
1060 5066 1269 5125 peccata
1309 5068 1425 5107 mea
1445 5095 1459 5115 ,
1491 5062 1638 5107 certe
1662 5054 1774 5107 haec
1798 5060 1939 5125 sunt.
1963 5054 2059 5107 Af-

482 5134 649 5184 fectus
665 5132 892 5184 carnalis
920 5124 1191 5183 infatuavit
1216 5127 1268 5179 in
1292 5141 1376 5178 me
1401 5138 1643 5192 saporem
1664 5124 2016 5192 spiritualium
2043 5143 2056 5178 :

483 5202 700 5255 intentio
734 5202 1044 5255 inferiorum
1092 5196 1386 5252 incurvavit
1419 5194 1652 5248 animam
1684 5210 1856 5248 meam
1884 5195 1949 5248 ab
1976 5195 2060 5249 in-

482 5271 611 5323 tuitu
654 5287 1002 5338 supernorum
1034 5287 1046 5322 ε
1079 5284 1229 5323 amor
1254 5269 1584 5338 terrestrium
1612 5266 1863 5319 exstinxit
1890 5266 1941 5338 in
1969 5281 2061 5338 _me

482 5335 885 5397 delectationem
905 5340 1201 5396 caelestium
1225 5355 1238 5392 :
1264 5352 1390 5392 usus
1409 5337 1654 5390 vitiorum
1676 5337 1953 5391 evacuavit
1966 5335 1988 5367 ⁸
2008 5335 2058 5389 in

546 5498 559 5525 ¹
597 5498 667 5544 sic
696 5494 958 5544 Anselmus.
980 5502 1033 5543 At
1053 5501 1182 5551 ais-3.,
1213 5489 1480 5541 insultibus.
1508 5490 1645 5549 Editi,
1664 5488 2023 5551 insidiantibus.

547 5560 564 5586 ν
600 5563 671 5603 Er.
700 5556 844 5615 Lugd.
875 5564 989 5605 Ven.
1015 5562 1121 5619 t_.ov.
1143 5558 1215 5619 sie
1239 5552 1640 5619 cxhibentjbunc
1658 5550 1819 5619 locum
1845 5566 1857 5600 :
1884 5561 1923 5600 ο
1945 5566 2061 5614 ρεσ-

481 5626 586 5666 cem
609 5630 731 5673 mea,
754 5610 930 5679 magna
950 5617 1061 5667 estis
1076 5616 1231 5676 valde,
1246 5614 1397 5667 multa
1417 5611 1529 5665 estis
1551 5610 1730 5663 nimis!
1794 5620 1848 5662 It.

545 5682 562 5710 ³
596 5686 676 5727 Ms.
700 5680 891 5739 Regius,
916 5679 1045 5727 addit
1067 5690 1176 5726 non.

541 5741 561 5769 ⁸
595 5748 698 5789 Mss.
725 5741 837 5797 duo,
861 5753 1002 5790 nunc.

540 5806 561 5834 ⁸
595 5810 719 5861 Mss,
740 5804 943 5852 evanuit.

565 5864 615 5914 al
651 5863 857 5914 Anselm.
882 5870 1008 5913 Orat.
1032 5862 1110 5911 67.

567 5918 759 6034 ίὴρίῇυξρ
795 5932 1065 5989 sequuntur
1091 5936 1245 5983 usque
1272 5920 1327 5969 ad
1351 5934 1453 5981 cap.
1488 5921 1541 5969 l0
1560 5955 1572 5979 ,
1611 5927 1718 5969 sunt
1748 5934 1821 5970 ex
1854 5918 2059 5970 Ansclmi

481 5996 586 6035 orat
633 5996 709 6034 5U.

1888 498 2245 554 APPENDIX.
3612 510 3702 570 ,η

2146 630 2233 668 me
2278 628 2761 686 sensus_vcrorum
2790 614 3074 686 donorum
3099 617 3137 671 ¹.
3162 613 3244 672 Ab
3290 616 3372 672 his
3413 620 3559 677 donis
3599 641 3701 686 sum

2146 686 2422 768 elongatus
2445 726 2459 749 ,
2484 682 2657 768 inJhis
2687 684 2852 768 malis
2890 697 3178 768 occupatus
3203 703 3218 768 ξ
3245 688 3480 768 seclusus
3506 694 3571 768 ab
3592 682 3703 765 illis,

2147 754 2381 809 inclusus
2409 756 2457 807 in
2488 754 2621 819 istis;
2652 753 2720 808 ab
2749 756 2849 811 illis
2878 753 3177 821 devolutus,
3203 758 3259 813 in
3290 760 3401 815 istis
3425 753 3700 824 obvolutus:

2151 825 2283 879 llinc
2305 836 2387 881 est
2429 824 2520 879 ille
2547 840 2731 880 carcer
2759 837 2810 881 et
2851 829 3059 882 vincula
3084 871 3098 893 ,
3132 828 3257 884 hinc
3282 839 3405 884 sunt
3441 833 3540 887 illae
3577 845 3709 893 tene-

2148 894 2258 949 br:e
2291 904 2344 950 et
2375 895 2627 973 pondera.
2660 896 2912 973 Vge_mihi
2937 900 3301 973 ,_quia_prope
3338 910 3419 956 est
3454 904 3564 960 dies
3588 907 3671 963 ira:
3692 952 3706 973 .

2151 980 2313 1089 prdit}:
2333 975 2439 1089 sisit,
2473 966 2722 1036 inquaml
2751 966 3019 1039 Incognita
3043 970 3219 1025 subito
3236 966 3405 1036 venit,
3428 981 3482 1027 et
3506 966 3708 1035 forsitan

2168 1053 2219 1088 In
2262 1054 2273 1088 Ι
2396 1053 2406 1087 Ι
2439 1076 2451 1089 .

2168 1046 2308 1089 indie
2333 1046 2451 1090 erit.

2218 1106 2443 1187 QAPUT
2483 1106 2619 1162 VIII.
2692 1107 2840 1187 Qupd
2897 1118 3167 1187 peccator-
3192 1111 3258 1164 sit
3319 1112 3487 1168 videns
3544 1132 3707 1173 eccm.

2152 1175 2350 1230 Delicta
2381 1192 2519 1240 mea,
2552 1193 2617 1231 an
2642 1178 2807 1233 eratis
2828 1175 2933 1233 tam
2957 1180 3111 1235 noxia
3144 1179 3341 1244 futura,
3360 1198 3478 1236 cum
3500 1190 3709 1244 animam

2150 1262 2323 1300 meam
2362 1247 2863 1320 vestrahdulcedine
2916 1252 3180 1320 potabatis
3209 1292 3226 1315 ,
3256 1267 3378 1306 cum
3419 1269 3509 1308 cor
3550 1272 3709 1314 meum

2153 1327 2327 1397 vestra
2377 1317 3032 1397 dulcedine_ungebai_is?
3070 1319 3178 1375 Cur
3229 1324 3343 1377 haec
3386 1339 3471 1378 me
3516 1329 3709 1397 celaba-

2151 1389 2243 1463 tis,_
2266 1399 2319 1441 et
2345 1403 2440 1443 cur
2463 1404 2547 1443 me
2579 1389 2898 1463 tradebatis?
2926 1390 3034 1463 imo
3064 1406 3167 1445 non
3191 1407 3288 1463 vos
3316 1408 3401 1447 me
3423 1395 3708 1463 tradidistis;

2150 1458 2245 1531 sed
2271 1473 2370 1531 ego
2393 1474 2498 1531 me
2532 1458 2743 1531 tradidi,
2772 1461 2861 1531 qui
2906 1460 3057 1515 vobis
3098 1462 3321 1515 credidi.
3352 1463 3466 1518 Non
3506 1481 3593 1519 vos
3636 1458 3711 1524 me

2151 1526 2453 1609 decepistis.
2479 1530 2571 1583 sed
2593 1544 2693 1609 ego
2713 1526 3136 1609 meidecep‘inqui
3155 1547 3258 1609 vos
3285 1534 3422 1587 intra
3452 1550 3712 1609 mesnsee-

2193 1598 2227 1649 i.
2256 1597 2364 1651 Heu
2387 1599 2400 1652 !
2433 1615 2528 1653 cur
2556 1597 2708 1657 vobis
2728 1597 3178 1657 adhibui'lidém?
3202 1618 3298 1656 cur
3318 1614 3373 1656 et
3407 1607 3598 1661 credidi
3624 1624 3710 1663 vo-

2193 1668 2429 1739 is?rlmo
2465 1684 2567 1723 non
2614 1671 2769 1725 habui
2819 1671 2975 1726 fidem
3026 1688 3124 1727 nec
3166 1673 3369 1727 credidi
3419 1676 3601 1739 vobis;
3630 1678 3711 1734 sed

2154 1738 2394 1818 quodam
2421 1738 2661 1818 horribili
2705 1741 2865 1818 modo
2892 1742 3078 1797 videns
3102 1758 3277 1797 cmcus
3305 1760 3393 1818 me
3421 1738 3600 1801 tradidi
3627 1764 3712 1804 vo-

2155 1807 2279 1887 bis_:
2311 1808 2495 1865 videns
2543 1812 2685 1866 enim
2711 1857 2727 1873 .
2750 1814 2872 1887 quia
2893 1883 2905 1887 Δ
2925 1828 3022 1867 vos
3063 1815 3451 1887 cognoscebam
3470 1857 3483 1879 ,
3513 1827 3564 1871 et
3608 1835 3713 1887 qua

2156 1880 2291 1961 mala
2314 1895 2417 1961 vos
2442 1892 2753 1961 sequuntur,
2770 1880 3034 1948 sciebam;
3066 1880 3239 1939 caecus
3265 1885 3410 1961 enim
3435 1928 3451 1947 .
3482 1888 3595 1956 quia
3619 1880 3711 1944 non

2155 1963 2183 2000 a
2210 1951 2359 2025 vobis
2377 1952 2651 2025 cavebam.
2684 1952 2798 2025 Heu
2826 1966 3122 2025 peccatum,
3148 1970 3341 2008 nomen
3367 1951 3671 2012 horrendum
3697 2000 3710 2021 ,

2157 2033 2243 2100 res
2267 2020 2597 2100 detestabilis
2615 2065 2630 2088 ,
2651 2024 2779 2077 nulli
2810 2020 2952 2100 nullo
2972 2026 3351 2100 comparabilis
3377 2028 3390 2080 ι
3422 2026 3595 2100 (Samus
3621 2020 3715 2084 non

2158 2090 2298 2166 videt
2322 2090 2614 2166 foveamin
2637 2109 2794 2166 quam
2822 2095 2963 2148 cadit
2986 2135 3002 2161 ,
3032 2090 3250 2166 insanus
3287 2106 3439 2166 putat
3463 2113 3519 2153 se
3542 2098 3715 2155 debere

2158 2159 2330 2242 facere
2359 2163 2497 2230 quod
2523 2159 2797 2242 facit_';_qui
2821 2159 3011 2242 sponte
3049 2165 3172 2242 facit
3201 2159 3474 2235 peccatum
3504 2209 3519 2233 ,
3548 2170 3715 2224 videns

2157 2239 2213 2309 et
2246 2234 2420 2287 sciens
2447 2234 2739 2303 praecipitio
2762 2250 2819 2289 se
2850 2236 3025 2290 tradit.
3055 2234 3562 2309 MorsetAtormenta
3584 2255 3714 2309 qna!-

2157 2300 2304 2383 libet,
2336 2300 2593 2383 tormenta
2612 2300 2821 2359 tantum
2850 2315 2994 2371 sunt,
3021 2307 3151 2383 et_in
3183 2306 3411 2383 scitula
3441 2300 3716 2383 nonnsunt,

2158 2374 2280 2439 quia
2311 2374 2549 2427 ordinata
2577 2385 2731 2437 sunt;
2762 2385 3033 2444 peccatum
3077 2378 3127 2430 in
3155 2393 3215 2433 se
3248 2378 3411 2433 habet
3449 2374 3718 2435 foeditatem

2158 2456 2331 2506 suam,
2353 2444 2403 2497 in
2431 2460 2489 2499 se
2516 2446 2675 2499 trahit
2702 2456 2952 2500 aeternam
2978 2447 3360 2504 infelicitatem.
3390 2450 3567 2503 Melius
3592 2452 3717 2505 enim

2158 2522 2273 2566 erat
2327 2514 2522 2583 eligere
2576 2518 2947 2571 tormentum”
2996 2518 3137 2587 quod
3191 2534 3286 2586 per
3336 2535 3399 2574 se
3456 2520 3718 2575 fteditatcm

2158 2591 2410 2660 aeternam
2437 2601 2541 2660 non
2568 2588 2817 2652 attrahit,
2844 2602 3000 2660 quam
3032 2598 3306 2657 peccatum
3334 2592 3476 2660 quod
3504 2606 3590 2644 sua
3614 2607 3717 2645 cum

2161 2652 2395 2735 finditate
2423 2656 2636 2735 dolores
2661 2652 2889 2735 aeternos
2904 2652 3096 2735 jungit.
3123 2660 3186 2713 Et
3211 2652 3381 2735 certe,
3398 2677 3434 2735 ro
3452 2662 3607 2715 miser
3634 2664 3720 2713 bo-

2161 2727 2409 2801 mo,_ipsa
2436 2728 2547 2781 sola
2576 2727 2695 2795 plus
2720 2736 2804 2783 est
2826 2727 3037 2801 vitanda
3066 2732 3265 2801 peccati
3296 2730 3513 2786 fmditas
3537 2774 3551 2796 ,
3577 2742 3719 2801 quant

2158 2795 2406 2870 quaelibet
2423 2804 2804 2852 tormentorum
2828 2795 3146 2853 immanitas.
3166 2800 3376 2870 Quippe
3398 2802 3449 2854 in
3473 2795 3719 2869 peccando

2159 2864 2446 2937 fcedissima
2492 2870 2836 2935 perversitate
2870 2864 3209 2937 prmposuisti
3252 2864 3567 2927 t'e'Creatori
3605 2884 3718 2936 tuo,

2159 2951 2271 3010 qud
2292 2936 2417 2989 nihil
2449 2938 2693 3010 injustius
2713 2957 2724 2991 :
2746 2941 2795 2993 in
2816 2936 3091 2994 tolerando
3119 2950 3459 3010 peccatorum
3482 2950 3720 2995 tormenta

2159 3006 2345 3060 ordine
2398 3009 2754 3075 pulcherrimo
2790 3010 3000 3077 subiicit
3035 3026 3095 3065 se
3120 3006 3335 3066 factura
3386 3012 3565 3068 facturi
3597 3026 3720 3078 suo,

2159 3078 2423 3150 quonihil
2444 3088 2525 3150 est
2542 3079 2755 3148 justitts.
2783 3080 2828 3136 Ο
2849 3080 3008 3135 homo
3028 3122 3040 3144 ,
3064 3098 3170 3150 quo
3198 3084 3419 3137 evanuit
3445 3083 3723 3137 humanitas

2160 3148 2287 3228 tua?
2313 3163 2417 3215 quo
2454 3148 2667 3204 devenit
2706 3151 2840 3205 ratio
2880 3152 3005 3205 tua?
3032 3148 3337 3228 Didiceras,
3370 3155 3616 3228 quoniam
3648 3152 3724 3223 qui

2160 3222 2285 3288 facit
2309 3230 2567 3292 peccatum
2586 3263 2599 3285 ,
2627 3236 2796 3292 servm
2820 3231 2893 3276 est
2922 3224 3109 3288 peccati
3133 3223 3151 3291 (
3176 3222 3330 3278 Joan.
3366 3222 3458 3279 vtu
3480 3267 3494 3291 ,
3526 3222 3625 3292 54)
3647 3241 3659 3285 ς
3679 3232 3725 3276 et

2160 3300 2435 3371 peccatum
2466 3290 2653 3371 fecisti.
2748 3290 3224 3371 inaudita-insania,
3248 3290 3487 3371 scienter
3505 3290 3721 3371 μεςρηῴ

2161 3359 2381 3416 Sciebas
2409 3362 2531 3429 quia
2564 3377 2622 3417 es
2647 3364 2862 3427 Spiritus
2891 3363 3091 3419 vadens
3110 3374 3165 3418 et
3193 3380 3297 3419 non
3325 3359 3543 3419 rediens
3571 3363 3722 3430 (Psaf.

2161 3446 2344 3511 t..xxvr_t
2368 3473 2382 3494 ,
2407 3432 2498 3511 b9)
2523 3448 2537 3496 ;
2562 3434 2928 3511 et_in_peccati
2962 3434 3212 3507 abyssum
3252 3436 3642 3492 irremeabilem
3679 3444 3727 3489 et

2160 3500 2467 3573 sinefundo
2493 3514 2542 3556 te
2571 3500 2811 3573 injecisti.

2230 3571 2455 3627 CAPUT
2513 3571 2632 3628 ΙΧ.⁷
2674 3574 2748 3629 De
2796 3577 2994 3649 abysso
3058 3577 3262 3648 triplici.
3300 3578 3453 3649 γεω
3522 3577 3726 3649 abyssns

2160 3652 2376 3716 peccata
2404 3660 2520 3716 mea
2550 3653 2691 3716 sunt;
2721 3646 2840 3715 quia
2870 3646 3429 3716 incomprehensibilia
3459 3646 3725 3714 sunt'pon-

2161 3713 2287 3767 dere
2316 3722 2369 3766 et
2398 3713 2771 3781 profunditate,
2797 3728 2852 3771 et
2872 3713 3254 3772 inmstiinabilia
3283 3729 3411 3773 sunt
3440 3713 3654 3772 numero
3675 3725 3723 3769 et

2162 3784 2536 3840 immensitate.
2565 3789 2609 3840 υ
2634 3788 2856 3857 ahyssus
2884 3789 3133 3859 abyssum
3182 3790 3430 3843 invocat!
3458 3789 3503 3845 0
3532 3796 3725 3858 peccata

2162 3869 2312 3918 mea,
2345 3864 2602 3911 tormenta
2642 3873 2853 3926 quoque
2897 3861 3089 3926 quibus
3130 3876 3217 3915 me
3258 3862 3488 3914 servatis
3522 3860 3728 3928 abyssns

2161 3936 2307 3989 sunt,
2331 3927 2452 3994 quia
2476 3928 2677 3981 inlinita
2700 3937 2755 3981 et
2776 3930 2994 3985 omnino
3016 3930 3576 3997 incomprehensibilia
3593 3927 3725 3982 sunt.

2166 3998 2254 4069 Est
2281 4008 2334 4069 et
2367 3997 2517 4051 tertia
2543 3999 2801 4069 abyssus,
2829 4008 2883 4053 et
2908 4009 2992 4055 est
3029 4001 3189 4055 nimis
3234 4002 3521 4065 terribilis,
3547 3999 3727 4069 judicia

2165 4067 2257 4121 Dei
2286 4066 2512 4137 abyssus
2538 4066 2700 4124 multa
2726 4070 2743 4136 (
2770 4068 2909 4123 Psal.
2941 4087 3095 4125 xxxv
3115 4113 3129 4134 ,
3159 4072 3191 4125 7
3226 4071 3275 4140 );
3304 4072 3430 4137 quia
3457 4066 3614 4138 super
3641 4068 3728 4123 bu—

2163 4152 2377 4218 manum
2404 4153 2618 4218 sensum
2653 4140 2878 4218 occulta.
2904 4141 3000 4218 _V;c
3029 4157 3191 4218 super
3216 4158 3295 4196 va:
3324 4141 3367 4207 ³,
3402 4144 3562 4218 timor
3586 4152 3730 4218 super

2166 4209 2405 4262 timorem
2426 4250 2441 4273 ,
2464 4209 2617 4264 dolor
2649 4224 2809 4283 super
2832 4209 3107 4283 dolorem.
3126 4212 3368 4283 Abyssus
3402 4213 3646 4283 abyssum
3683 4209 3728 4283 in

2164 4294 2293 4333 voce
2331 4287 2718 4352 cataractarum
2767 4282 2858 4335 Dei
2907 4283 3116 4336 invocat
3149 4278 3317 4352 (Paul.
3354 4278 3489 4347 xu,
3513 4281 3591 4351 8);
3620 4278 3729 4352 quia

2164 4350 2363 4432 peccati
2387 4349 2612 4432 abyssus
2634 4352 2883 4432 abyssum
2907 4346 3293 4432 tormentorum
3316 4346 3581 4432 meretur,
3602 4346 3731 4432 quod

2159 4420 2356 4490 judicia
2388 4420 2477 4493 Dei
2508 4420 2869 4493 pronuntiant.
2907 4424 3144 4492 Abyssus
3165 4423 3494 4493 jndiciormn
3529 4422 3615 4475 Dei
3649 4435 3731 4473 su-

2167 4506 2261 4560 per
2286 4505 2391 4555 me,
2419 4490 2644 4565 abyssus
2670 4491 2861 4565 inferni
2888 4490 3075 4548 subtus
3100 4490 3185 4549 me
3203 4536 3217 4559 ,
3248 4494 3481 4565 abyssus
3504 4498 3731 4565 peccato-

2166 4577 2282 4616 rum
2311 4571 2389 4613 est
2418 4562 2553 4615 intra
2582 4578 2684 4616 me.
2714 4563 2859 4617 Illam
2882 4574 3001 4632 qua:
3023 4561 3388 4632 supereminet
3416 4565 3579 4618 timeo
3604 4578 3665 4614 ne
3684 4561 3732 4632 in

2165 4648 2252 4687 me
2282 4632 2478 4693 irruat,
2509 4642 2562 4687 et
2591 4649 2676 4687 me
2704 4648 2824 4687 eum
2850 4630 3043 4704 abysso
3071 4630 3187 4689 mea
3221 4634 3275 4688 in
3304 4635 3449 4688 illam
3478 4649 3595 4702 qum
3623 4630 3734 4684 sub«

2168 4712 2253 4757 tus
2280 4716 2363 4773 me
2392 4712 2555 4770 patet,
2583 4705 2771 4758 obruat
2796 4722 2809 4759 :
2830 4704 2916 4757 ubi
2945 4714 3203 4758 tormenta
3234 4716 3455 4773 peccata
3480 4715 3731 4772 nunquam

2167 4772 2449 4837 delebunt,
2475 4775 2565 4828 sed
2597 4784 2809 4841 peccata
2842 4790 3001 4843 super
3029 4791 3115 4829 me
3157 4772 3422 4829 tormenta
3468 4774 3729 4828 tenebunt.

2168 4844 2324 4897 Miser
2355 4883 2369 4903 ,
2399 4844 2483 4896 cui
2528 4846 2775 4912 peccavi;
2805 4860 2912 4913 quo
2951 4845 3017 4898 ivi
3060 4861 3088 4897 a
3126 4844 3327 4912 Spiritu
3378 4855 3472 4899 tuo
3500 4887 3514 4906 ,
3543 4854 3595 4897 et
3642 4854 3736 4909 quo

2166 4914 2270 4981 fugi
2300 4929 2327 4964 a
2354 4912 2500 4985 facie
2544 4916 2674 4967 tua?
2702 4912 2858 4967 Certe
2902 4923 2956 4968 ct
3003 4917 3045 4967 si
3090 4931 3188 4985 ego
3236 4916 3487 4984 nequiter
3526 4913 3732 4983 fugite.

2165 4995 2219 5039 et
2242 4987 2290 5037 in
2318 4984 2510 5053 abysso
2540 5000 2654 5038 mea
2682 4985 2968 5039 damnabili
2998 4984 3248 5040 abscOndi
3278 5001 3365 5040 me
3386 5028 3401 5050 ,
3438 4986 3509 5039 ibi
3537 4996 3733 5051 quoque

2166 5055 2313 5109 vides
2351 5070 2453 5110 me.
2483 5055 2611 5121 Quis
2634 5056 2775 5109 enim
2818 5056 2915 5110 nisi
2962 5066 3015 5109 tu
3040 5057 3105 5110 ad
3137 5056 3505 5124 paenitendum
3537 5055 3559 5085 ⁸
3589 5053 3736 5124 movit

2164 5128 2394 5179 animam
2424 5126 2797 5180 meam?Bone
2828 5127 3069 5190 Domine,
3092 5122 3149 5179 tu
3179 5128 3397 5195 pulsasti
3430 5136 3485 5179 et
3509 5122 3736 5195 excitasti

2164 5212 2281 5250 eam
2314 5198 2363 5251 in
2391 5196 2581 5266 abysso
2602 5197 2914 5251 delictorum
2932 5212 3146 5250 suorum
3170 5194 3311 5251 velut
3338 5198 3392 5250 in
3428 5194 3730 5266 Iecto'rdor:

2167 5268 2417 5320 mientem
2451 5261 2475 5329 ;⁷
2497 5277 2551 5321 ιιι
2612 5268 2929 5321 concussisti
2974 5277 3313 5336 torpentem,
3348 5277 3405 5320 tu
3450 5261 3737 5336 sollicitasu

2166 5338 2519 5407 negligentem
2542 5380 2555 5401 ,
2591 5347 2643 5389 tu
2671 5336 2839 5391 fecisti
2871 5334 3213 5406 pmnitentent
3247 5337 3389 5391 unde
3415 5334 3736 5407 jucnudaba-

2166 5418 2278 5470 tur,
2311 5418 2366 5462 et
2393 5408 2661 5461 dolentem
2694 5408 2831 5461 unde
2857 5408 3236 5462 delectabatur.
3274 5410 3419 5461 Bone
3444 5408 3599 5469 Deus,
3629 5420 3737 5457 oni-

2166 5481 2251 5531 uia
2281 5480 2392 5533 hazc
2418 5478 2587 5531 fecisti
2619 5479 2668 5531 in
2700 5479 2913 5547 abysso.
2940 5479 3141 5533 Exaudi
3173 5494 3300 5549 ergo
3326 5479 3651 5533 clamantem
3678 5474 3737 5525 de

2165 5551 2376 5619 abysso.
2402 5552 2443 5603 A
2479 5560 2549 5612 te,
2580 5549 2975 5615 benignissime,
3001 5559 3212 5618 peccata
3243 5564 3357 5604 mea
3387 5565 3495 5603 non
3526 5549 3739 5601 abscon-

2165 5619 2254 5686 do,
2274 5636 2454 5676 coram
2484 5628 2537 5674 te
2566 5635 2669 5673 non
2697 5619 2943 5683 defendo,
2974 5619 3067 5674 sed
3096 5620 3319 5675 ostendo
3345 5638 3359 5685 ;
3385 5636 3494 5674 nou
3526 5629 3735 5676 excuso.

2230 5734 2243 5765 ¹
2281 5732 2544 5789 Anselmus,
2564 5730 2822 5791 bonorum;
2846 5740 2897 5782 et
2920 5745 3048 5789 mox,
3079 5730 3225 5783 bonis.

2229 5796 2247 5825 ²
2283 5795 2411 5845 Adde
2435 5807 2496 5844 ex
2524 5794 2764 5852 Anselmo,
2789 5803 3036 5844 (ρων-πίση.

2230 5858 2249 5886 ³
2283 5864 2410 5913 .\tss.,
2426 5870 2520 5906 me.

2228 5919 2248 5948 δ
2286 5919 2419 5975 Alias.
2440 5920 2505 5967 ad
2530 5919 2843 5969 ri‘nitertdttm.

2231 5982 2249 6010 ⁸
2287 5989 2411 6043 .ttss.,
2438 5979 2548 6029 luto.
