4070 6546
354 471 470 529 οων

354 587 447 642 sed
476 600 688 642 accuso.
723 586 831 655 Ego
860 599 976 639 sum
1008 600 1128 641 reus
1149 628 1163 649 ,
1195 600 1296 655 ego
1345 585 1458 652 ipse
1498 597 1615 655 sum
1637 590 1943 655 accusator

354 672 527 711 meus.
568 656 683 712 Non
707 650 926 710 accuses
950 671 1037 711 me
1060 697 1074 721 ,
1102 656 1189 725 qui
1216 650 1385 711 {scisti
1426 669 1530 709 me.
1559 651 1719 725 Solus
1757 650 1943 725 sulfeci

355 728 419 780 ad
454 727 813 795 peccandum;
843 726 989 781 solus
1013 723 1273 782 sufﬁciam
1298 725 1364 780 ad
1390 724 1763 790 accusandum,
1794 723 1944 777 solus

356 796 423 851 ad
454 796 845 851 paenitendum.

356 800 423 851 ad
454 800 845 851 paenitendum.

476 866 653 921 APUT
684 866 749 919 Χ.
794 865 1088 920 Ρωηὶιεηιὶε
1126 863 1353 933 aﬂ’ectus.
1384 864 1460 932 (η)
1485 864 1592 920 Sed
1615 864 1774 929 unde,
1803 864 1943 919 Deus

355 951 530 1003 mens,
565 944 831 990 tantorum
879 937 1160 988 criminum
1208 937 1500 997 correctio,
1536 937 1672 989 unde
1701 935 1793 987 tibi
1823 945 1941 987 tan-

357 1015 530 1060 torum
582 1008 842 1061 scelerum
873 1005 1204 1060 satis-factio?
1234 1006 1571 1073 Praecipitare
1598 1020 1747 1072 ergo,
1780 1005 1943 1058 miser

358 1075 676 1137 homuncio,
706 1076 755 1129 in
786 1076 1101 1144 profundum
1133 1076 1495 1130 immoderata:
1523 1076 1788 1130 tumstitize
1808 1115 1822 1136 ,
1852 1075 1941 1144 qui

357 1155 550 1213 sponte
605 1147 960 1213 przrcipitatus
988 1160 1047 1199 es
1096 1145 1145 1198 in
1178 1145 1481 1199 barathrum
1534 1144 1814 1199 horrendae
1844 1160 1941 1198 ne-

356 1217 558 1284 quitiae.
590 1215 851 1279 Obruere,
886 1214 1087 1277 infelix,
1123 1217 1263 1269 mole
1290 1215 1542 1269 terribilis
1562 1215 1797 1284 doloris,
1845 1214 1937 1283 qui

358 1283 531 1340 libens
557 1286 802 1338 corruisti
831 1288 882 1338 in
928 1300 1139 1339 omnum
1194 1286 1464 1339 infernalis
1510 1285 1711 1340 fetoris.
1744 1283 1943 1339 Obvol-

359 1370 510 1419 vere,
542 1370 842 1409 ternumose
864 1396 879 1419 ,
910 1355 1099 1410 iterum
1126 1355 1311 1409 volens
1357 1356 1587 1409 horridis
1618 1356 1668 1409 in
1711 1354 1943 1409 tenebris

362 1425 764 1479 inconsolabilis
785 1424 977 1486 Iunctus,
1006 1426 1092 1494 qui
1123 1425 1310 1479 volens
1338 1427 1648 1495 provolutus
1678 1440 1738 1479 es
1763 1425 1813 1477 in
1844 1439 1942 1478 vo-

362 1495 546 1565 ragine
577 1503 683 1548 tam
710 1495 911 1549 sordidi
942 1495 1129 1549 ﬂuctus
1148 1496 1186 1526 ί·
1216 1495 1468 1549 Volntare
1494 1497 1545 1549 in
1571 1496 1774 1565 gurgite
1794 1510 1941 1565 ama-

362 1564 632 1633 ritudinis,
665 1566 753 1633 qui
776 1565 1070 1619 delectatus
1097 1580 1158 1620 es
1189 1565 1239 1617 in
1270 1566 1549 1618 volutabra
1580 1564 1939 1633 turpitudinis.

364 1632 565 1688 Terror
604 1632 892 1697 horribilis,
917 1634 1071 1689 dolor
1099 1635 1373 1699 terribilis,
1405 1651 1606 1689 mmror
1635 1632 1942 1688 inconsola-

361 1702 505 1768 bilis,
555 1712 836 1774 aggregate
864 1721 956 1759 vos
986 1720 1146 1773 super
1174 1720 1278 1771 me,
1320 1705 1526 1770 irruite,
1555 1705 1783 1771 obruite,
1816 1720 1943 1773 per-

365 1775 591 1836 turbate,
611 1775 901 1839 obvolvite,
932 1775 1215 1843 possidete.
1238 1775 1442 1830 .lustum
1470 1786 1553 1829 est
1573 1816 1589 1842 ,
1614 1775 1812 1842 justum
1837 1783 1941 1842 est,

363 1851 607 1913 torquete
636 1846 657 1876 ¹
691 1860 862 1909 reum,
893 1845 1155 1900 vindicate
1188 1846 1372 1900 Deum.
1429 1845 1744 1899 Prwsentiat
1770 1844 1943 1899 forni-

360 1924 512 1967 catur
542 1913 733 1971 inferni
763 1923 1026 1971 tormenta
1064 1931 1182 1985 qua:
1212 1916 1438 1981 meruit,
1488 1922 1776 1985 praegustet
1802 1913 1944 1985 quod

364 1986 703 2057 praeparavit,
736 1985 880 2057 bibat
920 1985 1061 2057 quod
1106 1987 1349 2057 nutrivit,
1380 1994 1650 2057 assuescat
1674 1985 1815 2055 quod
1860 1993 1944 2057 est

362 2068 639 2119 passurus.
661 2054 992 2118 Consolatio,
1021 2055 1241 2121 sanitas,
1282 2056 1482 2120 lmtitia,
1517 2056 1641 2109 nolo
1673 2054 1770 2110 vos
1792 2097 1806 2121 ,
1839 2055 1943 2109 nisi

360 2123 501 2178 forte
535 2128 732 2191 peccati
780 2128 930 2180 Venia
960 2128 1232 2180 reduxerit
1250 2141 1367 2179 vos.
1404 2126 1594 2181 Procul
1620 2134 1791 2180 estote
1819 2135 1943 2180 ante

361 2206 610 2261 mortem,
646 2196 745 2249 nisi
773 2194 909 2250 forte
938 2196 1261 2261 indulgentia
1294 2205 1507 2251 revocet
1541 2211 1637 2251 vos
1663 2197 1791 2249 mihi
1817 2204 1942 2251 autc

362 2273 614 2335 mortem.
657 2264 991 2332 [inpossibile
1043 2276 1124 2321 est
1152 2282 1255 2319 non
1304 2264 1430 2321 ﬂere
1462 2277 1790 2335 peecatorem
1812 2307 1826 2328 ,
1855 2268 1943 2320 vel

362 2334 471 2397 hic.
506 2336 587 2390 vel
643 2336 694 2389 in
724 2336 920 2390 futuro.
968 2337 1049 2390 Sit
1093 2338 1269 2403 itaque
1308 2334 1616 2405 paenitentia
1645 2337 1895 2390 continua
1925 2375 1940 2399 ,

358 2418 540 2458 amara
557 2421 736 2460 comes
760 2406 929 2461 astatis
950 2422 1103 2472 metr,
1128 2408 1412 2462 continuus
1436 2406 1609 2469 dolor,
1631 2407 1943 2459 insatiabilis

361 2483 531 2528 tortor
559 2475 580 2506 ³
608 2477 727 2530 vita:
757 2492 907 2530 mese.
938 2477 1052 2531 Sint
1084 2492 1283 2532 mceror
1308 2486 1361 2531 et
1404 2478 1630 2532 acerbus
1657 2477 1829 2530 luctus
1859 2478 1943 2531 in-

358 2543 657 2615 fatigabiles
702 2546 971 2601 tonores"
1009 2548 1299 2615 juventutis
1345 2557 1398 2601 et
1455 2548 1744 2602 senectutis
1787 2562 1939 2601 mere.

362 2613 574 2669 Utinam
608 2617 675 2670 ita
704 2617 806 2681 sit;
851 2632 947 2671 oro
993 2613 1047 2671 et
1096 2618 1345 2672 desidero
1373 2627 1429 2671 ut
1471 2619 1541 2671 ita
1585 2619 1672 2670 sit.
1717 2618 1770 2671 Si
1802 2620 1942 2671 enim

357 2699 466 2738 non
497 2701 613 2739 sum
645 2687 836 2755 dignus
861 2688 1044 2742 oculos
1072 2689 1137 2741 ad
1166 2690 1359 2743 cmlum
1401 2689 1576 2742 levare
1604 2687 1807 2741 orando
1846 2703 1941 2743 co-

359 2769 477 2827 ram
507 2765 577 2817 te,
609 2757 831 2811 Domine
860 2758 1018 2821 Deus,
1052 2770 1199 2811 certe
1226 2774 1331 2812 non
1374 2773 1491 2812 sum
1525 2757 1769 2827 indignus
1798 2758 1819 2790 ⁸
1844 2773 1938 2812 eos

358 2826 447 2896 vel
489 2827 747 2894 plorando
799 2842 1021 2883 catcare.
1063 2828 1117 2883 Si
1150 2827 1494 2882 confunditur
1525 2826 1675 2881 mens
1703 2844 1817 2882 mea
1846 2844 1943 2896 pu-

354 2894 490 2968 dore
516 2897 857 2968 conscientia:
878 2939 891 2959 ,
925 2915 1126 2968 mquum
1167 2909 1248 2953 est
1270 2908 1325 2952 ut
1352 2897 1704 2952 confundatur
1733 2894 1944 2953 turbine

355 2965 582 3020 luctuosi
626 2966 829 3021 doloris
873 2978 926 3022 et
969 2965 1217 3023 tristitiaz.
1273 2969 1328 3023 Si
1371 2972 1522 3023 timet
1545 2968 1784 3023 exhiberi
1821 2979 1944 3023 ante

353 3046 703 3104 conspectum
764 3038 971 3093 Domini
1026 3040 1119 3093 Dei
1166 3038 1269 3103 sui,
1309 3041 1511 3108 justum
1539 3047 1624 3093 est
1671 3050 1727 3092 ut
1753 3038 1945 3094 habeat

352 3116 481 3158 ante
502 3115 847 3176 conspectum
876 3125 1027 3162 suum
1063 3118 1324 3164 tormenta
1363 3110 1582 3164 sceleris
1611 3109 1712 3163 sui.
1748 3109 1936 3177 HeSpi-

352 3190 418 3249 ra
442 3217 463 3249 ,_
488 3190 521 3229 ο
564 3188 851 3248 peccator,
880 3181 1084 3247 reSpira
1136 3181 1345 3233 tandem
1367 3179 1652 3249 aliquando
1677 3221 1690 3242 ,
1733 3189 1786 3234 et
1821 3182 1941 3249 fuge

351 3245 420 3321 ad
452 3245 656 3321 ipsuin,
676 3264 831 3318 quem
883 3245 1171 3316 olléndisti,
1199 3250 1363 3305 Deum
1390 3269 1405 3305 :
1439 3245 1582 3321 fuge,
1614 3251 1848 3321 inquam,
1876 3245 1943 3304 ab

354 3316 492 3368 irato
515 3318 577 3369 ad
609 3316 891 3385 placatum.

425 3385 651 3442 CAPUT
707 3388 797 3443 XI.
832 3388 1197 3445 Misericordia:
1244 3390 1342 3445 Dei
1378 3390 1668 3460 imploratio
1709 3390 1804 3461 (ὁ).
1830 3389 1941 3445 Me-

419 3565 435 3593 ³
473 3562 741 3622 Αηεριιηιιε.
767 3563 927 3617 luxus.

416 3626 439 3691 ξ
612 3624 726 3684 duo,
749 3632 987 3691 torquere.

417 3684 440 3716 ³
474 3684 612 3739 Alias.
640 3692 813 3737 terror.

415 3746 439 3775 ⁸
473 3753 552 3819 Ms.
593 3750 783 3858 Regius,
808 3756 1033 3802 terrores.
1055 3749 1323 3811 Auselmus,
1348 3750 1665 3803 tribulalores.

415 3807 438 3838 ⁸
473 3807 612 3860 Alias.
673 3822 829 3860 ianus.

442 3822 851 3992 ag'iiiét‘éiilisuii
875 3873 1001 3923 dicta
1022 3880 1147 3922 Orat.
1175 3872 1255 3934 89,
1279 3886 1408 3923 nunc
1426 3873 1586 3923 Medit.
1604 3874 1636 3923 3
1660 3880 1711 3922 et
1732 3872 1779 3922 Ξ.

443 3930 469 3977 b
529 3938 724 3980 Rursum
764 3945 827 3982 ex
870 3935 1029 3985 ttedit.
1057 3935 1117 3992 3,
1164 3935 1215 3984 Η
1243 3969 1258 3992 ,
1299 3935 1359 3992 2;
1397 3935 1491 3985 vid.
1538 3935 1621 3984 lib.
1652 3934 1774 3984 Medi

529 3938 724 3997 Rursum
738 3945 827 3997 ge:
870 3935 1029 3985 ttedit.
1057 3935 1117 3996 3,
1164 3933 1258 3995 lt,
1299 3935 1359 3997 2;
1397 3935 1491 3985 vid.
1538 3935 1621 3984 lib.
1652 3934 1812 3984 Medit.
1838 3933 1933 3995 40;

347 3991 479 4040 Orat.
506 3991 714 4042 Anselm.
737 3994 815 4050 72.

1556 464 1929 521 ADMONITIO
1970 464 2035 520 IN
2074 464 2426 520 MANUALE.

3522 473 3635 531 988

2048 580 2411 669 mento,jnste
2429 584 2732 669 etbenigne
2755 586 2915 669 [lens2
2944 586 3387 669 mementoquod
3411 588 3627 669 miseri-

2044 665 2168 704 cors
2200 667 2257 705 es
2281 661 2335 705 et
2360 662 2768 726 creatorimeus.
2801 656 2855 711 Si
2894 656 3054 726 judex
3080 673 3140 711 es
3167 658 3232 710 ad
3264 656 3623 726 ’judicandum

2046 736 2197 776 reum
2231 730 2397 787 tuum,
2416 737 2476 776 es
2491 732 2545 777 et
2574 725 2826 780 Dominus
2841 726 2905 779 ad
2934 727 3186 782 tuendum
3215 725 3427 784 servum
3451 738 3622 793 tuum,

2046 805 2105 867 es
2147 802 2203 845 et
2245 802 2455 867 creator
2501 793 2566 867 ad
2603 798 3024 867 conservandum
3072 813 3207 867 opus
3262 809 3407 852 tuum
3433 839 3447 861 ,
3478 814 3539 853 es
3565 807 3623 853 et

2048 860 2189 935 Deus
2213 862 2278 916 ad
2310 863 2619 917 salvandum
2661 866 2966 920 credentem
2994 878 3049 923 et
3075 860 3396 935 baptizatum
3427 878 3570 922 tuum
3598 868 3625 923 τ

2045 930 2123 1005 Ne
2151 947 2279 1000 ergo
2310 935 2633 996 memineris,
2665 936 2885 991 Domine
2910 939 3067 1001 bone,
3096 930 3313 1005 justitize
3332 950 3434 991 tua:
3454 939 3624 994 solius

2044 1001 2301 1056 adversus
2333 1014 2665 1070 peccatorem
2713 1015 2890 1071 tuum;
2930 1007 3023 1062 sed
3073 1001 3278 1063 memor
3304 1017 3421 1062 esto
3466 1008 3621 1062 beni-

2043 1071 2257 1143 gnitatis
2299 1081 2401 1126 tuze
2444 1089 2565 1143 erga
2620 1085 2915 1129 creaturam
2974 1087 3137 1131 tuam.
3186 1077 3262 1131 Ne
3314 1078 3621 1134 memineris

2047 1142 2137 1194 ira:
2161 1150 2261 1195 tua:
2291 1142 2545 1199 adversus
2577 1160 2723 1199 reum
2750 1164 2765 1211 ;
2795 1146 2887 1200 sed
2917 1162 3121 1201 memor
3166 1156 3282 1201 esto
3326 1148 3623 1202 miseratio-

2046 1211 2129 1286 nis
2176 1219 2280 1265 tua;
2325 1213 2579 1268 adversus
2611 1216 2881 1269 miserum.
2924 1216 3047 1271 Scio
3093 1217 3304 1286 quidem
3355 1230 3409 1272 et
3430 1218 3620 1283 fateor,

2043 1283 2165 1355 quia
2196 1297 2376 1336 verum
2397 1291 2500 1347 est,
2537 1286 2675 1355 quod
2702 1287 3026 1341 conscientia
3056 1283 3173 1341 tnea
3199 1297 3432 1342 meretur
3456 1289 3614 1342 dam-

2047 1351 2339 1423 nationem,
2368 1361 2424 1407 et
2452 1351 2759 1423 paenitentia
2790 1371 2908 1411 mea
2938 1372 3045 1411 non
3083 1356 3283 1411 suflicit
3310 1358 3375 1411 ad
3406 1358 3617 1411 satisfa-

2044 1422 2299 1497 ctionem.
2328 1422 2491 1497 Parce
2516 1440 2661 1493 ergo,
2701 1436 2777 1492 tu,
2804 1427 2942 1480 bene
2973 1428 3215 1497 Domine.
3248 1428 3338 1497 qui
3365 1442 3423 1482 es
3450 1428 3617 1493 salus,

2043 1492 2133 1559 qui
2166 1505 2269 1545 non
2294 1492 2375 1546 vis
2414 1492 2637 1569 mortem
2684 1497 2977 1569 peccatoris
3003 1498 3020 1565 (
3049 1495 3234 1569 Ezech.
3261 1492 3452 1563 ium,
3487 1499 3547 1552 Η
3576 1492 3618 1569 ),

2044 1575 2202 1629 parce
2228 1564 2505 1637 peccatrici
2537 1566 2727 1637 animre
2758 1581 2909 1637 meae,
2947 1564 3104 1622 Deus.
3132 1568 3186 1621 In
3219 1576 3435 1637 teponn
3465 1564 3617 1637 spem

2044 1646 2238 1696 meam,
2269 1644 2325 1687 et
2352 1635 2441 1687 tibi
2468 1636 2744 1689 connnitto
2768 1636 3002 1690 animam
3027 1652 3223 1691 meam.
3252 1636 3471 1692 Custodi
3496 1635 3615 1693 eam

2043 1699 2168 1755 dum
2199 1702 2410 1757 dormio
2434 1744 2448 1765 ,
2494 1720 2643 1759 serva
2679 1720 2796 1759 eam
2840 1706 2967 1760 dum
3015 1707 3154 1761 aliud
3207 1708 3340 1761 iacio
3364 1748 3378 1772 ,
3411 1718 3467 1763 et
3502 1708 3623 1763 vide

2044 1785 2197 1835 eam;
2227 1786 2496 1847 memento
2526 1775 2641 1843 ejus
2678 1776 2803 1830 dum
2847 1791 2948 1847 ego
2989 1777 3292 1831 obliviscor.
3336 1777 3464 1833 Sum
3498 1793 3622 1846 pec—

2043 1850 2213 1907 cator,
2242 1857 2360 1919 sum
2390 1846 2553 1899 miser
2570 1847 2710 1919 ;_sed
2732 1846 2992 1919 peccasse
3020 1862 3104 1902 me
3131 1847 3309 1919 doleo,
3339 1858 3393 1902 et
3418 1863 3620 1919 cogno-

2045 1925 2138 1965 sco
2155 1928 2243 1969 me
2269 1915 2541 1969 miserum.
2569 1915 2869 1971 Misericors
2899 1917 3038 1971 Deus
3055 1956 3071 1982 ,
3104 1918 3363 1973 miserere
3384 1915 3621 1973 mei'lm-

2044 1983 2203 2037 milis.
2228 1984 2455 2058 Peccare
2474 1994 2557 2040 est
2588 1986 2750 2040 Deum
2780 1988 3114 2042 exhonorare
3142 2030 3158 2055 ,
3186 1988 3327 2058 quod
3360 1988 3520 2043 homo
3546 1990 3623 2044 fa-

2044 2065 2167 2129 cere
2192 2069 2296 2129 non
2323 2055 2561 2123 deberet,
2601 2058 2807 2129 etiamsi
2852 2073 3073 2129 necesse
3098 2055 3241 2113 esset
3270 2060 3442 2127 perire
3469 2060 3624 2129 quid-

2043 2124 2168 2198 quid
2202 2127 2340 2179 Deus
2357 2141 2461 2198 non
2490 2137 2590 2198 est.
2622 2128 2732 2181 lleu
2761 2143 2863 2194 mc,
2897 2128 2998 2181 heu
3028 2129 3145 2183 me!
3177 2124 3413 2198 peccavi,
3448 2124 3610 2184 Deum

2045 2193 2392 2267 exhonoravi,
2415 2193 2853 2267 Omnipotentem
2875 2193 3458 2267 provocavifPeccator
3487 2198 3618 2267 quid

2045 2261 2309 2339 feci._qu_re
2339 2266 2474 2321 mala
2503 2261 2642 2339 feci?
2671 2267 2758 2323 ναξ
2790 2261 2925 2322 mala
2954 2270 3150 2338 agenti,
3177 2285 3257 2323 vte
3283 2269 3419 2323 bona
3450 2261 3590 2339 négli
3610 2299 3624 2309 ο

2043 2334 2185 2400 genti
2210 2335 2222 2389 !
2258 2335 2501 2406 Vze,_vte!
2531 2336 2609 2389 Ira
2663 2334 3046 2406 omnipotentis
3073 2341 3193 2403 Dei,
3225 2356 3291 2393 ne
3318 2339 3492 2393 irruas
3517 2334 3614 2394 su-

2044 2417 2331 2478 superine.
2364 2404 2447 2478 Ira
2471 2404 2846 2477 omnipotentis
2869 2448 2882 2469 ,
2916 2409 3002 2463 ubi
3036 2409 3233 2478 peteris
3264 2410 3380 2478 capi
3409 2411 3459 2463 in
3492 2425 3576 2464 me
3596 2410 3623 2463 ἲ

2043 2472 2158 2526 Νοιι
2201 2484 2285 2529 est
2312 2476 2452 2544 quod
2484 2487 2535 2531 te
2572 2472 2740 2545 possit
2791 2472 3116 2532 tolerare'in
3157 2488 3269 2531 toto
3300 2472 3404 2533 me.
3442 2480 3616 2545 Deus,

2045 2544 2197 2610 cujus
2226 2546 2434 2599 bonitas
2457 2561 2559 2601 n0n
2574 2544 2914 2611 exhauritur,
2945 2549 3097 2614 cujus
3124 2549 3488 2603 misericordia
3511 2564 3616 2603 non

2045 2615 2365 2688 exinanitur,
2391 2617 2546 2688 cujus
2575 2620 2793 2688 scientia
2824 2635 2927 2672 non
2960 2618 3157 2680 deﬁcit.
3190 2621 3343 2687 cujus
3375 2630 3613 2688 potestas

2045 2684 2186 2754 quod
2213 2684 2524 2771 vultefticit,
2562 2687 2705 2771 unde
2750 2699 2935 2755 potero
2965 2684 3285 2771 nss‘pirarcg
3308 2684 3398 2771 qui
3431 2690 3507 2743 sic
3552 2692 3621 2770 ob

2047 2766 2418 2828 peccatagmea
2460 2772 2621 2825 cogor
2675 2758 2999 2828 desperare?
3041 2758 3171 2812 Nam
3238 2758 3338 2813 etsi
3376 2761 3624 2814 irascaris

2046 2826 2418 2899 peccantibus,
2446 2829 2587 2882 soles
2613 2826 2788 2881 tamen
2818 2829 3045 2899 benigne
3070 2832 3198 2883 dare
3218 2830 3499 2884 consilium
3533 2846 3625 2899 pe-

2046 2897 2296 2971 tentibus.
2324 2897 2466 2953 Doce
2487 2913 2590 2971 me,
2612 2898 2855 2971 Domine,
2881 2897 3021 2971 unde
3052 2899 3272 2971 debeam
3301 2897 3546 2971 sperare,
3566 2910 3623 2953 ut

2046 2968 2242 3040 possim
2267 2968 2283 2998 ¹
2303 2982 2476 3022 orare.
2494 2967 2728 3038 Namque
2743 2970 2895 3033 volo;
2924 2970 3016 3024 sed
3046 2970 3228 3024 nescio
3242 2967 3456 3039 propter
3476 2973 3626 3040 igno-

2046 3038 2267 3110 rantiam
2286 3053 2479 3104 meam,
2500 3054 2600 3093 nec
2622 3054 2833 3108 possum
2871 3052 3085 3110 propter
3108 3038 3356 3094 duritiam
3378 3038 3549 3094 meain
3572 3043 3617 3106 ';

2044 3121 2206 3180 cegor
2232 3107 2518 3180 desperare
2547 3107 2763 3178 prepter
2785 3107 3112 3180 iniquitatem
3138 3125 3327 3164 meam.
3361 3111 3480 3166 Scio
3502 3111 3590 3180 qui
3616 3141 3626 3149 -

2044 3176 2167 3230 dem
2195 3186 2250 3232 et
2290 3176 2478 3244 fateor,
2497 3176 2617 3248 quia
2648 3176 2840 3234 merito
2862 3176 3031 3249 patior
3061 3181 3199 3250 quod
3237 3193 3423 3250 sponte
3448 3176 3625 3243 subii;

2044 3256 2099 3322 et
2126 3250 2266 3322 justc
2285 3264 2388 3303 non
2409 3251 2681 3313 esaudior,
2696 3252 2815 3320 quia
2842 3268 2945 3304 non
2978 3251 3207 3305 obedivi.
3238 3250 3452 3322 Utique,
3488 3253 3625 3307 bene

2046 3317 2269 3373 Domine
2290 3361 2301 3381 ,
2352 3322 2600 3389 peccavi,
2656 3317 2828 3374 erravi
2861 3339 2872 3373 :
2898 3332 3266 3377 verumtamen
3295 3317 3394 3377 nec
3418 3333 3467 3377 le
3496 3323 3581 3377 odi
3608 3363 3624 3389 ,

2046 3404 2144 3442 nec
2195 3389 2430 3444 detestor
2456 3392 2748 3445 bonitatem
2782 3402 2944 3446 tuam.
2972 3393 3096 3446 ideo
3126 3394 3145 3423 ²
3175 3392 3255 3445 fac
3286 3408 3490 3447 meeum
3538 3408 3627 3447 sc-

2043 3458 2276 3534 cundum
2327 3459 2746 3534 misericordiam
2776 3471 2959 3529 tuam,
2995 3462 3086 3534 qui
3128 3478 3186 3516 es
3210 3463 3521 3518 benedictus
3574 3464 3625 3516 in

2044 3530 2237 3584 uincula
2263 3531 2579 3585 saeculorum
2610 3530 2653 3585 ³.

2108 3810 2123 3842 ι
2158 3809 2275 3859 Editi
2298 3809 2374 3858 hic
2395 3809 2590 3869 addunt,
2610 3808 2804 3861 salvari.

2106 3872 2126 3935 ξ
2164 3879 2243 3935 tus,
2271 3873 2447 3935 Regius
2478 3871 2555 3921 hic
2569 3872 2714 3933 addit,
2740 3870 2991 3935 prohibeor
3012 3885 3225 3935 sperare.

2103 3932 2126 3964 ³
2149 3930 2323 3998 Ultima
2340 3930 2443 3998 base
2466 3936 2641 3991 verba,
2664 3930 2843 3996 nempe
2862 3936 2943 3994 ab,
2966 3930 3103 3993 ideo,
3128 3947 3284 3998 usque
3320 3935 3408 3993 ad,
3433 3934 3640 3984 διατμισ-

2040 4007 2168 4053 rum,
2194 4006 2287 4043 nou
2311 3995 2494 4043 habent
2509 4002 2611 4044 MSS.

1480 4209 2527 4327 ADMONITIO

1438 4405 1520 4467 IN
1563 4401 2189 4480 SUBSEQUENTEM
2230 4401 2555 4462 LIBRUM.

1901 4528 2160 4587 0W9

429 4658 673 4717 Manuale
694 4662 833 4719 istud
866 4680 971 4720 non
1002 4666 1281 4736 Augustini
1315 4677 1541 4737 tantum,
1573 4669 1668 4725 sed
1697 4670 1932 4725 Anselmi
1962 4672 2146 4738 etiam,
2181 4687 2344 4742 penes
2368 4680 2571 4741 partem
2602 4668 2858 4738 aliquam,
2886 4676 2941 4722 et
2976 4665 3214 4735 llugonis
3244 4664 3498 4719 Victorini
3528 4680 3631 4718 no-

358 4753 506 4808 mine
533 4754 799 4823 vulgatum
827 4766 931 4811 est.
959 4756 1143 4827 Capita
1177 4760 1383 4815 scilicet
1412 4760 1592 4831 viginti
1623 4772 1851 4832 quatuor
1880 4763 2053 4833 priora
2081 4771 2297 4817 exstant
2342 4761 2484 4831 apud
2523 4760 2798 4831 llngonem
2830 4759 2884 4812 in
2927 4756 3064 4812 libro
3090 4756 3157 4811 de
3187 4756 3379 4808 Anima
3414 4764 3635 4823 quarto.

353 4849 508 4920 Apud
547 4850 860 4907 Auselmnm
886 4865 1013 4908 vero
1036 4856 1337 4910 orationem
1365 4865 1608 4925 quartam
1636 4857 1899 4912 decimam
1946 4856 2071 4929 (cui
2099 4856 2326 4911 orationi
2370 4855 2553 4909 titulus
2584 4854 2698 4922 ipse
2741 4850 2987 4905 Manuale
3039 4847 3291 4917 praefixos
3319 4846 3427 4916 est)
3463 4844 3640 4914 priora

354 4957 545 4997 novem
578 4943 747 5011 capita
780 4946 1087 4999 coniiciunt.
1128 4947 1453 5017 Upusculum
1492 4947 1654 5000 variis
1696 4963 1764 5001 ex
1795 4947 1927 5001 locis
1959 4947 2175 5017 collegit
2205 4947 2439 5001 incertus
2478 4953 2665 4998 auctor
2686 4983 2700 5005 ,
2730 4941 2871 4996 idem
2903 4939 2992 4993 ille
3025 4936 3245 4991 forsitan
3270 4937 3424 5003 cujus
3464 4934 3642 4988 studio

355 5034 664 5102 superiores
690 5036 893 5105 aliquot
917 5036 1100 5101 libros,
1137 5038 1391 5091 nimirum
1421 5039 1489 5092 de
1526 5037 1730 5106 Spiritu
1760 5046 1816 5091 et
1838 5038 2031 5092 Anima
2059 5046 2114 5093 et
2140 5037 2207 5091 de
2233 5034 2511 5105 Diligendo
2544 5034 2653 5088 Deo
2680 5034 2974 5102 (quantum
3006 5026 3222 5097 quidem
3260 5026 3391 5094 ipsis
3418 5040 3643 5094 compa-

352 5126 485 5180 ratis
524 5126 665 5181 inter
693 5140 753 5181 se
794 5128 1069 5196 opusculis
1107 5129 1472 5198 conjecturam
1500 5128 1675 5184 facere
1706 5128 1863 5197 licet)
1892 5130 2218 5199 compositos
2248 5130 2551 5196 opinamur.
2597 5122 2876 5194 Augustini
2904 5120 3045 5175 dicta
3077 5118 3300 5173 adhibet
3326 5118 3413 5172 hic
3445 5118 3598 5187 plura
3624 5159 3643 5186 ,

352 5231 561 5271 necnon
588 5214 839 5287 Cypriani
862 5217 1125 5287 quazdam,
1156 5227 1210 5272 et
1232 5217 1475 5288 Gregorii
1498 5233 1562 5273 ac
1593 5217 1815 5282 lsidori;
1857 5219 1950 5272 sed
1999 5218 2175 5287 qualia
2232 5216 2410 5270 hausit
2439 5230 2544 5268 non
2575 5230 2605 5267 a
2635 5210 2905 5284 germanis
2944 5207 3181 5263 fontibus
3210 5248 3226 5275 ,
3264 5207 3360 5263 sed
3398 5224 3426 5261 a
3459 5208 3645 5263 rivulis

352 5308 532 5362 minus
558 5308 726 5378 puris.
758 5309 992 5363 Primam
1015 5325 1207 5378 nempe
1234 5308 1491 5364 Manualis
1518 5317 1746 5379 partem,
1779 5310 1832 5364 id
1861 5320 1943 5364 est
1968 5309 2245 5379 prologum
2278 5316 2331 5362 et
2367 5307 2600 5378 primum
2629 5320 2691 5359 ac
2713 5302 3010 5359 secundum
3041 5308 3202 5371 caput
3230 5301 3517 5371 descripsit
3544 5318 3643 5355 an-

353 5408 471 5454 ctor
515 5415 580 5456 ex
624 5400 761 5455 libro
788 5403 1029 5471 proxime
1073 5402 1162 5456 hic
1182 5410 1452 5465 secuturo,
1481 5402 1623 5472 quod
1659 5402 1946 5471 Speculum
1973 5401 2291 5471 appellatur.
2327 5401 2563 5454 Alteram
2610 5398 2813 5468 partem
2844 5411 2874 5450 a
2901 5395 3078 5465 capite
3108 5395 3266 5449 tertio
3292 5394 3360 5449 ad
3403 5395 3641 5450 medium

352 5491 568 5547 circiter
596 5503 755 5564 caput
789 5493 1162 5549 duodecimum
1193 5492 1460 5564 decerpsit
1500 5510 1563 5549 ex
1592 5493 1837 5548 oratione
1866 5493 2094 5564 quadam
2137 5492 2336 5547 inedita
2390 5492 2588 5547 veteris
2614 5490 2817 5546 codicis
2847 5488 3125 5544 Mettensis
3156 5488 3355 5542 laudati
3389 5503 3547 5557 supra
3590 5491 3643 5543 in

353 5583 734 5640 Admonitione
761 5585 827 5640 ad
856 5584 1256 5640 Meditationum
1286 5585 1477 5641 librum
1508 5627 1523 5651 ,
1556 5602 1673 5656 qua:
1719 5586 1891 5640 oratio
1934 5585 1986 5638 in
2029 5600 2093 5639 eo
2120 5584 2306 5639 codice
2352 5583 2578 5639 Joannis
2629 5582 3027 5639 Fiscamnensis
3064 5596 3251 5652 preces
3279 5590 3333 5637 et
3380 5580 3635 5636 Willelmi
3694 5582 3695 5585 “

355 5675 563 5730 abbatis
586 5678 895 5733 continente
923 5678 1195 5748 reperitur
1218 5678 1317 5734 sub
1347 5680 1449 5733 hoc
1485 5679 1659 5745 titulo,
1698 5696 1717 5730 ε
1750 5678 1926 5731 Oratio
1948 5676 2132 5731 decora
2152 5678 2427 5747 compilata
2451 5693 2540 5748 per
2558 5678 3059 5748 contemplationem,
3090 5676 3168 5730 vel
3208 5675 3639 5730 Meditatiotheo-

356 5768 483 5819 rica.
517 5786 536 5818 ι
569 5766 680 5823 Hac
708 5778 853 5824 certe
884 5769 935 5823 in
962 5771 1204 5827 oratione
1232 5770 1510 5825 sententia:
1546 5769 1813 5839 pleniores
1857 5783 2015 5840 quam
2059 5767 2111 5822 in
2156 5768 2515 5840 subsequente
2549 5767 2638 5824 hic
2664 5768 2892 5823 Mauuali
2935 5777 3061 5823 sunt
3090 5809 3106 5837 ,
3138 5776 3191 5821 et
3224 5767 3390 5837 magis
3416 5767 3642 5822 invicem
3674 5791 3681 5797 ·

361 5862 694 5918 coluerentes
725 5881 736 5916 :
762 5862 901 5933 quod
933 5874 1247 5934 argumento
1269 5871 1351 5921 est
1387 5864 1684 5919 orationem
1714 5877 1819 5918 non
1846 5869 2109 5933 sumptam
2133 5877 2252 5918 esse
2279 5878 2340 5917 er
2374 5863 2491 5933 ipso
2522 5861 2745 5917 Manuali
2778 5904 2797 5929 ,
2837 5860 2933 5917 sed
2965 5870 3175 5918 contra.
3208 5859 3363 5924 Nam,
3405 5858 3643 5927 exempli
