4006 6494
458 419 556 473 93!
1898 413 1998 467 APl

2104 409 2259 465 lDlX.
3590 426 3682 484 951

459 535 659 602 gratia,
689 532 829 602 quod
869 532 954 586 hic
993 530 1306 601 compendio
1353 532 1564 600 ponitur
1599 529 1654 586 in
1688 542 1807 598 cap.
1843 527 1878 580 4
1906 543 1918 578 :
1952 525 2202 593 Repauset
2229 524 2281 578 in
2313 531 2361 577 te
2393 539 2481 578 cor
2518 539 2707 590 meant,
2735 531 2864 590 etc.,
2895 525 3201 596 explicatur
3229 526 3280 582 in
3303 528 3441 586 dicta
3461 537 3680 594 oratione

461 624 650 679 melius
677 632 731 679 et
752 622 957 692 plenius
977 623 1027 676 in
1053 621 1193 676 hunc
1214 623 1428 677 modum
1458 640 1473 675 :
1503 620 1753 691 chauset
1772 620 1825 673 in
1850 627 1897 671 te
1930 632 2017 670 cor
2033 631 2217 678 meum,
2241 631 2329 668 cor
2353 631 2494 669 mare
2534 631 2776 685 magnum
2798 625 2996 671 tumens
3016 619 3254 685 ﬂuctibus
3278 625 3532 691 superbiat.
3566 628 3680 693 Quia

467 719 734 782 (fortasse,
763 710 886 783 Qui)
936 712 1192 782 imperasti
1220 714 1375 767 ventis
1400 724 1446 767 et
1470 712 1599 766 mari
1620 753 1636 779 ,
1671 711 1863 779 impera
1882 708 1926 761 ei
1956 716 2008 759 ut
2034 705 2306 776 tranquilla
2350 706 2475 774 ﬁant
2509 708 2678 760 omnia
2704 707 2946 761 interiora
2968 726 3100 777 mea,
3139 724 3382 781 quatenus
3418 716 3555 772 dulce
3573 738 3684 791 gau-

458 807 600 859 dium
624 820 789 858 meum
808 805 946 875 quod
965 806 1129 859 esurio
1158 816 1204 859 et
1229 806 1372 867 sitio.
1396 806 1704 875 contempler
1725 812 1772 857 te
1792 802 1901 856 sine
1925 798 2173 853 interioris
2198 799 2413 853 hominis
2435 800 2647 869 strepitu
2670 840 2686 862 .
2713 801 2823 855 sine
2846 818 3114 857 causarum
3141 807 3501 864 mundanorum
3522 817 3686 869 tumul-

458 907 531 949 tu.
577 893 708 948 Ecce
743 894 939 948 animus
975 912 1112 948 meus
1135 937 1149 959 ,
1181 897 1378 949 animus
1401 896 1592 949 amicus
1618 910 1755 947 meus
1774 892 2017 963 fatigatus
2062 890 2264 943 veniens
2300 890 2364 943 de
2397 891 2477 943 via
2520 892 2904 961 cogitationum,
2935 904 2984 947 et
3007 896 3073 949 ab
3104 898 3246 967 ipsis,
3274 916 3398 969 quas
3418 906 3685 973 transierat,

459 986 757 1039 vanitatibus
789 1001 877 1053 per
900 987 1055 1038 multa
1076 985 1279 1051 divisus,
1307 986 1640 1056 periculosam
1659 984 1873 1037 esuriem
1904 980 2092 1052 patitur
2108 995 2127 1033 :
2150 995 2249 1033 non
2273 979 2427 1034 habeo
2455 981 2588 1048 quod
2614 998 2798 1050 ponam
2822 992 2945 1036 ante
2968 985 3114 1039 illum
3134 1004 3152 1050 ;
3181 1005 3372 1057 pauper
3406 1008 3511 1045 sum
3534 1003 3576 1048 et
3589 1011 3685 1066 ege-

456 1092 572 1128 nus.
600 1073 645 1128 0
683 1074 819 1128 dines
841 1075 1061 1127 omnium
1087 1074 1348 1140 bonorum,
1374 1083 1422 1128 et
1445 1074 1634 1143 dapum
1657 1086 1888 1142 superna:
1907 1069 2146 1124 satietatis
2174 1069 2550 1133 apulentissime
2564 1071 2793 1141 largitor,
2821 1080 2923 1126 etc.
2949 1070 3184 1144 Itemque
3209 1076 3274 1131 ad
3298 1077 3421 1133 illud
3450 1096 3558 1151 cap.
3588 1083 3675 1139 l2:

457 1167 620 1222 Sileat
654 1165 748 1221 sibi
777 1176 823 1219 et
851 1168 962 1234 ipsa
1009 1166 1200 1230 anima,
1240 1176 1290 1220 et
1325 1174 1547 1219 transeat
1570 1181 1643 1227 se,
1691 1180 1791 1215 non
1819 1160 2085 1230 cogitando
2110 1176 2200 1224 se;
2236 1160 2314 1213 sic
2354 1162 2691 1231 prosequitur
2719 1162 2893 1233 aptius
2920 1166 3170 1234 praedicta
3200 1170 3369 1223 oratio
3397 1190 3410 1225 :
3443 1171 3534 1236 Tu,
3564 1174 3688 1230 Deus

460 1276 616 1323 meus,
653 1269 705 1313 tu
730 1260 858 1313 mihi
882 1261 1082 1329 loquere
1100 1260 1258 1323 solus,
1288 1276 1388 1313 non
1410 1275 1499 1328 per
1522 1273 1581 1312 ea
1600 1272 1715 1327 quin
1741 1255 1922 1325 fecisti,
1953 1262 2007 1305 ut
2030 1254 2139 1306 sine
2164 1253 2274 1306 istis
2294 1254 2499 1306 audiam
2526 1262 2591 1319 te,
2619 1265 2723 1309 etc.
2756 1256 2924 1310 Habet
2953 1273 3075 1328 pars
3106 1260 3205 1313 ista
3235 1261 3485 1319 Manualis
3510 1266 3557 1319 in
3601 1283 3684 1322 ca-

462 1354 572 1421 pite
601 1353 635 1407 ι
661 1353 818 1407 verba
866 1352 1125 1407 Bernardi
1170 1351 1420 1405 nonnulla
1448 1392 1462 1415 ,
1503 1365 1619 1420 qua:
1650 1348 1716 1402 ab
1758 1347 1845 1401 illa
1870 1346 2143 1400 Mettensis
2182 1345 2380 1398 codicis
2400 1385 2416 1411 ,
2465 1353 2588 1400 ante
2613 1345 2940 1401 Bernardum
2970 1350 3068 1403 nisi
3097 1349 3330 1407 fallimur
3356 1356 3550 1425 scripti.
3577 1373 3687 1412 ora-

458 1445 608 1498 tione
636 1444 848 1498 absunt.
875 1443 955 1498 0b
984 1443 1098 1497 haec
1126 1452 1303 1497 autem
1342 1440 1597 1496 Bernardi
1636 1453 1842 1495 necnon
1895 1437 1994 1490 alia
2025 1437 2267 1506 quaedam
2297 1432 2503 1490 Alcuini
2533 1437 2691 1491 verba
2710 1480 2725 1504 ,
2758 1439 2868 1507 ipsa
2910 1441 3169 1508 Anselmi,
3197 1446 3280 1498 cui
3303 1446 3497 1514 insunt,
3534 1452 3689 1507 oratio

460 1543 645 1601 quarta
671 1532 900 1599 decima,
928 1536 1078 1602 cujus
1099 1534 1421 1587 mentionem
1444 1532 1689 1601 superius
1708 1529 1953 1593 fecimus,
1996 1528 2176 1596 spuria
2205 1544 2310 1581 non
2342 1528 2607 1583 immerito
2635 1530 2898 1585 videbitur
2925 1544 2978 1587 et
3003 1536 3283 1591 subdititia
3333 1539 3564 1610 Reliqua:
3583 1558 3689 1612 par-

460 1635 543 1676 tes
575 1624 793 1694 hujusce
819 1624 1076 1679 Manualis
1099 1640 1364 1695 expressae
1394 1632 1550 1687 sunt,
1598 1622 1717 1677 aliae
1745 1621 1978 1692 quidem,
2024 1632 2147 1690 puta
2183 1620 2443 1675 decimum
2473 1632 2678 1675 sextum
2707 1633 2760 1676 et
2792 1624 3059 1680 decimum
3090 1631 3377 1698 septimum
3408 1644 3590 1701 caput,
3631 1652 3686 1690 ex

454 1732 705 1771 sermone
736 1716 1044 1786 appendicis
1071 1716 1198 1770 tomi
1222 1716 1389 1785 quinti
1434 1714 1797 1769 ducentesimo
1828 1728 2006 1779 nono;
2038 1713 2155 1766 alia:
2183 1726 2332 1777 vero,
2360 1712 2530 1781 capita
2559 1713 2811 1771 videlicet
2854 1726 2974 1771 octo
3010 1722 3284 1789 sequentia
3309 1763 3327 1788 ,
3356 1738 3421 1779 ex
3457 1725 3686 1782 Bernardi

453 1805 804 1860 concionibus
832 1822 845 1858 :
880 1814 1063 1873 postea
1083 1820 1152 1860 ex
1174 1805 1393 1875 llugone
1420 1805 1695 1859 Victorino
1724 1820 1839 1872 qua:
1862 1802 2121 1857 habentur
2154 1818 2184 1855 a
2236 1801 2491 1871 vigesimo
2528 1814 2678 1857 sexto
2719 1807 2891 1874 capite
2931 1824 3097 1878 usque
3122 1812 3187 1864 ad
3218 1814 3572 1883 trigesimum:
3600 1835 3684 1887 po-

454 1906 653 1951 strema
682 1911 806 1966 pars
833 1896 1044 1952 demum
1070 1913 1134 1951 ex
1158 1896 1397 1951 Auselmi
1420 1895 1692 1965 Proslogio
1715 1894 1879 1947 ascita
1909 1902 2010 1947 est.
2040 1893 2306 1948 Caeterum
2335 1902 2542 1947 veteres
2570 1894 2785 1949 codices
2816 1898 3020 1965 scripti,
3044 1916 3178 1968 quos
3203 1916 3336 1956 sane
3356 1905 3545 1960 multos
3567 1922 3684 1961 con-

457 1987 812 2043 sideravimus
830 2030 845 2055 ,
870 1988 1272 2059 haudquaquam
1296 2004 1417 2044 cum
1444 1987 1601 2043 editis
1626 1987 1705 2041 vel
1729 2000 1908 2040 secum
1940 1985 2037 2054 ipsi
2061 1986 2189 2039 satis
2214 1984 2555 2039 conveniunt.
2594 1984 2724 2039 Nam
2747 1986 2838 2041 alii
2874 1989 3021 2057 plura
3048 1991 3346 2059 continent,
3380 1995 3467 2048 alii
3489 2000 3686 2064 paucio-

452 2094 507 2131 ra
532 2119 549 2144 ,
578 2078 816 2149 plerique
842 2096 968 2135 vero
996 2080 1239 2151 quaedam
1260 2080 1328 2135 ab
1352 2080 1507 2134 editis
1547 2078 1717 2133 aliena
1748 2078 2006 2141 inserunt,
2041 2075 2290 2142 decerpta
2317 2091 2382 2130 ex
2413 2077 2727 2145 Augustino,
2761 2078 2877 2132 sive
2905 2096 2971 2134 ex
3000 2081 3270 2138 Bernardo
3294 2126 3308 2147 ,
3350 2094 3441 2140 aut
3481 2087 3685 2158 Hugone

459 2169 749 2236 Victorino,
778 2171 860 2225 vel
891 2186 958 2225 ex
991 2171 1139 2225 libris
1166 2170 1232 2226 de
1252 2170 1454 2241 Spiritu
1479 2178 1533 2225 et
1564 2170 1772 2234 Anima,
1805 2177 1856 2221 et
1878 2167 1946 2222 de
1974 2166 2247 2235 Diligendo
2277 2167 2385 2221 Deo
2412 2208 2427 2233 ,
2461 2177 2619 2238 atque
2639 2184 2704 2224 ex
2738 2170 3166 2228 Meditationibus
3207 2176 3466 2233 Bernardi
3490 2183 3684 2235 nomine

456 2262 697 2333 vulgatis.
752 2264 1024 2319 Postrema
1054 2263 1265 2319 tandem
1290 2263 1461 2333 capita
1501 2263 1585 2316 vix
1616 2277 1749 2316 unus
1774 2260 2011 2315 continet
2038 2258 2235 2330 Regius
2261 2258 2428 2316 codex
2448 2302 2463 2326 ,
2509 2262 2598 2331 qui
2631 2266 2806 2319 tanien
2844 2265 3156 2336 vigesimum
3194 2280 3407 2325 sextum
3438 2282 3490 2327 et
3517 2273 3686 2344 vigesio

449 2371 591 2408 mum
617 2355 899 2425 septimum
921 2355 1033 2412 fere
1064 2365 1229 2411 totum
1258 2353 1635 2425 praetermittit.

458 2514 1794 2548 m,
1588 2538 1617 2543 ,γ
1630 2540 1637 2541 7
1650 2540 1665 2541 μ
1694 2538 1751 2542 ,,_.,
1815 2514 1943 2541 -μ
1874 2538 1909 2541 _.,
1922 2536 1975 2541 ﬁ.
2014 2535 2253 2541 σσ--φ---η
2284 2536 2313 2539 ἡ
2340 2536 2365 2541 ›-.
2392 2537 2437 2541 ν-
2456 2514 2634 2543 κςντ--ΙΙΙ
2642 2514 2787 2545 .mI-L
3548 2521 3591 2553 ‹
3626 2514 3688 2557 3

1565 2850 2039 2960 LIBER
2118 2849 2580 2955 UJV'U'S.

1946 3044 2047 3095 τθίο
2055 3048 2208 3095 στοβ)

2125 3160 2238 3223 lus,
2290 3161 2535 3217 irasceris
2578 3174 2648 3240 ei
2675 3166 3096 3237 tranquillnses,
3139 3184 3304 3239 opera
3349 3183 3554 3240 mutas,
3599 3175 3686 3232 sed

506 3170 809 3226 ram-no.
837 3170 983 3225 ηαιίο
1006 3172 1157 3245 Iasius
1174 3171 1355 3241 υριτνίε-
1379 3169 1635 3252 ’.ηιοεαιίο
1652 3162 2012 3255 θεῖ-ἑαλρυο·
2121 3162 2238 3255 1'15;
2262 3162 3096 3255 leuati:agresti}???esv
3139 3184 3304 3255 οιεετα
3349 3189 3393 3255 πη

1055 3235 1249 3295 ieoruin
1304 3240 1460 3309 positi
1516 3252 1731 3298 sumus,
1778 3236 1938 3309 lacile‘
1983 3250 2014 3290 a
2121 3247 2226 3285 non
2262 3244 2435 3309 mutas
2459 3235 2742 3309 consilium
2765 3279 2779 3302 ,
2813 3235 3005 3307 recipis
3045 3235 3187 3309 quod
3217 3242 3454 3308 invenis,
3484 3235 3687 3301 et'nnn-

437 3244 577 3297 niam
622 3242 674 3296 in
720 3242 896 3295 medio
946 3236 1249 3312 laqueorum
1304 3240 1460 3312 positi
1516 3252 1731 3298 sumus,
1778 3236 1939 3312 facile
1983 3250 2014 3290 a

434 3312 639 3367 caelesti
665 3312 930 3366 desiderio
958 3305 1662 3381 frigescimus:Quapropter
1686 3306 1899 3381 assiduo
1926 3305 2011 3358 in-

433 3384 676 3453 digemus
718 3378 1078 3444 monimento,
1123 3392 1182 3435 ut
1211 3378 1561 3458 cupergel'acti
1599 3379 1663 3433 ad
1703 3378 1872 3458 perun
1913 3391 2010 3428 no-

433 3447 605 3507 strum
637 3468 818 3506 verum
839 3460 893 3529 ei
930 3467 1206 3529 summum
1257 3447 1453 3505 bonum
1474 3466 1638 3529 ._cum
1682 3447 1969 3529 definimus
1992 3486 2008 3512 ,

434 3538 791 3578 rccurramus.
839 3521 1039 3576 Idcirco
1068 3538 1170 3575 non
1215 3522 1635 3591 prmsumptionis
1674 3521 1969 3591 temeritate
1992 3559 2007 3583 ,

433 3594 526 3646 sed
568 3593 733 3661 magis
762 3593 851 3646 Dei
878 3594 978 3647 mei
1010 3588 1324 3671 dilectione,
1361 3588 1482 3671 huic
1519 3590 1775 3671 opusculo
1800 3588 2011 3671 adlau-

432 3664 554 3716 dem
584 3658 699 3732 ejus
741 3678 957 3729 operam
996 3663 1150 3725 dedi,
1197 3672 1253 3716 ut
1298 3678 1362 3716 ex
1405 3658 1817 3732 elegantior-ibus
1854 3658 2011 3732 dictis

433 3729 735 3788 sanctorum
796 3733 1011 3786 Patrum
1072 3734 1320 3810 breve_et
1381 3732 1625 3786 manuale
1683 3729 2009 3810 verbumi'de

436 3803 544 3857 Deo
583 3818 702 3856 meo
742 3819 949 3857 mecum
988 3818 1197 3871 semper
1235 3803 1483 3857 haberem
1505 3843 1520 3868 ,
1552 3818 1613 3855 ex
1640 3802 1793 3868 cujus
1823 3801 2004 3852 lectio-

434 3874 515 3927 nis
561 3874 681 3944 igne
704 3914 719 3938 ,
750 3876 959 3943 quoties
1009 3883 1222 3944 tepesco
1242 3915 1255 3939 ,
1287 3875 1340 3927 in
1396 3874 1512 3942 ejus
1569 3871 1829 3926 accendar
1853 3884 2005 3924 amo-

430 3960 565 3998 rem.

376 4068 377 4071 η
502 4014 652 4068 Nunc
704 4015 888 4069 adesto
939 4013 1098 4075 mihi.
1157 4014 1295 4067 Deus
1344 4028 1529 4078 meus,
1581 4028 1739 4081 quem
1782 4026 2000 4079 quer,

430 4100 584 4152 quem
628 4085 819 4151 diligo,
868 4101 1024 4153 quiem
1053 4084 1213 4138 Corde
1251 4094 1303 4136 et
1352 4100 1444 4138 ore
1488 4088 1778 4147 conlitcor,
1825 4090 2003 4153 etqua

432 4151 584 4207 valeo
625 4157 813 4208 virtute
854 4151 1009 4207 laudo
1053 4165 1209 4221 atque
1238 4155 1420 4235 adoro.
1454 4154 1599 4235 Mens
1650 4151 2001 4235 nica‘devota

432 4226 558 4289 tihi,
603 4235 690 4278 tuo
740 4240 920 4278 amore
964 4240 1246 4286 succensa,
1293 4225 1384 4277 tibi
1433 4227 1735 4290 suspirans.
1785 4223 2001 4275 tibi'in-

430 4292 581 4346 hians
602 4336 615 4357 ,
640 4303 691 4348 te
715 4295 885 4348 solum
914 4294 1091 4348 videre
1115 4294 1452 4357 desiderans,
1488 4295 1614 4347 nihil
1645 4294 1799 4347 habet
1824 4292 1996 4356 dulce,

430 4363 530 4416 nisi
561 4364 626 4417 de
655 4374 705 4418 te
734 4365 873 4431 loqui
894 4405 907 4425 .
940 4364 1006 4418 de
1037 4374 1088 4417 te
1113 4366 1326 4429 audire,
1356 4365 1423 4419 de
1464 4374 1512 4418 te
1542 4364 1775 4418 scribere
1797 4405 1809 4424 ,
1856 4362 1923 4416 de
1951 4370 2002 4417 te

427 4433 673 4488 conferre
693 4476 706 4495 ,
735 4443 876 4488 tuam
905 4435 1123 4515 gloriam
1171 4434 1473 4515 frequenter
1514 4435 1796 4515 snli_cortle
1826 4434 1999 4515 revol-

426 4519 587 4569 vere,
637 4515 693 4557 ut
728 4514 813 4557 tua
853 4506 1028 4558 suavis
1058 4504 1310 4583 memoria
1364 4506 1431 4583 sit
1461 4506 1595 4558 inter
1623 4507 1718 4583 hos
1756 4504 2001 4583 turbines

425 4574 598 4644 aliqua
624 4576 924 4642 repansatio
951 4591 1087 4629 mea.
1115 4575 1190 4628 Te
1217 4590 1344 4645 ergo
1375 4576 1590 4636 invoco,
1656 4571 1997 4627 desideratis-

425 4645 580 4709 sime,
610 4644 677 4698 ad
707 4654 755 4699 te
775 4646 947 4699 clamo
974 4645 1207 4699 clamore
1238 4660 1428 4711 magno
1451 4646 1501 4698 in
1528 4654 1635 4699 toto
1666 4646 1823 4696 συναρι
1855 4658 1992 4696 meo.

424 4715 489 4769 Et
517 4730 637 4769 cum
666 4718 937 4795 te_invoco
956 4757 970 4779 ,
996 4717 1172 4785 utique
1199 4724 1250 4795 te
1277 4716 1329 4795 in
1362 4731 1446 4771 me
1469 4717 1830 4795 ipso_invoco;
1860 4730 1994 4795 qui):

423 4787 563 4839 niam
590 4787 805 4840 omnino
829 4802 933 4840 non
960 4802 1168 4852 essem,
1196 4787 1294 4863 nisi
1325 4796 1379 4840 tu
1410 4802 1556 4863 esses
1589 4787 1638 4839 in
1668 4801 1785 4847 me;
1817 4795 1869 4837 et
1895 4787 1995 4863 nisi

420 4872 520 4919 ego
545 4873 715 4911 essem
746 4858 796 4910 in
831 4867 901 4922 te,
925 4874 1025 4910 non
1058 4872 1204 4911 esses
1230 4858 1280 4910 in
1310 4872 1411 4910 me.
1445 4856 1499 4910 ln
1526 4874 1610 4936 me
1634 4870 1712 4936 es,
1746 4856 1992 4936 quoniam

422 4927 474 4979 in
504 4928 753 4981 memoria
779 4945 893 4981 mea
917 4944 1099 4982 manes
1118 4945 1130 4979 :
1151 4944 1212 4981 ex
1236 4944 1294 4980 ea
1317 4928 1538 4996 cognovi
1568 4939 1636 4989 te,
1665 4935 1719 4980 et
1746 4927 1795 4977 in
1828 4940 1886 4996 ea
1913 4927 1993 4977 in-

418 4998 575 5050 venio
600 5007 650 5050 le
671 5039 683 5059 ,
716 5013 834 5052 cum
866 4999 1176 5052 reminisctir
1206 4999 1311 5075 lui,
1342 4995 1400 5052 et
1424 4998 1660 5075 deiectnr
1679 4998 1728 5049 in
1754 5006 1804 5049 te
1827 4995 1892 5075 de
1921 5004 1991 5063 te,

418 5084 484 5121 ex
507 5083 612 5136 quo
632 5070 807 5123 omnia
827 5110 840 5124 .
873 5085 968 5135 per
992 5085 1148 5133 quem
1175 5071 1381 5131 omnia,
1412 5078 1466 5121 et
1492 5068 1543 5120 in
1572 5083 1677 5135 quo
1702 5068 1899 5120 omnia.

524 5138 750 5194 CAPUT
824 5139 1100 5195 PRIMUM.
1159 5138 1249 5191 Dei
1300 5140 1683 5209 perfunctioues.
1741 5137 1813 5205 (ὁ)
1874 5136 1989 5201 Tu,

421 5207 675 5273 Dninine,
730 5210 922 5263 ccelum
973 5221 1025 5263 et
1094 5220 1286 5263 lermm
1364 5207 1579 5278 imples,
1632 5210 1809 5263 omnia
1874 5223 1994 5276 por-

426 5289 546 5329 tans
592 5278 708 5332 sine
747 5294 940 5345 onere,
972 5281 1147 5332 omnia
1207 5281 1431 5346 unplens
1484 5281 1597 5333 sine
1659 5280 1979 5343 inclusione,

417 5362 635 5415 semper
684 5363 880 5417 agens,
932 5364 1145 5417 semper
1175 5354 1431 5420 quietus,
1477 5350 1732 5420 colligens
1782 5359 1834 5404 et
1887 5367 1989 5405 non

415 5431 605 5479 egens,
657 5434 900 5488 quturens
946 5434 1065 5473 cum
1115 5419 1244 5474 nihil
1294 5420 1430 5475 desit
1484 5419 1622 5481 tibi,
1659 5437 1843 5474 amans
1892 5436 1990 5474 nec

414 5497 682 5554 mstuans,
713 5489 891 5543 zelans
915 5496 969 5542 et
998 5503 1216 5544 securus
1247 5507 1324 5555 es,
1360 5494 1579 5559 pcenitet
1601 5500 1651 5545 te
1679 5502 1730 5546 et
1760 5507 1861 5544 non
1888 5492 1985 5543 do—

473 5639 551 5708 (a)
577 5647 641 5690 ex
666 5638 761 5693 ﬁne
781 5639 871 5708 _l_i_b.
896 5640 962 5708 de
984 5641 1225 5708 Speculo;
1250 5642 1363 5693 vide
1386 5640 1473 5691 lib.
1500 5642 1655 5695 Medit.
1681 5657 1787 5708 mp.
1806 5644 1896 5705 εὶς
1921 5658 1987 5695 ex

409 5702 618 5752 uitaress.
642 5712 758 5774 Aug.
778 5702 865 5753 lib.
893 5703 940 5762 1,
962 5714 1069 5809 mil).
1094 5702 1141 5753 2.
1738 5702 1754 5708 ⁷
1882 5702 1885 5705 ’

473 5761 548 5809 (ὑὶ
578 5769 641 5809 Ex
665 5763 747 5809 lib-
786 5764 851 5809 de
872 5772 1028 5809 specu
1050 5777 1095 5809 ο.
1124 5777 1256 5809 enim.
1280 5764 1385 5809 (—8.
1410 5763 1487 5809 2!.
1524 5764 1616 5809 9.2:
1665 5779 1725 5809 ex
1768 5767 1885 5809 Con?

473 5761 548 5825 (ιι)
578 5769 641 5815 Ex
665 5761 747 5814 liﬁ.
786 5764 851 5815 de
872 5761 1095 5828 speculo,
1124 5777 1256 5828 capp.
1280 5764 1385 5824 i—8,
1410 5763 1487 5825 2!,
1524 5764 1616 5827 ‘22;
1665 5779 1727 5817 ex
1768 5767 1981 5819 Confess.

409 5829 523 5883 Aug.
549 5827 626 5875 lib.
660 5828 705 5887 l,
727 5840 829 5890 cap.
858 5827 897 5875 ι,

2119 3317 2275 3369 quam
2321 3304 2571 3368 amisisti;
2627 3321 2896 3376 nunquam
2927 3304 3127 3377 inops,
3172 3319 3226 3366 et
3262 3304 3468 3381 gaudes
3508 3317 3684 3378 lucris;

2118 3386 2385 3455 nunquam
2424 3388 2639 3455 avarus,
2674 3386 2729 3430 et
2771 3392 2957 3432 usuras
2990 3382 3185 3450 exigis;
3218 3397 3570 3455 supererogas
3610 3388 3688 3441 cui

2116 3458 2221 3496 non
2252 3443 2449 3521 debes,
2477 3445 2560 3498 vel
2588 3460 2799 3521 semper
2823 3443 3232 3521 Supererogatur
3262 3443 3356 3508 tibi
3390 3463 3445 3507 ut
3463 3443 3649 3510 debeas
3668 3498 3682 3521 ,

2115 3514 2521 3585 ctquishabct
2559 3516 2844 3585 quidquam
2886 3514 2989 3572 non
3041 3514 3229 3575 tuum?
3280 3524 3480 3578 Reddis
3517 3514 3681 3581 debita

2114 3583 2241 3636 nulli
2267 3583 2471 3665 debeas
2490 3625 2504 3647 ,
2546 3583 2718 3665 donas
2738 3587 2912 3665 debita
2940 3589 3069 3665 nihil
3093 3594 3339 3659 perdens.
3384 3595 3482 3663 Qui
3511 3596 3688 3665 ubique

2111 3667 2199 3713 es,
2227 3662 2282 3708 et
2321 3654 2513 3729 ubique
2543 3664 2714 3720 totus;
2752 3659 2838 3729 qui
2872 3661 3053 3713 sentiri
3086 3654 3267 3729 potes,
3314 3673 3371 3719 et
3394 3654 3561 3720 Videri
3590 3654 3685 3721 non

2113 3726 2710 3804 potesioquintusquam
2752 3726 2926 3804 dees,_
2958 3738 3014 3783 et
3054 3726 3350 3804 tamen-ab
3398 3736 3687 3804 iniquorum

2111 3794 2517 3875 cogitationibus
2537 3796 2693 3865 longe
2720 3813 2809 3860 es;
2841 3801 2954 3875 qui_
2973 3816 3070 3855 nec
3100 3803 3178 3875 ibi;
3203 3803 3334 3858 dces
3359 3846 3374 3870 ,
3418 3794 3503 3860 ubi
3543 3807 3685 3875 longe

2111 3878 2170 3942 es
2194 3880 2208 3942 ξ
2230 3865 2350 3942 quia
2381 3865 2468 3918 ubi
2493 3881 2594 3918 non
2622 3884 2679 3920 es
2711 3884 2803 3937 per
2822 3865 3044 3939 gratiam
3072 3914 3084 3929 .
3118 3873 3244 3927 ades
3276 3865 3372 3942 per
3396 3865 3684 3930 vindictam.

2109 3933 2206 3999 Qui
2238 3935 2427 4003 ubique
2457 3933 2805 4015 prasens'es,
2825 3933 2905 3993 'et
2950 3942 3038 4015 vix
3066 3933 3291 4015 inveniri
3320 3956 3513 4012 potes;
3541 3963 3688 4015 quem

2109 4013 2336 4079 stantem
2381 4007 2690 4079 sequimur,
2739 4017 2795 4064 et
2822 4011 3221 4079 apprehendere
3272 4007 3377 4068 non
3437 4007 3683 4071 valemus.

2108 4074 2207 4139 Qui
2239 4083 2414 4152 _tenes
2464 4078 2681 4152 omnia“,
2740 4074 2929 4152 imples
2979 4082 3194 4148 omnia,
3246 4085 3688 4152 circumplecteris

2108 4145 2305 4224 omnia,
2330 4148 2703 4224 superexcedis
2723 4145 2919 4224 omnia.
2944 4145 3393 4224 sustines—omnia.
3418 4145 3515 4224 Qui
3538 4156 3687 4212 corda

2110 4214 2345 4292 lideliuni
2378 4215 2545 4292 doces
2573 4218 2689 4273 sine
2718 4223 2940 4286 strepitu
2970 4222 3272 4277 verborum.
3304 4226 3407 4292 Qui
3432 4214 3565 4281 locis
3590 4243 3687 4281 nun

2106 4284 2450 4351 (listvnderis,
2482 4302 2579 4341 nec
2618 4284 2941 4362 temporibus
2968 4293 3220 4362 variatis,
3263 4284 3365 4349 nec
3406 4296 3567 4351 habes
3601 4313 3685 4352 ac-

2105 4370 2288 4408 cessus
2316 4364 2651 4434 etrecessus.
2685 4359 2784 4426 Qui
2810 4361 3017 4434 habitas
3045 4359 3215 4416 lucem
3241 4365 3679 4434 inaccessibilem,

2104 4426 2453 4507 quamnulius
2480 4426 2750 4482 hominum
2774 4430 2921 4507 vidit,
2951 4449 3049 4487 nec
3072 4435 3252 4507 videre
3280 4446 3456 4501 potest
3479 4437 3531 4507 (Ι
3559 4426 3682 4492 Tim:

2105 4511 2152 4547 γι
2174 4537 2189 4559 ,
2221 4498 2284 4549 16
2306 4496 2346 4566 ).
2378 4497 2429 4548 In
2459 4506 2510 4572 te
2555 4514 2773 4572 manens
2811 4503 3019 4568 quietus
3040 4545 3054 4567 ,
3102 4496 3298 4572 ubique
3332 4496 3582 4561 circannis
3611 4519 3682 4561 ων

2106 4575 2217 4619 tum
2242 4584 2254 4618 :
2282 4568 2548 4645 non_enim
2576 4568 2741 4645 scindi
2760 4580 2823 4645 et
2859 4572 3017 4645 dividi
3047 4568 3223 4645 potes,
3252 4578 3376 4645 quia
3405 4594 3530 4631 vere
3561 4593 3685 4631 unus

2103 4650 2191 4699 es;
2244 4651 2341 4690 nec
2373 4637 2437 4712 .in
2477 4649 2649 4712 partes
2684 4640 2947 4703 elliceris,
2990 4637 3083 4697 sed
3117 4637 3470 4702 totus'totnm
3512 4658 3682 4712 tenes,

2102 4715 2157 4758 et
2187 4706 2587 4783 totitmiutpies:
2618 4719 2784 4764 totum
2816 4712 3047 4766 illustras
3070 4724 3123 4768 et
3148 4716 3410 4783 possides.

2205 4774 2428 4851 CAPUT
2462 4776 2524 4829 ll.
2545 4778 2618 4831 De
2642 4784 2812 4833 eodem
2835 4774 3225 4851 argumentoISi
3250 4796 3417 4841 totum
3438 4788 3684 4841 mundum

2102 4844 2218 4899 libri
2271 4848 2535 4925 repleant,
2579 4857 2681 4925 ‘tua
2728 4844 2947 4925 scientia
3006 4854 3376 4911 inenarrahilis
3436 4876 3541 4911 non
3594 4874 3683 4925 po-

2103 4923 2205 4991 iest
2258 4921 2523 4991 enarrari:
2552 4919 2827 4991 Quoniam
2892 4938 3019 4975 vero
3081 4926 3364 4980 indicibilis
3430 4944 3517 4991 es,
3571 4919 3682 4981 nul-

2101 4984 2153 5058 io
2189 4987 2367 5058 modo
2406 4989 2561 5042 scribi
2598 4984 2806 5058 poteris
2846 5008 2942 5046 nec
3005 4996 3270 5049 cencludi.
3330 4998 3409 5052 Tu
3461 4984 3520 5053 es
3571 4998 3684 5052 l‘ons

2099 5054 2231 5135 lucis
2278 5056 2499 5138 divinae,
2531 5054 2716 5114 et_sol
2767 5063 3021 5138 claritatis
3072 5076 3306 5121 :uteruaa.
3355 5069 3577 5138 Magnus
3624 5084 3681 5123 es

2097 5125 2238 5199 sine
2280 5128 2603 5196 quantitate,
2652 5140 2705 5183 et
2771 5131 2889 5184 ideo
2955 5135 3274 5199 immensus;
3326 5125 3500 5193 bonus
3561 5140 3671 5193 sine

2098 5197 2382 5270 qnalitate,
2411 5208 2464 5250 et
2488 5199 2607 5270 ideo
2636 5214 2761 5254 vere
2780 5211 2834 5255 et
2858 5218 3064 5258 summe
3094 5197 3291 5270 bonus;
3323 5218 3377 5261 et
3408 5225 3568 5262 nemo
3596 5210 3681 5261 bo-

2098 5280 2225 5345 nus,
2259 5267 2358 5320 nisi
2403 5278 2459 5321 tu
2501 5269 2646 5322 solus
2669 5311 2699 5345 ,Α
2731 5272 2882 5345 cujus
2922 5275 3168 5329 voluntas
3208 5267 3340 5344 opus
3370 5289 3487 5343 est,
3535 5278 3680 5345 cujus

2095 5336 2234 5413 veile
2275 5352 2429 5413 posse
2467 5341 2700 5413 esttqui
2730 5336 2918 5413 omnia
2967 5360 3085 5413 qua:
3133 5361 3199 5401 ex
3244 5336 3412 5402 nihilo
3454 5336 3679 5412 creas-ti,

2095 5406 2208 5479 sola
2258 5408 2527 5479 voluntate
2570 5406 2762 5466 fecisti.
2813 5414 2911 5479 Qui
2950 5406 3161 5470 omnem
3205 5430 3506 5473 creaturam
3537 5406 3678 5473 tuam

2094 5477 2293 5559 absque
2325 5478 2607 5559 indigentia
2650 5483 2823 5559 aliqua
2839 5477 3122 5559 possides,
3152 5496 3206 5559 et
3233 5490 3346 5559 sine
3374 5489 3557 5543 labore
3582 5505 3678 5559 gu-

2094 5545 2319 5628 bernas,
2348 5559 2405 5628 et
2428 5550 2628 5628 absque
2656 5545 2812 5628 tudio
2842 5545 3016 5628 regis,
3044 5545 3248 5613 etnibil
3276 5568 3353 5613 est
3384 5560 3527 5628 quod
3551 5545 3678 5614 con-

2094 5618 2267 5692 iurbet
2293 5618 2531 5692 ordinem
2546 5618 2757 5692 imperii
2787 5625 2860 5676 tui
2879 5618 3005 5684 .'vel
3028 5627 3078 5679 in
3095 5630 3337 5692 summis,
3360 5618 3446 5685 vel
3466 5631 3517 5685 in
3544 5631 3677 5683 imis.

2091 5685 2191 5751 Qui
2223 5688 2271 5761 in
2300 5690 2543 5743 omnibus
2561 5685 2687 5745 locis
2709 5695 2823 5749 sine
2842 5694 2958 5748 loco
2980 5696 3213 5761 baberis.
3232 5710 3287 5754 et
3308 5685 3485 5756 omnia
3508 5701 3675 5755 conti-

2092 5757 2314 5835 iiessine
2331 5761 2553 5835 amhitn,
2574 5771 2629 5815 et
2647 5762 2839 5835 ubique
2862 5781 3097 5833 praesens
3112 5784 3171 5823 es
3187 5757 3302 5824 sine
3323 5770 3425 5825 situ
3442 5782 3494 5826 et
3512 5780 3672 5823 mutu.

2090 5825 2189 5892 Qui
2215 5832 2736 5899 neciniallauctores,
2755 5825 2921 5904 "quod
2942 5837 3113 5894 facere
3134 5853 3240 5894 non
3262 5851 3412 5909 potes
3436 5825 3525 5911 qui
3551 5840 3679 5897 2‘.th
