4070 6532
543 573 653 620 οιο-
683 563 740 644 ο.
766 555 1500 644 quamtorwmmtsta15‘
1529 555 1786 644 assint?
1805 553 2130 644 inactivi-

545 648 660 688 mas
695 625 888 686 civium
933 642 1142 684 tuorum
1190 627 1486 683 cantilenas
1509 669 1524 691 ,
1557 625 2088 681 carmina’mellillua
2111 667 2126 688 ,

544 702 728 758 laudes
755 717 977 756 summa:
1026 699 1270 754 Trinitati
1315 697 1498 752 debito
1545 696 1751 751 honore
1788 697 2124 766 promentia!

541 773 646 829 Sed
675 781 729 827 et
759 773 977 825 nimium
1011 771 1132 824 lelix
1160 810 1174 831 ,
1205 769 1251 825 si
1299 783 1398 838 ego
1460 768 1575 838 ipse
1623 782 1871 838 meruero
1909 777 2129 822 cantare

540 845 807 899 canticum
849 841 1078 896 Domino
1119 839 1246 895 Jesu
1292 837 1506 894 Christo
1547 837 1616 892 de
1677 837 1920 893 dulcibus
1956 838 2129 891 canti-

541 915 620 968 cis
645 913 794 968 Sion.

613 983 842 1040 CAPUT
889 981 1001 1038 VII.
1052 979 1183 1035 Vita:
1227 989 1432 1035 (eterna:
1477 978 1628 1033 bona.
1667 976 1714 1034 0
1755 978 1863 1033 vita
1908 977 2123 1045 vitalis,

541 1055 648 1130 vita
679 1055 1038 1122 sempiterna,
1075 1063 1133 1130 et_
1169 1052 1493 1130 sempiterne
1541 1049 1692 1130 beata
1714 1091 1730 1113 ,
1751 1048 1849 1130 ubi
1879 1048 2128 1130 gaudium

543 1126 660 1180 sine
688 1119 919 1178 tumi'ore
943 1163 958 1185 ,
988 1123 1196 1191 requies
1222 1119 1337 1175 sine
1377 1120 1558 1174 labore
1579 1160 1594 1184 ,
1620 1119 1850 1191 dignitas
1875 1120 1992 1172 sine
2020 1130 2130 1173 tre-

544 1210 694 1249 more
718 1237 733 1258 ,
765 1209 894 1262 opes
934 1189 1382 1248 siue'amissione
1404 1232 1421 1258 ,
1450 1191 1648 1262 sanitas
1685 1190 1802 1244 siue
1838 1189 2090 1258 languore
2112 1229 2130 1256 ,

543 1261 870 1319 abundantia
897 1265 1010 1318 sine
1049 1263 1348 1318 defectione
1368 1303 1383 1324 ,
1415 1261 1518 1314 vita
1559 1261 1676 1315 sine
1702 1271 1873 1314 morte
1896 1301 1912 1326 ,
1940 1275 2131 1328 perpe-

545 1335 709 1410 guitas
749 1337 866 1391 sine
891 1333 1287 1410 corruptione,
1335 1330 2129 1410 beatitudosinecalamitate.

685 1407 860 1481 omnia
891 1405 1028 1481 bona
1141 1404 1401 1481 cbaritate
1428 1399 1660 1481 perfecta
1684 1400 1822 1481 nubi
1851 1401 2056 1481 species
2079 1407 2135 1455 et

545 1475 684 1530 visio
711 1475 845 1531 facie
885 1475 950 1529 ad
979 1476 1202 1540 faciem,
1235 1473 1321 1528 ubi
1355 1473 1505 1539 plena
1536 1470 1757 1527 scientia
1803 1471 1854 1525 iu
1886 1470 2133 1525 omnibus

548 1555 603 1600 et
627 1561 722 1614 per
745 1546 944 1611 omnia,
972 1546 1062 1600 ubi
1087 1559 1296 1599 summa
1329 1543 1420 1614 Dei
1449 1542 1658 1614 bonitas
1681 1541 1937 1614 cernitur,
1968 1551 2019 1595 et
2048 1541 2132 1594 lu-

547 1611 672 1670 men
708 1616 1012 1671 illuminans
1051 1632 1082 1669 a
1127 1615 1326 1668 sanctis
1367 1612 1726 1683 gloriﬁcatur,
1768 1611 1856 1683 ubi
1899 1626 2135 1683 przesens

549 1685 801 1756 maiestas
833 1687 923 1741 Dei
963 1686 1318 1756 conspicitur,
1348 1681 1402 1756 et
1442 1688 1542 1737 hoc
1570 1684 1704 1756 _vit_:e
1735 1682 1856 1737 cibo
1892 1682 2009 1736 sine
2034 1681 2132 1736 de-

550 1752 693 1835 fectu
739 1771 900 1835 mens
929 1752 1245 1835 intuentium
1293 1755 1536 1835 satiatur.
1570 1752 1766 1835 Yident
1805 1767 2018 1835 semper
2034 1793 2062 1835 ,.
2082 1760 2137 1806 et

549 1826 734 1882 videre
754 1827 1090 1890 desiderant;
1123 1828 1240 1881 sine
1278 1825 1546 1879 anxietate
1574 1823 1910 1883 desiderant,
1939 1832 1994 1878 et
2019 1823 2136 1878 sine

547 1895 762 1975 fastidio
789 1898 1074 1975 satiantur.
1103 1895 1201 1952 Ubi
1240 1910 1400 1949 verus
1442 1895 1524 1975 soi
1559 1893 1814 1975 iustitia},
1845 1893 1977 1975 mira
2021 1909 2135 1947 suae

547 1967 952 2037 pulchritudinis
983 1969 1184 2022 visione
1210 1981 1400 2020 omnes
1427 1965 1598 2019 reiicit
1620 1975 1721 2037 ,Aet
1759 1966 1830 2018 ita
1859 1966 2136 2037 universos

546 2035 785 2093 celestis
823 2039 1008 2104 patria:
1046 2040 1190 2092 cives
1235 2037 1530 2101 illuminat,
1561 2044 1616 2089 ut
1643 2035 1857 2090 luceant
1885 2035 2024 2104 ipsi,
2057 2035 2135 2104 (α)

549 2105 731 2163 lumen
758 2104 1004 2164 videlicet
1031 2108 1384 2162 illuminatum
1414 2121 1506 2174 per
1538 2106 1703 2160 Deum
1728 2104 1906 2159 lumen
1935 2106 2134 2159 illumi-

549 2193 684 2233 nans
729 2179 864 2233 ultra
909 2195 1122 2233 omnem
1175 2179 1303 2232 solis
1351 2176 1518 2230 nostri
1566 2175 1946 2242 splendorem,
1977 2186 2136 2244 atque

549 2259 860 2304 cunctarum
889 2251 1162 2304 stellarum
1189 2248 1506 2310 claritatem,
1541 2246 1824 2300 immortali
1855 2246 2136 2300 adba-ren-

551 2327 634 2389 tes
662 2320 875 2383 deitati;
907 2336 970 2375 ac
1014 2335 1109 2389 per
1137 2319 1238 2374 hoc
1269 2317 1676 2389 immortaleset
1707 2317 2138 2389 incorruptibiles

547 2387 667 2443 facti
688 2431 703 2455 ,
732 2381 882 2458 juxta
912 2381 1317 2459 promissionem
1353 2381 1559 2442 Domini
1590 2388 1880 2443 Salvatoris
1909 2381 1939 2440 ί
1960 2385 2133 2454 Pater,

547 2476 672 2528 quos
701 2460 887 2538 dedisti
922 2460 1208 2538 ntihi,_volo
1250 2469 1305 2513 ut
1342 2460 1409 2512 ibi
1438 2475 1529 2529 ego
1557 2476 1688 2523 sum,
1719 2468 1762 2511 et
1788 2459 1862 2511 illi
1902 2459 2001 2511 sint
2027 2473 2134 2538 tite,-

545 2545 697 2595 cum;
723 2542 777 2583 ut
805 2531 1003 2584 videant
1033 2529 1312 2584 claritatem
1342 2547 1525 2596 meam,
1551 2540 1604 2582 ut
1635 2545 1805 2581 omnes
1829 2545 1986 2580 unum
2012 2529 2133 2591 sint,

547 2601 674 2654 sicut
702 2611 753 2672 tu
787 2599 940 2656 Pater
960 2603 1011 2655 in
1039 2618 1136 2666 me,
1162 2610 1204 2654 et
1234 2617 1324 2672 ego
1349 2602 1402 2654 in
1441 2611 1506 2664 te,
1538 2611 1582 2654 et
1609 2600 1708 2670 ipsi
1733 2599 1786 2653 in
1816 2599 1956 2653 nobis
1981 2615 2137 2652 unum

547 2673 646 2724 sint
673 2671 848 2738 (Ioan.
881 2689 1007 2737 xvu,
1036 2673 1127 2734 24,
1158 2671 1276 2740 9.1).

621 2742 848 2798 CAPUT
890 2741 1022 2797 Vlll.
1062 2741 1192 2795 Viue
1217 2738 1478 2810 prmeittis
1505 2741 1736 2794 miserita.
1764 2738 2007 2808 Regnum
2028 2753 2140 2794 cm-

551 2812 746 2877 lorum,
781 2828 1002 2883 regnum
1037 2813 1397 2867 felicissiu'nun
1424 2853 1438 2873 ,
1473 2827 1693 2880 regnum
1722 2825 1912 2883 carens
1943 2821 2134 2875 morte,

545 2893 600 2937 et
649 2879 865 2938 vacans'
891 2885 1031 2949 line,
1081 2885 1163 2937 cui
1215 2883 1358 2937 nulla
1413 2893 1652 2951 tempora
1703 2879 2138 2951 succcduutiper

547 2969 756 3018 aevum;
786 2955 872 3007 ubi
903 2955 1189 3008 continuus
1235 2955 1351 3006 sine
1399 2950 1556 3007 nocte
1595 2953 1712 3006 dies
1743 2951 1910 3005 nescit
1941 2950 2138 3004 habere

548 3025 779 3094 tempus,
799 3025 887 3079 ubi
906 3025 1074 3079 victor
1090 3025 1245 3078 miles
1265 3023 1421 3078 donis
1443 3022 1797 3078 incll'abilibus
1810 3021 2131 3087 cumulatur,

669 3137 838 3188 Nobile
863 3144 1102 3201 perpetua
1123 3144 1269 3199 caput
1291 3134 1623 3200 amplectente
1646 3144 1857 3185 corona:

549 3243 748 3298 utinam
773 3244 994 3298 remissa
1021 3252 1360 3311 peccatorum
1388 3240 1550 3306 mole,
1579 3256 1666 3294 me
1689 3240 1929 3311 ultimum
1953 3254 2140 3293 servo-

547 3328 667 3367 rum
693 3313 890 3386 Christi
918 3310 1131 3381 iuberet
1176 3313 1352 3386 divina
1399 3313 1568 3386 pietas
1598 3310 1941 3386 hanc‘carnis
1971 3312 2136 3364 sarci-

551 3399 673 3438 nam
723 3384 1024 3451 deponere,
1067 3393 1123 3436 ut
1172 3385 1224 3437 in
1273 3397 1383 3436 sua:
1428 3384 1656 3436 civitatis
1702 3382 1889 3451 gaudia
1936 3390 2134 3436 tnterna

557 3463 939 3520 repauSaturus
971 3454 1276 3520 transirem,
1307 3453 1380 3523 (b)
1413 3452 1761 3523 sanctissimis
1786 3466 2134 3523 supernorum

549 3525 746 3578 civium
777 3525 958 3578 choris
985 3525 1318 3587 interessem,
1351 3521 1472 3578 cum
1512 3522 1833 3578 beatissimis
1862 3521 2136 3589 spiritibus

547 3595 732 3663 gloria:
761 3593 1066 3650 Conditoris
1096 3595 1418 3658 assisteretn,
1456 3604 1771 3662 praesentem
1807 3592 1898 3646 Dei
1927 3593 2130 3648 vultum

549 3681 860 3728 cernerem,
895 3665 1041 3720 nullo
1070 3665 1256 3720 mortis
1286 3673 1430 3720 metu
1472 3674 1736 3734 taugercr,
1770 3663 1836 3734 de
1863 3670 2134 3731 perpetua:

548 3736 960 3815 imntortalitatis
1006 3735 1403 3815 incorruptione
1445 3733 1666 3815 securus
1704 3733 1991 3815 gauderem
2014 3743 2135 3815 ,_ret

548 3807 735 3861 scienti
775 3808 951 3862 omnia
993 3807 1308 3876 conjunctus
1337 3821 1549 3860 omnem
1582 3805 1892 3876 ignorantiae
1916 3805 2133 3858 caecita-

549 3886 654 3931 tem
682 3878 1004 3941 amitterem,
1035 3875 1243 3932 terrena
1274 3886 1460 3931 cuncta
1487 3877 1636 3946 parvi
1665 3875 1975 3946 penderem,
2005 3891 2135 3927 con-

546 3947 737 4001 vallem
755 3948 1110 4025 lacrymarum
1135 3949 1289 4025 istam
1307 3945 1502 4025 intueri
1520 3945 1602 4001 vel
1625 3945 1889 4025 reminisci
1910 3946 2134 4025 ulterius

547 4033 652 4072 non
670 4015 947 4089 dignarer;
972 4018 1058 4072 ubi
1077 4018 1156 4143 (se)
1179 4018 1282 4070 vita
1307 4018 1591 4081 laboriosa,
1615 4018 1718 4070 vita
1742 4015 2129 4083 corruptibilis,

549 4088 650 4142 vita
676 4090 820 4143 omni
847 4091 1073 4143 amaritu
1115 4089 1200 4143 ine
1230 4089 1384 4143 plena
1409 4130 1425 4143 .
1453 4089 1557 4142 vita
1583 4085 1797 4141 domina
1827 4086 2089 4140 malorum
2113 4126 2128 4143 .

549 4088 650 4142 vita
676 4085 820 4144 omni
847 4085 1200 4143 amaritudine
1230 4089 1384 4157 plena
1409 4130 1425 4155 ,
1453 4089 1557 4142 vita
1583 4085 1797 4141 domina
1827 4086 2089 4157 malorum
2113 4126 2128 4151 ,

545 4159 736 4229 ancilla
767 4159 1098 4214 inleruorum
1120 4201 1136 4225 ,
1168 4156 1329 4229 quam
1378 4159 1631 4212 humores
1663 4157 1924 4229 tumidani
1944 4157 1995 4229 _’,
2026 4156 2128 4211 do-

548 4228 689 4283 lores
716 4239 1021 4308 exieuuaut,
1053 4226 1272 4308 ardores
1301 4230 1606 4308 exsiccant,
1638 4243 1760 4308 aera
1787 4226 2088 4308 morbidum
2111 4267 2128 4294 ,

545 4312 686 4353 escze
717 4300 919 4364 inﬂant,
947 4301 1147 4369 jejunia
1180 4307 1475 4363 macerant,
1502 4299 1608 4368 joci
1638 4298 2130 4369 solvunt,‘tristitia:

546 4378 866 4448 consumunt
893 4411 906 4429 ,
938 4367 1235 4424 sollicitudo
1277 4367 1547 4448 coarctat,
1580 4369 1835 4448 securitas
1879 4367 2128 4448 hebetat,

545 4437 745 4493 divitia:
769 4440 973 4509 iactant
997 4482 1012 4506 ,
1043 4450 1329 4508 paupertas
1355 4439 1567 4507 dejicit,
1596 4437 1848 4506 juventus
1878 4437 2086 4492 extollit
2110 4479 2125 4504 ,

546 4517 796 4564 senectus
836 4511 1110 4576 incurvat,
1138 4510 1418 4564 inﬁrmitas
1460 4509 1690 4578 frangit,
1725 4525 1924 4564 mceror
1947 4509 2128 4576 depri-

550 4580 678 4644 tnit;
719 4580 795 4648 (ιι)
832 4581 919 4635 ubi
949 4581 1195 4634 diabolus
1239 4580 1549 4643 insidiatur,
1583 4580 1809 4634 mundus
1848 4579 2125 4644 adulatur,

543 4665 671 4704 caro
697 4651 992 4706 delectatur
1012 4693 1028 4716 ,
1071 4652 1246 4704 anima
1286 4659 1603 4714 cxctccatur,
1633 4659 1774 4704 totus
1805 4649 1966 4703 homo
1995 4664 2127 4702 con-

543 4721 786 4775 turbatur
817 4739 830 4776 :
861 4731 916 4776 et
945 4721 1026 4776 his
1061 4730 1138 4776 tot
1179 4731 1233 4776 et
1275 4723 1434 4775 tantis
1473 4721 1628 4775 malis
1671 4737 1816 4775 mors
1842 4720 2126 4774 furibunda

541 4794 799 4853 succedit,
828 4793 1084 4862 vanisque
1112 4792 1317 4862 gaudiis
1346 4797 1414 4845 ita
1448 4791 1603 4845 linem
1635 4793 1891 4862 imponit;
1920 4799 1978 4844 ut
2003 4805 2126 4844 cum

540 4876 662 4917 esse
693 4863 970 4931 desierint,
1003 4879 1100 4918 nec
1127 4863 1290 4916 luisse
1321 4872 1592 4931 putentur.

612 4932 838 4989 CAPUT
871 4934 955 4988 ΙΧ.
1004 4932 1070 4987 1η
1102 4933 1167 4986 iis
1204 4934 1427 4987 solamen
1455 4950 1518 4986 ea:
1547 4932 1654 4985 Deo
1691 4949 1792 4986 non
1823 4931 1976 4985 deest.
2019 4931 2127 4986 Sed

538 5018 669 5072 quas
701 5005 883 5060 laudes
924 5020 1123 5075 quasve
1169 5005 1456 5075 gratiarum
1505 5003 1742 5058 actiones
1788 5002 1880 5075 tibi
1925 5001 2128 5075 referre

538 5075 848 5140 valeamus,
901 5072 1041 5132 Deus
1089 5072 1308 5141 noster,
1357 5074 1448 5144 qui
1495 5088 1595 5128 nos
1643 5074 1802 5144 etiam
1845 5073 1983 5144 inter
2032 5072 2126 5126 has

539 5153 710 5198 tantas
735 5148 1070 5202 mortalitatis
1100 5156 1298 5199 nostrae
1328 5159 1594 5198 :erumuas
1622 5159 1727 5196 non
1759 5143 1961 5197 desinis
1989 5156 2114 5195 con-

537 5214 694 5268 solari
719 5231 849 5269 mira
873 5218 1171 5271 visitatione
1195 5216 1379 5285 gratiae
1410 5215 1557 5268 tute?
1586 5213 1728 5269 Ecce
1760 5228 1845 5268 me
1871 5213 2123 5266 miserum

537 5285 717 5356 multis
760 5289 1080 5342 mceroribus
1127 5288 1339 5356 plenum
1367 5326 1382 5349 ,
1422 5285 1548 5356 dum
1568 5287 1718 5356 vitta
1743 5299 1874 5337 mcze
1917 5285 2080 5356 timeo
2107 5323 2122 5348 ,

539 5352 666 5408 dum
689 5366 902 5422 peccata
930 5374 1047 5412 mea
1076 5352 1382 5420 considero,
1408 5355 1534 5410 dum
1557 5355 1817 5426 judicium
1848 5364 1992 5408 tuum
2016 5353 2123 5407 for-

587 5465 638 5574 id
641 5472 740 5574 051,3.
777 5469 1040 5536 Mettensis,
1066 5466 1237 5532 regina
1265 5466 1582 5531 superborum
1599 5501 1616 5528 ,
1655 5478 1802 5531 quam
1821 5473 2025 5517 honores
2047 5470 2123 5515 tu-

535 5533 739 5574 nudant.

623 5589 673 5638 lt)
710 5586 810 5634 \‘id.
836 5586 922 5635 lib.
949 5589 1112 5638 Medit.
1139 5603 1242 5638 can.
1268 5590 1353 5638 '57.

625 5645 674 5714 b)
710 5647 886 5714 allusit)
908 5650 967 5698 ad
992 5651 1122 5714 hom.
1147 5645 1209 5700 31
1232 5652 1450 5714 Gregorii
1472 5652 1523 5700 in
1543 5649 1872 5714 Evangelium.

622 5710 670 5772 ε)
709 5710 807 5759 \id.
832 5710 913 5758 lib.
940 5712 1098 5772 Medit.
1124 5724 1230 5772 cap.
1257 5712 1336 5760 2L

601 5771 679 5831 (ll)
716 5777 824 5821 ltzec
853 5772 1019 5828 verba,
1046 5771 1125 5821 ubi
1148 5771 1368 5822 diabolus
1388 5771 1668 5832 insidiatur,
1694 5776 1903 5822 mundus
1943 5771 2119 5821 adula-

539 5836 636 5890 tur,
654 5843 768 5879 caro
791 5832 1075 5889 delectatur,
1101 5833 1262 5882 animo
1285 5841 1578 5890 excwcatnr,
1605 5841 1724 5883 totos
1763 5836 1900 5884 homo
1926 5841 2116 5884 contur-

541 5888 699 5953 batur,
723 5893 772 5941 in
795 5894 917 5942 dicta
940 5888 1069 5942 Orat.
1096 5901 1175 5942 Ms.
1206 5895 1452 5944 Mettensis
1470 5888 1859 5945 non-occurrunt.

2008 439 2375 500 APPENDIX.

2243 557 2388 643 inldu
2407 598 2424 625 ,
2449 558 2575 613 dum
2605 560 2788 643 mortis
2814 560 3003 619 horam
3023 568 3198 636 cogito
3217 567 3390 643 ,__dur_n
3420 571 3682 643 supplicia
3713 584 3828 631 tar-

2239 627 2578 714 θυῖδοτε-θον
2601 630 2725 684 dum
2752 647 2911 714 sum
2936 627 3178 714 mea
3207 627 3592 714 ξιξειτίςιεοπςεε
3615 627 3828 714 ass-

2236 708 2422 774 sentur
2468 701 2859 774 ignoroadutn
2905 720 3010 774 quo
3053 701 3159 762 ﬁne
3209 709 3295 763 illa
3342 712 3624 768 clausurus
3671 701 3824 770 s'im'

2236 772 2446 842 penitus
2468 772 2666 835 nescio,
2693 771 3062 842 dumque—haec
3088 787 3140 832 et
3166 779 3265 832 alia
3292 783 3458 836 multa
3486 799 3699 838 mecum
3728 789 3828 842 sub

2235 840 2396 921 corde
2409 850 2652 921 retracto
2675 883 2692 921 ε
2719 840 3086 921 consolaturus
3123 849 3251 921 ades
3277 852 3436 907 solita
3468 854 3687 921 pietate,
3723 840 3827 911 Do:

2237 913 2381 965 mine
2409 912 2573 994 Deus,
2595 922 2648 966 et
2679 913 2816 994 inter
2841 913 2936 968 has
2958 919 3225 994 querelas,
3257 912 3556 994 nimiosque
3587 912 3826 994 ploratus

2236 995 2299 1034 ac
2346 980 2605 1054 profunda
2653 983 2832 1038 cordis
2877 980 3141 1054 suspiria,
3192 980 3421 1046 assumis
3467 980 3727 1049 h‘ttestatn
3771 980 3823 1052 et

2235 1052 2446 1105 anxiam
2474 1062 2702 1108 mentem
2733 1068 2894 1121 super
2917 1052 3024 1129 alta
3068 1052 3190 1129 juga
3222 1064 3480 1116 montium
3511 1065 3579 1118 ad
3611 1068 3826 1122 areolas

2237 1137 2406 1202 usque
2425 1134 2741 1202 aromatum,
2770 1133 2824 1178 et
2848 1127 3083 1202 collocas
3099 1127 3183 1202 uie
3209 1131 3260 1183 in
3291 1131 3408 1186 loco
3431 1149 3644 1202 pascua».
3666 1151 3826 1192 secus

2237 1193 2438 1247 rivulos
2463 1193 2694 1247 dulcium
2726 1209 3001 1273 aquarum,
3033 1199 3122 1253 ubi
3150 1193 3498 1271 prmparas'in
3528 1217 3824 1273 conspectu

2237 1277 2362 1345 meo
2374 1279 2639 1345 mensam
2681 1265 2987 1345 multiplicis
3024 1265 3346 1345 apparatus,
3379 1290 3498 1343 quae
3543 1265 3824 1345 fatigatum

2237 1334 2478 1413 spiritum
2511 1343 2774 1413 repauset,
2797 1345 2984 1413 _et__cor
3009 1334 3158 1413 triste
3187 1334 3448 1408 ltetiliCet;
3480 1334 3679 1413 quibus
3711 1354 3828 1401 tan-

2237 1403 2358 1458 dem
2381 1404 2703 1459 rel'ocillatus
2727 1406 2929 1460 deliciis
2947 1450 2962 1471 ,
2991 1410 3275 1465 multarum
3303 1403 3639 1469 miseriarum
3669 1431 3824 1470 mea-

2238 1489 2355 1527 rum
2385 1475 2879 1550 oblitus,_elevatus
2906 1493 3068 1548 super
3107 1481 3443 1539 altitudinem
3475 1496 3653 1550 terrae,
3689 1487 3744 1540 in
3772 1497 3827 1544 te

2238 1559 2366 1616 vera
2396 1560 2525 1616 pace
2553 1546 2771 1616 qtiiesco
2798 1546 2894 1616 (α).

2309 1614 2533 1671 CAPUT
2572 1615 2640 1670 X.
2683 1614 2969 1674 Postulatio
3009 1621 3196 1675 amoris
3231 1620 3345 1678 Dei.
3387 1623 3526 1680 Amo
3556 1636 3611 1682 te
3634 1669 3648 1688 ,
3678 1626 3821 1682 Deus

2238 1701 2407 1762 mens,
2428 1701 2549 1762 a_mo
2569 1695 2655 1762 ,‘et
2700 1689 2866 1762 magis
2890 1699 3049 1758 atque
3096 1692 3268 1762 magis
3291 1709 3475 1750 amare
3499 1704 3553 1750 te
3579 1699 3725 1752 volo.
3746 1699 3822 1754 Da

2240 1757 2404 1831 mihi,
2444 1757 2664 1811 Domine
2689 1757 2814 1812 vau
2841 1757 3080 1826 speciose
3111 1757 3221 1828 prie
3265 1765 3389 1819 liliis
3416 1765 3695 1822 hominum
3720 1811 3734 1831 ,
3765 1780 3822 1824 ut

2238 1825 2537 1908 desiderem
2571 1839 2622 1882 te
2643 1870 2657 1891 ,
2691 1836 2748 1882 ut
2770 1825 2942 1882 autem
2976 1840 3060 1908 te_,
3089 1825 3342 1901 quantum
3378 1838 3534 1908 volo,
3561 1825 3822 1908 quantum

2239 1896 2428 1951 debeo.
2458 1898 2752 1976 immensus
2776 1914 2836 1954 es
2856 1941 2868 1961 ,
2900 1909 2953 1954 et
2987 1896 3120 1976 sine
3136 1918 3382 1958 mensura
3412 1896 3774 1963 debes'amari
3801 1951 3819 1976 ,

2241 1969 2537 2047 praesertim
2567 1984 2596 2021 a
2620 1969 2932 2047 nobisquus
2956 1973 3037 2047 _sic_
3061 1976 3247 2047 amasii
3274 2015 3288 2036 ,
3318 1977 3396 2029 sic
3437 1979 3653 2033 salvasti
3679 2021 3695 2040 ,
3727 1969 3824 2047 pro

2241 2039 2431 2120 quibus
2461 2048 2604 2120 tanta
2631 2054 2693 2094 ac
2722 2041 2843 2094 talia
2873 2040 3060 2120 fecisti.
3095 2043 3175 2120 (ὁ)Δ
3196 2044 3240 2120 (_)
3267 2060 3458 2120 amor:
3487 2049 3577 2120 qui
3607 2039 3826 2120 semper

2239 2109 2396 2183 ardes
2423 2118 2768 2183 etnonquam
2795 2109 3177 2182 exstingueris!
3200 2114 3371 2170 dulcis
3401 2109 3637 2183 Christe,
3683 2109 3825 2175 bone

2240 2181 2370 2258 Jesu
2395 2222 2410 2245 ,
2442 2180 2675 2235 charitas
2718 2181 2856 2258 Deus
2898 2180 3048 2258 meus
3068 2225 3081 2246 ,
3109 2186 3341 2258 accende
3375 2203 3461 2242 me
3502 2180 3669 2243 totum
3703 2191 3824 2258 igne

2241 2257 2352 2324 tuo,
2384 2266 2566 2306 amore
2594 2251 3141 2324 tuo,idulcediuetua
3168 2297 3183 2320 ,
3212 2257 3499 2313 dilectione
3525 2267 3613 2312 tua
3631 2301 3648 2324 ,
3680 2251 3825 2315 ἀξεί-

2239 2319 2390 2375 dcrio
2420 2331 2508 2393 tuo
2530 2363 2546 2387 ,
2589 2322 2846 2376 cbaritate
2875 2331 2959 2377 tua
2987 2365 3000 2388 ,
3027 2323 3352 2393 iucunditate
3391 2339 3446 2383 et
3469 2319 3824 2388 exsultatione

2240 2396 2328 2444 tua
2354 2433 2366 2453 ,
2397 2391 2595 2469 pietate
2633 2401 2688 2446 et
2714 2395 2972 2448 suavitate
3017 2391 3102 2448 tua
3124 2397 3443 2469 ,_voluptate
3472 2409 3526 2454 et
3565 2406 3819 2469 Concupi-

2241 2463 2440 2536 scentia
2470 2472 2577 2524 tua,
2601 2477 2719 2532 qua:
2747 2475 2928 2536 sancta
2959 2473 3046 2536 est
3072 2475 3126 2518 et
3153 2463 3314 2535 bona,
3343 2486 3461 2536 quae
3490 2482 3638 2525 casta
3666 2463 3753 2525 est"
3770 2483 3826 2528 et

2240 2531 2436 2609 munda
2469 2549 2481 2584 :
2513 2542 2571 2586 ut
2607 2531 2747 2609 totus
2783 2533 3063 2609 dulcedine
3091 2531 3394 2609 amoris'ttii
3436 2541 3646 2609 plenus,
3685 2552 3824 2597 totus

2239 2600 2579 2680 ﬂarntnature
2604 2604 2876 2680 cbaritatis
2897 2616 3204 2680 vaporatus,
3223 2600 3450 2680 diligam'
3465 2620 3517 2665 te
3541 2600 3822 2667 Dominum

2240 2687 2416 2726 meum
2444 2673 2806 2727 dulcissimum
2847 2685 2902 2730 et
2942 2673 3357 2746 pulcherrimum
3400 2695 3466 2735 ex
3512 2691 3624 2735 toto
3653 2684 3816 2738 corde

2240 2758 2380 2804 meo,
2408 2759 2472 2798 ex
2504 2754 2610 2798 tota
2638 2745 2812 2799 anima
2839 2745 2977 2810 mea,
3009 2761 3074 2800 ex
3102 2748 3224 2801 totis
3252 2751 3453 2804 viribus
3483 2755 3637 2814 meis.
3668 2763 3726 2808 et
3752 2769 3817 2808 ex

2240 2814 2385 2867 omni
2417 2816 2710 2869 intentione
2751 2831 2866 2870 mea
2892 2858 2908 2883 ,
2939 2832 3061 2871 cum
3103 2819 3265 2872 multa
3292 2821 3470 2874 cordis
3498 2826 3822 2879 contritione

2239 2893 2293 2938 et
2319 2884 2670 2956 lacrymarum
2716 2887 2894 2953 fonte,
2937 2902 3059 2941 cum
3105 2889 3268 2943 multa
3307 2895 3606 2946 reverentia
3637 2905 3692 2948 et
3719 2904 3824 2948 tre-

2239 2969 2390 3030 more
2414 2955 2440 3017 ,’
2459 2955 2657 3009 habens
2697 2963 2749 3010 te
2785 2956 2841 3030 in
2871 2958 3032 3030 corde
3053 2999 3070 3022 ,
3109 2967 3166 3013 et
3195 2959 3244 3012 in
3276 2977 3371 3015 ore
3390 3003 3406 3025 ,
3434 2973 3489 3016 et
3519 2978 3630 3030 pra:
3655 2966 3825 3020 oculis

2239 3025 2374 3096 meis
2400 3041 2630 3095 semper,
2657 3035 2710 3080 et
2746 3027 2979 3096 ubique;
3009 3028 3079 3082 ita
3111 3037 3168 3082 ut
3209 3031 3384 3086 nullus
3413 3033 3464 3086 in
3497 3025 3587 3090 me
3611 3035 3821 3091 adulte-

2239 3095 2372 3164 rinis
2396 3097 2667 3150 amoribus
2695 3095 2869 3164 pateat
2897 3097 3066 3152 locus.

2309 3163 2534 3222 CAPUT
2572 3166 2664 3220 ΧΙ.
2700 3163 3038 3243 Itangratia:
3059 3170 3396 3243 lacrymarum
3412 3182 3458 3226 et
3480 3174 3592 3243 apis
3615 3175 3820 3229 divine.

2240 3233 2386 3309 ζητεῖ·
2432 3253 2578 3292 sacra
2632 3233 2907 3307 prmertiin
2958 3233 3212 3309 mysteria.
3275 3233 3642 3300 Pulcherrime
3693 3245 3821 3300 Jesu

2239 3306 2482 3370 CbriSte,
2510 3306 2639 3376 rogo
2684 3320 2734 3361 te
2761 3325 2853 3376 per
2895 3306 3035 3363 illam
3064 3313 3474 3367 sacratissitnam
3506 3314 3821 3370 effusionem

2240 3377 2454 3451 pretiosi
2482 3378 2754 3451 sanguinis
2783 3381 2854 3433 tui
2897 3395 3002 3450 quo
3047 3381 3305 3451 redempti
3333 3399 3518 3438 stnnus
3543 3425 3559 3448 ,
3591 3385 3659 3439 da
3691 3387 3821 3440 mihi

2238 3448 2413 3524 cordis
2440 3449 2824 3524 contritiouem
2842 3459 2893 3503 et
2918 3448 3272 3524 lacrymarum
3298 3453 3517 3516 fontem,
3551 3456 3822 3524 pnecipuo

2238 3517 2363 3590 dum
2390 3528 2670 3590 preceset
2693 3520 2960 3590 orationes
3005 3517 3095 3574 tibi
3124 3521 3294 3578 ollero
3316 3564 3331 3589 ,
3365 3524 3491 3578 dum
3522 3517 3626 3579 tua:
3652 3517 3824 3581 laudis

2240 3589 2330 3663 tibi
2366 3589 2711 3663 psalmodiam
2734 3589 2986 3663 decanto,
3012 3592 3479 3663 dttmntysterittm
3509 3606 3710 3650 nostrae
3734 3613 3824 3652 re-

2237 3657 2577 3734 demptionis,
2607 3659 2946 3734 manifestum
2974 3657 3361 3718 misericordia:
3390 3676 3494 3719 tua:
3521 3666 3780 3720 indicium
3803 3709 3820 3734 ,

2239 3729 2418 3783 recolo
2482 3729 2565 3783 vel
2609 3731 2822 3799 profero
2845 3773 2861 3798 ,
2889 3731 3014 3786 dum
3057 3733 3224 3787 sacris
3249 3735 3506 3791 altaribus
3535 3736 3658 3791 licet
3689 3729 3826 3791 indi;

2237 3815 2370 3868 gnus
2395 3800 2588 3853 assisto
2613 3802 2833 3869 cupiens
2857 3801 3049 3858 offerre
3089 3803 3218 3858 illud
3247 3805 3490 3860 mirabile
3513 3816 3569 3860 et
3592 3809 3819 3863 caalcste

2235 3871 2558 3948 sacriﬁcium
2594 3871 2739 3948 omni
2781 3875 3080 3948 reverentia
3128 3883 3181 3929 et
3225 3874 3507 3948 devotione
3553 3877 3818 3948 dignum,

2236 3941 2375 4015 quod
2403 3949 2457 4015 t_u
2482 3982 2504 4015 ,_
2529 3941 2748 4015 Domine
2781 3941 2918 4015 Deus
2947 3959 3126 4015 meus,
3160 3947 3411 4001 sacerdos
3448 3941 3823 4015 immaculate,

2237 4011 2528 4083 instituisti,
2553 4020 2606 4083 et
2630 4010 2806 4083 oll‘erri
2840 4014 3138 4083 praecepisti
3168 4015 3220 4069 in
3246 4010 3818 4074 commemorationem

2237 4090 2339 4158 tua:
2357 4079 2640 4158 _cbaritatis
2671 4079 2993 4150 (Lunam,
3015 4079 3145 4154 '19),
3173 4087 3360 4158 mortis
3388 4088 3592 4142 scilicet
3614 4099 3672 4143 et
3700 4103 3826 4158 pas-

2235 4152 2420 4230 sionis,
2447 4166 2541 4220 pro
2565 4152 2736 4230 salute
2761 4163 2962 4230 nostra,
2993 4170 3088 4223 pro
3105 4152 3412 4224 quotidiana
3436 4167 3636 4212 nostra:
3660 4152 3826 4230 fragio

2235 4221 2399 4275 litatis
2421 4223 2775 4290 reparatione.
2804 4221 3162 4280 Conlirmetur
3187 4242 3338 4281 mens
3362 4243 3482 4282 mea
3510 4230 3653 4283 inter
3676 4221 3822 4283 tadta

2233 4291 2485 4362 mysteria
2509 4291 2792 4347 dulcedine
2819 4296 3116 4363 pratsentia:
3144 4305 3269 4361 tu:e,
3299 4299 3495 4353 sentiat
3523 4308 3576 4354 te
3599 4300 3701 4353 sibi
3727 4301 3827 4354 ad-

2233 4376 2354 4416 esse
2377 4402 2393 4428 ,
2430 4371 2500 4444 et.
2527 4363 2732 4416 lattetur
2761 4380 2939 4448 coram
2985 4367 3252 4448 tc._lgnis_
3271 4369 3359 4448 qui
3391 4383 3606 4448 semper
3636 4369 3788 4448 luces
3808 4412 3824 4434 ,

2232 4447 2384 4508 amor
2413 4433 2501 4500 qui
2532 4446 2746 4500 semper
2770 4433 2966 4508 ardes,
2995 4433 3164 4508 dulcis
3191 4433 3440 4505 Christe,
3469 4433 3610 4494 bone
3648 4439 3780 4495 Jesu
3805 4433 3823 4508 ,

2234 4502 2412 4578 lumen
2433 4511 2690 4578 aeternum
2717 4513 2772 4558 et
2800 4504 3126 4578 iudeiiciens,
3161 4509 3314 4576 panis
3340 4502 3463 4563 vitie
3487 4511 3577 4578 qui
3609 4525 3708 4564 nos
3730 4502 3822 4564 re;

2233 4573 2346 4626 licis
2369 4615 2383 4636 ,
2417 4581 2485 4648 et-
2513 4574 2564 4626 in
2597 4582 2650 4628 te
2689 4589 2795 4628 non
2842 4575 3055 4638 delicis;
3101 4573 3338 4648 quotidie
3381 4573 3684 4635 comederis
3706 4621 3724 4648 ,
3771 4591 3831 4638 et

2232 4658 2446 4719 semper
2473 4643 2677 4713 integer
2702 4660 2886 4719 manes
2907 4665 2918 4699 :
2939 4643 3224 4716 resplende
3253 4649 3406 4715 mibi,
3433 4651 3670 4705 accende
3697 4643 3787 4706 me
3806 4695 3825 4719 ,

2233 4715 2472 4787 illumina
2501 4723 2556 4769 et
2595 4717 2868 4787 sanctilica
2901 4732 2993 4770 vas
3036 4715 3222 4782 tuum,
3256 4720 3323 4774 de
3354 4721 3552 4773 malitia
3581 4715 3822 4787 evacua,

2231 4784 2392 4852 imple
2437 4785 2503 4838 de
2533 4786 2698 4854 gratia
2739 4796 2793 4857 et
2821 4787 3036 4857 plenum
3079 4802 3378 4854 conserva;
3412 4799 3470 4843 ut
3494 4791 3563 4846 ad
3591 4784 3827 4847 salutem

2231 4857 2421 4931 animae
2448 4869 2579 4931 meze
2607 4855 3134 4931 manducemucibum
3177 4861 3356 4931 carnis
3389 4867 3492 4914 tuae
3515 4902 3531 4927 ,
3557 4871 3831 4931 quatenus

2233 4924 2603 5000 manducando
2626 4935 2696 4988 te,
2721 4929 2893 4980 vivam
2913 4927 2979 4983 de
2998 4938 3071 5000 te,
3092 4929 3281 5000 Vadam
3305 4947 3400 4997 per
3419 4940 3492 4996 te,
3513 4924 3829 5000 perveniam

2231 4996 2297 5048 ad
2328 5005 2378 5048 te
2403 5037 2417 5057 ,
2448 5004 2502 5048 et
2531 5010 2810 5064 repausem
2841 5001 2893 5051 in
2921 5009 2991 5052 te.
3021 4998 3066 5053 Ο
3105 4996 3330 5054 dulcedo
3360 4996 3560 5055 amoris
3589 5012 3645 5056 et
3675 5018 3834 5057 amor

2231 5065 2530 5120 dulcedinis
2551 5107 2564 5128 ,
2611 5067 2856 5121 comedat
2884 5077 2935 5123 te
2962 5079 3146 5124 venter
3186 5085 3340 5124 meus
3365 5112 3380 5136 ,
3423 5082 3478 5125 et
3505 5082 3724 5128 nectare
3755 5075 3830 5127 tui

2231 5136 2429 5189 amoris
2456 5137 2762 5205 repleantur
2787 5138 2991 5193 viscera
3020 5156 3135 5194 mea
3163 5181 3176 5204 ,
3208 5149 3262 5194 ut
3289 5149 3495 5196 eructet
3524 5157 3680 5196 mens
3708 5159 3831 5197 mea

2233 5207 2450 5282 verbum
2476 5207 2691 5282 bonum.
2723 5207 2968 5263 Charitas
3000 5209 3142 5282 Deus
3173 5227 3343 5282 meus,
3376 5212 3468 5282 qui
3490 5213 3594 5268 mel
3623 5213 3787 5268 dulce
3821 5256 3837 5279 ,

2232 5275 2316 5330 lac
2338 5281 2568 5348 niveum,
2593 5277 2742 5332 cibus
2763 5293 2823 5333 es
2846 5280 3151 5348 graudium,
3178 5281 3258 5335 lac
3288 5275 3374 5337 me
3392 5275 3646 5338 crescere
3672 5284 3724 5338 in
3753 5275 3829 5348 te,

2237 5356 2294 5400 ut
2320 5361 2450 5399 sano
2479 5347 2653 5414 palato
2680 5347 3186 5415 possis’manducari
3213 5366 3242 5404 a
3268 5367 3372 5406 me.

2300 5418 2381 5470 CA
2392 5417 2451 5470 P.
2470 5417 2578 5470 ΧΙΙ.
2595 5417 2879 5487 Cogitatum
2899 5437 3095 5474 omnem
3117 5423 3168 5475 in
3187 5421 3444 5476 Christum
3460 5424 3741 5479 intendere.
3764 5425 3834 5478 In

2265 5503 2324 5540 uo
2343 5488 2456 5558 jam
2481 5504 2772 5564 regnantus.
2791 5489 3067 5564 Tu_es_vit_a
3085 5507 3208 5564 mea
3222 5508 3323 5561 qua
3347 5495 3487 5557 vivo,
3507 5509 3632 5564 Spes
3648 5495 3734 5548 cui
3751 5497 3836 5548 in-

2227 5503 2324 5610 zuo
2343 5504 2456 5558 1am
2481 5504 2772 5556 regnantus.
2792 5503 2823 5543 '1
2840 5506 2870 5542 u
2890 5506 2950 5545 es
2963 5503 3067 5546 vna
3086 5507 3201 5546 mea
3222 5508 3323 5561 qua
3347 5503 3487 5557 vivo,
3507 5509 3632 5564 Spes
3648 5503 3734 5548 cui
3751 5503 3832 5548 in-

2267 5574 2428 5623 mreo,
2455 5558 2619 5628 gloria
2645 5574 2801 5630 quam
2829 5560 3048 5630 adipisci
3065 5562 3332 5619 desidero.
3365 5564 3436 5636 (c)
3461 5565 3541 5619 Tu
3570 5565 3700 5619 mihi
3728 5579 3832 5620 cor

2292 5713 2307 5786 ξ
2344 5713 2699 5786 ,Μεμθῃεῇξ
2717 5714 2847 5786 addit
2863 5751 2879 5776 ,
3080 5723 3193 5781 Leg.
3209 5717 3362 5786 paulo
3381 5726 3519 5786 ante,
3544 5717 3702 5770 illam.

2245 5811 2250 5815 .
2289 5773 2360 5836 (ις)
2395 5775 2478 5836 llic
2509 5774 2686 5836 desinit
2705 5777 2831 5836 apud
2856 5773 3129 5829 Anselmum
3144 5773 3308 5829 ilé'dit.
3337 5781 3413 5830 ll.

2292 5834 2366 5903 (b)
2402 5835 2503 5903 vid.
2529 5835 2613 5886 lib.
2641 5834 2799 5903 Medii.
2827 5853 2932 5903 cap.
2958 5841 3039 5891 55.

2293 5897 2360 5958 (ε)
2397 5897 2540 5959 tbid.,
2558 5910 2661 5962 cap.
2698 5900 2769 5947 a7.

3699 5947 3748 5995 ί
