4070 6532
232 416 339 470 965

232 526 624 584 consolatione.
649 523 914 590 Obsecro,
945 522 1167 578 Domine
1190 564 1205 589 ,
1238 523 1479 577 esuriens
1504 523 1641 591 ccepi
1672 537 1820 590 quaa-

236 614 363 655 rere
392 609 443 653 te
468 640 482 662 ,
515 611 582 650 ne
611 596 827 650 deserar
849 595 1062 664 jejunus
1089 610 1118 647 a
1146 602 1198 649 te
1227 612 1241 647 :
1279 594 1551 649 famelicus
1584 593 1781 648 accessi
1811 633 1825 653 ,

236 685 310 725 ne
340 667 585 724 recedam
615 668 893 737 impastus.
918 666 1125 737 Pauper
1152 665 1271 719 veni
1295 666 1360 717 ad
1382 665 1597 718 divitem
1625 706 1639 727 ,
1664 665 1827 716 miser

236 741 309 795 ad
337 735 737 795 misericordem
764 753 779 801 ;
808 752 875 791 ne
900 735 1144 791 recedam
1167 748 1365 788 vacuus
1391 746 1441 789 et
1468 743 1826 801 contemptus.

237 811 472 867 Domine
496 852 511 875 ,
541 810 846 863 incurvatus
874 823 991 861 sum
1016 848 1031 871 ,
1063 814 1117 860 et
1152 822 1255 859 non
1298 820 1513 874 possum
1544 806 1643 858 nisi
1670 804 1827 875 deor-

233 897 363 935 sum
382 873 623 950 aSpicere
652 894 665 931 ε
688 878 835 947 erige
854 892 938 932 me
960 919 974 939 ,
996 888 1051 930 ut
1074 876 1270 945 possim
1294 890 1503 929 sursum
1526 873 1825 950 intendere.

234 946 558 1020 Iniquitates
586 964 720 1020 mete
743 946 1101 1016 supergressa:
1141 955 1265 999 sunt
1304 955 1463 1014 caput
1488 960 1665 1020 meum
1688 946 1831 1020 ,‘ohl-

236 1013 531 1076 volverunt
554 1062 569 1085 ,
599 1029 654 1073 et
683 1013 822 1072 sicut
843 1013 982 1072 onus
1009 1031 1169 1087 grave
1194 1013 1481 1085 gravaruut
1511 1032 1596 1069 me
1630 1016 1647 1084 (
1682 1013 1825 1067 Psal.

238 1107 436 1146 xxxvn
458 1132 472 1155 ,
502 1091 534 1143 5
560 1094 599 1157 ).
632 1088 826 1143 Evolve
853 1105 942 1143 me
969 1129 984 1152 ,
1012 1097 1063 1141 et
1092 1102 1321 1157 exonera
1368 1102 1452 1140 me
1474 1126 1490 1149 ,
1537 1101 1606 1157 ne
1648 1095 1832 1157 urgeat

240 1175 441 1232 puteus
470 1155 656 1215 earum
682 1173 743 1212 os
769 1174 920 1232 suum
949 1172 1109 1232 super
1138 1171 1240 1211 me.
1279 1155 1463 1232 Liceat
1494 1156 1623 1210 mihi
1649 1156 1832 1232 suspi-

239 1226 376 1288 cere
407 1233 580 1285 lucem
615 1240 756 1283 tuam
780 1268 795 1291 ,
828 1230 909 1284 vel
950 1227 1017 1283 tle
1061 1228 1215 1294 longe
1240 1268 1254 1289 ,
1301 1228 1384 1280 vel
1435 1227 1501 1281 de
1549 1226 1828 1294 profundo.

244 1305 395 1357 Doce
421 1317 505 1355 me
532 1315 773 1368 quwrere
801 1307 854 1354 le
878 1340 893 1366 ,
921 1308 975 1353 et
1019 1297 1241 1368 ostende
1286 1306 1337 1350 te
1369 1298 1627 1368 qumrenti
1653 1312 1668 1359 ;
1708 1296 1830 1368 quia

241 1388 353 1427 nec
380 1367 621 1441 quaerere
640 1380 700 1441 te
731 1384 943 1441 possum
974 1368 1071 1423 nisi
1103 1381 1155 1441 tu
1185 1367 1380 1441 doceas
1404 1408 1426 1441 ._
1457 1382 1562 1441 nec
1594 1367 1830 1441 invenire

243 1442 355 1498 nisi
386 1435 437 1497 te
466 1435 745 1495 ostendas.—
764 1440 1008 1506 Quzeram
1033 1448 1083 1492 te
1112 1437 1464 1492 desiderando
1489 1478 1504 1503 ,
1532 1435 1833 1491 desiderem

330 1512 586 1576 terendo;
632 1511 900 1580 inveniam
950 1509 1215 1570 amando,
1270 1523 1444 1561 amem
1496 1506 1830 1580 inveniendo.

300 1592 451 1637 ateor
474 1623 489 1647 ,
522 1581 742 1635 Domine
770 1622 784 1642 ,
815 1577 1088 1648 et—gratias
1112 1594 1212 1646 ago
1237 1619 1250 1642 ,
1280 1580 1401 1647 quia
1427 1578 1619 1632 creasti
1659 1577 1711 1629 in
1749 1591 1836 1631 me

246 1653 396 1709 hanc
420 1652 702 1721 imaginem
726 1660 866 1704 tuam
894 1668 906 1704 :
933 1660 989 1704 ut
1012 1651 1083 1721 tui
1107 1664 1312 1721 memor
1331 1649 1433 1703 sim
1460 1658 1552 1721 ,Ate
1571 1648 1800 1721 cogitem
1818 1688 1831 1711 ,

249 1734 311 1780 te
337 1717 669 1778 amcmecd
701 1721 777 1774 sic
805 1728 888 1774 est
913 1720 1107 1774 abolita
1136 1718 1407 1774 attritione
1443 1718 1687 1771 vitiorum
1713 1759 1726 1781 ,
1759 1717 1838 1771 sic

244 1806 342 1851 est
367 1792 639 1848 obfnscata
669 1791 812 1845 fumo
836 1801 1173 1860 peccatorum
1199 1832 1213 1853 ,
1247 1800 1304 1842 ut
1329 1804 1433 1843 non
1464 1789 1629 1860 possit
1659 1787 1837 1842 facere

245 1864 325 1919 ad
354 1864 494 1934 quod
526 1862 676 1934 facta_
692 1871 773 1915 est
791 1903 811 1934 _,
838 1859 945 1915 nisi
974 1871 1030 1914 tu
1060 1874 1283 1913 renoves
1307 1870 1368 1934 et
1400 1859 1658 1934 reformes
1693 1872 1834 1911 eam.

248 1930 389 1990 Non
423 1944 606 1996 teuto,
650 1932 908 1996 Domine,
960 1940 1236 2001 penetrare
1282 1930 1611 1984 altitudinem
1653 1938 1836 2001 tuam,

300 2005 380 2059 uia
406 2004 706 2058 nullatenus
725 1998 976 2070 comparo
1005 2000 1079 2054 illi
1102 2001 1427 2055 intellectum
1456 2014 1652 2053 meum.
1687 1998 1835 2051 Desi-

295 2090 390 2130 ero
418 2075 750 2143 aliquatenus
794 2072 1089 2141 intelligere
1136 2071 1412 2143 veritatem
1463 2079 1607 2123 tuam
1634 2110 1649 2133 ,
1678 2082 1835 2143 quam

246 2144 432 2201 credit
456 2138 522 2198 et-
538 2144 708 2208 diligit
734 2157 829 2198 cor
852 2138 1029 2196 meum
1062 2159 1074 2193 :
1108 2156 1280 2208 neque
1306 2140 1445 2194 enim
1473 2155 1653 2207 quzero
1683 2138 1839 2191 intel-

254 2160 432 2201 credit
456 2160 509 2198 et
538 2160 627 2198 (1111
672 2160 708 2196 tt
734 2160 829 2198 cor
852 2160 1029 2196 meum
1062 2160 1074 2193 :
1108 2160 1280 2208 neque
1306 2160 1445 2194 etltm
1473 2160 1653 2207 (lustro
1684 2160 1836 2191 "ltel-

254 2217 425 2285 ligere
452 2224 509 2269 ut
532 2160 745 2268 credam
772 2255 785 2277 ,
813 2212 911 2285 sed
940 2211 1103 2285 credo
1131 2223 1185 2264 ut
1216 2212 1521 2285 intelligam.
1547 2208 1630 2285 _(a)
1657 2209 1795 2277 Ergo
1822 2248 1836 2271 ,

254 2280 486 2341 Domine
508 2327 524 2352 ,
554 2285 642 2353 qui
669 2284 765 2337 das
794 2282 913 2337 ﬁdei
946 2283 1268 2336 intellectum
1296 2322 1312 2353 ,
1343 2281 1406 2333 da
1434 2280 1559 2333 mihi
1592 2290 1646 2332 ut
1675 2294 1841 2353 quau-

255 2368 373 2412 tum
402 2348 788 2423 scis’eipedire
811 2393 827 2416 ,
860 2353 1145 2423 intelligam
1167 2392 1182 2415 ,
1228 2350 1349 2420 quia
1393 2365 1453 2406 es
1504 2353 1642 2404 sicut
1666 2348 1842 2403 credi-

254 2441 381 2481 mus
403 2467 420 2491 ,
452 2436 502 2479 et
535 2422 635 2478 hoc
660 2439 717 2475 es
742 2424 884 2491 quod
915 2422 1204 2477 credimus.
1274 2489 1289 2491 _
1346 2470 1351 2491 ρ

331 2489 559 2552 CAPUT
580 2489 793 2549 XXXII.
828 2494 959 2547 Deus
987 2492 1106 2559 quid
1139 2492 1223 2544 sit.
1255 2489 1356 2555 Qui
1385 2499 1517 2544 totus
1558 2490 1735 2544 bonus.
1781 2489 1844 2543 Et

254 2566 475 2635 quidem
494 2566 758 2619 credimus
772 2573 822 2617 te
836 2578 957 2635 esse
968 2561 1160 2635 aliquid
1175 2576 1282 2630 quo
1300 2562 1428 2635 nihil
1449 2560 1618 2635 majus
1631 2571 1717 2614 aut
1733 2575 1844 2613 tne-

256 2631 386 2692 lius‘
405 2636 626 2705 cogitari
642 2638 827 2703 possit.
840 2634 917 2703 (b)
932 2632 1067 2701 Quid
1084 2646 1302 2705 ergoes,
1325 2631 1543 2705 Domine
1564 2631 1720 2705 Deus,
1742 2647 1846 2698 quo

256 2709 435 2774 majus
455 2701 747 2774 tnelittsq|te
765 2701 893 2759 nihil
911 2706 1050 2757 valet
1065 2702 1285 2774 cogitari
1305 2708 1327 2754 ἴ
1348 2701 1451 2757 Sed
1478 2702 1575 2755 hoc
1594 2702 1717 2771 quid
1740 2708 1841 2764 est,

258 2772 363 2832 nisi
394 2776 533 2847 quod
561 2772 827 2847 summum
849 2774 1094 2847 omnium
1120 2814 1135 2847 ,
1166 2772 1350 2847 soloin
1374 2774 1623 2847 existens
1649 2787 1742 2840 per
1785 2786 1845 2826 se

256 2842 435 2918 ipsum
460 2888 474 2918 ,
505 2846 682 2901 omnia
711 2845 812 2898 alia
841 2844 1058 2918 fecitieit
1086 2842 1289 2918 nihilo?
1316 2842 1586 2918 Quidquid
1613 2843 1712 2918 hoc
1740 2858 1843 2918 nou

256 2912 344 2971 est
362 2958 377 2981 ,
410 2917 585 2971 minus
607 2930 671 2971 eo
692 2922 776 2969 est
800 2930 907 2985 quo
932 2914 1061 2969 nihil
1089 2912 1259 2982 majus
1283 2915 1449 2985 possit
1471 2912 1689 2981 engitari
1712 2954 1727 2977 ,
1752 2912 1844 2965 sed

259 2989 369 3043 hoc
407 2987 477 3043 de
527 2998 580 3043 te
621 2983 842 3055 cogitari
884 3000 989 3041 non
1034 2993 1228 3052 potest.
1279 2983 1430 3051 Quod
1475 3001 1600 3055 ergo
1650 2986 1845 3055 buntuu

255 3060 417 3114 deest
441 3072 652 3111 summo
678 3052 817 3110 bono
845 3097 861 3121 ,
893 3074 989 3123 per
1008 3055 1147 3124 quod
1176 3064 1258 3109 est
1301 3069 1461 3108 omne
1491 3053 1731 3107 bonum?
1765 3052 1845 3107 Tu

258 3144 324 3184 es
357 3131 532 3196 itaque
556 3128 728 3192 justus
753 3167 767 3189 ,
794 3141 958 3179 verax
978 3166 992 3190 ,
1024 3125 1208 3196 beatus
1237 3166 1251 3189 ,
1284 3133 1352 3196 et
1375 3124 1626 3193 quidquid
1658 3124 1847 3177 melius

265 3208 355 3255 est
387 3195 506 3253 estse
534 3212 690 3267 quam
724 3210 827 3267 non
854 3210 992 3251 esse.
1022 3195 1216 3250 Verum
1252 3195 1409 3267 malis
1439 3198 1704 3267 quomodo
1729 3209 1850 3267 par-

258 3269 345 3324 cis
370 3311 384 3334 ,
416 3270 460 3322 si
486 3265 717 3323 es'totus
737 3265 914 3335 justus
942 3275 997 3320 et
1020 3282 1225 3320 summe
1244 3265 1461 3333 justus?
1492 3268 1575 3318 An
1600 3267 1721 3334 quia
1750 3266 1846 3318 bo-

256 3342 408 3395 nitas
455 3349 540 3392 tua
584 3347 667 3392 est
710 3336 1301 3404 incomprehensibilis,
1355 3344 1409 3390 et
1461 3336 1589 3389 latet
1637 3336 1686 3388 in
1733 3337 1849 3389 luce

258 3408 658 3469 inaccessibili,
688 3423 845 3476 quam
878 3406 1182 3476 inhabitas?
1226 3405 1359 3461 Vere
1402 3408 1450 3458 in
1499 3406 1757 3459 altissimo
1796 3413 1851 3476 et

256 3481 627 3536 secretissimo
654 3475 903 3532 bonitatis
932 3487 1033 3529 tua:
1064 3475 1326 3547 profundo
1362 3476 1489 3529 latet
1521 3476 1673 3538 fons,
1705 3475 1848 3529 unde

258 3559 449 3605 manat
477 3551 667 3603 fluvius
695 3548 1220 3602 misericorditetnze.
1267 3547 1396 3599 Nam
1442 3562 1563 3601 cum
1614 3555 1755 3599 totus
1796 3554 1849 3600 et

257 3636 473 3676 summe
497 3620 672 3688 justus
699 3620 772 3672 sis
796 3658 811 3683 ,
843 3630 1016 3671 tamen
1055 3616 1253 3688 idcirco
1295 3617 1449 3670 malis
1491 3617 1650 3688 etiam
1699 3616 1852 3671 beni-

257 3706 401 3761 gnus
429 3705 487 3744 es
501 3686 529 3756 “,
558 3690 680 3759 quia
708 3697 848 3761 totus
875 3699 929 3743 et
954 3704 1163 3761 summe
1193 3686 1851 3761 bonus_es.AMinus_na_m-

257 3755 369 3831 que
398 3755 776 3831 bonus'esses.
804 3759 862 3831 si
877 3758 1006 3831 nulli
1034 3758 1174 3831 malo
1194 3756 1647 3831 essesbeniguus.
1668 3755 1853 3811 Melior

254 3826 349 3887 est
376 3832 517 3886 enim
546 3831 635 3900 qui
664 3840 719 3884 et
742 3828 896 3883 bonis
919 3828 1082 3883 simul
1102 3826 1527 3900 etitttalistOnus
1546 3836 1629 3881 est
1647 3866 1664 3900 _,
1693 3842 1851 3900 quam

257 3901 356 3971 qui
386 3900 543 3955 bouis
564 3898 774 3971 tantum
807 3901 974 3971 bonus
1001 3909 1101 3971 est.
1135 3898 1202 3952 Et
1235 3898 1425 3952 melior
1460 3905 1543 3952 est
1572 3898 1660 3967 qui
1695 3898 1853 3971 malis

258 3968 319 4027 et
352 3970 621 4041 parcendo
649 3979 700 4024 et
740 3969 1007 4093 puniendo
1043 3969 1213 4022 bonus
1255 3978 1374 4035 est,
1416 3982 1575 4038 quam
1620 3968 1709 4036 qui
1756 3983 1853 4037 pu-

258 4042 461 4093 niendo
492 4050 715 4093 tantum.
769 4040 869 4093 deo
899 4055 1026 4093 emo
1066 4038 1372 4093 misericors
1405 4053 1464 4093 es
1487 4078 1502 4093 .
1545 4040 1667 4093 auia
1712 4046 1853 4093 totus

258 4038 461 4096 nieiido
492 4050 715 4095 tantum.
744 4038 869 4093 Ideo
899 4055 1026 4109 ergo
1066 4038 1372 4109 misericors
1405 4053 1464 4109 es
1487 4078 1502 4103 ,
1545 4040 1667 4108 quia
1712 4046 1854 4094 totus

256 4122 316 4167 et
344 4126 553 4167 summo
582 4111 751 4165 bonus
795 4124 874 4164 es.
920 4108 977 4163 0⁷
1010 4110 1266 4163 immensa
1315 4108 1562 4173 bonitas,
1607 4124 1728 4177 qua:
1776 4110 1853 4164 sic

256 4198 477 4239 omnem
508 4181 831 4236 intellectum
862 4181 1076 4235 excedis
1100 4221 1117 4244 ,
1146 4180 1323 4234 veniat
1347 4195 1509 4248 super
1532 4194 1619 4234 me
1643 4180 1856 4234 miseri-

257 4253 445 4308 cordia
475 4252 587 4317 illa,
619 4267 738 4322 quae
757 4251 833 4322 de
864 4261 1007 4322 tanta
1035 4250 1307 4322 opulentia
1344 4250 1586 4322 procedit
1612 4266 1633 4322 ξε
1671 4250 1854 4304 influat

256 4327 314 4377 in
349 4340 435 4379 me
454 4365 469 4388 ,
496 4339 614 4392 quae
640 4320 859 4392 proﬂuit
885 4321 953 4375 de
975 4332 1044 4376 te.
1068 4320 1234 4376 Parce
1259 4320 1355 4390 per
1373 4320 1713 4375 clementiam
1739 4360 1755 4386 ,
1786 4335 1855 4376 ne

258 4391 546 4449 ulciscaris
585 4408 678 4461 per
700 4391 977 4461 justitiam.

332 4459 850 4519 CAPUT‘XXXIII.
897 4460 1168 4534 Quantum
1217 4470 1266 4515 et
1309 4462 1459 4531 quale
1511 4460 1719 4534 bonum.
1779 4459 1851 4534 (ς)

257 4534 451 4589 Excita
497 4543 550 4587 te
616 4547 756 4586 nunc
778 4574 794 4599 ,
822 4532 997 4585 anima
1054 4547 1171 4586 mea
1192 4570 1208 4595 ,
1240 4542 1294 4587 et
1322 4533 1467 4601 erige
1507 4539 1671 4585 totum
1701 4532 1855 4587 intel-

258 4607 459 4659 lectum
492 4615 637 4657 tuum
674 4620 688 4657 :
718 4612 772 4657 et
823 4602 995 4671 cogita
1046 4612 1305 4671 quantum
1360 4611 1549 4670 potes,
1607 4603 1766 4670 quale
1798 4613 1852 4657 et

256 4685 521 4744 quantum
549 4674 620 4728 sit
650 4672 777 4727 illud
810 4673 1005 4726 bonum
1031 4673 1171 4742 quod
1198 4674 1338 4728 Deus
1363 4682 1463 4727 est.
1494 4672 1549 4726 Si
1576 4671 1717 4726 enim
1744 4674 1853 4744 sin-

299 4745 385 4799 ula
413 4745 550 4799 bona
578 4744 909 4797 delectabilia
938 4753 1095 4808 sunt,
1118 4744 1291 4814 cogita
1330 4744 1530 4797 intente
1557 4758 1715 4814 quam
1760 4742 1855 4798 de-

285 4816 517 4870 ectabile
540 4814 610 4868 sit
640 4814 765 4868 illud
792 4815 1020 4879 bonum,
1043 4812 1445 4883 quod'continet
1469 4812 1854 4882 jucunditatem

257 4887 541 4950 omnium;
569 4896 620 4938 et
640 4899 746 4939 non
768 4885 978 4952 qualem
1025 4884 1084 4938 in’
1119 4883 1278 4937 rebus
1306 4886 1500 4939 creatis
1545 4898 1729 4938 sumus
1757 4900 1853 4938 ex-

259 4958 427 5027 perti,
445 4956 540 5011 sed
568 4954 1099 5027 tantodiﬁ'erentem,
1122 4964 1320 5027 quanto
1348 4955 1526 5009 dill‘ert
1553 4969 1581 5007 a
1607 4962 1852 5027 creatura

256 5024 509 5082 Creator.
567 5024 623 5079 Si
654 5026 795 5079 enim
824 5035 903 5095 est
955 5025 1090 5079 bona
1133 5026 1239 5078 vita
1284 5034 1458 5079 creata
1481 5065 1497 5090 ,
1523 5040 1681 5095 quam
1716 5024 1854 5079 bona

254 5106 347 5152 est
378 5097 491 5151 Vita
518 5096 790 5151 creatrix?
837 5094 891 5150 Si
926 5095 1157 5164 jucunda
1184 5102 1270 5149 est
1297 5097 1441 5149 salus
1482 5094 1613 5149 facta
1644 5136 1659 5159 ,
1692 5110 1851 5163 quam

257 5168 494 5235 jucunda
525 5176 610 5221 est
632 5165 788 5221 Salus
807 5182 924 5235 qua-
949 5166 1071 5219 fecit
1090 5182 1303 5218 (unitem
1331 5165 1600 5220 salutem?
1628 5164 1683 5221 Si
1710 5180 1857 5219 ama-

298 5238 486 5318 ilisest
513 5237 774 5318 sapientia
794 5237 1097 5318 Cognitione
1122 5237 1679 5318 rerumnctutditarum‘,
1696 5252 1853 5318 quam

255 5308 511 5363 amabilis
535 5305 613 5361 est
641 5305 911 5374 Sapientia
938 5323 1055 5375 qua:
1087 5308 1261 5359 omnia
1294 5305 1419 5361 fecit
1446 5317 1496 5361 et
1526 5307 1763 5359 condidit
1788 5322 1855 5362 ex

255 5379 476 5433 nihilo?
506 5379 743 5447 Denique
764 5380 807 5432 si
836 5378 1014 5432 multa:
1035 5386 1091 5431 et
1107 5392 1309 5446 magna:
1330 5388 1454 5430 sunt
1472 5378 1854 5432 delectationes

255 5451 313 5505 in
348 5451 512 5505 rebus
537 5449 972 5513 delectabilibus,
1004 5448 1173 5517 qualis
1200 5458 1253 5504 et
1278 5460 1469 5519 quanta
1499 5458 1583 5502 est
1619 5448 1855 5502 delecta-

324 5616 341 5646 ι
379 5613 513 5675 Apud
538 5611 828 5675 Anselmum,
855 5612 934 5675 hic
956 5618 1008 5661 et
1029 5609 1152 5675 infra
1173 5612 1429 5673 omittitur,
1454 5610 1638 5661 melius.

345 5673 500 5737 (1)1:
528 5674 739 5726 Anselmi
762 5673 910 5724 t'rosl.
935 5686 1040 5737 cap.
1061 5673 1108 5724 2.

345 5738 398 5800 li)
431 5744 495 5785 Ex
513 5748 653 5800 capp.
672 5737 705 5786 5
723 5745 774 5786 et
795 5736 845 5787 9.

319 5796 395 5862 (ς)
428 5809 543 5857 Qua:
563 5796 856 5861 sequuntur,
879 5803 994 5846 sunt
1017 5797 1221 5859 ipsamet
1236 5799 1389 5862 capita
1419 5796 1500 5859 21,
1518 5797 1582 5848 2⁵5
1599 5806 1648 5849 et
1673 5796 1751 5857 26,
1779 5797 1853 5848 dl-

253 5864 315 5912 cti
342 5859 579 5923 Proslogii
604 5867 703 5910 tota
726 5860 802 5911 hic
822 5861 1085 5923 descripta.

1714 410 2062 469 111Νυ11ε.

3408 422 3516 483 966

1940 523 2011 606 iio
2059 522 2116 606 in
2141 537 2206 578 eo
2228 523 2458 606 quinipsa
2484 524 2815 606 delectabiiia
2846 526 2965 581 fecit
2989 526 3011 606 ξ
3041 530 3115 606 ,0.
3129 531 3215 601 qui
3245 532 3347 589 hoc
3372 537 3513 594 bono

1934 591 2161 680 fruetur,
2174 591 2300 680 quid
2323 594 2395 680 illi
2421 596 2684 680 erm-quid
2702 598 2778 680 illi
2803 602 3060 680 nouerit?
3080 591 3516 680 eamqueque

1934 664 2160 749 Ioluerit
2174 664 2246 749 i||_i
2265 665 2383 731 erit,
2400 664 2714 749 etquidquid
2731 670 2956 749 noluerit
2977 687 3079 725 non
3094 664 3292 749 eritJbi
3313 664 3511 749 quippe

1936 734 2193 815 iliiﬂerunt
2220 736 2593 815 bona_anini_;e_
2612 734 2667 792 et
2703 741 2941 815 corporis
2964 746 3179 815 ,_qualia
3209 763 3307 801 ncc
3333 734 3517 806 oculus

1934 804 2064 875 vidit
2087 848 2100 868 ,
2134 821 2232 859 nec
2260 806 2403 858 auris
2423 807 2621 860 audivit
2640 848 2653 865 .
2679 824 2775 862 nec
2800 804 2849 863 in
2877 826 2970 865 cor
2994 804 3221 869 hominis
3249 804 3507 875 ascendit.

2005 874 2231 959 CAPDT
2279 875 2519 959 xxxiv:
2569 876 2713 930 Bona
2744 880 2811 959 in
2881 896 2938 933 eo
2985 886 3178 959 omnia.
3226 887 3332 941 Cur
3380 874 3510 959 ergo

1936 959 2030 1014 per
2052 948 2211 999 multa
2234 948 2442 1017 vagaris
2460 988 2475 1011 ,
2504 946 2791 1019 homuncio
2811 991 2824 1005 .
2859 956 3145 1019 qumrendo
3170 956 3302 1011 bona
3322 946 3513 1014 ηιιῑηῖτρ

1937 1025 2039 1069 tua:
2068 1018 2389 1098 .et_corporis_
2415 1018 2536 1098 tui:
2560 1021 2689 1098 lima
2716 1018 2889 1098 inluni
2919 1022 3111 1098 bonum
3134 1068 3147 1083 ,
3182 1027 3231 1079 in
3262 1046 3367 1098 quo
3393 1042 3520 1086 sum

1936 1086 2111 1167 omnia
2142 1087 2314 1150 bona;
2342 1086 2665 1167 et_sufliciet.
2712 1090 2962 1167 Desidera
3010 1094 3234 1167 simplex
3276 1086 3466 1154 bonum
3499 1144 3515 1167 ,

1936 1156 2076 1224 quod
2096 1168 2178 1210 est
2201 1172 2363 1235 oinne
2388 1157 2591 1235 bonum
2618 1176 2632 1222 ;
2655 1170 2708 1212 et
2734 1162 2862 1235 satis
2886 1172 2984 1214 est.
3025 1156 3158 1229 Quid
3182 1168 3322 1221 enim
3341 1156 3512 1235 amas,

1936 1240 2060 1279 Caro
2092 1243 2206 1305 mea
2278 1227 2400 1305 quid
2423 1228 2738 1305 desideras,
2778 1232 2958 1305 anima
2983 1227 3145 1305 mea?
3189 1236 3259 1289 lbi
3289 1250 3403 1305 est,
3443 1227 3515 1294 ibi

1936 1307 2019 1349 est
2046 1298 2294 1366 quidquid
2326 1299 2514 1351 amatis
2536 1340 2550 1357 .
2574 1299 2827 1368 quidquid
2850 1300 3182 1357 desideratis.
3211 1305 3263 1361 Si
3286 1298 3519 1365 delectat

1937 1368 2306 1445 pulchritudo;
2336 1368 2731 1445 fulgcituntjusti
2762 1372 2886 1423 sicut
2908 1372 2992 1445 sol
3020 1374 3232 1435 (Matth.
3262 1393 3376 1444 xm,
3399 1380 3515 1445 45).

1938 1438 2009 1513 Si
2033 1438 2315 1513 velocitas,
2344 1448 2434 1490 aut
2460 1437 2712 1513 fortitudo
2731 1482 2746 1503 ,
2778 1451 2869 1494 aut
2905 1441 3119 1496 libertas
3144 1437 3403 1513 corporis,
3433 1437 3520 1504 cui

1938 1508 2066 1561 nihil
2096 1508 2370 1589 obsistere
2392 1509 2590 1589 possit;
2631 1519 2778 1563 erunt
2811 1508 3251 1589 siniiles‘Angelis'
3282 1508 3517 1589 Dei'(ld.

1940 1592 2052 1631 ιλιι
2076 1619 2092 1644 ,
2241 1595 2254 1631 :
2278 1574 2917 1659 .quianseminaturneorpus
2941 1574 3188 1650 animale,
3208 1602 3386 1659 surget
3406 1574 3520 1643 cor-

1941 1664 2033 1718 pus
2053 1648 2317 1730 spii'iiuaie
2344 1647 2525 1730 (1601τ
2562 1650 2783 1730 XV,-‘:‘)
2812 1647 3118 1730 ,'_pote_s_tate
3138 1647 3329 1730 utique
3348 1699 3365 1725 ,
3408 1676 3515 1717 non

1942 1730 2149 1799 natura.
2174 1718 2229 1773 Si
2269 1720 2419 1789 longa
2442 1718 2900 1799 autsalubris-vita
2927 1764 2942 1785 ,
2977 1725 3044 1777 ibi
3073 1726 3175 1779 erit
3202 1718 3329 1781 sana
3350 1718 3519 1785 teter-

1940 1790 2156 1865 nitas‘et
2189 1790 2632 1865 xterna‘sanitas
2666 1790 2827 1865 :_quia
2868 1793 3002 1860 justi
3028 1796 3080 1847 in
3108 1810 3401 1865 perpetuum
3446 1802 3523 1855 vi-

1942 1868 2051 1912 vent
2077 1858 2291 1938 (Sapiuv
2311 1859 2449 1938 ,Ai6)
2476 1876 2495 1938 ξ
2520 1870 2573 1913 et
2617 1858 2755 1915 salus
2771 1858 3028 1938 iustarum
3054 1882 3084 1916 a
3108 1858 3324 1921 Domino
3348 1870 3519 1938 (Psal.

1942 1944 2113 2008 :3:va
2134 1930 2292 2008 ,_59)_.
2324 1931 2616 2008 satietas
2642 1947 2657 1995 ;
2699 1930 3031 2008 satiabuntur
3067 1950 3185 2008 cum
3217 1930 3523 2008 apparuerit

1942 1999 2108 2069 gloria
2134 1998 2337 2071 Domini
2364 1998 2530 2064 (Paul.
2557 2015 2647 2054 1m
2668 2042 2684 2065 ,
2730 2001 2840 2071 15).
2873 1999 2926 2058 Si
2966 2005 3197 2061 ebrietas
3220 1998 3265 2067 ς’
3286 1998 3522 2065 inebria-

1944 2072 2141 2151 bttntur
2177 2070 2514 2151 τιὴ-1111911319-
2533 2071 2723 2151 domus
2760 2070 2851 2126 Dei
2880 2072 3062 2151 _(Psq_l.
3095 2080 3403 2151 xng,i9).
3458 2082 3522 2137 Si

1944 2141 2203 2222 melodia;
2232 2141 2302 2221 ibi
2331 2140 2517 2222 Angeii
2538 2142 2825 2222 concinunt
2845 2140 2962 2222 sine
3002 2147 3103 2222 line
3133 2140 3266 2203 Deo.
3283 2149 3338 2205 Si
3364 2140 3525 2222 'qute-

1947 2210 2074 2285 libet
2114 2227 2217 2285 non
2258 2211 2575 2285 innuuntla,
2602 2211 2693 2264 sed
2725 2214 2917 2285 munda
2965 2218 3244 2285 voluptas;
3277 2210 3514 2279 torrente

1945 2282 2231 2358 volumatis
2254 2296 2388 2358 sua:
2404 2281 2604 2358 poiabit
2629 2296 2721 2358 eos
2750 2281 3001 2358 Dominus
3045 2281 3311 2358 (Ibidem).
3342 2290 3397 2345 Si
3433 2306 3523 2345 sa-

1951 2352 2140 2424 pientia
2167 2367 2181 2414 ;
2214 2351 2325 2424 ipsa
2357 2350 2447 2404 Dei
2469 2350 2738 2424 Sapientia
2766 2357 3009 2409 ostendet
3034 2350 3092 2411 se
3126 2350 3290 2424 ipsam
3314 2360 3438 2415 illis.
3466 2361 3525 2418 Si

1947 2422 2176 2474 amicitia
2201 2439 2213 2481 ;
2239 2421 2458 2495 diligent
2485 2423 2645 2475 Dentn
2676 2422 2793 2495 plus
2817 2438 2974 2493 quam
3006 2440 3065 2480 se
3093 2421 3237 2495 ipsos
3256 2470 3270 2492 ,
3303 2444 3357 2483 et
3386 2431 3523 2486 invi-

1947 2505 2062 2567 cem
2089 2494 2585 2567 tanqt‘tamseipsos
2606 2533 2621 2557 ,
2639 2501 2693 2545 et
2724 2492 2866 2548 Deus
2897 2496 3021 2548 illos
3045 2492 3157 2563 plus
3186 2513 3344 2567 qttam
3370 2501 3445 2554 illi
3464 2517 3524 2558 se

1949 2561 2091 2638 ipsos
2117 2579 2129 2615 :
2153 2564 2275 2631 quia
2313 2562 2392 2638 _i_|_li
2420 2561 2600 2625 illum,
2634 2570 2688 2638 et
2726 2578 2819 2627 se,
2850 2561 3162 2638 etiinri‘cem
3194 2561 3291 2637 per
3326 2570 3474 2625 illum
3504 2589 3521 2638 ;

1949 2639 2003 2702 et
2030 2632 2115 2685 ille
2142 2648 2201 2686 se
2229 2640 2284 2686 et
2313 2633 2431 2685 illos
2460 2648 2555 2702 per
2583 2648 2642 2686 se
2677 2634 2867 2701 ipsum.
2896 2635 2950 2688 Si
2988 2632 3270 2691 concordia
3296 2655 3310 2701 ;
3352 2632 3525 2696 omni;

1946 2701 2050 2777 bus
2080 2703 2181 2777 illis
2225 2718 2325 2756 una
2352 2701 2922 2777 eritvolttntas,_quia
2963 2708 3102 2760 nulla
3150 2710 3201 2760 in
3251 2710 3354 2763 illis
3386 2712 3523 2777 erit,

1952 2771 2049 2825 nisi
2082 2772 2174 2826 Dei
2196 2788 2402 2847 summa
2428 2773 2444 2803 ⁸
2474 2773 2736 2847 voluntas.
2766 2771 2829 2828 Si
2843 2784 3104 2844 potestas;
3136 2771 3529 2847 omnipatentes

1951 2852 2107 2896 erunt
2134 2858 2244 2897 smn
2270 2843 2585 2909 voluntatis,
2620 2854 2675 2898 ut
2705 2843 2997 2899 Deus'suze.
3048 2847 3178 2902 Nam
3225 2843 3361 2904 sicut
3390 2852 3528 2907 Deus

1953 2918 2145 2991 poierit
2160 2914 2449 2991 qtiod_voli-t
2475 2929 2579 2991 per
2599 2915 2863 2991 seiipsum
2881 2956 2896 2980 ,
2926 2918 2995 2970 ita
3025 2928 3271 2991 poterunt
3292 2923 3362 2974 illi
3384 2921 3528 2991 quod

1950 2983 2146 3061 volent
2159 3000 2256 3061 per
2282 2985 2427 3061 illum
2449 2983 2614 3061 {quia
2634 2985 2770 3061 sicut
2796 2986 2866 3039 illi
2892 3002 2996 3061 non
3014 2983 3154 3061 aliud
3177 2983 3528 3061 volentquam

1950 3054 2090 3127 quod
2128 3054 2226 3127 ille
2259 3055 2429 3127 volet,
2451 3056 2521 3108 ita
2549 3056 2637 3109 ille
2664 3056 2803 3109 volet
2830 3057 3081 3127 quidquid
3111 3060 3183 3113 illi
3216 3054 3421 3127 volent;
3467 3070 3526 3118 et

1952 3124 2093 3193 quod
2127 3124 2215 3178 ille
2244 3124 2416 3187 volet,
2447 3141 2550 3178 non
2576 3124 2887 3193 poteritnon
2919 3124 3057 3182 esse.
3088 3128 3142 3184 Si
3177 3124 3417 3186 honoret
3442 3132 3528 3187 di-

1955 3195 2132 3269 vitim;
2169 3196 2514 3269 Densuservos
2534 3210 2660 3249 suos
2686 3195 2857 3269 booos
2874 3206 2928 3252 et
2956 3198 3140 3253 ﬁdeles
3174 3214 3331 3269 supra
3354 3204 3521 3258 multa

1952 3267 2238 3319 Constituet
2268 3266 2478 3335 (Matth.
2516 3282 2653 3327 xxv.
2681 3266 2773 3334 2’»)
2801 3282 2816 3330 ;
2851 3268 2957 3321 imo
2988 3269 3079 3322 ﬁlii
3114 3271 3203 3325 Dei
3233 3266 3287 3325 et
3328 3273 3399 3327 dii
3435 3288 3531 3328 vo-

1953 3337 2213 3407 cabuntur
2241 3346 2295 3389 et
2323 3346 2506 3401 erunt,
2532 3346 2585 3389 et
2608 3337 2692 3388 ubi
2722 3344 2822 3390 erit
2852 3338 3050 3393 Unicus
3080 3341 3227 3407 ejus,
3259 3343 3326 3396 ibi
3373 3350 3532 3398 erunt

1953 3406 2121 3468 etilli,
2155 3407 2393 3461 haercdes
2417 3407 2628 3475 quidem
2660 3407 2772 3470 Dei,
2799 3409 3106 3464 coha'redes
3134 3406 3310 3467 autem
3334 3412 3533 3468 Christi

1956 3476 2127 3547 (Rom.
2156 3492 2288 3543 vni,
2336 3478 2440 3547 l7).
2483 3475 2538 3532 Si
2593 3492 2715 3531 vera
2764 3481 3056 3543 securitas;
3102 3493 3246 3535 certe
3292 3484 3358 3536 ita
3399 3485 3533 3539 certi

1953 3557 2390 3621 eruntnumquam
2420 3547 2826 3603 ullatenusillud
2857 3550 3054 3603 bonum
3082 3550 3181 3605 sibi
3204 3552 3528 3621 defuturum,

1956 3619 2089 3670 sicut
2114 3620 2243 3671 certi
2276 3626 2432 3671 erunt
2468 3632 2526 3672 se
2549 3632 2650 3670 non
2670 3633 2765 3671 sua
2810 3634 3000 3685 sponte
3027 3620 3154 3675 illud
3197 3619 3532 3687 amissuros,

1956 3702 2055 3741 nec
2079 3687 2390 3741 dilectorem
2437 3687 2604 3741 Deum
2635 3688 2760 3741 illud
2814 3688 3158 3743 dilectoribus
3195 3696 3307 3746 suis
3358 3694 3534 3748 invitis

1956 3758 2252 3811 ablaturum
2278 3800 2293 3822 ,
2320 3772 2418 3827 nec
2454 3757 2648 3827 aliquid
2675 3759 2781 3811 Deo
2812 3761 3079 3827 potentius
3128 3761 3291 3815 Deum
3319 3775 3373 3817 et
3414 3763 3535 3817 illos

1956 3836 2346 3900 separaturum.
2384 3826 2645 3900 Gaudium
2701 3826 3011 3900 veroquale
3044 3842 3367 3900 quantumve
3407 3842 3491 3889 est
3514 3875 3529 3899 ,

1956 3898 2044 3951 ubi
2074 3899 2175 3951 tale
2200 3914 2261 3951 ac
2289 3907 2491 3952 tantum
2513 3898 2706 3951 bonum
2732 3898 2850 3952 est?

2028 3967 2253 4043 CAPUT
2308 3967 2525 4022 XXXV.
2581 3965 2838 4043 Caudium
2867 3979 3133 4043 Aguantum
3180 3972 3274 4025 erit
3316 3974 3534 4043 [ruenti-

1958 4036 2051 4092 bus
2077 4054 2155 4093 eo.
2197 4039 2304 4092 Cor
2328 4043 2765 4113 lnmtanum,_cor
2792 4036 3067 4113 indigens,
3118 4056 3213 4113 cor
3253 4036 3533 4113 expertum

1958 4123 2227 4182 aerumnas
2266 4118 2321 4164 et
2348 4109 2619 4182 miserias,
2653 4110 2759 4182 imo
2787 4111 3034 4182 obrutum
3075 4109 3337 4176 miseriis,
3362 4129 3532 4182 quan-

1960 4189 2068 4253 tum
2093 4179 2351 4253 gauderes
2376 4180 2419 4233 si
2443 4179 2523 4233 his
2549 4180 2796 4253 omnibus
2810 4180 3141 4253 abundares?
3164 4179 3428 4253 Interroga
3454 4183 3539 4238 in-

1960 4250 2085 4303 tima
2118 4259 2241 4316 tua,
2270 4251 2312 4303 si
2363 4260 2573 4318 rapere’
2597 4251 2803 4318 possint
2829 4252 3077 4317 gaudium
3103 4269 3255 4307 suum
3294 4250 3537 4309 de'tanta

1957 4319 2287 4375 beatitudine
2314 4334 2429 4374 sua.
2456 4319 2560 4374 Sed
2578 4329 2722 4374 certe
2747 4322 2790 4373 si
2821 4323 2941 4390 quis
2966 4322 3121 4386 alius,
3143 4338 3301 4391 quem
3318 4327 3537 4381 omnino

1959 4391 2098 4445 sicut
2119 4400 2169 4445 te
2188 4392 2358 4459 ipsum
2378 4405 2606 4453 amares,
2625 4390 2866 4446 eamdem
2895 4390 3272 4447 beatitudinem
3297 4394 3536 4459 habt-ret,

1958 4462 2318 4529 dUplicaretur
2353 4461 2602 4530 gaudium
2626 4470 2809 4535 tuum;
2838 4463 2965 4535 quia
3000 4479 3104 4516 non
3136 4464 3310 4518 minus
3333 4466 3534 4535 gaude—

1959 4548 2047 4588 res
2067 4547 2265 4602 proco
2285 4572 2302 4597 ,
2332 4548 2499 4602 quam
2529 4546 2627 4601 pro
2653 4538 2704 4585 te
2747 4532 2882 4601 ipso.
2912 4532 2967 4587 Si
3008 4548 3136 4588 vero
3159 4535 3268 4588 duo
3314 4532 3397 4590 vel
3429 4544 3540 4591 tres

1958 4604 2042 4676 vel
2070 4600 2249 4676 multo
2280 4603 2459 4672 plures
2489 4600 2715 4671 idipsum
2745 4600 3031 4676 haberent,
3066 4604 3395 4676 tantumdem
3439 4622 3540 4676 pro

1960 4674 2179 4743 singulis
2200 4716 2214 4737 ,
2245 4681 2500 4742 quantum
2541 4688 2637 4742 pro
2665 4682 2715 4745 t_e
2744 4674 2859 4741 ipso
2886 4674 3180 4745 gauderes,
3225 4675 3269 4729 si
3300 4674 3538 4745 singulos

1959 4742 2097 4798 sicut
2119 4753 2168 4797 te
2196 4745 2365 4814 ipsum
2394 4755 2626 4814 amares.
2668 4742 2808 4810 Ergo
2832 4742 2957 4813 quid
2987 4745 3088 4799 erit
3117 4746 3167 4799 in
3191 4746 3278 4799 illa
3308 4742 3538 4814 perfecta

1959 4813 2700 4884 charitate’innumerabilium
2724 4813 2997 4869 beatorum
3029 4813 3344 4884 Angelorum
3371 4825 3425 4870 et
3446 4817 3540 4869 bo-

1960 4887 2160 4939 minum
2180 4924 2196 4955 ,
2238 4884 2325 4937 ubi
2358 4884 2533 4955 nullus
2558 4882 2937 4955 diligetalium
2966 4882 3141 4938 minus
3166 4900 3323 4954 quam
3349 4900 3410 4940 se
3460 4884 3543 4955 ip-

1959 4956 2118 5009 sum?
2154 4954 2269 5009 Non
2299 4954 2442 5009 enim
2464 4954 2622 5007 aliter
2640 4952 2893 5022 gaudebit
2912 4952 3271 5023 unusquisque
3301 4970 3395 5022 pro
3422 4952 3538 5009 sin-

1957 5026 2096 5096 gulis
2122 5025 2243 5096 aliis
2266 5065 2282 5086 ,
2312 5040 2470 5093 quam
2513 5037 2608 5096 pro
2635 5038 2696 5078 se
2739 5024 2872 5096 ipso.
2915 5022 2969 5079 Si
2998 5022 3126 5092 ergo
3166 5022 3261 5078 eor
3312 5024 3541 5081 hominis

1957 5094 2025 5151 de
2056 5103 2203 5149 tanto
2234 5095 2375 5147 bono
2408 5108 2509 5148 suo
2555 5095 2640 5147 vix
2667 5094 2917 5162 gaudium
2968 5109 3122 5147 suum
3160 5097 3369 5161 capiat,
3407 5110 3541 5165 qup-

1960 5166 2119 5221 modo
2165 5180 2329 5233 rapax
2387 5166 2487 5217 erit
2528 5172 2603 5217 tot
2654 5172 2711 5219 et
2764 5173 3030 5217 tantorum
3081 5164 3435 5233 gaudiorum?
3472 5164 3541 5221 Et

1959 5238 2169 5304 utique,
2194 5244 2448 5303 quantum
2474 5235 2699 5303 quisque
2728 5233 2895 5302 diligit
2920 5235 3149 5301 aliquem
3172 5275 3185 5295 ,
3229 5244 3431 5289 tantum
3472 5236 3540 5291 de

1960 5308 2100 5362 bono
2132 5308 2247 5374 ejus
2297 5304 2510 5375 gaudet.
2555 5304 2619 5357 Et
2669 5304 2807 5375 sicut
2856 5304 2907 5357 in
2960 5305 3047 5358 illa
3088 5306 3238 5359 beata
3291 5305 3541 5362 felicitate

1961 5380 2323 5446 unusquisque
2350 5374 2466 5428 sine
2493 5374 2894 5443 comparatione
2934 5376 3047 5442 plus
3092 5376 3287 5429 amabit
3326 5376 3488 5430 Deum
3523 5417 3538 5442 ,

1958 5464 2117 5517 quam
2149 5463 2208 5501 se
2254 5456 2304 5500 et
2333 5460 2521 5499 omnes
2559 5448 2955 5517 alios_seeum;
2993 5447 3082 5517 ita
3135 5447 3251 5515 plus
3290 5447 3543 5516 gaudebit

1959 5513 2162 5587 absque
2198 5517 2553 5587 aestimatione
2581 5516 2648 5569 de
2698 5513 2950 5570 felicitate
2992 5515 3081 5569 Dei
3104 5513 3314 5586 {quani
3351 5518 3419 5571 de
3445 5532 3542 5572 sua

1958 5598 2013 5642 et
2052 5586 2287 5642 oilinium
2338 5586 2563 5640 aliorum
2615 5600 2813 5640 secum.
2850 5587 2915 5641 Et
2940 5588 2982 5641 si
3017 5587 3180 5641 Deum
3211 5588 3290 5642 sic
3325 5588 3544 5658 diligent

1962 5669 2072 5713 toto
2109 5659 2289 5721 corde,
2332 5666 2438 5711 tcta
2477 5666 2675 5722 mente,
2718 5666 2825 5711 toza
2850 5658 3048 5724 anima,
3081 5670 3135 5712 ut
3165 5668 3340 5713 tamen
3375 5668 3542 5713 totum

1959 5745 2054 5785 cor
2092 5770 2109 5793 ,
2164 5738 2273 5783 tota
2325 5742 2478 5783 mens
2522 5768 2538 5795 ,
2602 5736 2710 5783 tota
2765 5729 2939 5784 anima
3001 5744 3108 5785 non
3168 5728 3395 5786 sufﬁciat
3458 5729 3541 5785 di-

2029 5868 2043 5897 ι
2080 5861 2211 5927 Apud
2234 5859 2537 5923 anselmum,
2575 5858 2717 5914 sola.’
