4006 6498
537 442 641 499 967

535 558 721 630 gnitati
741 552 1072 615 dilectionis;
1102 547 1339 630 profecto
1364 545 1439 630 sic
1460 542 1765 630 gaudebunt
1793 547 1903 593 toto
1929 538 2108 630 corde,

538 619 646 682 tota
667 636 882 690 mente,
927 631 1033 677 tota
1064 621 1235 673 anima
1257 659 1272 681 ,
1310 624 1587 690 Ant‘tamen
1616 620 1799 690 totum
1825 619 2115 690 eor,mtota

540 680 691 753 mens
715 738 730 758 ,
766 680 1070 748 tota'anima
1102 706 1204 743 non
1237 680 1467 741 sufﬁciat
1492 680 2031 758 plenitudinigaudii.‘

882 761 1121 818 XXXVI.
1181 760 1259 813 An
1308 758 1453 827 plene
1492 747 1587 827 'ln'c
1643 747 1965 827 excggitetur.
2017 747 2117 802 Hic

536 820 731 902 semper
759 820 813 888 in
851 835 1029 887 notitia
1052 872 1070 898 ,
1119 846 1289 883 amore
1309 820 1356 881 et
1398 825 1585 895 gaudio
1618 824 1679 876 de
1718 820 1826 875 Deo
1874 836 2113 902 crescere.

540 890 680 961 Deus
704 921 856 959 meus
882 914 935 957 et
963 890 1215 955 Dominus
1254 890 1437 961 meus",
1469 910 1591 963 spes
1618 908 1731 947 mea
1782 902 1835 943 et
1870 890 2117 963 gaudium

539 959 715 1031 cordis
742 976 845 1029 mc-i
864 1015 880 1037 ,
910 974 995 1027 dic
1024 973 1215 1025 animae
1247 959 1431 1037 mete,
1460 959 1514 1018 si
1545 967 1753 1037 h_oc_est
1776 959 2021 1037 gaudium
2046 959 2117 1037 de

538 1062 646 1115 quo
677 1046 830 1099 nobis
862 1031 953 1111 per
976 1042 1170 1115 Filium
1194 1050 1337 1115 tuum
1365 1036 1516 1115 dicis,
1549 1032 1732 1098 Petite,
1757 1031 2119 1115 etnaccipietis,’

540 1099 595 1168 tit
622 1099 1100 1187 gaudium'vestrunt
1128 1110 1412 1187 sitptenum
1429 1104 1607 1187 _(Joan.
1636 1118 1764 1187 xvi,
1795 1099 1907 1187 ει).
1937 1100 2118 1153 Inveni

541 1174 770 1254 namque
798 1183 1045 1252 gaudium
1072 1174 1336 1254 quoddam
1360 1246 1372 1254 _
1394 1174 1604 1254 plenum
1626 1215 1642 1238 ,
1694 1181 1748 1226 et
1797 1174 1914 1254 plus
1960 1186 2117 1254 quam

546 1241 977 1325 pleltt'tm.‘i)|ett0
1006 1241 1201 1325 quippe
1247 1241 1443 1325 corde.
1491 1246 1649 1325 plena
1701 1252 1908 1325 mente,
1962 1241 2117 1325 plena

542 1312 752 1387 anima,
784 1325 939 1393 pleno
964 1312 1074 1375 ιυίο
1102 1312 1340 1393 ἰἰυιιιίιιθ
1366 1312 1558 1393 gaudio
1599 1314 1723 1393 illo,
1755 1312 1930 1393 adhuc
1952 1324 2118 1393 supra

545 1381 761 1449 modum
784 1381 1051 1459 'supererit
1076 1389 1345 1459 gaudium.
1368 1381 1630 1459 Nonergo
1649 1392 1812 1459 totum
1841 1381 1968 1459 illud
1993 1395 2120 1448 gau-

544 1464 691 1519 dium
724 1451 935 1517 intmbit
960 1463 1009 1514 in
1040 1451 1360 1530 gaudentes,
1400 1456 1491 1530 scd
1515 1451 1606 1530 toti
1634 1452 1926 1530 gaudentes
1958 1451 2121 1503 intra-

547 1535 683 1589 bunt
722 1536 771 1587 in
802 1522 1222 1601 gaudiumvillud.
1262 1530 1382 1589 Dic,
1428 1522 1689 1601 Domine,
1733 1522 1818 1601 dic
1846 1536 2002 1601 servo
2032 1530 2121 1601 tuo

544 1605 685 1659 intus
710 1606 759 1657 in
787 1590 944 1656 corde
967 1617 1116 1665 meo,
1146 1602 1189 1653 si
1225 1602 1321 1651 hoc
1357 1607 1439 1650 est
1480 1594 1728 1665 gaudium
1763 1594 1813 1645 in
1844 1590 1983 1665 qund
2036 1591 2113 1665 in-_

543 1676 759 1729 trahunt
786 1674 919 1726 servi
954 1672 1067 1733 tui,
1097 1660 1184 1738 qui
1218 1660 1507 1738 intrabuut'
1537 1667 1586 1717 in
1614 1660 1871 1738 gaudium
1910 1660 2119 1738 Domini

542 1746 646 1800 sui.
677 1744 779 1800 Sed
810 1754 953 1797 certe
978 1730 1226 1811 gaudium
1280 1737 1416 1811 illud
1455 1751 1588 1811 quo__
1610 1730 1916 1811 gaudebunt
1966 1730 2120 1811 electi

545 1816 653 1878 tui,
682 1830 770 1867 nec
798 1802 1121 1866 oculusvridit
1146 1851 1160 1874 ,
1188 1827 1277 1863 nec
1306 1808 1442 1860 auris
1469 1802 1659 1878 (indicit
1682 1846 1696 1870 ,
1728 1820 1814 1878 nec
1841 1802 2120 1878 incor‘ho-

544 1870 693 1937 minis
721 1883 942 1937 ascendit
970 1882 1125 1950 (Isai.
1149 1870 1282 1934 :thv
1306 1919 1321 1944 ,
1351 1879 1414 1941 4;
1446 1878 1462 1930 l
1489 1874 1607 1930 Cor.
1641 1890 1674 1928 ιι
1700 1916 1713 1936 ,
1756 1872 1836 1941 9).
1876 1870 2118 1950 Nondum

1997 419 2357 476 APPENDlX.

2707 356 2785 368 διφα-

3709 427 3801 482 968

2219 538 2372 591 electi
2406 534 2498 590 tui.
2522 534 2713 607 Utique
2744 543 2947 607 tantum
2977 533 3318 605 gaudebunt,
3361 544 3617 605 quantum
3657 553 3795 594 ania-

2220 609 2378 671 bunt;
2434 606 2643 660 tantum
2683 606 2981 668 amabunt,
3032 614 3287 673 quantum
3337 617 3683 674 cognoscent.
3738 610 3794 665 Et

2218 687 2473 748 quantum
2505 688 2588 740 te,
2620 676 2842 731 Domine
2862 716 2876 739 ,
2909 685 3264 748 cognoscent,
3288 686 3543 748 quantum
3586 687 3636 748 te
3662 696 3796 732 ama-

2220 746 2387 802 bunt?
2414 748 2568 802 Certe
2595 762 2694 801 nec
2722 748 2908 799 oculus
2936 746 3101 809 vidit,
3132 761 3231 800 nec
3250 747 3393 800 auris
3421 746 3665 809 audivit,
3706 765 3794 805 nec

2220 817 2272 871 in
2298 835 2391 872 cor
2430 817 2663 871 hominis
2683 815 2921 871 ascendit
2962 816 3015 869 in
3048 817 3147 870 hac
3177 816 3279 870 vita
3299 857 3312 880 ,
3344 826 3606 887 quantum
3646 831 3693 872 te
3714 835 3796 873 co.

2218 900 2474 958 guesccnt
2499 899 2551 942 et
2590 888 2840 940 amabunt
2866 888 2916 939 in
2947 887 3031 939 illa
3064 888 3191 940 vita.

2289 958 2396 1012 Oro
2424 971 2473 1011 te
2495 999 2509 1023 ,
2557 959 2693 1011 Deus
2722 971 2871 1011 meus
2891 998 2905 1019 ,
2933 971 3250 1026 cognoscam
3280 965 3329 1010 te
3350 998 3365 1021 ,
3399 971 3579 1011 amem
3634 966 3687 1011 te
3707 1000 3721 1021 ,
3749 967 3799 1012 ut

2219 1030 2475 1099 gaudeam
2498 1028 2564 1082 de
2597 1038 2676 1099 te;
2709 1036 2762 1081 et
2785 1029 2965 1099 sinon
2996 1042 3209 1099 possum
3253 1028 3305 1080 in
3334 1026 3433 1080 hac
3460 1030 3567 1099 vita
3596 1029 3665 1081 ad
3700 1028 3800 1094 ple-

2222 1096 2345 1153 ῐιιιιιι
2367 1140 2382 1162 ,
2415 1100 2493 1153 vel
2525 1098 2789 1168 proﬁciam
2817 1097 2883 1151 de
2909 1098 2997 1151 die
3026 1098 3078 1150 in
3101 1096 3242 1151 diem
3263 1139 3280 1163 ,
3314 1098 3617 1168 usquedum
3643 1099 3809 1151 veniat

2222 1170 2349 1223 illud
2373 1169 2436 1222 ad
2465 1172 2695 1238 plenum.
2725 1167 2973 1222 Proliciat
3000 1169 3048 1221 in
3080 1183 3165 1221 me
3195 1169 3278 1221 hic
3298 1169 3486 1221 notitia
3514 1168 3595 1221 tui
3619 1209 3634 1233 ,
3663 1178 3720 1221 ut
3741 1169 3805 1222 ibi

2223 1241 2315 1293 Iiat
2355 1240 2547 1305 plena;
2585 1250 2789 1292 crescat
2829 1240 2880 1291 in
2903 1254 2985 1291 me
3018 1238 3104 1291 hic
3131 1253 3282 1291 amor
3320 1248 3441 1291 tuus
3465 1280 3480 1302 ,
3512 1247 3573 1291 ιιι
3638 1238 3705 1291 ibi
3742 1239 3808 1292 sit

2224 1312 2443 1379 plenus;
2475 1322 2530 1362 ut
2561 1310 2642 1362 hic
2658 1309 2903 1378 gaudium
2930 1324 3105 1362 meum
3136 1310 3204 1360 sit
3233 1308 3283 1361 in
3312 1324 3408 1377 spe
3449 1323 3729 1377 magnum,
3758 1316 3808 1379 et

2222 1378 2293 1436 ibi
2323 1382 2372 1433 in
2416 1396 2473 1435 re
2492 1380 2725 1449 plenum.
2761 1380 2898 1449 Dens
2926 1394 3082 1433 verax
3102 1419 3117 1441 ,
3148 1388 3269 1445 peto
3297 1388 3347 1431 ut
3377 1379 3643 1449 accipiam
3669 1378 3805 1445 quod

2223 1447 2521 1519 promittis,
2550 1459 2605 1503 ut
2653 1448 2900 1518 gaudium
2949 1464 3123 1502 meum
3152 1449 3222 1502 sit
3252 1450 3487 1516 plenum.
3522 1447 3807 1503 Mcditetur

2224 1522 2346 1574 inde
2375 1522 2582 1573 interim
2628 1535 2779 1573 utens
2805 1534 2921 1572 mea
2940 1562 2955 1584 ,
2982 1520 3227 1587 loquatur
3271 1520 3391 1572 inue
3428 1519 3615 1585 lingua
3653 1533 3765 1572 mea
3793 1559 3807 1581 ,

2222 1601 2367 1645 amet
2406 1592 2529 1644 illud
2559 1606 2652 1644 cor
2682 1605 2855 1644 meum
2878 1628 2895 1654 ,
2926 1591 3321 1644 sermocinetur
3348 1604 3412 1642 os
3438 1604 3624 1642 meum
3646 1629 3663 1649 ,
3689 1603 3806 1641 esu-

2224 1663 2324 1714 riat
2349 1661 2476 1715 illud
2505 1662 2680 1714 anima
2707 1676 2826 1715 mea
2848 1702 2863 1725 ,
2895 1661 3038 1714 sitiat
3057 1659 3183 1712 illud
3210 1673 3336 1712 caro
3365 1674 3507 1723 mea,
3540 1658 3810 1713 desideret

2224 1733 2354 1785 illud
2385 1741 2492 1785 tota
2524 1732 2817 1785 substantia
2859 1746 2973 1785 mea
2996 1771 3011 1796 ,
3040 1730 3211 1783 donec
3249 1730 3444 1783 intrem
3478 1730 3527 1782 in
3563 1730 3807 1797 gaudium

2226 1802 2435 1856 Domini
2461 1802 2562 1856 mei
2595 1818 2608 1853 :
2641 1802 2727 1869 qui
2757 1812 2839 1855 est
2870 1801 3039 1855 trinus
3075 1808 3132 1854 et
3156 1815 3290 1853 unus
3321 1799 3462 1853 Deus
3493 1799 3807 1853 benedictus

2225 1872 2281 1927 in
2305 1872 2521 1928 saacula.
2552 1874 2746 1934 Amen.

548 1969 677 2023 ergo
705 1954 927 2023 cogitavi
956 1942 1049 2005 aut
1074 1952 1182 2005 dixi
1208 1991 1223 2013 ,
1256 1942 1477 2003 Domine
1496 1987 1510 2007 .
1541 1955 1792 2015 quantum
1820 1942 2123 2013 gaudebunt

571 2098 694 2106 ...ν---
1066 2095 1151 2099 .ην-Α
1180 2094 1225 2097 -..
1250 2094 1277 2098 ,κ
1306 2088 1689 2097 μω..-ν.η-..λ
1769 2084 1975 2091 -_._____

719 2131 1288 2145 —.——_————_———
1304 2128 1585 2138 __—-—-—
1608 2125 1881 2133 _.—————__
1918 2123 2067 2131 —.__
2090 2124 2135 2131 ...-
2152 2117 3743 2130 _—___——.———_—-———————o——

1489 2218 2145 2293 ADMONITIO
2210 2216 2324 2289 IN
2384 2216 2866 2288 LIBRUM

1375 2354 1505 2418 CUI
1548 2351 1897 2416 SPECULO
1936 2349 2217 2412 NOMEN
2250 2348 2726 2412 INSCRJPTUM
2766 2348 2937 2410 EST.

611 2510 725 2565 Non
757 2525 861 2565 una
887 2518 969 2564 est
991 2508 1113 2564 libri
1135 2505 1509 2578 subsequentis
1536 2502 1809 2572 inscriptio
1833 2500 1885 2555 in
1908 2499 2139 2568 antiquis
2162 2497 2454 2554 codicibus.
2482 2496 2795 2567 Appellatur
2819 2497 2873 2552 in
2918 2495 3185 2567 plerisque
3229 2492 3519 2563 Speculum
3558 2493 3679 2548 sive
3712 2492 3817 2573 hla-

537 2602 697 2657 nuale
715 2643 730 2662 ,
758 2599 920 2655 ducto
946 2598 1166 2654 forsitan
1195 2598 1349 2653 titulo
1376 2612 1447 2652 ex
1472 2594 1649 2649 verbis
1673 2591 1929 2657 auctoris,
1957 2590 2025 2645 ad
2049 2591 2215 2645 Deum
2243 2590 2456 2644 circiter
2476 2589 2635 2643 ﬁnem
2663 2588 2734 2643 ita
2757 2588 3020 2658 loquentis
3048 2604 3062 2641 :
3090 2586 3225 2641 Huic
3242 2586 3690 2656 deﬂoratiuncula!
3710 2602 3822 2653 opp

536 2709 649 2746 ram
672 2691 789 2745 dedi
811 2733 826 2756 ,
856 2700 910 2743 ut
935 2692 1075 2745 breve
1102 2699 1148 2744 et
1180 2690 1424 2744 Manuale
1448 2687 1653 2741 verbum
1671 2700 1865 2737 mecum
1894 2681 1958 2735 de
1984 2691 2031 2734 te
2056 2696 2248 2750 seraper
2275 2678 2506 2733 haberem
2528 2719 2545 2745 ,
2572 2694 2635 2734 ea:
2661 2682 2810 2751 cujus
2839 2680 3070 2741 lectione,
3099 2685 3291 2748 quoties
3333 2686 3536 2756 tepesco
3558 2717 3576 2741 ,
3610 2679 3665 2731 in
3690 2687 3822 2730 tuum

536 2783 841 2837 reaccendar
868 2797 1110 2834 amorem.
1144 2779 1307 2834 Paulo
1336 2786 1455 2848 post
1483 2775 1613 2830 dicit
1639 2782 1828 2827 auctor
1847 2771 2159 2838 decerptum
2199 2783 2229 2822 a
2259 2782 2317 2823 se
2349 2768 2490 2823 hunc
2513 2768 2889 2823 sermunculum
2912 2809 2927 2832 ,
2961 2768 3035 2821 uti
3063 2767 3130 2823 de
3170 2768 3279 2822 Deo
3305 2767 3436 2821 sicut
3464 2755 3630 2820 corde
3672 2768 3821 2820 credit

545 2875 614 2927 ad
631 2874 886 2943 justitiam
905 2912 921 2938 ,
950 2873 1022 2925 ita
1041 2888 1129 2925 ore
1156 2870 1481 2938 conﬁteretur
1508 2867 1575 2919 ad
1599 2863 1833 2919 salutent.
1864 2861 1999 2915 Hinc
2028 2875 2131 2914 non
2159 2857 2338 2929 inepte
2365 2859 2417 2913 in
2445 2858 2809 2927 manuscripto
2847 2858 3163 2914 Parisiensis
3192 2858 3402 2929 collegii
3452 2856 3821 2915 Bernardino-

535 2981 655 3019 rum
688 2964 1022 3029 inscribitur,
1054 2962 1290 3017 Libellus
1314 2958 1589 3013 catholica:
1618 2955 1759 3008 lidei.
1786 2953 1842 3007 ln
1871 2967 1977 3022 quo
2004 2952 2163 3006 etiam
2186 2949 2636 3005 Bernardinorum
2659 2950 2844 3005 codice
2864 2950 3095 3005 alterum
3123 2949 3285 3007 habet
3330 2950 3582 3021 proxime
3638 2954 3823 3022 adjun-

542 3067 687 3112 ctnm
714 3056 1025 3129 Opusculum
1048 3070 1167 3110 cum
1196 3055 1362 3109 hocce
1393 3051 1565 3116 titulo,
1596 3046 1873 3102 Confessio
1898 3053 2155 3115 quantum
2182 3042 2427 3097 Christus
2454 3042 2688 3098 humano
2712 3044 2897 3113 generi
2926 3044 3212 3100 subvenire
3237 3043 3484 3115 dignatus
3513 3055 3605 3100 est
3638 3065 3652 3100 :
3681 3046 3818 3117 quod

543 3153 730 3222 incipit
782 3152 832 3206 in
865 3153 1005 3207 hunc
1033 3150 1278 3209 modum.
1310 3144 1578 3217 Superiori
1603 3143 1924 3199 sermunculo
1950 3142 2274 3211 confessionis
2294 3141 2416 3211 ﬁdei
2446 3157 2597 3209 mete,
2624 3151 2731 3198 etc.
2763 3142 2889 3199 Haec
2916 3154 3092 3199 autem
3130 3146 3385 3214 Opuscula
3414 3145 3525 3202 duo
3543 3148 3721 3203 nihilo
3745 3148 3823 3202 di-

539 3262 696 3303 versa
726 3254 851 3299 sunt
874 3260 903 3298 a
934 3244 1101 3314 prima
1122 3250 1177 3297 et
1200 3240 1432 3295 secunda
1464 3247 1613 3308 parte
1643 3234 2005 3290 Confessionis
2027 3234 2145 3288 ﬁdei
2171 3251 2293 3306 qua:
2319 3235 2460 3290 Petri
2492 3235 2761 3291 Francisci
2811 3236 3063 3293 Cbillletii
3108 3253 3234 3294 cura
3253 3279 3269 3303 ,
3314 3239 3416 3294 sub
3446 3241 3673 3297 Alcuini
3736 3260 3827 3297 no-

536 3338 680 3391 mine
708 3344 931 3406 quatuor
956 3336 1210 3389 instructa
1242 3331 1479 3402 partibus
1511 3328 1703 3399 prodiit
1731 3344 1795 3383 ex
1822 3326 2121 3381 Boheriano
2140 3328 2449 3398 exemplari.
2483 3328 2813 3397 Scripturam
2842 3330 3161 3399 exemplaris
3190 3332 3346 3401 hujus
3375 3333 3677 3391 Boheriani
3700 3353 3823 3408 pro-

536 3430 682 3485 xime
698 3427 949 3484 accedere
979 3425 1045 3480 ad
1074 3436 1279 3492 tempus
1301 3420 1479 3478 Caroli
1506 3420 1696 3490 Magni,
1729 3434 1827 3474 nec
1855 3417 2050 3472 sacculo
2071 3434 2212 3471 nono
2231 3420 2582 3487 posteriorem
2610 3420 2799 3484 videri,
2819 3429 3082 3476 testantur
3097 3422 3196 3475 viri
3221 3422 3300 3476 rei
3327 3423 3613 3479 litterarim
3644 3426 3825 3493 peritia

542 3519 866 3584 clarissimi,
894 3518 985 3589 qui
1007 3517 1070 3571 ad
1090 3515 1380 3570 faciendam
1412 3514 1479 3567 de
1503 3512 1602 3565 hoc
1629 3513 1744 3579 ipso
1774 3510 1930 3563 ﬁdem
1953 3551 1968 3575 ,
2003 3510 2355 3563 instrumento
2384 3511 2527 3564 edito
2550 3512 2601 3565 in
2628 3511 2876 3566 Veterum
2906 3512 3282 3567 Analectorum
3312 3521 3456 3568 tomo
3487 3514 3651 3584 [(ubi
3682 3518 3823 3586 plura

536 3614 590 3668 in
619 3611 756 3666 hanc
787 3626 898 3665 rem
922 3604 1277 3677 disseruntur)
1306 3604 1756 3673 subscripserunt.
1791 3600 2125 3671 Quapropter
2147 3615 2267 3671 quae
2294 3601 2637 3671 subsequenti
2677 3602 2907 3671 Speculo
2941 3602 3101 3673 (quod
3148 3619 3340 3673 nempe
3392 3606 3526 3659 nihil
3572 3609 3726 3663 aliud
3752 3618 3827 3664 est

534 3706 639 3763 nisi
670 3702 1032 3759 Confessionis
1082 3698 1349 3769 prmdicta:
1386 3711 1505 3765 pars
1535 3694 1724 3765 prima)
1758 3694 1932 3747 inesse
1971 3693 2309 3761 reperiuntur
2335 3692 2637 3748 communia
2687 3710 2807 3748 cum
2863 3696 3293 3751 Meditationibus
3348 3697 3439 3752 hic
3468 3702 3641 3768 paulo
3670 3719 3823 3773 supra

532 3800 781 3860 excusis,
823 3812 891 3853 ea
917 3810 1021 3849 nou
1048 3809 1077 3845 a
1103 3788 1527 3846 Meditationibus
1558 3788 1609 3840 in
1638 3785 1928 3855 Speculum
1954 3825 1970 3847 ,
2000 3783 2095 3838 sed
2125 3800 2153 3836 a
2183 3784 2412 3853 Speculo
2438 3786 2612 3852 potius
2642 3786 2695 3839 in
2741 3786 3145 3853 Meditationes,
3189 3804 3320 3858 quas
3358 3788 3581 3846 decimo
3629 3796 3827 3849 saeculo

534 3890 858 3960 posteriores
888 3900 1007 3941 esse
1033 3885 1228 3953 liquet,
1270 3880 1543 3935 derivasse
1568 3876 1857 3949 putandum
1888 3884 1992 3930 est.
2022 3873 2287 3930 Caeterum
2315 3877 2474 3930 verba
2497 3886 2551 3931 et
2588 3879 2879 3933 sententias
2912 3879 2997 3934 hic
3029 3896 3134 3934 non
3165 3897 3233 3935 ex
3279 3883 3564 3953 Augustini
3622 3896 3826 3941 tantum

538 3982 687 4039 libris
710 4023 726 4048 ,
750 3989 841 4034 aut
869 3975 1112 4047 Gregorii
1140 3984 1195 4029 et
1220 3972 1403 4026 isidori
1423 4010 1439 4037 ,
1468 3970 1562 4025 sed
1590 3971 1748 4025 etiam
1779 3983 1843 4023 ex
1876 3967 2041 4037 ipsius
2069 3967 2275 4021 Alcuini
2305 3967 2680 4037 scriptionibus
2708 3969 2826 4026 aliis
2854 3969 3133 4042 deccrptas
3162 3974 3516 4029 observamus
3548 3995 3563 4031 :
3589 3996 3706 4048 quo
3736 3996 3830 4051 po-

541 4074 806 4129 tissimum
846 4074 1164 4140 argumento
1193 4079 1499 4126 moramur,
1530 4062 1815 4132 quominus
1843 4060 1895 4115 id
1924 4059 2105 4129 operis
2131 4059 2340 4116 Alcuini
2362 4075 2481 4115 esse
2510 4062 2880 4119 incunctanter
2906 4065 3256 4121 afﬁrmemus.
3285 4067 3652 4128 Emendando
3695 4073 3825 4143 Spe-

537 4166 661 4221 culo
683 4207 700 4231 ,
729 4173 924 4233 praeter
950 4160 1284 4216 Parisienses
1307 4155 1521 4210 codices
1549 4151 1882 4209 bibliothecae
1905 4149 2229 4207 Colbertinae
2257 4160 2313 4207 et
2339 4152 2548 4223 collegii
2573 4153 3021 4210 Bernardinorum
3041 4196 3057 4223 ,
3080 4157 3423 4215 adhibuimus
3443 4163 3616 4218 etiam
3651 4165 3828 4220 Bolae-

535 4260 672 4317 riani
694 4254 1009 4327 exemplaris
1032 4251 1414 4324 apographum.

552 4375 3828 4405 M

1508 4462 2811 4634 SPECULUM,

1677 4686 2156 4796 LIBER
2230 4685 2671 4798 UNUS.

2047 4866 2292 4938 %%%%%%%

603 5013 829 5073 CAPUT
866 5006 1150 5066 PRIMUM.
1203 5001 1462 5059 Invocatio
1510 4998 1578 5073 nd
1621 5005 1847 5073 sanctant
1892 4993 2114 5073 Trinita-

533 5065 1027 5158 tetiiv.---(a')—Adesto
1080 5078 1237 5158 mihi,
1264 5087 1476 5158 ovorum
1507 5071 1734 5158 lumen,

532 5136 889 5223 διῖιῖιίιῖἆίειιέ.
927 5151 1119 5223 Adesm
1150 5136 1299 5223 inihi,
1334 5156 1522 5222 verum
1553 5141 1729 5193 lumen
1749 5138 1849 5223 .de
1877 5136 2109 5223 lumine,

535 5207 802 5286 ΰξὲιέιῖέῆζ
827 5222 991 5277 Filius
1024 5218 1148 5282 Dei,
1179 5207 1319 5271 Deus
1348 5214 1706 5286 omnipotens.
1738 5207 2109 5286 Adesto-milii,

532 5275 1028 5356 ἑὲιέεἷῖἰιίιὶιῖίέίπιίυ,
1057 5275 1238 5341 sancte
1267 5275 1514 5355 Spiritus,
1544 5280 1718 5356 Patris
1742 5282 1795 5333 et
1842 5275 1957 5356 Filii
1982 5276 2110 5356 .uni-

534 5345 659 5431 tas..—
692 5345 971 5423 sanctius,
1016 5345 1283 5420 cliaritas,
1310 5345 1468 5431 'Deus
1510 5351 1865 5431 omnipotens.
1894 5345 2113 5431 _Ard'esto

532 5414 877 5502 iﬁiinféi'iiaa
902 5414 1132 5485 Trinitas
1150 5467 1163 5484 .
1195 5435 1248 5480 et
1272 5414 1409 5502 trina
1436 5423 1642 5501 unitas,
1663 5414 1831 5472 ’Pater
1858 5426 1914 5502 et
1945 5414 2113 5502 Filius

532 5485 833 5575 iit-Spiritus
855 5510 1100 5575 sanctus,
1135 5513 1269 5549 unus
1313 5496 1452 5575 Dens
1482 5492 1854 5575 _iiiiitiipotens.
1897 5485 2113 5575 lnvqcat

534 5557 871 5640 tefDomine,
899 5570 1031 5640 fides
1050 5557 1188 5640 mea,
1216 5579 1371 5633 quam
1398 5561 1587 5615 dedisti
1610 5557 1742 5640 mihi
1774 5557 2111 5640 propten‘boo

533 5626 927 5704 nilo—temptuam
972 5638 1036 5691 ad
1085 5626 1310 5689 salutem
1362 5647 1554 5687 meam.
1610 5630 1820 5704 Invocat
1850 5637 1941 5690 te,
1973 5626 2112 5704 Dens

533 5696 902 5782 Esaiam
948 5704 1273 5763 conscientia
1297 5717 1448 5766 mea,
1481 5710 1537 5755 et
1578 5700 1755 5754 suavis
1782 5713 1935 5752 amor
1990 5696 2108 5750 lidei

2221 5010 2382 5059 meae,
2414 5010 2572 5065 quam
2600 4994 2839 5051 decussis
2868 4997 3179 5066 ignorantiae
3201 5000 3440 5056 tenebris
3471 5004 3542 5057 ad
3572 5007 3831 5063 veritatis

2218 5065 2617 5137 intelligentiam
2638 5065 2923 5137 perduxisti
2957 5084 3154 5137 :quam
3186 5070 3314 5123 tulta
3351 5073 3535 5127 saeculi
3558 5083 3835 5131 amaritu-

2218 5136 2364 5213 dine.
2387 5147 2443 5190 et
2472 5136 2895 5213 tttte__cltsirilatis
2916 5136 3224 5213 dulcedine
3269 5139 3533 5208 adhibita,
3568 5158 3835 5213 saporam

2216 5206 2346 5260 mihi
2390 5216 2445 5261 et
2490 5206 2796 5259 melliiluam
2839 5208 3169 5262 rcddidisti‘.
3198 5207 3412 5265 lnvocat
3452 5206 3543 5276 te,
3583 5206 3836 5273 Trinitas

2216 5278 2369 5355 beata
2394 5317 2409 5355 τ
2437 5277 2705 5355 vox_clara
2735 5286 2790 5331 et
2812 5278 3055 5355 sincerus
3081 5281 3429 5355 clanionlidei
3464 5299 3629 5347 meze,
3664 5303 3835 5355 quam

2216 5351 2284 5399 ab
2314 5348 2441 5417 ipsis
2486 5347 2613 5400 mihi
2653 5349 2923 5402 enutriens
2952 5351 3226 5402 cunabulis
3253 5351 3571 5408 illuminasti
3599 5347 3840 5427 semper

2280 5459 2381 5521 tsic
2406 5459 2620 5521 potiores
2636 5465 2743 5521 Mss.
2760 5472 2805 5518 a,
2824 5456 2951 5509 tollo.
2970 5458 3111 5517 Alias,
3127 5460 3272 5511 stulta
3293 5462 3463 5514 surculi
3479 5468 3835 5520 macritudine

2212 5519 2388 5594 ablata.
2405 5519 2574 5594 Ζ-ιὶιχτ
2590 5520 2870 5594 l.ugd._\[en_.
2895 5523 2972 5594 six
2993 5523 3226 5594 exhibent
3239 5524 3379 5594 hunc
3390 5524 3560 5594 locum
3570 5564 3596 5594 ,_
3612 5543 3725 5593 qua
3752 5519 3833 5583 me

2214 5582 2276 5632 de
2298 5582 2515 5654 caussis
2536 5582 2820 5654 ignorantia;
2843 5582 3067 5654 tenebris,
3102 5584 3167 5633 ad
3190 5584 3402 5654 ueritatis
3439 5582 3834 5654 intelligentiam

2214 5642 2487 5713 perduxisti
2504 5642 2687 5752 ,
2708 5642 2851 5693 stulta
2863 5644 3040 5714 ⁵διζξιειιιὶ
3061 5645 3386 5719 amaritudine
3405 5648 3571 5719 ablata
3587 5642 3623 5704 .”
3645 5661 3697 5723 et
3726 5662 3833 5704 tua

2213 5704 2511 5768 charttattsd
2556 5705 2733 5768 ,cedme
2755 5704 2991 5764 adhibita.
3018 5720 3294 5768 saporasam
3317 5710 3434 5759 mala
3452 5720 3498 5761 et
3522 5713 3833 5768 ntelltﬂuam

2213 5715 2733 5777 cumtatu_autceante
2755 5715 3294 5780 aamouansaporom
3317 5715 3436 5759 inﬂa
3452 5720 3498 5761 et
3522 5715 3833 5777 melliﬂuain

2213 5766 2489 5817 reddidisti.
2516 5772 2596 5836 sic
2619 5775 2767 5816 etiam
2787 5772 2895 5817 ων.
2928 5782 3011 5832 qui
3036 5775 3199 5819 tamen
3222 5784 3324 5833 pro,
3352 5783 3500 5834 quam
3527 5778 3720 5836 stulta,
3751 5781 3829 5828 fe-

592 5850 668 5915 (a)
701 5850 774 5900 sic
795 5846 957 5907 incipit
982 5837 1216 5890 invocatio
1241 5834 1418 5883 Alcuini
1440 5841 1546 5894 post
1571 5832 1719 5883 libros
1740 5833 1805 5882 de
1823 5830 2070 5879 “trinitate.
2213 5839 2342 5889 runt,
2367 5843 2462 5891 qua
2480 5828 2644 5880 stulta.
2712 5841 2767 5882 at.
