4070 6528
430 414 535 468 985

430 529 637 582 ordine.
690 524 829 579 Deus
887 520 1166 577 invisibilis
1212 528 1267 573 et
1314 519 1595 580 immense,
1641 514 1920 571 incffabilis
1963 524 2017 569 ct

431 610 633 652 a'tcrne
651 637 666 661 ,
714 591 1365 664 incomprehensibiliset
1382 589 1714 664 incorporeo,
1747 588 2023 664 immorta-

435 670 497 721 Iis
527 678 578 721 et
628 657 908 734 perpetire,
953 661 1398 734 incommutabilis
1438 668 1493 715 et
1538 657 2020 734 incircumscripte,

434 728 690 791 mirabilis
719 728 775 789 et
802 728 1098 798 benedicte,
1131 731 1436 794 indicibilis,
1467 730 1552 784 cui
1578 744 1698 783 esse
1721 738 1802 782 est
1823 728 2021 792 vivere,

434 824 624 876 sapere
651 814 705 861 et
744 806 1073 876 intelligere,
1093 804 1231 858 scire
1258 811 1312 857 et
1347 816 1532 876 posse,
1567 799 2025 876 puichrescereet

432 867 729 932 clarescere
756 867 1003 931 unumvet
1028 874 1166 928 idem
1196 882 1311 938 est;
1344 867 1464 941 quia
1490 867 1716 939 simplex
1746 885 1826 934 es,
1865 877 1919 941 et
1940 867 2025 921 di-

438 949 537 1003 vidi
569 962 674 1002 non
704 958 876 1017 potes.
901 945 984 1001 Tu
1009 961 1068 1000 es
1094 946 1234 1017 Deus
1261 940 1410 997 meus
1429 942 1580 1017 viv_us
1600 949 1655 994 et
1678 954 1854 1017 verus,
1887 940 2026 993 Deus

435 1020 572 1088 pius,
607 1010 883 1073 rex-meus
916 1030 1159 1087 magnus.
1191 1014 1266 1068 Te
1305 1028 1466 1088 unum
1499 1013 1663 1088 Deum
1693 1010 2025 1088 co_lo,_unum

439 1080 750 1144 naturarum
777 1080 1117 1157 principium,
1141 1100 1172 1139 a
1196 1099 1301 1154 quo
1323 1084 1641 1157 universitas
1667 1089 1721 1136 et
1748 1080 2027 1135 inchoatur

434 1172 489 1213 et
513 1154 792 1231 perficitur
811 1168 866 1214 et
892 1154 1195 1231 continetur
1219 1175 1233 1210 :
1257 1171 1418 1210 unum
1448 1154 1616 1209 Deum
1642 1166 1798 1231 aquo
1817 1166 2023 1231 sumus,

438 1222 534 1299 per
560 1246 717 1299 quem
748 1244 951 1291 sumus,
994 1229 1046 1282 in
1072 1242 1179 1297 quo
1208 1241 1416 1299 sumus,
1459 1240 1490 1299 a
1527 1237 1632 1299 quo
1660 1222 2024 1299 discessimus,

439 1291 528 1356 cui
568 1291 857 1356 dissimiles
887 1300 1007 1353 facti
1055 1291 1273 1360 sumus;
1316 1291 1633 1367 principium
1661 1293 1727 1348 ad
1754 1291 1894 1367 quod
1937 1307 2028 1346 re-

440 1373 725 1446 currimus,
754 1378 809 1425 et
835 1369 1061 1424 formam
1088 1383 1243 1438 quam
1272 1364 1564 1435 sequimur,
1594 1373 1657 1446 ei.
1672 1364 1897 1446 gratiam
1923 1377 2028 1446 qua

442 1442 887 1504 reconciliamur;
935 1435 1231 1508 unum'quo
1258 1447 1475 1491 auctore
1503 1435 1699 1508 conditi
1728 1449 1931 1497 sumus,
1973 1442 2030 1488 et

443 1512 843 1567 similitudinem
874 1527 965 1579 per
991 1506 1155 1580 quam
1188 1509 1252 1562 ad
1282 1509 1536 1563 unitatem
1576 1506 1947 1580 refor_mamur,
1973 1511 2028 1558 et

444 1598 628 1651 pacem
680 1597 783 1652 qua
829 1576 1027 1636 unitati
1068 1580 1440 1652 adhreremus;
1494 1592 1658 1632 unum
1708 1576 1873 1652 Deum
1923 1589 2029 1644 quo

441 1644 970 1716 creatore'vivimus,
1010 1666 1170 1721 quem
1208 1649 1511 1721 diligentes,
1560 1656 1615 1702 et
1654 1660 1767 1721 quo
1795 1644 2030 1702 fruentes

445 1724 599 1779 beate
630 1724 893 1787 vivimus;
928 1732 979 1777 te
1012 1716 1191 1786 laudo,
1223 1716 1484 1774 beiiedico
1517 1726 1676 1787 atque
1704 1716 1889 1779 adoro,
1925 1724 2030 1787 truc

443 1794 743 1850 clementiae
798 1802 854 1848 et
882 1786 1120 1847 bonitati
1164 1791 1360 1860 gratias
1405 1786 1601 1844 refero
1627 1786 2032 1860 prouuniversis

442 1864 601 1920 donis
633 1865 736 1918 tuis
765 1878 829 1918 ac
852 1862 1010 1929 datis,
1038 1870 1093 1916 et
1118 1857 1216 1931 pro
1240 1860 1488 1916 omnibus
1517 1857 1790 1931 beneficiis
1820 1857 2032 1931 miseri-

441 1936 641 1991 cordia:
670 1944 796 1999 ture,
825 1950 946 2005 quae
982 1928 1174 1987 anim—te
1203 1932 1526 2000 corporique
1565 1944 1690 2005 ineo
1716 1928 1945 2005 largiris,
1978 1935 2033 1982 et

441 2020 655 2075 semper
682 1998 904 2075 largitus
932 2020 991 2060 es
1023 2018 1053 2057 a
1084 2018 1249 2072 puero
1278 1998 1331 2057 et
1357 2017 1386 2055 a
1425 1998 1705 2075 cunabulis
1743 1999 1874 2052 meis
1904 2013 2030 2075 pro-

444 2068 576 2143 pter'
605 2084 657 2130 te
685 2086 738 2131 et
764 2068 958 2130 nomen
984 2068 1133 2129 tuum
1163 2082 1427 2128 sanctum.
1474 2070 1628 2143 Unde
1665 2077 1915 2143 expertus
1942 2068 2026 2122 di-

440 2139 568 2214 diei,
599 2147 720 2216 quia
749 2154 804 2200 tu
831 2146 971 2200 Dens
994 2153 1196 2210 noster,
1228 2145 1366 2216 Deus
1395 2140 1693 2216 cs_infinitae
1721 2139 2026 2216 misericor-r

440 2209 564 2281 (Ii-.e,
590 2209 646 2271 et
666 2216 960 2286 maiestatis
990 2209 1265 2286 immensa:
1291 2213 1610 2283 pietatisque
1630 2209 1873 2286 gratuita:
1900 2227 1914 2263 :
1937 2210 2028 2286 qui

442 2280 630 2342 servos
673 2280 793 2342 tuos
822 2288 962 2341 inter
984 2285 1205 2341 adversa
1234 2280 1305 2339 et
1318 2280 1571 2353 prospera
1601 2280 1915 2353 mirabiliter
1941 2280 2027 2334 di-

440 2358 570 2428 rigis
598 2366 757 2427 atque
782 2356 1040 2420 custodis,
1070 2357 1251 2428 sicque
1281 2350 1589 2428 moderaris
1608 2353 1772 2406 vitam
1814 2350 2027 2405 illorum

442 2424 749 2498 in'utraq'ue
788 2437 956 2498 parte,
1005 2436 1063 2482 ut
1098 2424 1318 2498 adversa
1351 2424 1741 2498 prosperis,__e_t
1773 2436 2026 2498 prospera

438 2490 731 2553 succede-nt
780 2490 1039 2553 adversis.
1082 2490 1427 2565 Conﬁteaniur
1467 2490 1600 2565 ergo,
1632 2493 1737 2565 tibi,
1774 2490 2026 2565 "Domine,

438 2570 609 2623 omnia
625 2586 779 2639 opera
793 2577 899 2627 tua.
920 2578 965 2622 et
980 2562 1224 2623 sanctitui
1238 2562 1632 2639 benedicant'tibi
1650 2562 1823 2634 (Psal.
1842 2578 2025 2639 cxttv,

438 2640 561 2710 10);
601 2633 668 2694 et
691 2651 748 2693 ut
771 2639 1075 2694 confitendo
1101 2637 1435 2707 resipiscant,
1470 2651 1576 2710 non
1614 2633 1829 2690 cessent
1852 2649 1882 2687 a
1910 2633 2025 2687 Iau-

437 2707 594 2765 dibus
635 2711 741 2765 tuis
779 2710 878 2779 ipsi
915 2710 1074 2765 etiam
1105 2717 1433 2779 peccatores.
1471 2707 1882 2779 Quorum_unus
1922 2718 2023 2779 ego

440 2780 565 2835 licet
609 2781 660 2835 in
701 2773 930 2849 peccatis
975 2773 1212 2849 pronior,
1261 2778 1425 2833 corde
1471 2773 1646 2849 tamen
1698 2773 2024 2849 desideranti

437 2860 554 2905 tuas
585 2844 811 2906 decanto
840 2844 1044 2916 Iaudes,
1091 2851 1134 2904 si
1174 2844 1279 2903 non
1320 2864 1384 2904 ea
1415 2862 1515 2917 qua
1545 2846 1716 2902 debeo
1744 2844 1899 2899 laude
1938 2845 2021 2900 vel

435 2922 714 2991 dignitate.
756 2922 892 2976 facio
920 2938 1021 2990 qua
1053 2920 1206 2975 valeo
1242 2919 1495 2991 facultate
1523 2936 1535 2991 ς
1561 2917 1789 2991 respice,
1808 2930 2018 2991 quaeso,

434 2986 628 3046 sereno
664 2992 811 3047 vultu
854 2991 921 3045 ad
940 2986 1055 3046 ’hoc
1092 3006 1226 3045 mete
1267 2989 1566 3060 exiguitatis
1602 2986 1938 3060 obsequium,
1970 2995 2026 3042 et

435 3063 757 3131 propitiabili
802 3062 1110 3128 dignatione
1160 3057 1658 3131 accipe'tantillunt
1702 3057 2025 3131 sacrificium

432 3126 786 3189 confessionis
821 3126 942 3187 fidei
981 3148 1149 3198 mete,
1183 3140 1243 3185 ut
1279 3126 1350 3184 ad
1393 3140 1445 3183 te
1482 3128 1668 3184 redeat
1705 3126 1859 3198 quod
1898 3142 1928 3179 a
1973 3136 2025 3198 te

433 3206 613 3267 venit;
650 3220 754 3259 non
787 3203 1079 3272 respiciens
1116 3197 1319 3257 tantum
1349 3200 1415 3256 ad
1442 3199 1495 3254 id
1520 3198 1660 3272 quod
1686 3197 2022 3272 devotus_of-

433 3273 568 3340 fero,
598 3284 854 3342 quantum
877 3268 953 3327 'ad
977 3290 1039 3329 ea
1077 3288 1196 3342 quae
1225 3268 1571 3342 devotissime
1593 3269 1772 3342 dicere
1800 3268 1940 3342 volui
1968 3278 2023 3322 et

435 3290 568 3340 ICI‘O,
637 3290 854 3328 uantum
885 3290 953 3327 au
977 3290 1039 3329 ea
1077 3290 1196 3342 qua:
1225 3290 1569 3327 αενοιιεειωθ
1593 3290 1772 3324 (licere
1802 3290 1940 3321 VUllll
1968 3290 2023 3322 et

435 3344 576 3415 volo.
598 3290 872 3415 Ιἐὶιιίόίιιιίςι
893 3344 1036 3398 enim
1065 3343 1289 3398 dedecet
1309 3343 1391 3415 vel
1423 3351 1475 3397 te
1493 3338 1745 3415 otiendit,
1766 3337 2023 3415 abhorret

434 3414 611 3469 anima
631 3409 779 3470 inea:
814 3413 1024 3469 Utinam
1045 3428 1258 3484 possem
1283 3412 1405 3484 talia
1431 3412 1603 3483 qualia
1632 3411 1712 3484 illi
1734 3409 2023 3484 bymnidici

432 3486 760 3555 Angelorum
790 3484 973 3556 chori!
1017 3478 1063 3539 σ
1089 3499 1245 3556 quam
1275 3478 1565 3556 diligenter_
1582 3497 1669 3537 me
1699 3478 2025 3556 injlandihus

435 3550 547 3610 tuis
570 3565 738 3611 totum
769 3550 1123 3620 effunderem,
1152 3563 1208 3611 et
1233 3550 1528 3609 luculénter
1554 3553 1605 3606 in
1630 3551 1806 3606 medio
1832 3550 2023 3606 Eccle-

433 3629 527 3681 sia:
555 3642 771 3682 carmen
810 3627 994 3696 gloria:
1031 3635 1135 3681 tua:
1174 3623 1882 3696 infatigabilisperorarem!
1916 3620 2024 3675 Sed

432 3698 554 3766 quia
586 3708 642 3752 ut
671 3692 988 3768 illinequeo,
1022 3710 1239 3767 prorsus
1271 3692 1495 3750 tacebo?
1523 3692 1906 3768 Vze,_Domine,
1940 3700 2023 3745 ta-

1889 397 2253 454 Arraautx.
2325 386 2329 391 “

2126 514 2425 595 iufzmtiiim_
2433 516 2577 595 iacis
2606 500 2836 595 disertus
2875 517 3030 595 (Sep:
3059 536 3101 595 _x
3130 561 3159 595 ,Α
3189 518 3301 595 2i).
3351 520 3552 595 Verum
3598 524 3719 595 quia

3615 405 3721 461 986

2136 588 2372 662 pergulis
2412 588 2531 642 licet
2564 589 2747 662 Iaudes
2793 588 2907 643 tuas
2941 590 3025 645 vel
3058 588 3339 656 balbutire,
3384 594 3597 662 suscipe
3619 588 3715 646 'sa-

2137 656 2417 726 orificium,
2450 674 2659 730 precor,
2701 660 2769 715 de
2812 675 2973 715 manu
3012 662 3206 732 lingua:
3246 679 3399 727 mem,
3430 665 3500 719 de
3532 656 3721 721 cordis

2134 742 2339 789 amore,

2208 800 2314 855 Sed
2343 802 2579 873 ignosce,
2606 817 2756 872 rogo.
2784 802 3026 869 Domine,
3052 803 3418 873 indignissimo
3439 814 3494 860 et
3522 805 3721 861 infelici

2137 880 2311 926 tecum
2343 872 2409 926 de
2434 882 2485 946 te
2504 873 2701 927 diutius
2727 874 2962 946 loquenti
2988 872 3433 944 servoflgnosre,
3463 877 3567 946 pie,
3599 879 3725 945 quia

2138 958 2243 996 non
2286 944 2583 998 temeritate
2622 944 3073 1013 prtesumptiouis,
3117 946 3209 1001 sed
3240 944 3490 999 aviditate
3521 947 3595 1001 tui
3622 944 3725 1001 de-

2136 1013 2318 1068 siderii
2348 1013 2473 1069 huic
2500 1014 2952 1069 deﬂoratiunculze
2994 1031 3210 1085 operam
3250 1017 3373 1071 dedi
3408 1034 3422 1070 :
3456 1027 3510 1070 ut
3554 1018 3721 1074 breve

2135 1093 2189 1138 et
2224 1085 2467 1157 manuale
2495 1085 2715 1139 verbum
2759 1100 2968 1140 mecum
3005 1086 3073 1141 de
3118 1095 3170 1141 te
3199 1102 3409 1157 semper
3436 1086 3719 1153 haberem,

2137 1169 2202 1210 ex
2224 1156 2376 1225 cujus
2402 1157 2630 1211 lectione
2659 1157 2866 1226 quoties
2896 1158 3108 1225 tepetio,
3140 1158 3190 1212 in
3223 1156 3369 1211 tuuin
3393 1159 3723 1213 reaccendar

2135 1240 2395 1297 amorem.
2424 1226 2621 1282 Sumus
2646 1227 2789 1281 enim
2816 1227 2869 1281 in
2901 1227 3077 1282 medio
3114 1228 3422 1297 laqueorum
3455 1230 3632 1295 positi,
3670 1242 3727 1284 et

2138 1296 2261 1351 ideo
2281 1298 2433 1352 facile
2458 1313 2484 1349 a
2509 1297 2712 1353 ccelcsti
2738 1297 3069 1367 frigescimus
3090 1296 3375 1353 desiderio.
3407 1298 3556 1354 Unde
3586 1299 3729 1351 indi-

2138 1382 2324 1437 gemus
2365 1368 2580 1423 assiduo
2623 1369 2972 1431 monimento,
3019 1385 3123 1439 quo
3164 1369 3518 1438 expergefacti
3558 1368 3622 1422 ad
3671 1379 3725 1423 te

2140 1448 2379 1493 nostrum
2407 1455 2593 1495 verum
2615 1454 2989 1509 summumque
3018 1439 3237 1507 bonum,
3267 1454 3388 1494 cum
3412 1439 3721 1505 definimus,

2136 1524 2494 1564 recurramus.
2544 1510 2719 1564 Multae
2765 1510 2995 1578 denique
3045 1518 3168 1564 sunt
3218 1512 3722 1578 contemplationes,

2136 1581 2329 1649 quibus
2352 1580 2527 1634 anima
2558 1581 2747 1636 devota
2791 1581 2882 1635 tibi
2909 1581 3233 1637 exercitatur
3257 1589 3310 1635 et
3339 1580 3542 1650 proficit
3576 1598 3589 1633 :
3622 1582 3722 1636 sed

2138 1652 2276 1705 nulla
2306 1666 2489 1706 earum
2516 1651 2587 1707 ita
2617 1666 2702 1705 me
2727 1652 2976 1717 oblectat,
3008 1661 3100 1705 aut
3134 1667 3286 1707 mens
3311 1668 3426 1705 mea
3468 1652 3718 1717 intendit,

2138 1722 2277 1777 sicut
2299 1723 2383 1776 illa
2404 1738 2522 1791 quae
2543 1723 2610 1777 de
2628 1733 2717 1777 tua
2738 1723 2912 1791 agitur
2935 1722 3276 1792 preprietate.
3306 1722 3506 1777 Idcirco
3537 1738 3724 1777 neces-

2137 1793 2338 1847 sarium
2365 1793 2487 1847 duxi
2521 1792 2664 1848 hunc
2694 1794 2822 1847 mihi
2862 1794 3032 1847 solum
3069 1793 3360 1862 decerpere
3404 1808 3724 1847 sermuncu-

2139 1863 2272 1929 lum,
2301 1864 2389 1918 ubi
2419 1863 2488 1918 de
2515 1864 2896 1933 omnipotentia
2927 1863 3220 1934 maiestatis
3244 1872 3367 1929 tuae,
3396 1864 3534 1918 sicut
3558 1864 3726 1919 corde

2138 1934 2302 1990 credo
2348 1934 2415 1989 ad
2457 1935 2738 2003 justitiam,
2795 1935 2863 1989 ita
2917 1951 3011 1989 ore
3058 1934 3319 1989 confiteor
3364 1934 3431 1988 ad
3488 1934 3719 1988 salutem

2141 2004 2317 2079 (Rom.
2348 2022 2407 2079 _x,
2435 2006 2546 2079 IU),
2580 2006 2829 2079 te_D_eum
2856 2006 3065 2060 Patrem
3095 2005 3403 2079 ingenitum,
3447 2015 3499 2058 te
3526 2004 3723 2059 Filium

2147 2076 2583 2147 unigenitum,'te
2624 2076 2878 2146 Spiritum
2921 2088 3161 2131 sanctum
3201 2076 3548 2145 paracletum,
3588 2090 3722 2147 san-

2147 2145 2286 2202 ctam
2326 2156 2379 2203 et
2418 2145 2739 2203 individuam
2782 2147 3093 2202 Trinitatem
3151 2162 3311 2200 unum
3346 2147 3531 2211 Deum,
3561 2145 3636 2218 (α)
3668 2146 3724 2200 in

2145 2219 2509 2288 magnitudine
2553 2218 2836 2281 infinitum,
2869 2220 2922 2273 in
2961 2219 3150 2272 virtute
3192 2219 3633 2286 omnipotentem,
3669 2218 3725 2288 in

2136 2287 2373 2344 bonitate
2415 2304 2702 2353 summum,
2762 2290 2813 2343 iu
2865 2289 3123 2358 sapientia
3164 2288 3613 2351 ina‘stitnabilem,
3664 2287 3722 2342 in

2138 2361 2374 2415 consiliis
2403 2361 2718 2425 terribilem,
2741 2359 2793 2414 in
2814 2358 3027 2429 judiciis
3050 2359 3273 2429 justum,
3301 2360 3352 2413 in
3382 2358 3726 2429 cogitationi-

2135 2431 2235 2486 bus
2275 2433 2712 2495 secretissimum,
2758 2432 2813 2484 in
2845 2430 3021 2485 verbis
3060 2444 3324 2495 veracem,
3376 2430 3426 2484 in
3471 2429 3729 2498 operibus

2136 2510 2398 2567 sanctum,
2428 2503 2480 2557 in
2517 2502 2893 2557 misericordiis
2914 2501 3223 2570 copiosum;
3254 2516 3377 2570 erga
3404 2500 3724 2569 delinquen-

2139 2583 2219 2627 tes
2241 2574 2707 2642 patientissimum,
2732 2588 2855 2642 erga
2880 2574 3198 2642 pmnitentes
3226 2571 3544 2640 piissimum,
3577 2585 3729 2625 sem-

2136 2641 2398 2712 peridcm
2429 2645 2622 2714 ipsum,
2656 2641 2914 2714 aiternnm
2954 2657 3017 2697 ac
3061 2642 3469 2711 sempiternum,
3498 2641 3726 2714 immor-

2135 2710 2296 2770 talem
2325 2710 2486 2785 atqu'e
2512 2713 3035 2779 incommutabilem;
3067 2710 3223 2783 quem
3261 2727 3361 2767 nec
3386 2712 3554 2781 spatia
3585 2710 3729 2785 dila-

2134 2793 2270 2853 tant,
2298 2782 2413 2841 nec
2430 2785 2664 2841 brevitas
2698 2785 2936 2839 Iocnrum
2966 2782 3231 2854 angustat,
3263 2798 3362 2838 nec
3388 2782 3729 2854 receptacula

2136 2852 2573 2922 ulla'coarctant,
2617 2871 2717 2910 nec
2745 2857 2990 2910 voluntas
3016 2852 3204 2921 variat,
3251 2869 3351 2909 nec
3380 2852 3726 2908 necessitudo

2130 2928 2448 2997 corrumpit,
2495 2942 2594 2983 nec
2637 2936 2826 2981 mmsta
2872 2926 3199 2994 perturbant,
3233 2940 3333 2997 nec
3362 2924 3487 2997 laeta
3514 2923 3732 2997 demul-

2132 3006 2293 3062 cent;
2320 2993 2403 3053 cui
2432 2993 2531 3053 nec
2558 2998 2756 3053 oblivio
2783 2993 2939 3056 tollit.
2984 3012 3085 3052 nec
3114 2996 3367 3050 memoria
3398 2993 3593 3058 reddit,
3622 3008 3731 3048 nec

2133 3070 2401 3137 prmterita
2432 3078 2729 3135 transeunt,
2774 3083 2873 3123 nec
2903 3067 3077 3122 futura
3117 3065 3444 3129 succedunt;
3491 3064 3578 3119 cui
3625 3079 3732 3119 nec

2134 3140 2285 3209 origo
2325 3140 2555 3203 initium,
2584 3155 2686 3195 nec
2725 3148 2963 3208 tempora
2995 3139 3535 3209 incrementum,nec
3564 3148 3729 3189 casus

2136 3208 2296 3265 finem
2327 3212 2509 3266 dabit:
2539 3211 2632 3267 sed
2663 3220 2788 3264 ante
2829 3208 3044 3271 saecula,
3072 3219 3127 3265 et
3168 3208 3220 3261 in
3266 3208 3499 3271 szeculis,
3542 3214 3597 3258 et
3625 3220 3731 3275 per

2131 3282 2326 3336 saecula
2355 3284 2407 3337 in
2436 3291 2696 3336 aeternum
2725 3281 2885 3346 vivis,
2917 3289 2972 3335 et
3012 3287 3095 3334 est
3120 3278 3211 3333 tibi
3242 3277 3358 3331 laus
3384 3275 3637 3347 perennis
3671 3285 3730 3330 et

2134 3361 2331 3406 teterna
2373 3354 2565 3423 gloria,
2608 3367 2815 3407 summa
2846 3344 3081 3423 potestas
3122 3358 3176 3423 et
3204 3344 3484 3423 singularis
3524 3344 3729 3423 honor,

2135 3416 2452 3493 perpetqu
2495 3416 2715 3492 regnum
2757 3431 2810 3476 et
2846 3416 2963 3476 sine
3006 3421 3110 3493 fine
3140 3416 3448 3493 imperium,
3488 3431 3583 3493 per
3608 3416 3729 3470 infi-

2130 3487 2251 3620 Rita'
2292 3505 2347 3550 et
2391 3487 2659 3550 iudeféssa
2700 3500 2757 3548 et
2797 3492 3117 3547 immortalia
3151 3490 3345 3546 sarcula
3381 3487 3731 3544 smcttlurum.

2182 3580 2323 3620 men.

2182 3580 2323 3620 men.

2196 3766 2270 3830 (α)
2308 3764 2489 3814 Alcuiu.
2516 3762 2688 3821 verba,
2711 3759 2806 3810 col.
2828 3758 2936 3820 156,
2960 3772 3006 3808 a.

432 3764 678 3825 centibus
701 3769 769 3826 de
809 3764 880 3834 te,
905 3769 997 3840 qui
1024 3764 1121 3823 ora
1160 3775 1427 3822 mutorum
1457 3766 1704 3829 resolvis,
1737 3771 1791 3817 et
1816 3764 2023 3834 linguas

478 3914 571 3915 ,,,,,
608 3914 621 3915 γ
644 3909 1351 3915 ,#_________.-___.----
1433 3887 3733 3915 w—mwﬂm

472 3909 1351 3916 4_*___.___—————~—___--—7-
1433 3907 2143 3916 σο-ψκ--ο-φ-...ν-..άτῑνηηκ
2166 3907 2173 3908 κ

749 3909 1135 3919 ___—————-——~

434 3915 3732 3953 Ἦ

469 3912 741 3923 -—————

778 4050 1235 4115 ADMONITIO
1278 4049 1359 4111 IN
1402 4046 1805 4110 LIBELLUM
1857 4044 1994 4120 QUI
2034 4042 2360 4106 DICITUR
2410 4040 2824 4104 SPECULUM
2866 4034 3378 4108 PECCATORIS,

506 4200 697 4254 Incerti
727 4199 960 4255 auctoris
1000 4206 1083 4253 est
1119 4195 1260 4251 istud
1292 4194 1435 4250 aliud
1467 4193 1775 4263 Speculum,
1815 4200 1871 4247 et
1899 4190 2179 4261 Augustini
2207 4197 2365 4245 aetate
2403 4189 2570 4243 multo
2601 4186 2936 4258 posterioris.
2969 4186 3124 4242 Patet
3159 4200 3229 4240 ex
3259 4183 3365 4238 illis
3392 4181 3589 4245 verbis.
3636 4196 3738 4237 ca-

437 4295 548 4362 pite
568 4294 600 4346 7
627 4310 640 4346 :
670 4311 689 4344 (
722 4293 789 4346 Et
808 4293 1033 4348 Satanas
1072 4304 1232 4343 ausus
1264 4287 1363 4342 fuit
1388 4302 1507 4341 cum
1541 4286 1721 4340 furore
1750 4285 2006 4354 impetum
2034 4283 2209 4339 facere
2236 4284 2288 4337 in
2316 4281 2707 4337 sanctissimam
2738 4281 2879 4336 beati
2909 4278 3119 4334 Martini
3157 4279 3412 4344 animam,
3447 4275 3536 4346 qui
3575 4284 3724 4337 erat,

430 4395 492 4440 ut
514 4386 728 4450 dicitur,
757 4398 966 4454 gemma
994 4381 1333 4437 sacerdotum
1363 4397 1377 4433 :
1416 4399 1435 4432 ι
1467 4394 1586 4449 qua:
1617 4377 1865 4432 nimirum
1897 4376 2058 4431 verba
2085 4374 2382 4445 respiciunt
2410 4375 2463 4428 in
2492 4373 2703 4429 Martini
2730 4372 2917 4427 laudes
2956 4371 3023 4426 ab
3051 4370 3237 4426 Odone
3259 4369 3599 4425 Cluniacensi
3629 4368 3739 4423 ab-

429 4478 557 4533 bate
592 4473 943 4542 conscriptas.
987 4470 1141 4526 Adde
1180 4469 1465 4541 praebenda:
1503 4468 1845 4532 vocabulum,
1892 4467 1944 4521 in
1983 4466 2157 4537 capite
2184 4467 2235 4530 7,
2271 4480 2368 4535 pro
2398 4463 2662 4520 beneficio
2693 4463 3070 4519 Ecclesiastico
3112 4460 3381 4532 usurpari,
3423 4459 3737 4529 signiﬁcatu

432 4579 558 4623 ante
579 4566 834 4621 saeculum
856 4564 1148 4630 decimum,
1178 4572 1232 4617 ut
1260 4563 1562 4632 opinamur,
1592 4561 1794 4630 ignoto.
1827 4559 1956 4627 QlltB
2008 4567 2267 4628 prteterea
2295 4558 2346 4611 in
2378 4557 2553 4627 capite
2578 4556 2613 4612 5
2640 4557 2905 4626 leguntur,
2936 4570 2997 4610 ea
3024 4553 3271 4609 videntur
3295 4566 3599 4622 supponere
3623 4551 3739 4606 Hu-

429 4662 583 4731 gonis
613 4658 873 4715 Victorini
901 4657 1098 4712 librum
1139 4655 1206 4711 de
1234 4654 1390 4709 Modo
1420 4653 1631 4719 orandi,
1658 4661 1713 4707 et
1741 4667 1987 4723 magnam
2022 4650 2220 4705 habere
2254 4650 2669 4705 consensionem
2696 4664 2816 4703 cum
2848 4648 2985 4703 libro
3011 4662 3168 4717 supra
3199 4661 3399 4701 excuso
3432 4645 3500 4700 de
3525 4645 3737 4714 Spiritu

431 4763 482 4807 εἰ
528 4751 745 4816 Anima,
789 4763 1021 4821 cumque
1062 4746 1321 4818 opusculo
1359 4744 1427 4800 de
1456 4743 1797 4800 Conscientia
1845 4744 1897 4798 in
1938 4741 2197 4799 Bernardi
2225 4740 2555 4811 Appendice.
2594 4741 2830 4821 Collatus
2860 4738 2959 4795 fuit
2992 4738 3082 4794 hic
3108 4738 3321 4793 libellus
3363 4752 3485 4793 cum
3515 4737 3739 4793 duobus

430 4842 555 4898 Mss.
589 4856 697 4896 uno
719 4818 1063 4896 bibliothecae
1088 4837 1287 4908 Regiae,
1321 4844 1375 4892 et
1388 4835 1445 4891 S.
1475 4834 1711 4891 Medardi
1735 4833 2139 4890 Suessionensis
2166 4833 2356 4899 altero,
2390 4833 2442 4887 in
2470 4847 2577 4903 quo
2603 4818 2876 4902 Leo'papa
2902 4832 3119 4886 citatur.

962 5068 1896 5186 SPECULUM
1960 5058 3152 5200 PEGCATORIS,

1613 5274 2089 5385 LIBER
2179 5272 2293 5377 Π
2277 5272 2423 5378 Ν
2437 5272 2638 5378 US.

1910 5483 2004 5535 Ἥ
2032 5483 2057 5495 ρ
2135 5483 2237 5534 εκ
2312 5490 2320 5527 ,

2118 5595 2206 5662 jus
2241 5594 2419 5646 smculi
2462 5591 2708 5655 fugientis
2746 5605 2948 5652 sumus,
2997 5590 3114 5644 dies
3161 5590 3325 5644 nostri
3357 5590 3496 5662 sicut
3538 5591 3735 5648 umbra

2123 5660 2467 5734 prmtcreuut.
2506 5662 2735 5716 Necesse
2763 5672 2845 5715 est
2864 5661 3032 5734 igitur
3080 5661 3240 5715 corde
3273 5660 3500 5714 sotlirito
3528 5664 3733 5734 sai-pius

2124 5731 2429 5796 inctnorari,
2469 5734 2608 5800 ipiod
2640 5744 2817 5786 nostra
2857 5731 3135 5799 fragilitas,
3165 5741 3346 5785 nostra
3376 5732 3620 5785 mortalis
3650 5734 3735 5786 in-

2125 5807 2347 5858 firmitas
2392 5805 2546 5858 toties
2586 5806 2727 5864 cogit
2766 5803 3028 5856 oblivisci.
3070 5802 3206 5869 Quid
3249 5811 3330 5854 est
3364 5802 3531 5854 illud?
3571 5803 3732 5869 Quod

2126 5877 2238 5945 ipse
2276 5876 2611 5943 orunipotens
2642 5876 2897 5931 Dominus
2941 5882 3180 5929 nostrum
3225 5875 3303 5927 sui
3335 5875 3501 5945 gratia
3540 5876 3734 5930 volens

470 4961 3743 4989 WW—

494 5607 719 5663 CAPUT
744 5607 1028 5663 PRIMUM.
1073 5609 1209 5674 Quid
1235 5608 1331 5665 his,
1362 5604 1569 5661 Utinam
1597 5606 1869 5674 saperent,
1891 5606 2013 5674 e_tc.,

426 5690 653 5745 percumr
680 5678 938 5731 doceatur.
978 5669 1261 5745 Quoniam,
1290 5669 1670 5739 cbarissime‘,
1711 5671 1763 5724 iu
1804 5669 1885 5721 via
1919 5669 2017 5721 liu-

489 5830 501 5858 ¹
541 5837 617 5879 .us.
648 5828 987 5889 Mt‘tial‘dCﬂSiS,
1009 5830 1085 5879 hic
1107 5836 1157 5879 et
1180 5824 1320 5889 infra,
1360 5828 1532 5891 fratres
1569 5823 1877 5885 citatissimi;
1927 5825 2015 5875 sed

424 5902 518 5938 non
541 5898 843 5942 constanter.
