4070 6510
561 366 665 423 987

559 499 663 550 que.
686 480 813 536 felix
843 492 966 552 esse
977 478 1386 552 comprobatur,
1415 471 1602 541 quisic
1626 469 1836 552 cogitat
1851 467 1920 549 de
1945 468 2151 552 suppli-

561 539 646 606 cio
672 562 796 606 ante
817 539 1156 620 supplicium,
1185 555 1244 599 ut
1272 539 1456 614 postea
1485 541 1733 614 supplicii
1758 539 1976 610 effugiat
2006 539 2151 608 peri-

562 623 755 678 calum.

630 687 857 746 CtPUT
895 685 985 743 ιν.
1050 685 1400 742 Consideratio
1450 682 1629 736 mortis
1696 697 1899 735 carnem
1957 680 2151 733 domat.

568 757 827 817 L'editatio
855 759 999 828 quasi
1020 759 1198 812 mentis
1218 756 1416 810 ditatio.
1441 753 1585 828 Dicis
1606 768 1732 822 ergo
1755 751 1907 828 mihi,
1933 751 2156 806 Paratus

563 847 678 885 sum
713 848 820 901 pne
847 823 1095 883 omnibus
1119 828 1461 901 acquiescere
1483 823 1934 901 divino_consilio_,
1968 829 2027 901 ut
2064 836 2155 873 sa-

559 892 776 973 piam'et
804 901 1115 973 intelligam,
1137 892 1503 973 ac:novissima
1528 894 1856 973 provideant.
1896 892 2014 973 sed.
2037 905 2158 973 quae

565 963 684 1027 sunt
723 987 843 1027 mea
887 963 1172 1024 novissima
1195 969 1218 1022 ’ἶ
1259 969 1350 1023 Illa
1384 963 1566 1034 utique
1596 966 1662 1019 de
1696 965 1887 1033 quibus
1927 963 2157 1034 Spiritus

560 1052 780 1099 sanctus
801 1043 896 1097 tibi
925 1057 1017 1108 per
1041 1041 1381 1094 Salomonem
1415 1033 1647 1106 loquitur
1671 1036 1874 1108 dicens,
1911 1033 2037 1094 Fili,
2101 1033 2156 1086 in

560 1113 792 1168 omnibus
826 1107 1104 1165 mentorare
1143 1111 1413 1163 novissima
1446 1117 1532 1161 tua
1553 1152 1568 1169 ,
1613 1116 1660 1160 et
1692 1107 1744 1159 in
1783 1117 2025 1160 wtcrnnm
2053 1120 2157 1158 non

562 1185 812 1254 peccabis.
843 1183 957 1236 Non
987 1183 1179 1254 melius
1210 1180 1403 1250 poti-rit
1440 1193 1564 1231 caro
1591 1177 1869 1254 luxuriosa
1910 1175 2143 1254 domari,

560 1246 722 1324 quam
765 1253 938 1323 qualis
979 1253 1083 1324 erit
1127 1246 1334 1324 mortua
1372 1248 1728 1324 przemeditari
1761 1265 1774 1300 :
1806 1247 1950 1324 et_s_i_
1973 1246 2155 1313 hujus-

565 1317 709 1378 modi
752 1317 1022 1378 assiduam
1069 1322 1324 1376 habueris
1369 1317 1769 1374 meditationem
1797 1359 1813 1381 ,
1863 1317 2072 1372 felicem
2104 1323 2156 1370 te

566 1395 748 1450 dicent
769 1410 959 1448 omnes
986 1393 1381 1461 generationes.
1415 1389 1686 1444 Meditatio
1711 1389 1852 1442 enim
1882 1387 2014 1441 nihil
2033 1395 2151 1461 est,

562 1481 722 1534 quam
750 1465 944 1518 mentis
972 1457 1179 1518 dilatio.
1210 1462 1512 1534 Peroptime
1539 1475 1667 1528 ergo
1706 1475 1857 1534 mens
1888 1469 1992 1534 tua
2012 1457 2156 1534 dita-

564 1529 690 1603 tur,
730 1534 943 1598 quando
981 1543 1164 1589 contra
1203 1529 1767 1603 cunct'aadversantia
1808 1529 2158 1603 providentia

562 1607 786 1661 scientia
819 1605 1132 1660 irlustratur.
1159 1603 1376 1674 Legitur
1401 1602 1452 1656 in
1483 1611 1659 1670 poeta,
1683 1616 1753 1670 qu

655 1743 858 1787 Centum
879 1733 1146 1784 luminibus
1167 1733 1376 1782 cinctum
1401 1738 1546 1794 caput
1571 1729 1958 1794 Argus__ltabebat
1985 1742 1998 1777 :

1033 1795 1211 1859 (ovidu
1237 1787 1671 1858 Metamorphoth
1694 1790 1776 1842 lib.
1805 1791 1850 1852 1,
1874 1803 1999 1841 vers.
2021 1787 2157 1854 625).

564 1942 706 2013 quod
729 1946 798 1996 ita
825 1949 1000 2013 potest
1033 1941 1272 2011 intelligi,
1305 1940 1426 2008 quia
1453 1955 1517 1994 ex
1547 1938 1689 2013 omni
1725 1945 1874 2013 parte
1911 1935 1992 1990 sui
2022 1936 2158 2013 intra

569 2007 763 2067 mentis
802 2007 912 2066 sine
949 2007 1479 2080 circumspectioncni
1502 2009 1840 2080 prudentiam
1863 2007 2158 2080 "posside-

564 2084 675 2139 bat.
735 2083 895 2152 Igitur
930 2084 973 2136 si
1013 2077 1198 2136 tantae
1230 2081 1409 2136 studio
1449 2077 1670 2137 cautelae
1706 2077 1969 2152 pollebat
1997 2087 2152 2152 poeta

568 2148 820 2224 pagantis,
854 2154 1025 2208 multo
1057 2153 1245 2224 fortius
1271 2152 1539 2224 puriorem
1567 2149 1914 2224 providentiae
1943 2148 2158 2224 oculum

567 2219 730 2279 debet
769 2223 964 2278 habere
1001 2224 1022 2254 ’
1063 2219 1290 2277 clericus
1324 2222 1665 2276 Christianus.
1700 2221 1826 2274 Esto
1859 2233 1987 2288 ergo
2023 2219 2160 2275 alter

565 2299 742 2364 Argus
766 2335 779 2357 ,
810 2294 917 2348 imo
944 2293 1035 2348 illo
1063 2293 1272 2364 cautior
1291 2334 1306 2355 ,
1339 2293 1433 2347 illo
1457 2291 1762 2364 studiosior,
1799 2291 1888 2344 illo
1917 2290 2157 2364 pruden-

564 2360 669 2419 tior
701 2383 714 2446 ξ
733 2364 994 2487 1ntsapias
1020 2373 1076 2419 et
1109 2363 1372 2434 intelligas
1393 2405 1408 2430 ,
1437 2378 1500 2418 ac
1535 2362 1822 2417 novissima
1866 2360 2158 2431 prudenter

565 2451 732 2487 nrovn
755 2451 866 2487 eas.

603 2451 866 2490 I'OVllleﬂS.

565 2453 866 2562 plgg‘ll’eﬁg‘.
899 2504 964 2560 V.
1008 2503 1137 2572 Quae
1157 2504 1258 2558 sint
1292 2503 1579 2557 novissima.
1633 2501 1747 2569 Quo
1787 2503 1958 2573 fructu
1986 2502 2157 2573 provi-

564 2577 798 2631 deantur.
830 2576 932 2631 Sed
952 2593 1072 2646 qua:
1104 2584 1230 2630 sunt
1258 2577 1545 2646 novissima
1578 2572 1837 2646 tuatqua:
1872 2572 2157 2646 providere

563 2648 792 2702 Sollicite
819 2642 1028 2701 summa
1053 2646 1214 2700 totius
1237 2645 1580 2715 providentiae
1597 2642 1713 2699 est?
1737 2642 1927 2715 Utique
1947 2643 2031 2696 illa
2052 2652 2158 2696 ter-

563 2718 733 2772 ribilis
761 2716 914 2781 hora,
947 2717 998 2770 in
1030 2733 1132 2786 qua
1162 2713 1352 2770 misera
1391 2717 1568 2768 anima
1599 2727 1686 2769 tua
1730 2729 1796 2786 ex
1834 2713 1935 2768 hoc
1959 2727 2155 2786 corpu-

563 2790 712 2843 sculo
736 2782 1066 2856 Corruptibili
1099 2788 1293 2840 timens
1319 2797 1401 2840 est
1425 2800 1725 2854 egressura.
1753 2782 1962 2849 Frater,
1994 2784 2156 2840 crede

564 2858 714 2922 mihi,
747 2857 812 2912 ad
843 2858 999 2926 hujus
1041 2856 1121 2912 rei
1163 2857 1495 2911 tremendam
1522 2856 2007 2912 considerationem
2037 2870 2154 2908 ma-

563 2929 726 2982 luisse
753 2929 1016 2982 debueras
1048 2927 1431 2996 providentiam
1463 2926 1756 2996 possidere,
1795 2941 1954 2993 quam
1985 2926 2149 2978 totius

563 2999 746 3053 mundi
773 3000 1209 3052 dominationem.
1244 2997 1455 3053 Utinam
1501 3010 1630 3066 ergo
1667 3009 1884 3064 superes
1913 3009 2032 3066 qua;
2062 2996 2153 3050 Dei

561 3078 709 3134 sunt,
735 3081 788 3123 et
815 3069 1139 3137 intelligeres
1163 3083 1284 3138 qua:
1327 3066 1512 3121 mundi
1557 3063 1703 3132 sunt,
1732 3063 1798 3120 et
1840 3063 2154 3138 providet-es

561 3155 683 3209 qua:
709 3139 898 3194 inferni
925 3148 1082 3194 sunt:
1109 3136 1347 3209 profecto
1385 3138 1550 3192 Deum
1581 3138 1818 3201 timeres,
1845 3136 2152 3209 superbiam

562 3207 668 3280 non
691 3221 970 3280 appeteres
988 3209 1029 3273 ³,
1061 3207 1317 3263 mundum
1348 3217 1739 3280 contemneres,
1787 3215 1843 3261 et
1882 3207 2152 3280 infernum

563 3276 834 3335 horrei-es.
865 3279 920 3334 In
961 3280 1048 3333 illa
1091 3279 1250 3334 nimis
1294 3278 1575 3332 metuenda
1611 3286 1847 3332 extrema
1881 3276 2011 3332 hora
2043 3289 2148 3345 tua,

561 3353 683 3419 quis
712 3352 1026 3416 amicorum,
1059 3350 1178 3417 quis
1225 3358 1503 3418 parentum
1536 3358 1752 3419 tuorum
1771 3348 2005 3419 _venicns
2032 3365 2152 3403 cum

561 3417 752 3488 gladiis
771 3432 826 3474 et
846 3421 1008 3476 armis
1040 3417 1234 3489 poterit
1251 3419 1505 3473 auxilium
1538 3418 1714 3474 ferre?
1740 3417 1856 3472 Non
1882 3419 2024 3489 enim
2051 3422 2155 3475 erit

565 3501 694 3547 tunc
717 3492 808 3560 qui
831 3488 1136 3546 consoletur
1162 3501 1212 3544 tc
1236 3505 1301 3544 ex
1330 3490 1576 3544 omnibus
1599 3490 1779 3560 charis
1807 3491 1911 3543 tuis
1931 3488 2146 3560 (Thren.

564 3577 603 3627 ι,
630 3561 686 3629 2)
709 3559 1048 3630 :i'eSpiciens
1068 3562 1174 3615 eris
1198 3561 1262 3614 ad
1288 3562 1539 3614 auxilium
1563 3569 1616 3614 et
1635 3559 1955 3629 adjutorium
1981 3559 2153 3615 homi-

565 3648 715 3697 num,
738 3632 831 3687 sed
863 3633 1120 3701 refugium
1146 3641 1294 3685 tuum
1314 3631 1681 3685 tantummodo
1698 3631 1934 3700 cstapud
1964 3632 2150 3686 Deum.

561 3701 748 3774 Cogita
796 3702 953 3774 igitur
983 3714 1176 3767 tecum,
1205 3701 1538 3774 charissime,
1573 3717 1678 3774 quo
1721 3702 1911 3756 tinnire
1953 3702 2150 3757 timcn-

562 3773 682 3844 dus,
713 3772 830 3844 quo
854 3789 1040 3828 amore
1078 3772 1401 3844 diligendus,
1441 3789 1548 3843 quo
1577 3772 1780 3827 honore
1816 3774 2150 3828 venerandus

562 3843 633 3898 sit
659 3841 771 3913 ipse
801 3845 1054 3898 Dominus
1081 3841 1238 3900 Iesus
1265 3841 1508 3898 Christus
1537 3844 1676 3898 Deus
1701 3852 1903 3908 uoster,
1941 3844 2030 3913 qui
2060 3859 2150 3898 sa-

563 3913 690 3986 lutis
716 3915 1021 3986 praesidium
1065 3915 1208 3968 solus
1236 3924 1487 3983 praestare
1514 3914 1709 3986 poterit
1751 3922 1869 3986 post
1898 3925 2146 3968 mortem.

561 3985 745 4041 Reduc
782 4001 930 4055 ergo,
959 3985 1292 4049 chariSsime,
1331 3986 1529 4054 smpius
1567 3985 1622 4039 in
1648 3985 1962 4038 memoriam
2003 3985 2148 4040 illmn

561 4065 857 4111 extremum
880 4057 1052 4110 exitus
1079 4057 1153 4110 tui
1178 4055 1320 4109 diem
1343 4073 1356 4111 :
1377 4067 1431 4110 et
1453 4066 1735 4125 antequam
1755 4055 1946 4109 misera
1971 4055 2150 4110 anima

566 4135 654 4195 tua
685 4141 751 4180 ex
796 4141 1016 4180 carcere
1053 4127 1445 4195 carnisexcat,
1503 4126 1776 4193 provideat
1819 4141 1926 4195 quo
1969 4126 2145 4180 vadat.

562 4194 641 4266 (α)
695 4195 998 4250 Istiusmodi
1069 4194 1369 4251 reciirdatio
1431 4194 2146 4265 contritionemiconcipit,

561 4266 814 4324 contritio
840 4268 1302 4333 compunctionem
1333 4267 1487 4334 parit,
1519 4267 1860 4332 compunctio
1900 4279 2149 4321 contem-

564 4336 873 4405 plationem,
892 4337 1093 4391 scilicet
1117 4337 1257 4402 pium
1279 4348 1333 4391 et
1355 4335 1603 4391 humilem
1621 4335 1864 4390 affectum
1887 4336 1938 4391 in
1959 4337 2146 4402 Deum;

568 4407 711 4473 pium
743 4405 1075 4460 vidclicetex
1108 4407 1297 4461 liducia
1315 4407 1564 4475 adjutorii
1591 4408 1784 4460 divina:
1819 4407 2069 4462 boiiitatis
2095 4418 2150 4463 et

563 4477 898 4549 clementia},
920 4476 1172 4549 humilem
1195 4493 1266 4549 ex,
1285 4478 1713 4549 consideratione
1740 4479 1968 4549 propriae
1999 4477 2150 4549 fragi-

565 4546 730 4601 litatis
755 4555 809 4600 et
834 4548 1081 4600 miseriae.
1111 4547 1226 4609 llic,
1258 4547 1442 4612 lector,
1473 4548 1706 4602 attende.
1735 4546 1870 4614 Quid
1897 4551 2041 4603 enim
2068 4546 2152 4604 est

564 4618 615 4672 in
647 4617 792 4670 omni
818 4618 1061 4678 scientia,
1103 4618 1243 4688 quod
1275 4619 1542 4673 hominem
1572 4621 1823 4687 provocet
1853 4619 2057 4673 facilius
2081 4619 2146 4673 ad

561 4689 642 4742 sui
671 4688 988 4752 custodiam,
1016 4697 1071 4742 et
1095 4703 1306 4759 omnem
1331 4689 1644 4759 rinjnstitiam
1665 4690 2057 4759 expellendam,
2082 4690 2148 4744 ad

561 4760 897 4814 sanctitatem
929 4759 980 4813 in
1013 4759 1204 4814 timore
1250 4758 1342 4813 Ι)ρί
1388 4758 1787 4828 perficiendam,
1835 4777 1992 4830 quam
2039 4775 2149 4814 suae

561 4830 919 4898 corruptionis
957 4829 1334 4890 consideratio,
1369 4845 1478 4883 sua:
1516 4829 2026 4886 mortalitatiscerta
2053 4847 2148 4884 co»

561 4900 749 4965 gnitio,
793 4909 1061 4969 postremo
1104 4901 1391 4955 tremendae
1433 4903 1621 4956 mortis
1660 4917 1770 4956 sua:
1811 4901 2151 4956 recordatio?

561 4971 784 5037 Quando
826 4972 966 5025 enim
999 4971 1161 5025 homo
1191 4975 1244 5025 lit
1293 4987 1394 5026 non
1438 4970 1619 5035 homo,
1662 4972 1765 5027 hoc
1801 4982 1904 5037 est,
1937 4972 2149 5042 quando

559 5042 888 5110 :egrotescit,
914 5044 1225 5111 aegrotando
1254 5042 1512 5112 aigritudo
1540 5044 1754 5108 crescit,
1780 5053 2028 5110 peccator
2057 5060 2151 5097 ex-

563 5113 820 5178 pavescit,
852 5127 946 5166 cor
979 5114 1366 5177 contremiscit,
1393 5123 1552 5181 caput
1581 5113 1929 5181 obstupescit,
1958 5129 2150 5169 sensus

558 5182 850 5248 evanescit,
883 5183 1050 5237 virtus
1075 5186 1360 5249 cxareScit,
1395 5185 1569 5239 vultus
1597 5185 1854 5252 pallescit,
1887 5185 2046 5238 facies
2072 5186 2150 5238 ni-

556 5253 775 5318 grescit,
804 5254 991 5306 oculus
1015 5256 1355 5318 tenebrescit,
1385 5256 1528 5308 auris
1553 5255 1838 5319 surdescit,
1866 5270 2027 5308 nasus
2051 5273 2149 5323 pu-

561 5328 760 5382 trescit,
789 5323 964 5391 lingua
993 5325 1204 5389 fatiscit,
1229 5341 1290 5379 os
1317 5325 1658 5388 obmutescit,
1682 5341 1874 5392 eorpns
1897 5325 2145 5392 tabescit,

555 5408 686 5446 caro
711 5394 1024 5448 marcescit:
1052 5406 1175 5449 tunc
1198 5397 1378 5450 carnis
1402 5397 1737 5465 pulchritudo
1767 5395 1904 5450 fetor
1923 5396 2150 5451 efficitur

623 5526 879 5635 ζάεέἓιμεῖ.
905 5533 960 5576 Al.
978 5527 1114 5588 editi,
1140 5524 1267 5591 quod
1288 5526 1460 5579 mentis
1480 5541 1584 5578 sua:
1607 5526 2079 5593 circumspectimzem
2100 5535 2148 5579 et

610 5600 651 5629 'l
772 5600 832 5635 mi
874 5625 884 5634 .

598 5599 651 5632 ru
874 5625 884 5634 ,

548 5599 916 5755 ἷιιξὲἕὲἵὲἓαο
942 5648 1019 5700 hic
1040 5649 1188 5708 addit.
1214 5650 1416 5713 populus
1440 5649 1529 5701 vel.
1553 5651 1731 5714 Regius
1761 5659 1942 5713 autem,
1982 5665 2147 5701 mona-

550 5719 682 5756 icrms
705 5719 797 5756 vet.

627 5771 646 5834 ξ
679 5767 818 5834 alias,
839 5782 1044 5834 superna
1075 5778 1339 5834 appeterem.

611 5829 700 5891 (rt)
742 5830 837 5877 \id.
857 5828 948 5880 lib.
973 5831 1038 5881 de
1062 5828 1236 5894 spiritu
1262 5843 1309 5883 ct
1331 5833 1516 5897 Anima,
1545 5847 1648 5896 cap.

1847 6484 1960 6496 ..⁸
2002 6489 2088 6494 ο..
2130 6484 2193 6494 Δ
2237 6489 2286 6494 .-
2455 6491 2470 6493 -
2651 6494 2658 6495 κ
2777 6491 2792 6498 _
2857 6492 2920 6500 -
3001 6492 3012 6502 Ι
3089 6491 3108 6495 κ
3185 6494 3253 6502 -·

2022 352 2392 411 APPENDIX.
3722 368 3810 427 983

2261 477 2316 550 et
2342 467 2584 536 putredo,
2611 475 2736 522 tunc
2760 467 2920 524 homo
2941 468 3164 526 solvitur
3187 470 3240 526 in
3264 472 3520 539 cinerem,
3547 484 3596 532 et
3619 484 3810 538 vertitur

2263 555 2314 592 Ill
2345 553 2600 593 vermem.

2264 649 2466 714 ((1)7Post
2485 649 2730 714 hominem
2757 652 2955 710 vermis,
2978 659 3088 714 post
3109 666 3329 703 vermem
3351 653 3474 706 fetor
3493 663 3544 706 et
3565 657 3730 712 horror.

2321 713 2394 761 sic
2415 713 2462 761 in
2482 725 2576 761 non
2595 713 2842 762 hominem
2859 713 3064 764 vertitur
3083 717 3240 765 omnis
3260 716 3418 766 homo.

2336 797 2491 862 Ecce,
2539 796 2706 852 frater
2749 798 2818 851 mi
2863 798 3194 862 charissime,
3244 815 3370 856 ecce
3421 803 3548 856 satis
3590 803 3808 862 horribile

2262 867 2651 946 spectaculum,
2675 869 2767 946 sed
2789 880 2878 946 _est
2908 870 3066 946 nimis
3091 872 3222 926 utile
3251 873 3556 946 speculum;
3587 878 3808 946 quoniam

2263 938 2572 1014 nnlla_a_rtis
2612 939 2895 1014 medicina,
2944 941 3192 1014 nullaque
3233 938 3471 997 doctrina
3512 938 3809 1014 sic'snpcrat

2263 1010 2589 1090 superbiam,
2625 1011 2826 1090 nec_sic
2850 1012 3012 1090 vincit
3035 1013 3312 1090 malitiam,
3334 1029 3434 1090 nec
3461 1015 3536 1070 sic
3560 1010 3810 1090 exstinguit

2267 1080 2558 1146 libidinem,
2584 1097 2680 1134 nec
2705 1082 2782 1135 sic
2808 1081 2989 1135 mundi
3022 1083 3193 1137 calcat
3227 1087 3531 1150 vanitatem,
3572 1090 3700 1141 sicut
3719 1080 3807 1146 liu-

2258 1151 2808 1224 jnsmodipborrcndai
2826 1154 3010 1206 mortis
3035 1155 3354 1209 recordatio.
3391 1155 3590 1210 Utinam
3615 1174 3729 1224 ergo
3742 1178 3810 1214 sa-

2264 1232 2456 1291 perent.
2486 1222 2550 1275 Et
2572 1222 2696 1291 quid
2727 1223 2846 1276 huic
2875 1225 3071 1278 mundo
3097 1234 3299 1278 tantum
3325 1227 3552 1293 vilescit,
3579 1222 3703 1282 sicut
3730 1230 3808 1285 ho-

2265 1308 2372 1354 mo,
2407 1293 2559 1366 cujus
2587 1308 2781 1366 corpus
2823 1309 2943 1366 cum
2991 1295 3059 1348 sit
3097 1297 3362 1358 exanime,
3393 1312 3498 1350 non
3526 1300 3808 1366 permittitur

2264 1378 2383 1417 esse
2400 1363 2544 1434 intra
2574 1363 2788 1418 domum
2813 1365 2988 1419 triduo
3012 1381 3121 1434 prro
3149 1366 3352 1422 fetore:
3374 1368 3464 1422 sed
3489 1363 3543 1420 nt
3566 1370 3662 1424 vile
3693 1381 3806 1424 ster-

2263 1449 2357 1488 CttS
2388 1433 2531 1506 foras
2563 1435 2854 1502 projicitur,
2887 1437 2936 1489 in
2975 1433 3239 1506 profundo
3277 1447 3432 1492 terrzc
3479 1439 3805 1506 absconditur,

2267 1505 2529 1628 Itall‘ptlill‘j
2559 1506 2801 1570 traditur,
2838 1505 3104 1562 vermibus
3131 1508 3184 1561 in
3212 1523 3390 1563 escam
3414 1507 3587 1577 datur,
3609 1505 3808 1568 cadaver

2267 1591 2294 1628 Β
2338 1586 2516 1628 lCIllll'.

2265 1586 2516 1629 011101111Γῖ

2334 1645 2560 1717 CAPUT
2599 1646 2688 1701 Vl.
2730 1647 2810 1700 De
2833 1649 3011 1703 studiis
3031 1649 3192 1702 ranis.
3227 1647 3305 1703 De
3324 1649 3592 1717 disciplina
3615 1650 3690 1704 hic
3713 1653 3808 1706 rub-

2264 1716 2449 1770 eimda.
2504 1717 2794 1790 Erubescat
2833 1734 2960 1787 ergo
2987 1719 3246 1788 superbus
3288 1730 3341 1774 et
3368 1716 3547 1775 infelix
3575 1732 3805 1790 peccator.

2263 1798 2315 1861 e_t
2363 1789 2814 1861 timeatclatione
2861 1801 3112 1855 ca-catus,
3156 1791 3232 1844 ira
3265 1789 3635 1856 inflammatus,
3663 1793 3809 1861 impa-

2267 1857 2883 1932 tientizevitio‘l'mdatus,
2913 1861 3132 1916 scientia
3156 1862 3368 1932 inflatus
3391 1880 3404 1916 :
3429 1862 3512 1916 cui
3538 1863 3646 1932 plus
3665 1857 3810 1931 placet

2263 1943 2353 2002 ars
2383 1929 2705 2002 dristotelis,
2736 1947 2893 2000 quam
2926 1933 3145 1986 scientia
3177 1931 3244 1986 de
3270 1929 3560 2002 Apostolis',
3588 1929 3695 2000 plus
3730 1949 3807 1988 co-

2263 1997 2364 2071 dex
2388 1999 2651 2071 Platonis,
2683 1997 2839 2070 quam
2873 2003 3004 2057 liber
3047 2002 3292 2058 divinus:
3317 1997 3475 2071 quem
3517 1997 3650 2058 nulla
3677 2003 3809 2058 lectio

2264 2069 2518 2144 laetificat,
2553 2069 2944 2126 nullascientia
2976 2072 3224 2134 aedificat,
3257 2069 3433 2128 nullus
3464 2089 3636 2129 sermo
3675 2076 3807 2144 sapit,

2263 2140 2364 2194 nisi
2389 2140 2548 2214 fuerit
2572 2144 2911 2214 grammatice
2937 2153 3246 2213 Conceptus,
3273 2145 3554 2198 dialectice
3582 2140 3807 2214 imagina-

2265 2221 2369 2277 tus,
2400 2210 2665 2266 rhetorice
2707 2225 3050 2283 purpuratus.
3097 2210 3304 2269 Stultus
3343 2229 3401 2268 es
3431 2215 3522 2285 qui
3549 2214 3656 2270 haec
3681 2210 3808 2284 igno-

2263 2297 2372 2355 ras,
2398 2291 2455 2336 ct
2481 2298 2660 2338 erras:
2684 2285 2934 2352 quoniam
2961 2286 3050 2355 qui
3079 2286 3202 2339 talia
3246 2295 3428 2354 agunt.
3475 2294 3530 2340 et
3569 2287 3618 2338 in
3646 2286 3810 2339 talibus

2261 2351 2376 2406 dies
2397 2367 2522 2408 θυοδ
2541 2351 2878 2420 consninunt,
2910 2351 3184 2424 peccatum
3203 2351 3303 2411 sibi
3326 2365 3600 2426 generant,
3623 2367 3672 2410 et
3687 2371 3810 2410 mor-

2262 2431 2367 2496 tem
2393 2437 2606 2496 parant;
2642 2425 2762 2494 quia
2788 2440 2852 2480 ex
2881 2427 3041 2481 simili
3073 2427 3246 2481 studio
3277 2425 3506 2482 similem
3544 2427 3811 2496 concipiunt

2261 2494 2557 2580 Scientiam,
2590 2494 2694 2580 hoc
2719 2505 2820 2560 est,
2851 2496 3273 2580 folia‘colligunt,
3299 2494 3718 2580 non‘fructus,.id
3736 2507 3806 2551 est

2259 2565 2442 2630 verba,
2467 2581 2572 2620 non
2595 2569 2849 2630 virtutes;
2880 2568 3038 2623 verba
3064 2565 3205 2623 enim
3234 2569 3287 2623 in
3311 2575 3526 2622 ventum
3550 2570 3807 2637 proferunt,

2260 2645 2308 2689 et
2337 2651 2515 2691 aerem
2546 2638 2721 2692 verbis
2751 2638 3052 2702 verberant,
3101 2639 3482 2694 verbositatem
3514 2649 3712 2704 sonant,
3739 2641 3810 2706 ja-

2259 2706 2516 2779 ctantbnn
2550 2718 2849 2762 ostentant:
2877 2709 2945 2764 de
2970 2710 3162 2779 quibus
3193 2725 3288 2778 per
3332 2709 3661 2763 Psalmistam
3699 2709 3810 2763 dicis

2262 2785 2365 2839 tur,
2398 2776 2605 2832 Turbati
2627 2789 2743 2833 sunt
2771 2788 2820 2833 et
2839 2781 2962 2832 moti
2984 2776 3246 2834 suntsicitt
3267 2780 3454 2846 ebrius,
3485 2789 3532 2832 et
3567 2780 3716 2832 omnis
3739 2795 3808 2831 ta-

2259 2847 2448 2970 rientia
2473 2864 2646 2902 eorum
2667 2850 2903 2904 devorata
2933 2858 3003 2904 est
3032 2851 3204 2920 (Psal.
3243 2865 3353 2913 CVI,
3385 2850 3501 2920 27).
3529 2851 3669 2906 Sicut
3693 2851 3808 2904 enim

2279 2933 2421 2970 tomo
2445 2920 2625 2970 ebrius
2655 2922 2824 2970 nescit
2851 2921 2974 2970 (inid
3005 2923 3130 2970 agit-
3158 2929 3249 2970 aut
3290 2938 3394 2970 nuo
3416 2922 3580 2970 vadit-
3609 2935 3669 2970 eo
3690 2918 3805 2970 nuud

2279 2933 2421 2993 iomo
2445 2920 2625 2993 ebrius
2655 2922 2824 2975 nescit
2851 2921 2974 2990 quid
3005 2918 3131 2992 agit,
3158 2929 3249 2976 aut
3290 2918 3581 2993 quovadit,
3609 2935 3669 2993 eo
3690 2918 3805 2993 quod

2258 3003 2318 3060 se
2350 2989 2527 3060 ipsum,
2547 2991 2784 3056 ignorat;
2808 2989 2880 3046 ita
2907 2989 3217 3060 insipientes
3236 2993 3254 3025 ⁸
3283 2989 3466 3047 clerici
3492 2991 3754 3060 saeculares
3767 2990 3808 3044 in

2259 3058 2486 3115 bibenda
2519 3059 2822 3130 hujusmodi
2853 3058 3072 3118 scientia
3102 3079 3160 3117 se
3186 3063 3530 3129 conturbant,
3561 3063 3710 3117 libros
3731 3059 3808 3130 de-

2259 3140 2467 3203 vorant,
2499 3129 2788 3188 sententias
2813 3133 3182 3202 multiplicant,
3212 3133 3305 3188 sed
3343 3133 3475 3202 quid
3505 3141 3655 3203 agant
3682 3129 3808 3200 peni-

2259 3208 2344 3255 tus
2370 3201 2633 3270 ignorant,
2674 3204 2796 3272 quia
2836 3203 2903 3258 ad
2931 3201 3087 3272 quem
3120 3203 3278 3258 tinem
3297 3201 3563 3272 Amiserum
3595 3205 3804 3267 tendant,

2259 3265 2437 3344 miseri
2457 3289 2561 3327 non
2581 3265 2878 3329 atteiidunt.
2899 3265 3158 3329 O'utinam
3182 3265 3313 3328 tales
3335 3275 3606 3344 saperent!
3623 3272 3674 3328 Si
3690 3265 3808 3326 enini

2258 3341 2503 3417 fugientis
2525 3346 2646 3398 vitae
2669 3362 2779 3400 sua:
2805 3345 3116 3400 brevitatem
3139 3341 3570 3417 perpendissent,
3587 3343 3806 3417 sidamna

2257 3413 2464 3468 dicrntn
2511 3431 2727 3469 suorum
2771 3426 2896 3472 ante
2933 3417 3118 3471 oculos
3142 3413 3577 3482 'convertissent,
3605 3416 3808 3484 siquam

2257 3485 2536 3541 tremendo
2558 3485 2778 3554 judicio,
2806 3503 2909 3540 non
2934 3495 3134 3541 tantum
3156 3486 3223 3541 de
3250 3487 3479 3542 mortuis
3504 3501 3680 3541 eorum
3705 3499 3810 3553 ope-

2255 3555 2425 3622 ribus,
2455 3557 2560 3610 imo
2586 3557 2653 3612 de
2680 3558 2822 3611 omni
2856 3558 3025 3612 verbo
3071 3558 3243 3612 otioso
3289 3573 3452 3624 quam
3482 3557 3710 3613 districte
3737 3570 3810 3624 rc-

2255 3627 2510 3699 5ponsnri
2546 3635 2691 3693 sunt,
2727 3628 3123 3695 praevidissent;
3158 3643 3278 3683 mox
3311 3623 3522 3683 terrore
3549 3623 3806 3699 perterriti,

2256 3712 2379 3751 mox
2409 3697 2590 3752 divino
2621 3713 2804 3753 aniorc
2851 3699 3111 3765 percussi,
3160 3713 3292 3752 vana
3325 3699 3488 3766 hujus
3520 3696 3639 3753 vita:
3662 3696 3807 3750 studia

2255 3768 2613 3838 reliquissent,
2648 3777 2704 3824 et
2730 3769 2798 3822 de
2825 3769 3000 3822 studio
3030 3769 3279 3825 vanitatis
3307 3769 3586 3823 venissent
3624 3768 3684 3821 ad
3710 3776 3806 3820 stu-

2255 3836 2400 3892 dium
2430 3839 2685 3904 veritatis,
2719 3849 2774 3894 ct
2801 3839 2868 3894 de
2895 3839 3071 3893 studio
3100 3839 3436 3894 stultitim'ad
3483 3839 3704 3894 studium
3735 3852 3808 3890 sa-

2257 3909 2491 3978 pientiae,
2540 3909 2642 3965 hoc
2685 3919 2788 3976 est,
2837 3909 2904 3965 de
2949 3909 3126 3965 studio
3154 3911 3483 3965 curiositatis
3509 3915 3573 3963 ad
3602 3908 3806 3978 studium

2254 3976 2452 4034 Sancta:
2482 3979 2813 4044 humilitatis,
2843 3980 2910 4035 de
2934 3982 3116 4035 schola
3150 3982 3371 4035 luxuriie
3392 3990 3448 4035 et
3481 3976 3809 4050 pravitatisad

2255 4050 2493 4104 scholam
2525 4050 2798 4105 munditia:
2824 4060 2878 4106 et
2907 4051 3202 4106 sanctitatis
3227 4067 3318 4104 seu
3350 4047 3632 4114 castitatis,
3651 4047 3808 4103 devita

2256 4120 2549 4190 iniquitatis
2574 4122 2638 4174 ad
2667 4123 2827 4176 vitam
2857 4122 3176 4188 sanctitatis,
3208 4121 3310 4176 hoc
3350 4132 3456 4187 est,
3494 4121 3564 4176 de
3592 4121 3690 4174 vita
3718 4117 3810 4172 for-

2256 4193 2538 4246 nicationis
2567 4191 2632 4245 ad
2661 4193 2818 4246 vitam
2848 4192 3017 4247 beatze
3045 4193 3337 4260 religionis,
3366 4192 3418 4246 id
3447 4202 3548 4256 est,
3580 4191 3646 4245 de
3671 4190 3806 4260 domo

2254 4263 2678 4317 conversationis
2709 4263 2990 4317 mundana:
3015 4263 3080 4317 ad
3111 4258 3328 4317 domum
3357 4273 3562 4317 sancta:
3598 4258 3808 4326 discipli-

2255 4349 2360 4387 nae.
2392 4333 2544 4389 Unde
2570 4333 2879 4388 benedictus
2909 4335 3022 4404 ipse
3058 4333 3288 4402 Spiritus
3326 4343 3549 4389 sanctus
3593 4349 3683 4403 per
3706 4331 3813 4404 Pro-

2256 4405 2470 4477 plietam
2509 4400 3181 4477 peccatoribnsprzccipit,
3222 4405 3430 4477 dicens,
3475 4400 3814 4477 Appreliendite

2255 4471 2594 4545 disciplinam,
2641 4491 2703 4528 ne
2727 4471 2934 4542 quando
2957 4471 3209 4529 irascatur
3241 4471 3591 4539 Daininus,'et
3632 4471 3813 4545 pereatis

2255 4547 2318 4600 de
2358 4542 2436 4627 uia
2467 4547 2612 4627 justa
2657 4545 2825 4627 (Pa-al.
2858 4561 2915 4610 tt,
2943 4545 3056 4618 1‘2).
3150 4561 3312 4627 quam
3331 4547 3604 4627 terribilis
3626 4542 3700 4598 est
3721 4542 3814 4627 hac

2256 4615 2516 4671 sententia
2557 4625 2612 4670 et
2651 4615 2809 4669 nimis
2839 4615 3121 4670 metuenda
3150 4617 3230 4670 his
3255 4618 3342 4684 qui
3367 4615 3698 4684 disciplinam
3728 4625 3812 4664 non

2255 4687 2687 4756 apprehendunt!
2716 4702 2780 4742 ex
2813 4687 2910 4741 hac
2939 4688 3165 4758 Spiritus
3199 4687 3364 4758 sancti
3402 4687 3667 4758 sententia
3692 4688 3815 4754 pilel

2256 4755 2377 4828 quia
2404 4759 2692 4828 peribunt.
2723 4759 2854 4812 Hinc
2884 4755 3146 4827 est—quod
3192 4757 3453 4828 Dominus
3497 4773 3592 4826 per
3627 4755 3814 4828 ΜίὟξῖῬ

2255 4821 2351 4895 ait,
2384 4821 2561 4883 Oinnis
2585 4829 2755 4900 anima
2781 4845 2892 4896 qua:
2917 4821 3194 4900 non'fuerit
3216 4829 3398 4900 afflicta
3419 4821 3637 4900 die-lter,
3663 4821 3814 4894 peribit

2257 4901 2320 4954 de
2341 4899 2527 4969 papula
2558 4916 2664 4952 meo
2691 4895 2873 4971 (Lroit.
2910 4895 3061 4961 xxni,
3088 4895 3203 4971 29).
3238 4895 3480 4971 Notanda
3514 4907 3637 4952 sunt
3663 4907 3795 4971 allen.

2259 4968 2362 5025 tius
2393 4971 2552 5023 verba
2586 4968 2706 5041 ista.
2736 4969 2942 5036 Anima,
2972 4968 3170 5041 inquit,
3189 4970 3386 5037 peribit,
3423 4985 3538 5032 qua:
3565 4984 3661 5020 non
3689 4968 3812 5034 fuerit

2257 5043 2458 5113 afﬂicta,
2489 5039 2732 5104 subaudi,
2765 5057 2860 5110 per
2886 5039 3240 5113 disciplibam,
3272 5055 3366 5108 per
3390 5055 3600 5093 morum
3627 5047 3819 5113 correc-

2259 5107 2478 5172 tionem,
2505 5128 2597 5179 per
2622 5107 2944 5179 paenitentia:
2961 5107 3398 5178 saiisfactionem,
3419 5125 3516 5179 per
3535 5107 3704 5179 cordis
3719 5119 3823 5179 con—

2258 5175 2545 5244 tritiouein,
2579 5175 2672 5250 per
2691 5183 3030 5236 conscienlite
3054 5175 3502 5251 purificatione-ni.
3523 5181 3588 5234 Et
3613 5175 3809 5251 dicebab

2256 5255 2338 5308 die
2382 5255 2497 5316 hac,
2544 5247 2594 5306 id
2637 5263 2739 5320 est,
2774 5254 2824 5306 in
2857 5247 3102 5320 prazsen'ti
3135 5263 3375 5322 tempore
3422 5247 3706 5322 gratiasiil
3730 5255 3814 5306 est,

2256 5327 2340 5380 die
2363 5324 2524 5393 hujus
2551 5325 2705 5397 vite:
2736 5325 2983 5394 quoniam
3018 5325 3106 5392 qui
3141 5321 3256 5377 non
3278 5323 3503 5397 suscipit
3532 5321 3682 5397 modo
3703 5325 3812 5397 tem.

2256 5412 2356 5465 pus
2384 5396 2726 5464 pmuitentizn,
2757 5393 2878 5462 post
2903 5405 3131 5450 mortem
3173 5410 3276 5446 non
3303 5393 3505 5447 invenit
3546 5393 3710 5445 locum
3746 5393 3810 5438 iti-

2256 5467 2558 5536 dnlgentim.
2589 5465 2923 5536 Quapropter
2955 5465 3101 5531 time,
3135 5475 3186 5518 tu
3213 5474 3484 5536 peccator,
3515 5473 3568 5516 tu
3601 5474 3719 5516 caro
3741 5470 3813 5509 su-

2259 5535 2440 5608 perba,
2468 5545 2521 5590 tu
2547 5537 2651 5590 vile
2675 5535 2922 5603 cadaver,
2952 5551 3108 5606 quem
3136 5535 3310 5590 adhuc
3337 5535 3601 5588 viventem
3627 5537 3813 5585 vermes

2320 5651 2336 5682 ³
2372 5656 2453 5698 Ms.
2475 5650 2652 5720 Regius
2671 5647 2817 5707 addit,
2836 5643 3060 5698 monachi
3079 5653 3149 5707 et;
3161 5644 3289 5710 quod
3307 5646 3632 5709 sequentibus
3653 5640 3819 5690 videtur

2255 5727 2349 5763 non
2373 5724 2654 5761 convenire.
3775 5761 3779 5766 ⁵

2319 5775 2390 5835 (o)
2426 5776 2476 5822 tti
2529 5784 2700 5835 versus
2737 5772 2911 5821 absunt
2958 5784 2984 5820 a
3031 5777 3136 5820 Mss.
3186 5769 3426 5819 habentur
3469 5775 3521 5819 et
3559 5766 3642 5815 lib.
3681 5758 3812 5812 Medii.

2252 5834 2481 5886 Bernard.
2508 5847 2608 5897 cap.
2631 5834 2661 5881 ὖ
