4070 6536
584 440 687 495 99ῗὶ

585 572 724 619 rari;
753 554 903 623 cujus
932 553 1020 607 lux
1046 560 1151 605 tam
1181 549 1351 623 solem
1378 548 1641 623 _obscurat
1661 553 1777 623 ,_ut
1804 544 1920 623 ejus
1950 558 2168 623 compa-

586 615 792 681 ratione
818 615 1016 678 nullam
1046 624 1236 676 habeat
1265 620 1345 674 sol
1377 620 1580 681 lucem;
1622 617 1775 685 cujus
1800 615 2028 669 dulcedo
2062 624 2167 668 tam

589 700 692 750 nicl
721 703 966 765 superat,
996 695 1131 765 utAei
1163 700 1526 765 comparatum
1558 688 1703 742 velut
1730 686 2073 765 absynthium
2102 685 2171 765 sit

586 756 1001 821 amarissimum.
1037 763 1204 833 Cujus
1234 756 1421 817 faciem
1449 762 1492 814 si
1521 756 1949 833 omnescarcere
1965 756 2171 833 inferni

588 839 776 893 inclusi
804 837 1077 896 viderent,
1115 828 1320 886 nullam
1365 828 1843 901 pmnani,nullum
1891 828 2169 901 dolorem,

590 909 895 978 nullamque
924 907 1190 978 tristitiam
1209 897 1699 978 _seut_ireut;_cujus
1727 898 2007 969 praesentia
2036 897 2080 950 si
2120 897 2173 978 in

588 968 946 1034 inl'erno'enm
978 977 1174 1030 sant-tis
1206 976 1219 1006 ¹
1256 968 1639 1028 habitatoribus
1667 968 1970 1040 appareret,
1996 968 2173 1040 conti-

589 1066 697 1104 nuo
729 1052 968 1104 infernus
995 1050 1045 1100 in
1087 1061 1358 1101 amoenum
1406 1050 1806 1098 converteretur
1847 1039 2169 1108 paradisum.

589 1118 756 1187 Cujus
785 1123 900 1173 sine
947 1132 1074 1171 nutu
1118 1133 1217 1172 nec
1246 1115 1427 1168 foliu'm
1467 1115 1532 1167 de
1577 1110 1970 1187 arbore_cadit:
2011 1108 2176 1187 Cujus

591 1180 731 1246 oculi
759 1190 1100 1245 llainmivomi
1130 1187 1446 1257 profundum
1474 1192 1749 1257 penetrant
1779 1180 1990 1257 inferni.
2015 1180 2177 1247 Cujus

592 1264 737 1315 auris
754 1263 966 1315 tacitam
989 1252 1165 1313 cordi's
1187 1273 1371 1311 vocem
1395 1252 1560 1319 audit,
1586 1254 1637 1306 id
1655 1262 1755 1316 est,
1778 1252 2174 1321 cogitationem.

591 1332 758 1402 Cujus
786 1334 970 1385 oculus
1002 1330 1312 1402 noneniinns
1333 1327 1498 1387 audit,
1521 1340 1679 1402 quam
1702 1323 1878 1402 videt;
1912 1322 2062 1390 cujus
2085 1336 2180 1375 au-

593 1395 803 1455 ris'non
838 1404 1012 1455 minus
1040 1400 1220 1464 videt,
1264 1414 1420 1468 quam
1447 1398 1622 1458 audit;
1667 1395 1789 1464 quia
1837 1410 1939 1468 non
1982 1406 2179 1468 corpus

597 1483 750 1535 sunt,
779 1473 873 1527 sed
905 1486 1109 1524 summa
1138 1463 1394 1539 sapientia
1436 1478 1490 1522 et
1527 1463 1969 1539 certa’eognitio.
2015 1463 2180 1539 Cujus

596 1533 805 1597 delicia:
836 1545 949 1596 sine
990 1533 1215 1595 fastidio'
1238 1542 1472 1592 satiant:
1505 1552 1625 1604 qua:
1662 1550 1784 1588 cum
1821 1550 1849 1587 a
1898 1533 2064 1586 beatis
2101 1535 2179 1586 in-

609 1616 912 1674 veniuntur,
941 1628 1151 1681 semper
1179 1621 1352 1664 tamen
1381 1608 1774 1681 desiderantur,
1801 1614 1855 1659 et
1879 1604 2106 1681 esuriem
2129 1610 2184 1681 et

598 1685 740 1737 sitim
769 1684 886 1737 sine
913 1674 1071 1747 poma
1091 1681 1349 1743 efficiunt,
1374 1691 1427 1733 et
1451 1678 1655 1731 ardenti
1683 1691 1893 1744 semper
1918 1674 2183 1728 desiderio

599 1753 883 1809 delectant.
915 1754 1077 1822 Cujus
1102 1761 1307 1808 secreta
1337 1750 1616 1810 mirabilia,
1636 1747 1940 1822 videntibus
1957 1759 2184 1822 easein-

604 1839 698 1893 per
727 1840 862 1878 nova
892 1815 1016 1878 sunt
1052 1831 1105 1877 et
1149 1825 1316 1887 mira;
1360 1831 1413 1875 et
1449 1836 1554 1873 non
1599 1819 1717 1893 plus
1759 1832 1880 1871 cum
1929 1815 2185 1884 incipitmt

601 1890 808 1962 videri,
855 1896 1066 1963 pariunt
1113 1902 1385 1959 stuporem
1424 1890 1805 1963 cernentibus,
1855 1901 2032 1963 quam
2062 1894 2181 1963 post

602 1966 748 2020 mille
791 1955 962 2019 ξιιιίιοε
1004 1974 1059 2019 ει
1105 1955 1298 2017 millies
1325 1962 1487 2016 mille.
1524 1961 1589 2015 Et
1615 1976 1735 2013 cum
1766 1957 1951 2026 Angeli
1986 1956 2053 2009 ab
2081 1955 2183 2009 iiii-

604 2036 677 2089 tin
701 2038 878 2089 mundi
910 2051 971 2089 ea
1004 2035 1146 2089 soliti
1175 2034 1281 2088 sint
1305 2032 1507 2096 videre,
1539 2042 1714 2084 tamen
1745 2044 1849 2082 non
1879 2026 2048 2081 minus
2078 2026 2178 2078 ho-

601 2106 689 2160 die
714 2106 1043 2161 admirantur
1070 2121 1130 2158 ea
1153 2146 1168 2170 ,
1208 2120 1365 2174 quam
1395 2104 1444 2157 in
1478 2100 1795 2174 priuioudie;
1823 2098 2056 2174 alioquin
2084 2097 2181 2149 du-

601 2177 727 2230 dum
758 2194 936 2231 ciiram
967 2176 1181 2244 Angelis
1212 2171 1427 2228 assiduo
1470 2172 1675 2244 vivendi
1715 2186 1811 2222 usu
1846 2171 2182 2244 vilesmerent.

602 2246 765 2315 Cujus
794 2239 1079 2317 cognitioni
1112 2247 1370 2312 prreterita
1403 2255 1455 2298 et
1481 2241 1679 2306 futura,
1711 2257 1815 2296 non
1846 2239 2111 2311 przeterita
2133 2246 2189 2291 et

603 2317 798 2379 futura,
826 2318 917 2371 δρᾶ
942 2320 961 2348 ¹
994 2318 1271 2387 ιιι-ιυεειιιίςι
1295 2324 1439 2369 stitit.

675 2388 903 2444 CAPUT
943 2378 1007 2442 νζ
1051 2387 1157 2440 Deo
1188 2388 1357 2439 omnia
1396 2384 1662 2456 praesentia
1688 2385 1797 2456 sine
1827 2380 2065 2456 libertatis
2092 2378 2187 2432 hu-

604 2475 775 2512 mana:
800 2458 1121 2529 prtejudicio.
1166 2457 1261 2511 Dei
1303 2452 1560 2529 locutioet
1587 2455 1718 2529 laus.
1751 2452 2035 2529 Egistentia
2073 2460 2188 2529 ante

604 2519 819 2598 tempus.
842 2519 974 2583 Lux.
1001 2527 1199 2581 Malunt
1230 2543 1397 2579 verum
1427 2527 1571 2598 pejtts
1609 2526 1760 2598 falso.
1788 2523 2037 2598 _Dt1'_eisi_o
2066 2519 2189 2591 quid

599 2592 756 2653 beatis
785 2605 1028 2669 conferat.
1073 2598 1167 2651 Dei
1192 2592 1853 2669 mternitnsXDeilscientia.
1888 2592 2043 2669 [inde
2080 2604 2185 2669 non

604 2671 746 2724 diem
784 2662 966 2739 judicii
992 2670 1212 2734 videbit,
1240 2680 1293 2723 et
1328 2667 1554 2738 primum
1582 2664 1932 2739 dieingsa‘euli
1975 2678 2079 2739 non
2108 2662 2180 2714 vi-

604 2740 684 2795 dit
714 2759 725 2794 :
755 2732 846 2795 sed
877 2751 1157 2810 utrumque
1178 2732 1345 2793 videt:
1373 2739 1535 2810 Cujus
1556 2732 2185 2810 pnescientia__nemiuem

601 2812 743 2881 cogit
788 2812 854 2865 ad
903 2801 1247 2880 peccandum,
1294 2818 1350 2863 ut
1389 2801 1823 2881 multi—errantes
1866 2804 2070 2858 dicunt.
2130 2801 2189 2857 Si

601 2877 766 2943 enim,
813 2877 1076 2950 inquiunt,
1129 2881 1395 2949 prmscivit
1444 2880 1583 2950 Dens
1631 2877 1800 2930 Adam
1848 2884 2186 2950 peccaturum

603 2967 744 3014 esse,
775 2948 1251 3020 nou'pcccarenon
1277 2951 1460 3016 potuit.
1486 2949 1706 3020 Exquo
1722 2948 2186 3020 errore_nascittt_r,

606 3013 774 3077 Deum
805 3013 1017 3077 oausam
1045 3036 1165 3076 esse
1194 3013 1415 3089 peccati,
1443 3018 1585 3089 quod
1614 3013 1764 3072 nefas
1789 3026 1872 3089 est
1898 3014 2097 3089 dicere.
2122 3013 2191 3089 Et

606 3094 680 3147 illi
713 3104 886 3147 tamen
918 3096 1076 3147 etiam
1104 3084 1213 3144 suis
1244 3090 1419 3144 verbis
1446 3084 1748 3157 alligantur.
1781 3088 1837 3141 Si
1875 3086 2017 3157 enim
2047 3084 2189 3154 quod

608 3164 939 3230 prmscientia
981 3163 1073 3217 Dei
1102 3162 1281 3222 habet,
1320 3155 1644 3214 necesse—est
1674 3158 1822 3230 fieri;
1852 3155 1971 3210 ideo
1998 3157 2189 3230 volun-

606 3226 716 3287 tate
746 3237 953 3302 propria
979 3232 1142 3285 homo
1166 3230 1422 3300 peccavit,
1447 3240 1500 3284 et
1521 3246 1623 3302 non
1648 3229 1818 3298 aliqua
1847 3226 2186 3302 necessitate,

603 3306 725 3371 quia
748 3298 801 3357 in
828 3298 1274 3373 prmscicntia'Dei
1301 3302 1419 3365 fuit,
1454 3311 1509 3352 ut
1540 3300 1809 3353 voluntate
1835 3305 1889 3351 et
1916 3298 2083 3373 libero
2103 3310 2191 3348 ar-

606 3366 765 3427 bitrio
789 3416 803 3439 ,
829 3366 885 3427 ct
920 3388 1024 3428 non
1066 3374 1379 3426 necessitate
1415 3381 1638 3439 cogente
1667 3376 1932 3439 peccaret.
1966 3366 2021 3421 Si
2061 3380 2189 3439 ergo

604 3437 939 3513 praescientia
966 3444 1056 3497 Dei
1082 3458 1184 3496 non
1204 3453 1378 3511 potest
1393 3437 1568 3508 vita—ri,
1594 3437 1697 3513 non
1719 3439 1884 3513 potuit
1908 3437 2068 3492 homo
2088 3438 2189 3513 ali-

607 3508 687 3567 icr
715 3530 934 3582 peccare
962 3515 1060 3567 nisi
1093 3508 1384 3578 voluntate,
1412 3513 1550 3566 nulla
1572 3512 1741 3582 aliaivi
1769 3518 1993 3582 cogente
2024 3525 2037 3561 :
2067 3508 2191 3582 quia

604 3586 676 3637 ita
693 3578 830 3639 Deus
845 3585 1107 3653 praescivit
1124 3584 1268 3637 illum
1285 3595 1646 3652 peccaturum.
1663 3581 1716 3636 Si
1730 3595 1857 3650 ergo
1872 3578 2187 3653 voluntarie,

606 3671 713 3709 non
743 3649 957 3710 coactus
983 3668 1085 3709 est.
1127 3654 1182 3710 Si
1208 3649 1346 3708 enim
1374 3669 1478 3707 non
1515 3662 1731 3706 coactus
1757 3649 1838 3704 est
1871 3649 1938 3703 ad
1965 3662 2191 3719 peccan-

605 3727 753 3789 dum,
778 3728 945 3795 potuit
970 3728 1087 3781 sine
1110 3726 1270 3779 dubio
1290 3741 1392 3795 non
1418 3739 1639 3791 peccare
1664 3722 1709 3776 si
1745 3720 1905 3795 vellet
1928 3720 2190 3795 ;__ideo_que

608 3790 818 3866 pinnam
852 3796 1064 3858 meruit,
1098 3797 1219 3867 quia
1247 3812 1349 3849 non
1373 3790 1570 3867 invitus
1600 3793 1874 3867 peccavit;
1897 3790 2189 3867 alio_quiu_a

610 3861 719 3921 Deo
765 3884 973 3936 prunam
1016 3861 1202 3922 mortis
1246 3882 1351 3919 non
1409 3861 1726 3936 susciperet.
1776 3863 1939 3931 Cujus
1994 3861 2191 3936 locutio

603 3950 687 3992 cst
716 3931 921 3991 occulta
954 3938 1266 4007 inspiratio,
1312 3951 1413 4006 qua
1455 3931 1725 4007 mei—uibus
1756 3948 1924 4007 suam_
1944 3931 2190 3984 volunta-

602 4018 709 4061 tcm
741 4019 794 4063 et
821 4024 969 4062 suam
996 4003 1310 4062 charitatem
1330 4003 1692 4060 'iuvisibililer
1719 4003 1950 4057 ostendit
1973 4018 1986 4064 ;
2030 4016 2188 4070 quam

603 4079 832 4133 videndo
859 4080 1046 4148 Angeli
1081 4094 1174 4146 per
1215 4078 1392 4131 omnia
1425 4078 1531 4148 Deo
1558 4074 1834 4148 obediunt.
1875 4072 2035 4140 Cujus
2078 4072 2191 4148 laus

601 4161 685 4203 est
705 4165 805 4219 qua
833 4142 1033 4203 eleeios
1057 4142 1314 4214 laudabit,
1339 4144 1698 4219 manifestatio
1722 4157 2064 4219 qua_s_uorum
2088 4142 2192 4196 ele-

602 4214 811 4272 ctorum
859 4221 997 4273 bona
1044 4221 1293 4273 omnibus
1342 4217 1690 4279 monstrabit;
1744 4214 1955 4267 assidua
2011 4221 2188 4265 autem

602 4289 719 4343 laus
746 4306 846 4359 qua
878 4290 1031 4345 electi
1057 4307 1178 4343 eum
1204 4288 1514 4351 laudabunt,
1547 4296 1628 4339 est
1646 4285 1929 4339 admiratio
1951 4281 2066 4359 ejus
2094 4298 2190 4351 pe-

603 4356 807 4413 rennis.
840 4360 938 4427 Qui
971 4360 1107 4414 miro
1134 4360 1291 4413 tnodo
1318 4375 1420 4411 non
1456 4370 1696 4425 tempore
1723 4356 1998 4427 praecessit
2034 4368 2187 4406 inun-

602 4430 727 4483 dum
755 4440 809 4501 et
840 4423 1047 4499 tempus
1087 4429 1314 4501 (nullius
1350 4430 1491 4483 enim
1524 4423 1669 4481 horae
1715 4426 1889 4501 spatio
1916 4423 2027 4501 fuit
2065 4432 2190 4501 ante

602 4500 901 4572 mundum)
931 4493 1026 4562 [et
1073 4493 1249 4554 tamen
1286 4514 1501 4567 semper
1542 4508 1655 4551 erat
1702 4495 1820 4549 sine
1858 4497 2027 4549 initio.
2070 4493 2187 4547 Non

602 4573 744 4625 enim
777 4582 892 4625 erat
923 4579 1132 4640 tempus
1162 4579 1286 4624 ante
1315 4581 1519 4638 tempus
1542 4610 1556 4631 ,
1600 4579 1809 4637 tempus
1849 4580 2186 4640 atueui_e_nnt

603 4642 804 4695 mundo
831 4635 1171 4696 concreatuni
1210 4649 1311 4694 est.
1364 4635 1436 4694 Si'
1471 4640 1630 4710 igitur
1671 4635 1883 4710 tcmpus
1924 4637 1992 4688 ab
2036 4635 2188 4689 initio

604 4713 785 4767 mundi
831 4714 996 4780 coepit
1041 4726 1291 4776 currere,
1348 4720 1472 4765 ante
1494 4706 1797 4780 'inundum'
1834 4706 2028 4761 factum
2080 4720 2189 4760 non

599 4793 736 4838 erat.
771 4778 999 4853 ideoque
1023 4784 1170 4837 nullo
1197 4792 1456 4849 tempore,
1484 4789 1541 4834 ut
1567 4778 1929 4853 praediximus,
1957 4791 2188 4853 pra-ces-

598 4856 669 4909 sit
696 4855 833 4908 Deus
862 4848 1102 4925 tempora
1133 4863 1186 4907 et
1216 4848 1474 4907 mundum
1501 4848 1579 4905 eis
1605 4865 1864 4911 cowvnin,
1898 4848 2003 4900 imo
2034 4848 2189 4925 paulo

597 4926 677 4979 eis
708 4926 937 4993 priorem
960 4916 1112 4994 {ejus
1132 4926 1275 4979 enim
1303 4932 1447 4976 motu
1468 4928 1745 4991 creperuut
1765 4933 2001 4994 currere.
2027 4916 2189 4994 Quid:

597 4984 725 5066 quid
780 4984 1067 5061 movetur',
1129 5010 1283 5049 suum
1339 4984 1872 5066 motum'prazccdit.
1932 4984 2189 5041 lnelfabili

596 5061 740 5121 cnim
769 5066 1068 5122 aitcrnitate
1111 5065 1385 5136 praecessit
1414 5065 1560 5136 Deus»
1583 5061 1838 5115 mundum
1857 5101 1872 5126 ,
1914 5074 2020 5111 non
2029 5068 2189 5136 ntem-

598 5152 742 5207 pore.
787 5136 951 5205 Cujus
984 5128 1193 5206 tempus
1233 5147 1358 5191 ante
1400 5134 1657 5207 mundum
1700 5147 1803 5207 non
1846 5138 1981 5207 erat.
2022 5128 2188 5207 Cujus

598 5200 687 5280 in;
719 5200 965 5280 tenebras
995 5200 1219 5280 depellit
1258 5206 1594 5280 ignorantiae,
1629 5202 1780 5270 cujus
1818 5202 1992 5270 aliqua
2023 5200 2191 5269 parti»

596 5279 715 5331 cula
746 5277 859 5332 haec
883 5277 1084 5344 omnia,
1115 5294 1233 5347 qua:
1262 5277 1516 5343 diximus,
1546 5289 1671 5329 vera
1701 5282 1756 5327 et
1780 5280 1927 5325 certa
1957 5285 2075 5325 esse
2092 5285 2189 5347 co-

596 5351 923 5415 gnoscimus.
954 5340 1156 5405 Eadem
1180 5350 1296 5403 luce
1322 5340 1512 5401 melius
1534 5360 1654 5401 esse
1676 5357 1880 5406 verum,
1907 5340 2188 5415 quamjfal-

597 5413 715 5471 sum
739 5458 753 5480 ,
786 5419 1067 5483 videmus;
1099 5431 1153 5474 et
1180 5429 1356 5473 tamen
1404 5417 1557 5488 pejus
1599 5429 1720 5469 esse
1744 5429 1958 5488 verum
1985 5413 2183 5488 malum

595 5489 676 5540 vel
708 5504 892 5540 verum
918 5499 1213 5557 peccaturo,
1243 5484 1620 5558 quam'falsum
1652 5486 1850 5558 malum
1882 5484 1961 5537 vel
1992 5484 2182 5558 falsum

597 5567 874 5626 peccatum
901 5554 932 5622 ς’
967 5575 1072 5613 non
1113 5561 1234 5628 quia
1262 5554 1465 5612 'verum
1512 5566 1634 5628 est,
1681 5555 1775 5609 sed
1816 5570 1938 5628 quia
1985 5554 2181 5606 malum

598 5628 676 5680 vel
722 5637 999 5697 peccatum
1051 5625 1173 5694 est;
1220 5629 1315 5683 sed
1364 5629 1482 5681 ideo
1532 5626 1730 5681 malum
1776 5625 1861 5678 vel
1906 5633 2181 5694 peccatum

656 5824 673 5855 ί
711 5828 845 5869 tinus
866 5824 968 5878 διδ..
988 5819 1105 5869 suis.

652 5886 671 5915 ³
705 5889 818 5930 at».
844 5876 1087 5940 omittunt,
1112 5893 1204 5932 non
1227 5880 1472 5946 prmerita
1494 5889 1539 5932 et
1563 5884 1745 5945 futura,
1771 5876 1878 5928 sed.

1997 427 2358 485 APPENDIX.
3720 434 3804 491 996

2277 552 2381 608 est,
2400 544 2522 613 quia
2550 559 2732 599 verum
2755 544 2950 598 malum
2975 544 3055 599 vel
3080 554 3350 614 peccatum
3373 543 3503 599 est‘.
3527 544 3680 600 Aliter
3698 554 3812 604 enim

2278 632 2383 668 non
2413 625 2591 684 posset
2616 631 2734 671 esse
2765 616 2964 685 malum
2997 616 3076 669 vel
3107 624 3406 685 peccatum,
3434 616 3531 669 nisi
3558 632 3719 672 verum
3741 635 3811 673 es-

2278 696 2360 738 set
2404 687 2599 740 malum
2638 688 2721 740 vel
2770 684 3081 755 peceatum;
3110 684 3303 742 falsum
3335 688 3474 740 enim
3524 688 3702 740 malum
3730 705 3811 743 non

2278 766 2359 809 est
2388 757 2583 809 malum
2611 799 2624 819 ,
2656 767 2715 810 ut
2747 757 2936 810 falsum
2979 770 3261 827 argentum
3304 773 3405 810 non
3453 767 3709 826 argentum
3731 772 3811 816 est.

2284 827 2463 879 l’ntest
2488 827 2677 896 aliquis
2702 843 2733 881 a
2763 829 2985 882 veritate
3022 830 3199 883 dicere
3245 831 3439 881 malum
3474 829 3553 882 vel
3581 840 3811 895 peccatum

2278 906 2521 970 exortum
2546 914 2664 970 esse
2692 899 2771 952 vel
2802 898 2996 970 factum
3022 940 3037 963 ,
3060 909 3113 952 et
3141 896 3370 970 quodam
3410 899 3562 951 modo
3584 912 3705 967 Opus
3721 915 3815 955 esse

2279 968 2516 1021 veritatis
2539 967 2735 1021 malum
2758 986 2771 1033 ;
2795 969 2935 1037 quod
2957 967 3175 1024 omnino
3198 970 3385 1023 falsum
3409 977 3507 1023 est.
3529 972 3684 1023 Omne
3703 974 3812 1025 enim

2282 1054 2466 1091 verum
2493 1055 2520 1090 ει
2544 1041 2763 1093 veritate
2784 1050 2885 1105 est,
2910 1052 2962 1094 et
2988 1056 3146 1093 omne
3175 1056 3359 1095 verum
3393 1041 3442 1092 iu
3483 1053 3715 1109 quantum
3742 1057 3813 1095 ve-

2283 1125 2422 1173 rum,
2456 1109 2652 1162 bonum
2679 1120 2793 1165 est:
2821 1127 2849 1164 a
2874 1111 3096 1165 veritate
3119 1114 3276 1180 igitur
3304 1121 3383 1164 est
3407 1126 3584 1164 verum
3613 1126 3745 1175 esse,
3769 1122 3815 1166 ut

2283 1180 2353 1232 sit
2386 1182 2583 1252 malum,
2614 1181 2696 1252 vel
2739 1192 3010 1249 peccatum
3034 1225 3048 1245 ,
3080 1200 3182 1236 non
3210 1184 3379 1252 ipsqu
3412 1181 3597 1235 malum
3626 1184 3696 1234 vel
3719 1198 3814 1250 pec-

2282 1259 2493 1324 catum;
2523 1250 2662 1324 aliud
2687 1266 2922 1324 namque
2943 1261 3025 1306 est
3054 1250 3240 1324 ipsum
3265 1253 3459 1324 malum
3478 1293 3491 1317 ,
3520 1252 3647 1305 aliud
3668 1267 3815 1307 Verum

2284 1336 2405 1375 esse
2438 1320 2590 1394 illud.
2624 1321 2875 1388 Quamvis
2912 1320 3272 1394 igitur—ipsum
3316 1323 3507 1375 malum
3532 1323 3708 1394 bonum
3734 1341 3814 1378 non

2284 1402 2368 1473 est
2390 1432 2404 1455 ,
2435 1392 2634 1473 bonum
2665 1402 2745 1447 est
2792 1392 2965 1447 tamen
3015 1392 3196 1473 verum
3230 1410 3349 1448 esse
3376 1404 3432 1473 ut
3462 1395 3525 1445 sit
3574 1393 3706 1473 illudi.
3731 1394 3815 1447 Nisi

2284 1464 2426 1515 enim
2456 1464 2654 1516 bonum
2700 1473 2841 1517 esset
2866 1480 2983 1519 esse
3031 1468 3258 1526 malum,
3288 1466 3436 1518 nullo
3474 1465 3624 1517 modo
3660 1465 3819 1518 sineret

2288 1533 2588 1607 Deus‘illud
2623 1534 2753 1607 fieri.
2782 1535 2938 1607 Multa
2963 1538 3156 1607 quippe
3188 1537 3324 1591 bona
3342 1536 3409 1590 de
3436 1535 3581 1588 malis
3603 1536 3817 1607 Omnipo-

2288 1614 2405 1657 tens
2428 1604 2570 1668 facit,
2604 1617 2659 1658 ut
2685 1605 2751 1659 dc
2776 1604 3036 1661 adulterio
3058 1604 3351 1660 hominum
3394 1607 3558 1659 bonos
3596 1604 3759 1657 format
3779 1614 3819 1658 et

2286 1673 2413 1747 facit
2445 1674 2706 1747 homines.
2728 1676 2792 1730 Si
2830 1687 3005 1731 autem
3033 1688 3086 1732 et
3114 1678 3340 1747 quadam
3372 1678 3525 1747 illius
3547 1676 3667 1729 lucis
3690 1676 3820 1742 parti-

2287 1745 2598 1818 enliquasi
2653 1762 2746 1816 per
2770 1759 3020 1818 angustas
3073 1745 3236 1804 rimas
3288 1748 3483 1814 infusa,
3516 1746 3622 1800 hiBC
3661 1756 3708 1799 et
3741 1747 3819 1800 alia

2288 1816 2463 1901 omnia
2492 1832 2609 1901 qute
2640 1816 2901 1900 novimus,
2925 1834 3049 1875 vera
3076 1820 3602 1901 essecognoviuius;
3630 1817 3749 1901 quali
3780 1830 3822 1870 et

2288 1896 2483 1967 quanta
2517 1887 2632 1967 luce
2660 1889 2971 1967 scientize‘et
2997 1892 3268 1967 sapientia:
3286 1887 3427 1967 _il_lic_
3453 1889 3819 1967 illustrabiinur,

2291 1957 2379 2037 ubi
2412 1957 2584 2026 ipsum
2599 1959 2777 2015 Solem
2808 1961 3045 2015 veritatis
3063 1957 3207 2037 facie
3234 1962 3299 2016 ad
3329 1962 3518 2014 faciem
3549 1958 3820 2037 videbimus,

2290 2027 2343 2081 id
2388 2037 2471 2081 est
2494 2039 2679 2102 ,certa
2716 2037 2770 2102 et
2809 2046 2949 2102 vera
2972 2034 3232 2101 sapientia
3261 2028 3673 2102 cognoscemus?
3702 2028 3822 2096 cujus

2290 2100 2573 2179 prmsetitia
2610 2099 2810 2155 similes
2846 2101 2894 2179 ei
2916 2099 3051 2179 facit
3076 2099 3408 2179 _pr_;esenles.
3437 2100 3535 2167 Qui
3554 2099 3692 2179 enim
3712 2113 3823 2179 verte

2290 2168 2587 2249 Sapientia},
2620 2186 2757 2249 verae
2790 2168 3357 2249 pulcliritndini,_ver.e
3382 2171 3654 2225 :eternitati
3683 2168 3821 2247 adlue-

2290 2239 2428 2321 [εὺίι
2451 2281 2465 2303 ,
2489 2309 2501 2321 .
2539 2240 2750 2321 sapiens
2786 2246 2985 2321 _ntiq_ue
3029 2255 3083 2321 et
3125 2244 3347 2321 pulcher
3372 2254 3435 2321 _et
3473 2242 3822 2321 aiternusernit.

2291 2309 2380 2391 Sic
2419 2309 2558 2391 enim
2596 2312 2831 2391 absentia
2873 2309 2989 2391 ejus
3023 2309 3310 2391 dissimiles
3337 2315 3385 2368 ei
3429 2311 3571 2391 omni
3599 2312 3738 2364 modo
3769 2312 3826 2391 [af

2290 2382 2383 2434 cit.
2424 2378 2588 2450 Cujus
2631 2378 2917 2439 :eteruitas'
2943 2385 3059 2439 sine
3105 2386 3256 2440 initio
3289 2396 3343 2439 et
3373 2387 3492 2439 sine
3527 2385 3624 2436 line
3651 2390 3744 2439 est:
3772 2378 3823 2450 (si

2292 2452 2433 2525 enim
2465 2462 2607 2506 esset
2629 2462 2836 2525 tempus
2877 2456 3090 2525 quando
3117 2472 3220 2509 non
3244 2466 3408 2521 esset,
3432 2456 3549 2524 quis
3572 2467 3682 2509 eum
3711 2450 3821 2525 facc-

2291 2523 2432 2604 ret?)
2481 2525 2601 2593 quia
2648 2523 2759 2593 ipse
2802 2523 3065 2581 cst—solus
3104 2528 3269 2604 Deus,
3295 2538 3348 2604 eg
3375 2523 3501 2604 ante
3536 2524 3824 2603 ipsumbeus

2291 2593 2429 2647 alius
2457 2611 2560 2647 non
2601 2605 2745 2651 erat.
2777 2612 2875 2650 nec
2898 2608 2998 2661 est,
3026 2613 3122 2652 nec
3148 2598 3268 2652 erit.
3301 2597 3417 2651 Non
3453 2596 3586 2651 forte
3611 2610 3663 2647 se
3688 2594 3823 2658 ipsum

2290 2665 2511 2743 creavit,
2532 2679 2657 2743 cum
2688 2665 2814 2720 nihil
2842 2682 2899 2721 se
2941 2668 3112 2743 ipsum
3142 2678 3318 2743 creat;
3346 2684 3450 2738 qua
3475 2667 3609 2721 enim
3636 2664 3824 2743 potentia

2291 2736 2379 2803 qui
2403 2736 2617 2809 omnino
2644 2752 2751 2809 non
2780 2748 2923 2793 esset
2958 2735 3015 2793 Se
3052 2741 3221 2809 ipsum
3256 2735 3491 2794 faceret?
3514 2740 3678 2792 licstat
3705 2735 3826 2809 igitur

2292 2805 2431 2871 quod
2472 2808 2689 2860 omnino
2736 2807 2902 2863 factus
2944 2826 3048 2863 non
3073 2804 3171 2865 ἐει
3207 2811 3364 2864 Deus.
3407 2810 3541 2863 Cum
3572 2821 3687 2876 ergo
3714 2804 3825 2857 nullo

2292 2876 2454 2957 modo
2497 2878 2633 2957 Deus
2656 2879 2841 2957 _fact_us
2883 2890 2992 2946 est,
3022 2880 3157 2957 sine
3180 2882 3329 2957 initio
3367 2893 3496 2957 ante
3533 2879 3694 2933 omnia
3719 2882 3823 2957 erat.

2291 2948 2555 3015 Quidquid
2584 2949 2724 3001 enim
2767 2950 2959 3005 factum
2982 2943 3112 3015 'est,
3146 2952 3351 3005 initium
3395 2951 3556 3004 habet
3586 2966 3598 3001 :
3629 2956 3678 3000 et
3706 2943 3825 3013 quid-

2293 3018 2419 3086 quid
2459 3019 2665 3073 initium
2712 3019 2898 3084 habet,
2924 3023 3039 3076 sine
3072 3023 3235 3076 dubio
3273 3020 3474 3075 factum
3513 3029 3623 3082 est,
3658 3031 3745 3070 non
3769 3015 3826 3086 ab

2292 3085 2398 3169 alio
2428 3091 2529 3169 nisi
2560 3106 2587 3169 a
2621 3090 2877 3169 Deo__nun
2907 3091 3046 3169 facto
3067 3136 3080 3158 ,
3110 3094 3204 3147 sed
3231 3095 3411 3169 omnia
3443 3092 3676 3169 faciente.
3701 3085 3827 3169 Ciijes

2294 3160 2515 3233 scientia
2544 3161 2659 3215 sine
2686 3162 2790 3214 ulla
2825 3155 3079 3217 varietate
3117 3163 3439 3233 cognitionis
3466 3164 3508 3227 ⁸,
3543 3170 3594 3214 ει
3620 3160 3720 3212 sine
3745 3155 3827 3232 ullo

2293 3244 2451 3284 cursu
2484 3231 2586 3285 huc
2607 3241 2659 3285 et
2684 3233 2806 3286 illuc
2830 3228 3266 3288 inuumerabilém
3294 3234 3603 3288 varietatem
3635 3228 3826 3283 omnium

2294 3310 2682 3366 creaturarum,
2713 3304 3060 3373 Angelorum,
3087 3305 3397 3366 hominum,
3422 3304 3684 3358 stellarum
3702 3340 3713 3361 ,
3735 3311 3827 3349 are-

2295 3386 2503 3437 narum,
2534 3374 2866 3443 capillorum,
2888 3376 3193 3441 verborum,
3216 3376 3617 3444 cogitationum,
3636 3381 3829 3444 momen-

2294 3450 2468 3514 torum
2519 3440 2801 3509 omnium,
2860 3445 3018 3498 simul
3074 3456 3127 3499 et
3172 3440 3341 3501 sem'el
3380 3440 3830 3514 comprehenditct

2295 3512 2559 3583 intelligit.
2604 3515 2744 3568 Fons
2788 3516 2947 3584 igitur
2978 3524 3032 3570 et
3073 3517 3223 3586 origo
3259 3518 3440 3570 omnis
3476 3511 3698 3586 scicntia;
3723 3511 3830 3586 Deus

2293 3594 2419 3657 esti:
2450 3582 2606 3657 quem
2633 3582 2831 3657 quanto
2858 3588 2976 3655 plus
3005 3588 3123 3657 quis
3152 3582 3316 3655 bibet,
3349 3597 3502 3641 tanto
3525 3586 3634 3653 plus
3658 3582 3795 3657 sitiet.

2366 3655 2590 3710 CAPUT
2632 3653 2716 3709 Vl.
2754 3653 3036 3710 Beuiorum'
3074 3653 3309 3711 scientia.
3342 3657 3425 3711 De
3474 3657 3602 3710 trina
3652 3653 3828 3710 visione,

2296 3727 2570 3796 corporali,
2596 3728 2870 3795 spirituali,
2907 3728 3254 3781 intellectuali.
3281 3725 3832 3797 lncmuparabiliterer-

2295 3811 2361 3864 go
2381 3797 2541 3850 totius
2571 3798 2751 3851 mundi
2780 3814 3023 3867 regnum,
3057 3810 3114 3853 ut
3142 3815 3302 3868 supra
3329 3796 3582 3859 diximus,
3602 3796 3693 3850 etsi
3711 3803 3833 3847 aiter.

2294 3882 2419 3920 num
2452 3877 2613 3932 esset,
2649 3870 2926 3937 prtecellit,
2959 3870 3200 3923 societati
3230 3870 3556 3939 Angelorum
3587 3870 3831 3939 ct_sancto-

2294 3953 2446 4018 rum,
2482 3947 2537 3993 et
2572 3932 2818 4018 praesenti
2852 3932 3016 4018 ipsius
3048 3941 3139 4018 Dei
3180 3932 3368 4018 adesse
3401 3940 3611 4018 visioni.
3640 3932 3832 4015 lucilius

2296 4008 2497 4062 visione
2526 4012 2660 4062 trina
2688 4006 2906 4063 scientia
2935 4011 3172 4065 nascitur
3196 4029 3207 4063 :
3234 4011 3283 4064 id
3311 4019 3417 4077 est,
3450 4011 3609 4064 homo
3641 4006 3719 4076 qui
3742 4017 3832 4077 cer-

2296 4082 2394 4141 nit,
2425 4088 2479 4133 et
2512 4081 2649 4134 Deus
2675 4081 2760 4149 qui
2785 4081 3045 4145 cernitur,
3074 4092 3127 4135 et
3161 4083 3339 4135 caeteri
3377 4072 3569 4136 (mines
3593 4072 3749 4131 omnia
3772 4072 3833 4124 vi~

2295 4150 2561 4204 dehuntet
2579 4152 2891 4219 intelligent.
2913 4152 3061 4205 Sicut
3078 4153 3219 4205 enim
3246 4168 3339 4221 per
3355 4152 3631 4220 speculum
3652 4150 3831 4199 vitreum

2298 4222 2434 4273 trina
2474 4221 2626 4273 nobis
2655 4223 2787 4275 visio
2826 4222 3257 4286 administratur,
3285 4226 3409 4291 quia
3461 4236 3558 4275 nos
3605 4222 3760 4291 ipsns.
3795 4221 3835 4265 οι

2296 4291 2467 4359 ipsum
2495 4292 2787 4359 speculum,
2808 4302 2861 4347 et
2886 4294 3139 4361 quidquid
3171 4289 3405 4362 prmsens
3436 4293 3585 4347 adest
3608 4289 3831 4343 videmus:

2296 4362 2373 4415 sic
2399 4378 2492 4431 per
2517 4364 2792 4430 speculum
2823 4363 3015 4417 divina:
3036 4361 3308 4425 claritatis,
3343 4376 3395 4417 et
3429 4364 3600 4433 ipsum
3634 4363 3771 4413 Deum
3793 4361 3832 4407 ul

2295 4444 2396 4497 est,
2426 4434 2755 4497 videbimus,
2798 4444 3052 4502 quantum
3088 4435 3340 4503 possibile
3378 4444 3487 4488 erit
3522 4441 3773 4489 creaturze,
3795 4435 3832 4478 et

2297 4518 2395 4556 uos
2424 4503 2589 4573 ipsos,
2614 4514 2669 4558 et
2692 4513 2917 4557 caeteros
2948 4520 3069 4558 vera
3098 4513 3153 4560 et
3172 4516 3316 4557 certa
3344 4505 3567 4559 scientia
3593 4510 3835 4573 cognosce—

2297 4568 2617 4628 muszunc
2644 4574 2818 4627 abdita
2845 4586 3235 4638 creaturarum,
3260 4585 3314 4628 et
3355 4576 3523 4644 ipsius
3551 4568 3744 4631 inferni,
3774 4568 3834 4644 vi-

2294 4644 2472 4697 dendo
2502 4645 2663 4697 Deum
2689 4645 3002 4698 videbimus.
3044 4648 3192 4699 'I‘uuc
3213 4640 3722 4714 justis'manilestum
3740 4640 3832 4714 erit,

2295 4715 2563 4786 qumuodo
2605 4716 2744 4769 Deus
2784 4724 2867 4769 est
2915 4711 3233 4775 invisibilis,
3270 4713 3719 4786 ineomparabilis,
3748 4711 3835 4786 sine

2296 4778 2448 4839 initio
2478 4794 2533 4839 ct
2567 4786 2681 4839 sine
2711 4786 2834 4851 line,
2867 4797 2991 4840 ante
3021 4788 3197 4840 omnia
3235 4796 3287 4840 et
3320 4778 3642 4856 posfomnia
3674 4800 3685 4835 :
3712 4778 3835 4851 quid-

2294 4857 2420 4923 quid
2458 4858 2675 4911 interest
2698 4858 2833 4910 inter
2862 4857 3028 4921 nasci,
3064 4857 3203 4926 quod
3230 4858 3295 4911 ad
3332 4858 3523 4911 Filiqu
3554 4858 3777 4926 pertineI;
3798 4857 3838 4926 εξ

2293 4917 2607 4996 procedere,
2638 4927 2777 4998 quod
2808 4927 2874 4980 ad
2907 4917 3164 4996 Spiritum
3199 4937 3464 4992 sanctum,
3498 4917 3835 4998 ex'ceptoquod

2294 5013 2432 5052 unus
2458 5014 2521 5051 ex
2565 4996 2673 5051 uno
2700 5009 2851 5051 natus
2880 5000 2982 5061 sit,
3010 5001 3144 5052 alter
3174 5015 3238 5053 ex
3266 4998 3477 5053 duobus
3506 4996 3775 5067 processit:
3796 4998 3836 5067 ei

2294 5068 2562 5139 quomodo
2600 5069 2755 5122 Pater
2783 5084 2887 5122 non
2927 5071 3203 5137 praecessit
3242 5069 3433 5123 Filium
3469 5060 3729 5137 tetupore.
3763 5060 3835 5139 sed

2293 5134 2533 5210 origine,
2567 5154 2666 5194 nec
2708 5134 2969 5209 Spiritum
3008 5150 3250 5195 sanctqu
3282 5157 3295 5191 :
3328 5151 3382 5195 et
3406 5134 3671 5210 quomodo
3694 5134 3836 5210 omnia

2292 5207 2399 5263 Dei
2424 5226 2585 5263 unum
2615 5207 2760 5264 suntV
2778 5212 2829 5264 in
2863 5213 2992 5273 Deo,
3020 5220 3246 5278 excepto
3270 5207 3439 5280 quod'
3460 5210 3527 5264 ad
3566 5207 3836 5280 relationem

2293 5281 2555 5350 pertinet;
2589 5297 2709 5334 nam
2757 5282 3014 5351 sapientia
3059 5276 3235 5336 Dei’et
3280 5276 3476 5336 veritas
3516 5292 3571 5335 et
3611 5276 3839 5331 :eternitas

2293 5368 2401 5405 non
2444 5352 2654 5407 diversa
2689 5363 2810 5405 sunt
2856 5354 2995 5407 inter
3027 5368 3106 5419 se,
3136 5353 3229 5407 sed
3258 5368 3418 5405 unum
3448 5361 3573 5405 sunt
3604 5351 3727 5402 sicut
3750 5358 3836 5419 ca;-

2294 5431 2404 5476 tera
2448 5423 2659 5485 omnia;
2703 5424 2960 5491 sapientia
2988 5414 3129 5477 enim
3164 5425 3256 5477 Dei
3286 5440 3390 5476 non
3420 5423 3589 5492 magis
3618 5414 3837 5487 sapientia

2294 5508 2451 5561 quam
2490 5496 2685 5548 veritas
2706 5505 2786 5547 est
2810 5536 2821 5555 ,
2852 5503 2905 5549 et
2939 5510 3043 5547 non
3073 5496 3241 5563 magis
3276 5495 3469 5547 veritas
3495 5502 3579 5547 est
3606 5503 3748 5559 quam
3774 5498 3840 5563 sa-

2293 5556 2520 5634 pientia,
2563 5580 2718 5634 quam
2762 5566 3065 5628 aeternitas,
3111 5556 3270 5635 quam
3311 5575 3505 5618 cmtera
3540 5556 3633 5618 Dei
3661 5556 3838 5615 omnia;

2356 5741 2371 5773 ¹
2408 5748 2517 5789 Haec
2539 5754 2633 5789 non
2658 5741 2841 5790 habent
2859 5750 2982 5798 uss,
3005 5754 3204 5803 nempe,
3225 5742 3310 5790 sed
3352 5738 3461 5790 ideo
3479 5738 3656 5790 nullum
3674 5732 3737 5787 rei
3751 5728 3841 5796 po?»

2290 5807 2455 5871 catum
2473 5813 2559 5857 est,
2585 5810 2694 5871 qua)
2718 5817 2883 5871 verum
2905 5804 3087 5871 malm»
3108 5802 3181 5851 vel
3225 5812 3473 5871 peccatum
3510 5811 3597 5853 cal.

2306 5897 2336 5933 ο
2357 5868 2376 5895 ³
2409 5866 2555 5912 Abest
2573 5869 2681 5925 vox,
2707 5865 3000 5925 cognitionis,
3027 5878 3053 5913 a
3078 5872 3156 5913 Ms.
3189 5865 3438 5915 Victorino.
