4070 6518
259 416 368 469 9t27

256 544 421 588 unum
460 527 606 582 enim
635 532 761 581 sunt
790 526 841 579 in
871 525 1005 586 Deo,
1037 532 1091 578 et
1118 537 1223 577 non
1264 522 1435 577 solum
1474 522 1591 576 lure
1628 523 1765 576 inter
1793 538 1852 577 se

256 600 447 655 eadem
489 608 613 651 sunt
664 598 715 652 itt
764 597 909 658 Deo,
953 595 1047 648 sed
1085 610 1189 647 nou
1220 594 1362 647 aliud
1390 605 1513 647 sunt
1539 609 1696 663 quam
1738 594 1850 660 ipse

258 672 438 726 Deus:
473 679 528 724 et
551 669 822 739 quomodo
843 665 1074 739 mundus
1103 666 1297 739 eratin
1326 665 1455 727 Deo,
1485 676 1773 731 antequam
1797 665 1847 739 in

254 756 317 796 se
348 744 462 810 ipso
502 736 667 804 esset,
701 755 806 792 non
835 737 1102 800 mundus,
1144 737 1235 790 sed
1262 736 1408 810 (Deus
1442 751 1455 787 :
1490 737 1850 810 etquomodo

258 805 461 881 ubique
487 820 629 865 totus
656 812 774 864 sine
806 810 944 873 loco,
974 823 1198 881 magnus
1228 807 1679 881 siueqnantitate
1698 846 1714 870 ,
1750 805 1848 858 bo-

256 898 361 936 nus
375 877 507 935 'sine
526 882 780 950 qualitate
806 898 818 935 :
852 888 906 932 et
926 877 1196 950 quomodo
1225 878 1403 950 omnia
1435 887 1673 950 penetrat
1696 893 1849 950 mun-

255 953 326 1007 da
353 963 407 1007 et
454 947 723 1005 innnunda
755 952 871 1004 sine
898 947 978 1002 sui
1012 949 1322 1016 pollutione.
1351 947 1407 1001 Si
1437 949 1579 1000 enim
1620 948 1707 1000 lux
1749 948 1847 1002 ista

256 1024 481 1076 visibilis
502 1026 677 1075 omnia
708 1023 822 1076 loca
847 1021 1096 1082 illustrat,
1127 1030 1179 1072 et
1201 1017 1532 1087 sterquilinia
1562 1019 1721 1071 etiam
1753 1034 1846 1084 pe-

258 1102 436 1148 netrat
465 1094 581 1148 sine
613 1095 799 1156 fetore,
824 1102 877 1145 et
903 1092 1019 1144 sine
1041 1090 1121 1143 sui
1151 1090 1473 1157 pollutione;
1510 1098 1709 1156 quanto
1730 1103 1847 1140 ma-

254 1166 339 1233 gis
372 1166 543 1224 Deus.
585 1164 673 1232 qui
703 1173 785 1216 est
824 1161 1103 1233 invisibilis
1140 1170 1195 1214 ct
1240 1159 1687 1233 incommutabilis
1724 1158 1844 1221 lux,

257 1230 436 1287 omnia
471 1230 707 1302 penetrat
727 1274 743 1296 ,
773 1232 939 1300 regit,
971 1231 1217 1293 sustinet,
1245 1230 1558 1302 circumdat,
1594 1231 1843 1302 illustrat,

255 1306 375 1359 sine
402 1301 504 1360 ulla
538 1305 827 1357 mutatione
856 1302 936 1357 vel
974 1302 1301 1370 pollutione,
1334 1315 1441 1353 non
1468 1301 1642 1354 solum
1680 1301 1845 1354 acele-

253 1377 356 1429 stia
387 1384 441 1429 et
471 1376 762 1437 terrestria,
795 1373 887 1428 sed
918 1375 1079 1425 etiam
1112 1372 1422 1425 inl'ernalial

331 1446 485 1501 Tunc
515 1446 617 1498 erit
643 1445 827 1498 electis
855 1444 945 1497 Dei
979 1444 1114 1496 trina
1138 1443 1292 1505 visio,
1323 1440 1373 1493 id
1394 1449 1494 1501 est.
1527 1440 1845 1507 corporalis,

258 1532 365 1583 qua
409 1531 634 1583 corpora
677 1523 997 1578 cernentur;
1038 1512 1388 1583 quorumdam
1429 1512 1763 1583 splendentia
1793 1520 1850 1583 ut

1608 409 1821 464 SCAL.\
1866 408 2203 464 PARADISI.

3456 413 3557 469 998

1964 522 2135 576 fallaci
2167 521 2442 591 phantasia
2474 520 2751 590 inspiricnt
2776 537 2790 585 ;
2820 536 2921 591 qua
2958 521 3165 576 visione
3193 522 3352 577 etiam
3384 523 3546 579 hodie

1956 593 2209 647 fruuntur
2237 593 2456 661 spiritus
2482 592 2741 657 justorum
2783 602 2902 661 post
2945 608 3228 661 corporum
3266 595 3497 648 claustra
3530 614 3547 648 :

1958 675 2012 718 et
2041 666 2175 718 visio
2205 663 2576 717 intellectualis
2596 704 2611 727 ,
2652 678 2754 732 qua
2782 678 2916 733 puro
2945 666 3139 717 mentis
3166 666 3320 718 oculo
3351 666 3403 718 ia
3440 666 3551 732 spi.

1958 738 2064 789 ritu
2098 735 2266 789 Dettm
2295 734 2574 796 videbunt,
2607 743 2661 787 et
2684 749 2806 786 suas
2834 734 3059 795 animas,
3089 744 3143 787 et
3172 736 3393 788 virtutes
3418 736 3549 788 iuti-

1956 822 2088 870 mas,
2118 818 2171 859 et
2197 807 2418 875 spiritus
2458 805 2747 869 angelicas.
2777 803 2927 858 Tunc
2957 805 3194 871 duplices
3234 808 3341 859 Deo
3372 815 3542 860 acturi

1955 888 2081 930 sunt
2113 879 2332 946 gratias,
2357 875 2603 929 vidclicet
2630 890 2724 941 pro
2759 889 2855 928 sua
2894 876 3205 929 liberatione
3231 891 3263 930 a
3291 888 3546 944 perpetua

1954 948 2296 1001 damnatione
2318 989 2331 1008 .
2365 958 2419 1001 et
2449 961 2543 1013 pro
2581 948 2839 999 bonorum
2875 946 3124 998 ineffabili
3164 948 3542 999 retributione.

1956 1019 2106 1072 Tunc
2146 1018 2446 1071 communis
2484 1018 2723 1069 otnuium
2766 1032 2889 1071 reus
2919 1026 2972 1069 et
3012 1017 3179 1069 hostis
3216 1016 3460 1070 diabolus
3492 1019 3545 1071 in

1954 1098 2241 1157 conspectu
2268 1090 2561 1142 electorum
2594 1088 2683 1139 Dei
2712 1087 3070 1148 damnabitur,
3094 1086 3247 1154 cujus
3272 1086 3546 1140 damnatio

1954 1172 2006 1215 et
2036 1159 2386 1214 intolerabilis
2410 1174 2562 1225 poma
2586 1158 2902 1211 delaetabile
2929 1159 3290 1224 speetaculum
3324 1167 3549 1226 praasta-

1955 1231 2031 1286 bit
2085 1231 2289 1285 electis.
2354 1230 2502 1282 'l'unc
2554 1228 2929 1281 ardentissimo
2975 1243 3156 1280 amore
3205 1228 3544 1282 liberatorem

1954 1316 2106 1355 suum
2138 1310 2191 1356 et
2218 1300 2455 1352 omnium
2487 1300 2745 1352 bonorum
2768 1297 3009 1352 datorem
3033 1297 3308 1362 amabunt,
3342 1307 3396 1351 et
3424 1302 3544 1353 sine

1955 1374 2059 1427 line
2099 1381 2153 1426 et
2190 1371 2306 1425 sine
2335 1369 2547 1423 fastidio
2571 1371 2809 1423 clamore
2845 1369 3025 1422 cordis
3054 1368 3346 1421 laudabunt
3377 1369 3543 1424 Deum

1953 1445 2406 1511 omnipotentem,
2442 1441 2726 1508 benignum
2760 1448 2815 1492 et
2857 1438 3294 1511 misericordem:
3326 1440 3408 1511 cui
3443 1438 3542 1495 lto:-

1956 1530 2056 1568 nor
2079 1508 2133 1567 et
2151 1512 2320 1582 gloria
2342 1519 2397 1566 et
2418 1525 2559 1565 nunc
2582 1519 2634 1564 et
2660 1525 2752 1579 per
2773 1511 2954 1563 omnia
2976 1510 3173 1563 Saecula
3197 1508 3536 1565 saeculorum.

254 1581 358 1649 sol,
392 1581 744 1654 quorumdam
781 1594 837 1638 ut
867 1584 1012 1648 luna,
1042 1581 1266 1637 aliorum
1300 1582 1562 1654 utstellm.
1596 1581 1662 1635 Et
1684 1582 1846 1650 spiri-
1954 1586 2151 1639 Amen.

256 1652 448 1723 tualis,
477 1672 580 1726 qua
616 1655 994 1710 similitudines
1026 1669 1313 1723 corporum
1346 1652 1398 1707 itt
1439 1653 1626 1720 Spiritu
1656 1662 1709 1706 et
1743 1668 1847 1706 non

930 1753 3551 1778 Μ

1074 1836 1566 1903 ‘ADMONITIO-
1587 1839 1669 1899 ΙΝ
1712 1836 2016 1900 LIBRUM
2058 1830 2709 1908 SUBSEQUENTEM.

326 2010 444 2066 Hoc
478 2009 793 2080 opusculum
836 2004 1309 2063 circumferebatur
1349 2002 1508 2057 etiam
1552 2001 1691 2056 inter
1718 1998 1971 2055 Bernardi
2001 2013 2198 2068 opera,
2237 1995 2548 2065 inscriptum
2579 1992 2736 2048 Scala
2762 1992 3133 2056 claustralium,
3151 1992 3254 2045 sive
3277 1990 3553 2045 Tractatus

250 2104 318 2157 de
360 2103 511 2155 modo
553 2102 766 2165 orandi;
794 2099 886 2154 sed
915 2114 1014 2153 nec
1045 2098 1185 2151 illius
1210 2111 1329 2151 esse
1356 2094 1714 2149 Lovanienses
1753 2099 2101 2157 censuerunt,
2132 2098 2184 2143 et
2213 2088 2348 2143 bene
2374 2087 2610 2157 quidem.
2642 2084 2696 2139 ln
2724 2084 2911 2140 codice
2944 2086 3087 2140 enim
3121 2085 3217 2139 Ms.
3245 2084 3545 2139 Carthasim

250 2195 589 2250 Coloniensis
646 2192 846 2265 (sicuti
901 2192 953 2246 in
1008 2191 1189 2244 ultima
1236 2189 1469 2244 editione
1517 2186 1773 2241 Bernardi
1828 2193 2070 2240 notatum
2119 2182 2232 2253 εει)
2290 2181 2560 2249 puellarum
2601 2180 2761 2235 liabet
2793 2180 3072 2249 epistolam
3125 2194 3244 2234 cum
3296 2180 3395 2232 ista
3432 2177 3552 2247 epi-

250 2290 459 2361 graphe
491 2304 505 2340 :
538 2285 771 2357 Epistola
814 2283 1007 2338 domini
1045 2281 1289 2353 Guigonis
1322 2278 1691 2336 Carthusiensis
1720 2277 1787 2330 ad
1830 2282 2041 2349 fratrem
2080 2273 2374 2328 Gervasium
2434 2272 2497 2326 de
2543 2270 2657 2323 Vita
2708 2271 3113 2339 contemplativa.
3155 2267 3354 2323 Dilecto
3402 2266 3553 2337 fratri

252 2399 349 2435 suo
379 2378 622 2434 Gervasio
647 2376 743 2431 Fr.
776 2375 965 2447 Guigo,
1009 2374 1248 2428 delectari
1272 2374 1324 2426 in
1351 2371 1593 2425 Domino.
1625 2371 1812 2423 Amare
1834 2379 1883 2423 te
1913 2385 1977 2423 ea:
2015 2368 2180 2421 debito
2217 2376 2405 2429 teneor,
2435 2365 2555 2435 quia
2584 2363 2723 2433 prior
2748 2379 2827 2416 me
2859 2380 3034 2416 amare
3059 2363 3346 2431 incaepisti;
3378 2370 3427 2416 et
3465 2376 3554 2414 re-

251 2472 472 2527 scribere
510 2468 599 2523 tibi
617 2468 910 2539 compellor,
938 2467 1057 2537 quia
1088 2465 1267 2519 litteris
1297 2464 1395 2517 tuis
1419 2464 1486 2515 ad
1508 2460 1824 2515 scribendum
1850 2477 1928 2513 me
1948 2459 2089 2531 prius
2118 2457 2359 2511 invitasti.
2393 2454 2638 2521 Quadam
2665 2471 2784 2525 ergo
2807 2470 2920 2525 qum
2945 2455 3007 2506 de
3030 2454 3285 2523 spirituali
3311 2454 3554 2508 exercitio

251 2562 609 2617 claustralium
635 2560 1051 2631 excogitaveram,
1087 2555 1422 2611 transmittere
1449 2554 1691 2624 praposui
1709 2569 1728 2615 ,'
1751 2561 1804 2605 ut
1825 2552 1911 2621 qui
1941 2551 2065 2604 talia
2094 2546 2398 2617 experiendo
2434 2546 2641 2610 melius,
2668 2562 2821 2617 quam
2860 2562 2951 2617 ego
2983 2546 3270 2610 tractando,
3302 2544 3552 2608 didicisti,

252 2669 483 2707 mearum
504 2651 673 2721 judea:
696 2652 766 2704 sis
810 2649 1175 2719 cogitationum
1212 2656 1260 2701 et
1289 2654 1559 2700 corrector.
1598 2641 1666 2696 Et
1697 2643 1870 2696 merito
1900 2642 2007 2695 hwc
2048 2640 2206 2694 nostri
2241 2638 2429 2692 laboris
2457 2637 2605 2690 initia
2647 2638 2733 2690 tibi
2775 2638 3007 2707 primitus
3046 2636 3223 2703 offero,
3267 2648 3319 2690 ut
3345 2635 3556 2691 novellae

252 2745 590 2813 plantationis
625 2743 901 2797 urimitivos
926 2742 1121 2811 fructus
1141 2738 1386 2810 colligas;
1414 2736 1652 2807 quoniam
1678 2736 1740 2788 dc
1763 2735 1996 2788 servitute
2022 2731 2326 2795 Pharaonis,
2344 2738 2391 2783 te
2420 2729 2635 2785 delicata
2661 2730 2930 2783 solitudine
2958 2729 3203 2803 laudabili
3227 2731 3363 2799 furto
3390 2729 3556 2782 surri—

251 2836 418 2907 picns,
450 2834 501 2887 in
526 2834 762 2888 ordinata
799 2842 1083 2887 castrorum
1114 2831 1220 2884 acie
1255 2828 1510 2882 collocasti
1531 2868 1547 2891 ,
1580 2842 1778 2879 ramum
1816 2829 1878 2879 de
1914 2825 2130 2879 oleastro
2167 2823 2441 2892 artificiose
2480 2821 2701 2876 excisum
2742 2821 3013 2891 prudenter
3047 2822 3272 2876 inserens
3312 2822 3365 2875 in
3390 2821 3549 2875 oliva.

250 2929 391 2983 Tum
424 2928 558 2981 liber
586 2926 770 2996 incipit
799 2942 812 2978 :
847 2924 974 2979 Cum
1003 2924 1084 2978 die
1111 2922 1354 2991 quadam,
1394 2928 1498 2975 etc.
1541 2918 1668 2972 Post
1697 2927 1935 2974 extrema
1966 2927 2142 2969 autent
2173 2916 2336 2970 verba
2369 2915 2457 2969 illa
2477 2955 2492 2980 ,
2523 2930 2696 2984 pacem
2731 2914 2785 2967 in
2814 2914 3056 2984 idipsum,
3084 2915 3161 2968 sic
3186 2914 3320 2967 liber
3345 2913 3554 2968 claudi-

249 3032 343 3072 tur
380 3036 392 3072 :
440 3016 521 3072 Tu
547 3034 666 3089 ergo
708 3020 884 3088 frater,
918 3017 988 3069 mi
1019 3014 1225 3069 Gorvusi
1245 3054 1259 3079 ,
1292 3012 1335 3065 si
1378 3011 1581 3082 quando
1608 3010 1783 3063 datum
1823 3008 1908 3061 tibi
1939 3007 2090 3077 fuerit
2124 3006 2339 3076 desuper
2371 3005 2727 3074 prtedictorum
2768 3006 3019 3075 graduum
3049 3006 3398 3060 celsitudinem
3429 3021 3557 3058 coa-

249 3113 526 3177 scendcre,
563 3121 814 3165 memento
854 3110 987 3172 mei;
1029 3118 1074 3161 et
1119 3124 1209 3160 ora
1249 3122 1343 3177 pro
1391 3121 1488 3169 me,
1536 3119 1651 3157 cum
1690 3100 1810 3155 bene
1847 3100 1999 3170 fuerit
2036 3099 2154 3166 tibi;
2194 3106 2251 3152 ut
2292 3099 2365 3153 sic
2403 3097 2599 3151 cortina
2638 3099 2887 3151 cortinam
2931 3097 3132 3162 trahat,
3166 3109 3211 3150 et
3252 3098 3339 3166 qui
3381 3097 3553 3162 audit,

262 3291 549 3304 ’ψ
588 3291 2785 3564 ἛᾘΡΑΒΑΒΙΞΙ,

1380 3574 1857 3682 LIBER
1952 3570 2067 3677 U'
2058 3571 2169 3675 Ν
2180 3569 2295 3676 U
2284 3571 2397 3678 S.

1576 3753 2223 3809 crematus.»-

332 3886 561 3943 CAPUT
603 3883 882 3940 PRIMUM.
942 3880 1225 3950 Descriptio
1307 3887 1559 3950 quatuon
1591 3875 1840 3950 graduum

257 3959 677 4015 exercitationum
704 3954 1084 4025 spiritualium._
1103 3945 1294 4005 Lectio.
1320 3945 1612 4025 'Meditatio.
1641 3945 1838 4025 Oratio.

257 4029 656 4098 Contemplatio.
687 4016 818 4098 Cum
840 4025 927 4098 die
951 4023 1175 4098 quadam
1203 4019 1464 4098 corporali
1497 4032 1746 4098 manuum
1771 4016 1847 4097 la-

259 4106 395 4157 bore
426 4087 714 4167 occupatus
742 4097 811 4153 de
836 4087 1124 4167 Spirtiualis
1155 4087 1388 4167 hominis
1416 4089 1672 4167 exercitio
1695 4087 1842 4154 engi-

260 4185 381 4226 tare
407 4160 713 4237 cmpissem,
745 4160 976 4237 quatuor
996 4162 1301 4237 spirituales
1327 4161 1522 4237 gradus
1552 4160 1730 4237 animo
1756 4172 1848 4237 co-

258 4243 452 4315 gitanti
481 4230 538 4294 se
564 4230 740 4294 subito
765 4230 1091 4315 obtulerimt,
1115 4234 1318 4288 scilicet
1344 4232 1521 4315 lectio.
1552 4230 1845 4315 meditatio,

261 4300 442 4367 Bratio
469 4322 521 4366 et
549 4309 952 4378 contemplatio.
988 4307 1111 4378 lIa-c
1140 4312 1222 4358 est
1264 4303 1406 4358 scala
1441 4300 1805 4378 claustralium
1832 4338 1847 4363 ,

263 4400 372 4455 qua
401 4383 469 4437 de
497 4383 717 4455 terrain
759 4370 951 4434 ctelum
984 4377 1348 4455 sublevantur,
1378 4372 1632 4455 gradibus
1658 4370 1844 4451 distin-

264 4441 355 4513 éta
400 4454 599 4523 paucis,
634 4453 910 4506 immenszc
939 4457 1113 4501 tamen
1143 4454 1198 4499 et
1229 4441 1556 4523 incredibilis
1585 4441 1851 4521 magnitu-

267 4512 432 4580 dinis.
462 4512 626 4593 Cujus
653 4531 896 4576 extrema
929 4533 1053 4588 pars
1083 4527 1239 4571 terra:
1270 4515 1449 4593 innixa
1478 4523 1583 4593 esi.
1608 4512 1855 4593 superisa:

268 4611 403 4652 vero
434 4580 602 4649 nubis
633 4600 896 4662 penetrat,
924 4580 978 4645 et
1001 4597 1205 4641 secreta
1230 4587 1488 4640 ctelorum
1517 4583 1760 4662 rimatur.

266 4667 468 4737 gradus
498 4652 645 4719 sicut'
667 4652 971 4737 nominibus
997 4670 1057 4737 ei
1086 4672 1334 4737 numeroﬁ
1354 4662 1481 4709 sunt
1521 4652 1750 4733 diversi,
1780 4652 1855 4737 ita

268 4725 464 4792 ordine
494 4746 548 4791 et
576 4733 833 4788 tnuuere‘
862 4740 984 4785 sunt
1008 4728 1262 4784 distincti.
1296 4726 1532 4793 Quorum
1563 4725 1856 4793 proprieta.

272 4820 356 4863 tes
383 4817 447 4871 et
465 4806 639 4861 officia
666 4803 878 4873 quidem
909 4802 1145 4873 singula,
1162 4798 1289 4873 quid
1311 4798 1450 4852 circa
1480 4811 1577 4850 uos
1600 4795 1855 4873 efficiant,

270 4868 547 4949 quomodo
577 4866 717 4930 inter
745 4889 809 4949 se
829 4866 1054 4949 invicem
1095 4870 1421 4949 diderantct
1452 4866 1853 4949 praiemincant,

273 4938 320 5004 ἐι
351 4949 471 5019 quis
497 4948 779 5019 diligenter
798 4942 1075 5019 inspiciat,
1110 4938 1366 5019 quidquid
1385 4938 1602 5019 .labor‘is
1627 4944 1718 5019 aut
1742 4943 1856 4987 stu-

273 5006 704 5088 dii-impenderit
742 5018 795 5068 in
815 5006 898 5088 eis
920 5054 934 5078 ,
970 5006 1438 5088 breve'reputab-it
1459 5016 1514 5062 et
1544 5006 1719 5088 facile,
1750 5019 1861 5088 pra:

275 5078 526 5146 utilitaiis
545 5098 600 5143 et
619 5084 916 5141 dulcedinis
938 5080 1321 5153 magnitudine.
1354 5080 1450 5153 Est
1475 5088 1652 5153 autem
1680 5078 1859 5153 lectio,

275 5160 464 5216 sedula
497 5159 891 5227 Scripturarum
920 5146 1055 5210 cuni
1070 5152 1235 5227 animi
1265 5149 1560 5227 intentione
1581 5146 1861 5227 inspectio.

278 5232 555 5289 Meditatio
580 5216 663 5285 est
702 5228 939 5284 studiosa
969 5224 1165 5280 mentis
1194 5222 1353 5283 actio,
1377 5221 1601 5274 occulta:
1629 5216 1867 5289 veritatis

277 5303 524 5359 notitiam
554 5301 717 5355 ductu
757 5299 987 5367 propriae
1030 5294 1254 5367 rationis
1298 5292 1655 5367 investigatis._
1685 5288 1868 5342 Oratio

278 5383 364 5429 est
387 5373 579 5429 devota
615 5360 825 5426 cordis'
855 5360 1080 5439 intentio
1106 5367 1157 5421 in
1186 5365 1381 5439 Deum,
1414 5376 1509 5439 pro
1535 5360 1690 5413 malis
1715 5373 1867 5439 amo-

279 5445 558 5507 vendis,et
582 5442 737 5497 bonis
760 5438 1135 5511 adipiscendis.
1154 5432 1548 5511 contemplatio
1564 5432 1869 5511 est_m_eut_is

280 5518 337 5570 in
362 5500 526 5569 Deum
558 5528 833 5581 suspensa:
853 5500 1097 5581 'quazdam
1120 5506 1368 5572 elevatio,
1388 5500 1611 5558 aeterna
1635 5500 1873 5555 dulcedi-

279 5589 367 5641 nis
387 5585 574 5656 gaudia
603 5584 911 5656 degustans.

355 5640 584 5711 CVAPUT
616 5640 700 5708 u.‘
713 5652 993 5723 Descriptio
1021 5650 1297 5723 ofﬁciorum
1336 5654 1563 5723 quatuor
1597 5640 1871 5723 graduum.

287 5710 585 5797 Assignatis
639 5740 768 5795 ergo
806 5710 1362 5796 quatuor"graduum'
1393 5710 1874 5785 descriptionibus,

352 5863 366 5892 ί
408 5859 531 5909 Alias
545 5895 561 5918 ,
585 5857 769 5908 merito.

350 5926 371 5956 ³
406 5923 557 5983 Alias,
580 5922 765 5971 ηιειιιὶδ.

1948 3902 2199 3966 restatut
2224 3891 2951 3966 eorumAofliciavidcamus.
2993 3894 3172 3949 Beata:
3217 3895 3378 3966 igitur
3424 3898 3550 3954 vitae

1949 3964 2289 4020 dulcedinem
2320 3964 2478 4018 lectio
2509 3964 2756 4031 inquirit,
2794 3966 3065 4018 meditatio
3108 3964 3308 4021 invenit
3331 4011 3344 4028 ,
3374 3971 3549 4022 oratio

1952 4036 2218 4105 postulat,
2252 4034 2632 4102 (‘Outetnplatio
2660 4036 2926 4104 degttstat.
2961 4034 3111 4091 Unde
3158 4038 3271 4102 ipse
3298 4038 3555 4093 Dominus

1952 4106 2112 4170 dicit,
2148 4106 2390 4172 Quwrite,
2419 4115 2466 4158 et
2489 4106 2795 4176 (invenietis:
2825 4106 3023 4176 pulsate
3052 4116 3100 4160 et
3143 4109 3397 4176 aperietur
3421 4112 3561 4164 vobis

1955 4176 2168 4245 (Matth.
2205 4191 2276 4228 vn
2295 4217 2309 4237 ,
2340 4177 2415 4244 7).
2464 4175 2686 4242 Quaerite
2714 4175 2939 4245 legendo
2958 4218 2973 4242 ,
3006 4187 3053 4230 et
3082 4175 3340 4232 invenietis
3387 4182 3558 4234 incdi-

1954 4247 2138 4320 iando;
2162 4246 2370 4320 Pulsate
2384 4248 2604 4320 orando,
2628 4257 2681 4320 et,
2696 4249 2948 4320 aperietur
2963 4250 3099 4302 vobis
3119 4250 3552 4320 contemplando.

1956 4317 2138 4373 Lectio
2181 4318 2329 4386 quasi
2378 4318 2606 4371 solidum
2639 4317 2817 4373 cibum
2864 4320 2943 4372 ori
2973 4321 3230 4386 apponit;
3279 4317 3560 4375 meditatio

1957 4389 2202 4443 masticat
2227 4398 2280 4442 et
2309 4388 2531 4457 frangit;
2560 4389 2730 4442 oratio
2760 4404 3005 4457 saporem
3029 4392 3289 4460 acquirit;
3316 4403 3562 4447 contem-

1958 4460 2121 4529 platio
2147 4470 2228 4514 est
2257 4461 2367 4526 ipsa
2399 4460 2624 4513 dolendo
2645 4501 2661 4524 ,
2693 4476 2811 4529 qua:
2833 4461 3093 4528 jucundat
3119 4474 3172 4515 et
3201 4462 3387 4517 reiicit.
3423 4462 3559 4517 Lec-

1960 4531 2034 4584 tio
2076 4531 2126 4583 in
2167 4530 2398 4595 cortice,
2428 4529 2704 4584 meditatio
2735 4531 2786 4583 in
2816 4532 3003 4600 adipe,
3033 4533 3205 4585 oratio
3226 4532 3276 4585 in
3308 4533 3562 4587 desiderii

1964 4601 2349 4669 postulatione,
2396 4601 2780 4667 contemplatio
2812 4602 2861 4655 in
2890 4602 3096 4669 adepta!
3123 4603 3421 4657 dulcedinis
3462 4603 3563 4657 de-

1962 4672 2264 4727 lectatione.
2311 4671 2462 4739 Quod
2496 4682 2552 4724 ut
2596 4672 2904 4740 expressius
2952 4673 3120 4727 videri
3167 4675 3361 4741 possit,
3394 4688 3566 4727 unum

1962 4742 2029 4795 de
2075 4743 2253 4795 multis
2300 4756 2594 4811 supponatn
2625 4743 2949 4811 exemplum.
3003 4744 3059 4797 In
3094 4745 3319 4798 lectione
3360 4743 3556 4807 audio,

1960 4811 2105 4882 Beati
2134 4813 2321 4865 mundo
2350 4813 2501 4865 corde
2519 4855 2533 4877 ,
2562 4814 2799 4881 quoniam
2843 4814 2940 4882 ipsi
2970 4812 3135 4867 Deunt
3182 4814 3418 4866 videbunt
3448 4811 3560 4882 (Id.

1963 4900 2026 4947 ν,
2060 4881 2137 4956 8).
2172 4884 2307 4956 Ecce
2338 4884 2496 4937 breve
2525 4883 2778 4956 verbum,
2830 4881 2922 4956 sed
2972 4898 3134 4937 suave
3184 4894 3238 4937 et
3286 4881 3569 4956 multiplici

1966 4953 2127 5009 sensu
2160 4954 2410 5009 refertum
2436 4995 2451 5018 ,
2480 4953 2545 5006 ad
2576 4964 2782 5021 pastum
2813 4954 3005 5006 animae
3032 4956 3183 5021 quasi
3214 4969 3373 5007 uvam
3404 4953 3565 5007 mini-

1968 5024 2189 5087 stravit;
2220 5039 2378 5094 quam
2408 5034 2692 5094 postquam
2714 5024 2899 5094 anima
2922 5022 3201 5093 diligenter
3230 5024 3557 5094 inspexerit,

1968 5095 2097 5150 dicit
2130 5092 2265 5148 intra
2296 5110 2390 5160 se,
2424 5094 2605 5148 Potest
2648 5093 2848 5163 aliquid
2892 5093 3015 5146 boni
3061 5109 3217 5159 esse,
3266 5094 3450 5147 redibo
3493 5092 3560 5147 ad

1969 5182 2063 5220 cor
2093 5181 2272 5220 meum
2294 5205 2310 5227 ,
2356 5174 2409 5218 et
2437 5164 2650 5234 tentabo
2681 5165 2724 5217 si
2746 5162 2891 5218 forte
2922 5163 3218 5234 intelligere
3244 5176 3300 5219 et
3328 5164 3575 5219 invenire

1972 5246 2163 5308 potero
2207 5235 2518 5308 munditiam
2564 5233 2740 5308 hanc:
2776 5235 3004 5303 pretiosa
3036 5233 3176 5308 enim
3209 5246 3263 5308 et
3288 5234 3566 5308 desidera-

1974 5306 2094 5361 bilis
2140 5316 2222 5361 est
2271 5322 2355 5359 res
2387 5306 2481 5359 ista
2504 5345 2520 5371 ,
2548 5307 2699 5371 cujus
2728 5319 3069 5375 possessores
3100 5306 3238 5359 beati
3285 5306 3567 5372 dicuntur,

1975 5378 2167 5448 quibus
2194 5375 2329 5432 visio
2372 5375 2494 5448 Dei,
2525 5391 2655 5448 qua:
2683 5376 2894 5448 estvita
2939 5386 3170 5448 aeterna,
3220 5376 3575 5448 promittitur,

1975 5446 2095 5519 qua:
2120 5457 2198 5503 tot
2228 5446 2711 5519 sacrm‘Scriptnraz
2737 5446 3056 5519 testimoniis
3077 5447 3428 5502 collaudatur.
3459 5448 3573 5502 Hoc

1978 5516 2107 5592 ergo
2134 5519 2234 5574 sibi
2274 5517 2485 5592 plenius
2529 5516 2785 5592 esplicari
2832 5516 3178 5583 desiderans,
3222 5519 3407 5592 incipit
3437 5519 3581 5573 hanc

1981 5586 2138 5646 unam
2168 5586 2448 5644 mas—ticare
2473 5597 2527 5641 et
2559 5586 2838 5656 frangere,
2870 5602 3096 5657 eamque
3126 5590 3276 5658 quasi
3299 5586 3354 5643 in
3387 5598 3571 5643 torcu-

1982 5663 2078 5717 lari
2108 5660 2286 5730 ponit;
2333 5659 2525 5713 deinde
2567 5662 2770 5730 excitat
2794 5659 3057 5730 rationem
3087 5658 3153 5713 ad
3199 5659 3575 5730 inquirendum

1982 5727 2121 5805 quid
2138 5733 2210 5805 εἰς
2229 5772 2243 5794 ,
2272 5739 2325 5805 ct
2350 5727 2833 5805 quomodobaberi
2861 5729 3025 5799 possit
3045 5728 3163 5786 haec
3187 5727 3321 5785 adeo
3350 5731 3587 5800 pretiosa

1986 5798 2040 5861 et
2066 5798 2432 5857 desiderabilis
2459 5798 2737 5853 munditia.

2055 5873 2279 5929 CAPUT
2313 5871 2395 5927 Ill.
2423 5870 2767 5925 Meditationis
2806 5869 3041 5940 oﬁcium.
3069 5869 3295 5926 Scientia
3317 5870 3367 5924 in
3389 5868 3536 5922 malis
3559 5909 3588 5929 ..
