3986 6538
271 453 388 513 ItIOI

266 580 451 631 tantur,
476 575 631 632 quam
657 558 815 616 dulce
838 556 1250 632 eriiigaudium‘,
1283 554 1422 625 quod
1446 571 1513 632 ex
1535 556 1832 611 manifesta-

267 626 333 695 ιιιί
363 626 555 690 visione
591 633 832 710 capietur
844 629 883 710 ?_
908 626 1128 710 Si'aileo
1153 627 1418 710 (Σῆρα-ρει
1440 626 1570 710 ilere
1593 641 1690 710 pro
1733 636 1821 710 te,

267 723 411 777 quam
434 704 581 779 dulce
623 696 725 779 erit
750 701 979 779 gaudere
1004 698 1072 754 de
1094 697 1190 779 _te?
1367 696 1492 779 quid
1508 696 1822 779 II‘mjusqui

263 766 451 833 secreta
471 766 1068 848 colloquiajsroferimus
1094 769 1146 823 in
1173 768 1436 848 publicum
1461 766 1485 820 ?
1505 766 1825 848 Cltr_inetl'.1-

265 850 384 904 biles
409 856 460 900 et
486 837 1313 919 inenarrabiles_allcctus_verbis
1336 837 1706 919 communibus
1731 852 1825 919 co-

263 932 438 971 namur
481 914 827 990 exprimeret
867 908 1151 990 lnexperti.
1180 908 1303 963 talia
1347 922 1456 990 non
1488 908 1824 990 intelligunt,

261 989 351 1041 nisi
382 1001 439 1040 ea
478 980 777 1052 expressius
813 982 989 1051 legant
1019 981 1068 1033 in
1102 980 1238 1032 libro
1265 980 1647 1052 experientize.
1692 992 1827 1048 quos

260 1058 362 1127 ipsa
385 1049 571 1127 doceat
595 1054 816 1127 ιιιιοιὶο.⁸
838 1049 1005 1127 Aliter
1042 1059 1218 1127 autem
1264 1049 1694 1127 Iitteraiexterior
1722 1065 1825 1127 non

258 1118 461 1195 p'rodest
485 1123 771 1201 quidquam
805 1122 1020 1201 legenti.
1051 1119 1311 1201 Modicum
1339 1118 1522 1201 sapida
1564 1128 1648 1175 est
1672 1119 1828 1173 lectio

256 1191 526 1251 exterioris
555 1195 745 1248 litterae
766 1235 782 1262 ,
813 1191 913 1247 nisi
940 1192 1170 1263 glossam
1199 1199 1253 1245 et
1279 1191 1584 1245 interiorem
1608 1205 1823 1245 sensum

255 1278 416 1322 sumat
445 1281 505 1319 ex
536 1264 718 1319 corde.

320 1334 542 1391 CAPUT
601 1334 707 1387 VII.
761 1331 839 1387 De
890 1331 1066 1402 gratia:
1130 1329 1482 1402 occultatione.
1533 1329 1579 1386 Ο
1627 1330 1824 1398 anima,

251 1406 334 1460 ditt
382 1405 733 1473 protraximns
778 1401 1104 1473 sermonem.
1136 1401 1341 1455 Bonum
1387 1401 1695 1473 enimierat
1726 1416 1827 1455 nos

256 1478 334 1531 hic
385 1471 533 1541 esse,
566 1490 688 1529 cum
715 1474 876 1529 Petro
917 1482 971 1527 et
995 1472 1198 1527 Jonnne
1221 1471 1569 1540 contemplari
1605 1472 1825 1541 gloriam

247 1548 448 1615 sponsi,
481 1556 535 1600 et
561 1545 653 1623 diu
681 1558 894 1623 manere
919 1558 1039 1623 cum
1070 1542 1160 1596 illo
1179 1584 1201 1623 ,Ι
1221 1542 1264 1596 si
1288 1543 1445 1596 vellet
1466 1542 1556 1623 hic
1580 1541 1691 1596 fieri
1721 1558 1824 1597 non

249 1612 349 1671 duo
369 1659 383 1681 ,
412 1632 544 1696 non.
565 1616 667 1670 tria
715 1614 1082 1696 tabernacuia,
1111 1612 1205 1667 sed
1236 1628 1432 1696 unum“,
1464 1612 1517 1696 i_n
1543 1627 1648 1694 quo
1679 1628 1826 1696 esse:

248 1702 360 1741 mus
388 1686 583 1746 simul.
632 1694 686 1739 et
731 1686 889 1740 simul
935 1684 1341 1739 delectaremur.
1386 1681 1497 1753 Sed
1539 1681 1649 1753 jam
1699 1683 1827 1740 dicit

245 1772 493 1825 sponsus,
543 1757 763 1811 Dimitte
804 1770 927 1823 me;
971 1754 1082 1823 jam
1130 1755 1271 1808 enim
1310 1752 1551 1825 ascendit
1588 1768 1819 1825 aurora,

242 1829 343 1897 jam
386 1829 561 1881 lumen
609 1827 791 1895 gratiae
820 1834 874 1897 et
898 1825 1250 1897 visitationem
1280 1839 1449 1897 quam;
1468 1824 1823 1897 desiderabas

244 1894 505 1965 accepisti.
541 1894 673 1950 Data
700 1911 827 1965 ergo
855 1895 1254 1965 benedictione,
1296 1894 1614 1965 mortilicato
1659 1911 1823 1951 nervo

242 1967 449 2022 femoris
469 2010 485 2033 ,
512 1976 567 2022 et
596 1964 800 2021 mutato
844 1967 1057 2021 nomine
1083 1964 1151 2020 de
1177 1964 1342 2019 Jacob
1371 1965 1424 2019 in
1466 1964 1659 2030 Israel,
1691 1981 1822 2034 pau-

243 2038 399 2105 lisper
423 2037 629 2092 secedit
669 2051 898 2106 Sponsus
925 2036 1013 2090 diu
1065 2035 1426 2096 desideratus,
1457 2036 1564 2090 cito
1589 2037 1820 2103 elapsus.

238 2106 505 2162 Subtrahit
532 2122 593 2162 se
625 2116 732 2161 tam
775 2123 806 2160 a
839 2106 1085 2177 praedicta
1114 2106 1347 2171 visione,
1390 2122 1548 2176 quam
1579 2123 1607 2159 a
1646 2107 1827 2161 dulce-

237 2178 355 2233 dine
382 2179 854 2247 contemplationis
886 2196 898 2231 :
929 2184 1109 2231 manet
1151 2185 1329 2231 tamen
1372 2192 1611 2247 praesens
1655 2194 1827 2247 quan-

241 2259 344 2302 tum
373 2250 437 2303 ad
465 2246 939 2319 gubernatioiiem,
988 2257 1242 2318 quantum
1271 2246 1337 2301 ad
1365 2246 1589 2317 gloriam
1608 2291 1622 2312 ,
1653 2246 1827 2318 quan-

236 2329 339 2372 tum
366 2320 429 2373 ad
462 2320 762 2373 unionem‘.

302 2390 527 2445 CAPUT
564 2388 703 2444 VIII.
762 2388 863 2443 Cur
893 2389 963 2441 ita
989 2387 1057 2440 ad
1084 2398 1279 2458 tempus
1307 2388 1602 2441 occultetur.
1625 2386 1730 2443 Sed
1761 2404 1826 2444 ne

236 2460 417 2514 timeas
437 2501 453 2525 ,
480 2475 515 2514 ο
540 2475 743 2529 sponsa
768 2499 782 2522 ,
812 2476 878 2513 ne
905 2460 1155 2528 desperes
1182 2498 1198 2522 ,
1233 2473 1298 2512 ne
1318 2460 1591 2513 existimes
1626 2467 1677 2529 te
1699 2474 1828 2512 con-

234 2531 389 2583 temni
417 2572 432 2595 ,
483 2532 527 2584 si
575 2528 864 2599 paulisper
911 2530 1002 2583 tibi
1049 2529 1315 2583 subtrahit
1356 2543 1584 2599 spoasus
1633 2528 1825 2583 faciem

231 2613 396 2654 suam.
438 2600 639 2655 Omnia
671 2601 768 2655 ista
812 2608 1168 2669 cooperantur
1196 2600 1288 2653 tibi
1333 2601 1382 2652 in
1413 2600 1609 2653 bonum
1642 2640 1657 2663 ,
1686 2611 1738 2654 et
1759 2601 1827 2656 de

230 2685 444 2725 accessu
475 2681 532 2727 et
562 2686 785 2727 recessu
811 2670 1013 2724 lucrum
1042 2669 1294 2739 acquiris.
1319 2670 1436 2723 Tibi
1466 2672 1629 2734 venit,
1658 2671 1750 2725 tibi
1773 2682 1827 2728 et

229 2742 447 2796 recedit.
480 2742 650 2797 Venit
665 2741 731 2795 ad
762 2741 1202 2806 consolationem,
1222 2740 1424 2795 recedit
1439 2740 1503 2794 ad
1524 2740 1782 2795 cautelam
1809 2760 1823 2797 :

233 2827 295 2865 ne
326 2812 649 2883 magnitudo
674 2810 1057 2883 consolationis
1082 2812 1302 2865 extollat
1330 2822 1379 2865 te
1411 2829 1424 2865 :
1459 2827 1524 2865 ne
1549 2812 1592 2883 si
1614 2826 1827 2883 semper

225 2882 361 2950 apud
394 2893 446 2937 te
472 2884 545 2937 sit
572 2898 808 2952 sponsus
828 2923 842 2946 ,
877 2882 1098 2950 incipias
1125 2891 1469 2937 Contemnere
1495 2882 1703 2936 sodales
1730 2882 1743 2946 ;
1773 2895 1828 2939 et

228 2953 360 3022 hanc
401 2955 724 3008 continuam
773 2952 1127 3006 visitationem
1171 2967 1275 3006 non
1310 2952 1419 3020 jam
1448 2954 1631 3022 gratize
1672 2955 1825 3009 attri-

228 3021 387 3085 buas,
416 3024 515 3078 sed
562 3033 793 3077 naturae.
818 3022 966 3078 Hane
1002 3031 1178 3077 autem
1214 3021 1569 3092 gratiam’cui
1623 3025 1737 3079 vult
1772 3036 1828 3082 et

224 3094 434 3162 quando
461 3094 581 3148 vult
612 3108 844 3163 sponsus
879 3093 1101 3159 tribuit,
1132 3107 1235 3147 non
1275 3095 1421 3162 quasi
1447 3094 1567 3162 jure
1594 3094 1824 3152 hairedi-

226 3166 356 3235 t_ario
388 3164 728 3233 possidetur.
755 3164 983 3234 Vulgare
1005 3164 1338 3235 proverbium
1363 3173 1466 3230 est,
1491 3166 1631 3235 quod
1664 3168 1824 3223 nimia

223 3231 563 3307 familiaritas
592 3237 735 3307 parit
753 3231 1137 3304 contemptum.
1170 3234 1387 3307 Reeedit
1413 3231 1540 3303 erga
1560 3278 1572 3299 ,
1602 3253 1668 3292 ne
1691 3239 1826 3295 forte

220 3303 376 3359 nimis
403 3303 670 3361 assiduus
695 3303 1083 3367 contemnatur,
1114 3312 1168 3359 et
1193 3306 1385 3361 absens
1405 3308 1575 3376 magis
1616 3308 1826 3365 deside.

220 3383 393 3449 retur,
443 3376 796 3449 desideratus
839 3376 1063 3449 avidius
1090 3384 1388 3449 quzeratur,
1431 3377 1519 3431 diu
1571 3382 1827 3449 quaesitus

218 3446 431 3518 tandem
454 3449 671 3517 gratius
694 3448 1011 3518 inveniatur.
1038 3446 1295 3518 Praeterea
1314 3446 1358 3500 si
1381 3446 1648 3518 umquam
1670 3450 1827 3506 dces-

215 3525 294 3569 set
325 3517 412 3589 hic
442 3516 754 3589 consolatio
779 3517 799 3589 (
816 3533 933 3588 qua:
963 3527 1206 3589 respectu
1234 3516 1423 3572 futura:
1448 3516 1629 3588 gloriae
1652 3562 1667 3584 ,
1706 3538 1825 3589 qua:

215 3588 547 3664 revelabitur
578 3589 634 3643 in
660 3588 1275 3664 nobis,_a:niginaticaest
1293 3597 1425 3664 etes
1450 3600 1596 3659 parte
1619 3590 1637 3664 [
1662 3592 1680 3646 Ι
1706 3588 1822 3647 Cor.

213 3670 328 3723 xm,
345 3657 822 3729 12]),putaremns
837 3660 969 3712 forte
992 3659 1075 3712 hic
1100 3657 1295 3729 bibere
1319 3657 1584 3714 civitatem
1610 3657 1828 3717 manen-

214 3734 342 3803 iem,
373 3728 435 3782 et
459 3731 653 3803 minus
682 3730 1069 3803 inquireremus
1097 3728 1321 3782 futuram
1349 3728 1530 3803 (Hebr.
1562 3748 1676 3796 xm,
1709 3736 1822 3803 M).

212 3794 288 3850 Ne
314 3814 449 3875 ergo
480 3794 1092 3875 exsilium'deputemus
1122 3814 1218 3868 pro
1247 3794 1413 3868 patria
1436 3794 1698 3875 ,Aarrham
1728 3794 1825 3875 pro

210 3869 367 3934 pretii
414 3885 685 3942 summa;
715 3871 861 3924 venit
906 3884 1133 3942 sponsus
1156 3910 1170 3933 ,
1199 3879 1252 3924 et
1296 3872 1495 3925 recedit
1550 3869 1781 3929 vicissim
1806 3918 1822 3942 ,

211 3953 355 3993 nunc
400 3941 845 3995 consolationem
888 3939 1146 4005 aﬂ’erens,
1178 3955 1316 3993 nunc
1345 3942 1647 3997 universum
1686 3939 1823 4000 stra¥

210 4015 320 4063 tum
374 4020 641 4085 nostrum
690 4012 742 4064 in
798 4011 1102 4065 inﬁrmitate
1156 4020 1526 4085 comminans:
1560 4015 1826 4085 paulisper

208 4094 307 4155 nos
355 4083 641 4155 permittit
669 4090 1068 4155 gustarequam
1114 4082 1290 4155 suavis
1315 4091 1398 4135 est
1420 4126 1434 4149 ,
1464 4093 1519 4138 et
1542 4082 1824 4155 antequam

208 4150 367 4225 plene
399 4153 720 4206 sentiamus
740 4151 1101 4225 sesubtrahit;
1131 4160 1185 4205 et
1213 4152 1284 4206 ita
1311 4155 1474 4225 quasi
1508 4155 1605 4210 alis
1627 4150 1827 4225 expan-

203 4223 277 4292 sis
323 4237 498 4292 supra
563 4236 672 4276 nos
714 4222 963 4289 volitans,
989 4231 1241 4291 provocat
1273 4238 1369 4275 nos
1414 4224 1481 4279 ad
1518 4222 1823 4283 volandum.

203 4290 368 4357 Quasi
398 4290 565 4348 dicat
591 4333 611 4360 ,
643 4293 783 4348 Ecce
808 4290 999 4360 parum
1019 4292 1274 4363 gustastis
1310 4309 1468 4362 quam
1498 4299 1673 4351 suavis
1707 4314 1826 4354 sum

204 4367 257 4415 et
281 4363 502 4437 dulcis;
537 4364 642 4419 sed
670 4365 713 4417 si
742 4364 915 4437 vultis
935 4364 1091 4431 plene
1121 4368 1344 4418 saturari
1374 4365 1473 4419 hac
1498 4366 1778 4426 dulcedine
1808 4412 1823 4437 ,

200 4436 405 4509 currite
458 4445 599 4505 post
644 4451 731 4488 me
772 4436 823 4488 in
851 4433 1067 4509 odorem
1094 4445 1496 4509 unguentorum
1546 4433 1823 4509 meorum,

205 4499 493 4575 habentes
534 4521 762 4559 sursum
808 4505 1004 4575 corda,
1055 4504 1142 4558 ubi
1189 4499 1288 4575 ego
1342 4522 1458 4559 sum
1506 4511 1555 4561 in
1605 4499 1824 4566 dextera

207 4570 299 4648 Dei
351 4575 567 4629 Patris.
627 4575 704 4648 lbi
744 4574 990 4648 videbitis
1034 4590 1150 4648 me,
1178 4570 1283 4629 non
1332 4592 1426 4644 per
1460 4582 1729 4648 speculum
1774 4584 1825 4636 in

198 4644 505 4713 aenigmate
540 4686 557 4705 ,
596 4645 697 4700 sed
740 4645 873 4698 facie
922 4645 987 4721 ad
1032 4644 1219 4699 faciem
1252 4664 1265 4699 :
1294 4656 1347 4701 et
1377 4644 1531 4716 plene
1578 4652 1828 4721 gaudebit

198 4726 295 4786 cor
353 4724 622 4769 vestrum
658 4757 673 4780 ,
721 4727 770 4770 et
818 4716 1068 4786 gaudium
1119 4726 1352 4771 vestrum
1398 4735 1553 4776 nemo
1581 4716 1753 4779 'tollet
1795 4738 1825 4778 a

200 4783 373 4838 vobis.

265 4854 520 4934 CAﬂl’IiT
553 4853 657 4908 IX.
692 4858 855 4934 Quam
883 4867 1025 4911 caute
1064 4866 1180 4910 tunc
1219 4874 1275 4934 se_
1307 4876 1478 4934 gerere
1502 4862 1713 4934 quisque
1740 4864 1828 4918 de-

195 4921 330 4976 beat.
350 4926 467 4979 Sed
492 4940 563 5003 ea
574 4940 646 4977 ve
669 4927 836 5003 tibine
857 4942 1079 5003 spOnsa;
1103 4921 1576 5003 quauddabsent'at
1597 4921 1657 4989 se
1676 4950 1828 5003 spon-

190 5011 305 5072 sus,
341 5012 457 5049 non
492 4996 672 5064 longe
700 4996 894 5072 abibit;
921 4999 1019 5052 etsi
1049 4996 1151 5072 non
1176 5001 1320 5054 vides
1347 5016 1489 5066 cum,
1518 5003 1628 5072 ipse
1651 4996 1825 5061 tamen

192 5067 340 5119 videt
364 5077 420 5121 te
445 5081 708 5146 semper.
738 5066 922 5146 plenus
945 5069 1112 5146 oculis
1136 5080 1259 5146 ante
1282 5079 1335 5125 et
1359 5066 1825 5146 retro;'nnnquam

192 5145 351 5203 potes
388 5153 530 5192 eum
584 5139 774 5190 latere.
811 5137 977 5192 llabet
1010 5139 1168 5193 etiam
1199 5143 1337 5194 circa
1375 5151 1425 5196 te
1461 5137 1828 5201 ttuntios'suos

186 5210 457 5280 spiritus,
498 5207 671 5280 quasi
713 5209 1081 5276 sagacissimos
1110 5210 1505 5280 exploratores;
1533 5224 1590 5269 ut
1614 5217 1830 5272 videant

186 5279 481 5345 quomodo
516 5277 757 5331 absente
786 5293 983 5347 sponso
1010 5277 1374 5347 converseris;
1406 5294 1461 5339 et
1490 5277 1747 5342 accusant
1778 5300 1828 5344 te

182 5363 374 5403 coram
418 5349 557 5415 ipso
572 5348 1049 5420 ,_siraliqi_iarsigna
1082 5350 1308 5405 lasciviae
1332 5362 1387 5407 et
1411 5356 1745 5413 scnrrilitatis
1777 5361 1826 5412 in
1873 5408 1881 5415 .

186 5417 779 5491 tedcprehenderint.
804 5417 1091 5491 Zelotypus
1111 5430 1193 5475 est
1214 5437 1442 5491 sponsus
1466 5425 1584 5481 iste.
1609 5427 1662 5482 Si
1691 5428 1828 5485 forte

189 5489 353 5565 alium
386 5499 733 5565 amatorem
751 5489 1041 5565 acceperis,
1072 5492 1117 5544 si
1144 5489 1261 5565 aliis
1288 5496 1454 5565 magis
1483 5497 1689 5565 placere
1718 5508 1829 5553 stu-

182 5559 413 5624 lueris;
445 5561 659 5614 statim
685 5559 915 5614 discedet
947 5576 975 5614 a
1005 5569 1076 5625 te,
1106 5572 1157 5616 et
1183 5563 1302 5618 aliis
1329 5559 1625 5622 adhaerebit
1648 5569 1830 5625 adole-

180 5634 482 5685 seentulis.
525 5629 808 5683 Delicatus
836 5641 917 5685 est
945 5645 1172 5699 Sponsus
1202 5634 1335 5698 iste,
1369 5637 1560 5690 nobilis
1592 5647 1647 5693 et
1678 5641 1828 5695 dives

178 5710 263 5755 est
285 5741 303 5767 ,
332 5702 657 5773 Speciosus
684 5699 851 5754 forma
882 5716 994 5771 prie
1025 5703 1146 5758 liliis
1172 5702 1446 5760 hominum
1475 5706 1644 5778 (Psat.
1676 5726 1824 5778 xuv,

242 5838 261 5869 ι
304 5836 455 5910 apud
769 5834 877 5885 hac
892 5848 992 5887 non
1025 5843 1168 5902 sum,
1209 5844 1439 5903 quantum
1477 5842 1545 5894 ad
1588 5843 1823 5910 gloriam,

170 5898 429 5966 quantum
454 5898 533 5948 ad
564 5898 819 5947 unionem.

431 5991 744 6048 I’ATROL.
794 5986 923 6049 XL.

1582 440 1796 498 SCALA
1840 439 2175 498 PARADISI.

3384 449 3521 503 1003

1934 554 2026 625 5);
2057 554 2256 635 ei
2279 570 2394 635 non
2413 557 2513 611 nisi
2539 559 3103 635 speciosam‘dignatnr
3131 561 3330 620 habere
3352 581 3516 635 spon-

1931 624 2066 679 sam.
2090 625 2150 702 Si
2172 624 2432 702 videritin
2459 637 2509 682 te
2533 624 2788 702 maculam
2810 624 2930 686 sive
2948 648 3150 702 rugam,
3175 636 3351 689 statim
3373 624 3518 691 aver-

1933 703 2008 749 tet
2034 696 2235 750 oculos.
2263 695 2467 751 Nullam
2498 699 2638 752 enim
2667 695 3051 756 immunditiam
3085 695 3260 761 potest
3282 708 3515 761 sustine-

1932 780 2011 820 re.
2041 765 2171 820 Esto
2194 781 2322 836 ergo
2346 776 2511 830 casta,
2539 778 2656 840 esto
2680 772 2977 825 verecunda
3004 782 3059 827 et
3085 765 3330 840 humilis;
3357 772 3517 831 utsic

1930 849 2188 909 asponso
2219 845 2309 909 tuo
2343 838 2598 909 merearis
2638 840 2939 909 frequenter
2976 844 3199 898 visitari.
3230 838 3418 901 Timeo
3448 862 3516 902 ne

1930 904 2129 985 diutius
2147 906 2433 985 detinuerit
2460 923 2555 985 nos
2580 904 2758 985 sermo
2788 911 2918 985 iste;
2946 913 3036 985 sed
3064 912 3130 967 ad
3160 914 3273 969 haec
3296 931 3518 985 compu-

1934 976 1993 1028 lit
2017 991 2102 1031 me
2121 978 2344 1057 materia
2373 976 2560 1033 fertilis
2586 980 2782 1046 pariter
2800 990 2854 1057 et
2876 981 3045 1057 dulcis
3065 1000 3080 1049 ;
3101 1000 3257 1057 quam
3284 1001 3385 1057 ego
3408 976 3515 1042 non

1935 1047 2308 1125 protrahebam
2347 1058 2668 1125 spontaneus
2687 1090 2702 1117 ,
2733 1051 2827 1106 sed
2855 1054 3034 1107 nescio
3059 1047 3160 1123 qua
3187 1055 3302 1125 ejus
3318 1047 3517 1113 dulce-

1932 1115 2056 1170 dine
2084 1117 2332 1171 trahebar
2361 1115 2573 1173 invitus.

2241 1186 2742 1277 Earliecapi‘tulatio.
2774 1190 3412 1277 Quanr'grwdictt‘grudus
3437 1199 3519 1252 in-

1935 1265 2008 1331 ter
2041 1273 2096 1331 se
2133 1261 2462 1331 concatenati.
2492 1261 2561 1315 Ut
2596 1275 2723 1330 ergo
2759 1277 2877 1331 qua:
2913 1262 3155 1319 diffusius
3188 1261 3327 1319 dicta
3357 1278 3479 1323 sunt
3501 1309 3518 1331 .

1933 1326 2087 1381 simul
2112 1332 2292 1396 juncta
2319 1330 2399 1405 vei
2429 1331 2578 1405 unita
2599 1326 2791 1405 mélius
2814 1332 3112 1405 videaniur,
3142 1326 3517 1405 przedictornm

1932 1412 2192 1474 summam
2219 1399 2616 1468 recapitulando
2638 1402 2965 1474 colligamus.
2994 1399 3219 1458 Sicut'in
3248 1408 3519 1474 praedictis

1934 1468 2189 1546 exemplis
2212 1480 2558 1546 pruinoiatum
2580 1481 2682 1537 est,
2707 1468 2872 1546 videri
2897 1482 3074 1543 potest
3095 1468 3359 1546 quomodo
3382 1495 3521 1546 pra:-

1932 1536 2058 1592 dicti
2097 1536 2292 1613 gradus
2326 1540 2747 1613 coltmreant;ret
2784 1536 2918 1597 sicut
2949 1536 3331 1613 temporaliter,
3364 1536 3433 1602 ita
3465 1559 3520 1604 et

1932 1610 2217 1685 causaliter
2240 1624 2299 1664 se
2324 1612 2641 1685 prreeedantt
2666 1612 2844 1668 Lectio
2865 1614 3005 1668 enim
3028 1610 3176 1685 quasi
3207 1610 3517 1673 fundamen—

1934 1687 2043 1732 tum
2069 1680 2237 1748 prima
2259 1682 2511 1746 occurrit,
2536 1690 2589 1735 et
2611 1682 2732 1737 data
2760 1685 2977 1738 materia
3004 1680 3166 1740 mittit
3191 1702 3288 1741 nos
3312 1689 3377 1743 ad
3407 1706 3519 1744 me-

1932 1749 2264 1824 ditationem.
2298 1750 2565 1824 Meditatio
2596 1754 2873 1824 veroquid
2907 1756 3262 1824 appetendum
3299 1760 3368 1812 sit
3393 1759 3516 1814 dili-

1933 1820 2140 1889 gentius
2170 1821 2406 1892 inquirit,
2438 1832 2488 1875 et
2516 1823 2663 1892 quasi
2693 1820 2957 1880 effodiens
2980 1820 3286 1882 thesaurum
3318 1829 3519 1886 invenit

1932 1898 1987 1964 et
2010 1891 2275 1964 ostendit;
2304 1892 2396 1964 sed
2421 1891 2542 1946 cum
2571 1908 2665 1964 per
2689 1908 2748 1949 se
2774 1895 3014 1951 obtinere
3042 1912 3145 1951 non
3174 1899 3363 1964 valeat,
3394 1903 3517 1955 mii-

1934 1960 1997 2040 iit
2020 1975 2118 2040 nos
2138 1960 2205 2015 ad
2228 1962 2544 2040 ouationem.
2570 1960 2753 2040 Oratio
2775 1979 2833 2020 se
2856 1967 2977 2040 totis
2996 1968 3195 2040 viribus
3211 1960 3428 2040 erigens
3447 1973 3515 2025 ad

1934 2029 2213 2105 Dominum
2235 2073 2259 2105 ,Α
2282 2033 2529 2105 impetrat
2562 2034 2866 2089 thesaurum
2905 2029 3346 2105 desiderabilem",
3382 2056 3515 2097 con—

1933 2101 2291 2180 templationis
2320 2104 2652 2180 suavitatem.
2679 2105 2805 2160 Haec
2839 2115 3019 2180 autem
3052 2101 3343 2164 adveniens
3375 2127 3515 2180 pne-

1931 2170 2191 2243 dictorum
2215 2173 2369 2226 trium
2393 2173 2627 2228 laborem
2648 2186 2969 2243 remunerat,
2989 2176 3114 2232 dum
3137 2170 3518 2237 cmlestis'rore

1932 2241 2227 2318 dulcedinis
2252 2244 2482 2318 animam
2508 2244 2773 2318 sitientem
2804 2241 3049 2301 inebriat.
3080 2249 3260 2304 Lectio
3283 2254 3410 2318 ergo
3433 2264 3517 2307 est

1931 2312 2221 2382 secundum
2261 2314 2494 2367 exterius
2532 2317 2877 2382 exercitium;
2915 2319 3186 2373 meditatio
3222 2312 3513 2378 secundum

1931 2380 2240 2455 interiorem
2268 2383 2624 2451 intellectum;
2648 2388 2818 2441 oratio
2839 2380 3127 2442 secundum
3152 2390 3473 2447 desiderium
3497 2412 3511 2455 ;

1930 2454 2306 2526 contemplatio
2344 2468 2503 2526 super
2545 2471 2757 2510 onmem
2796 2472 3034 2512 sensum.
3072 2460 3283 2516 Primus
3318 2454 3515 2526 gradus

1930 2531 2013 2576 est
2040 2523 2431 2597 incipientiqu
2455 2525 2730 2580 Secundus
2755 2537 2837 2582 est
2866 2528 3274 2597 proﬁcientium.
3302 2523 3515 2589 Tertius

1930 2601 2012 2647 est
2040 2593 2374 2648 devotorum.
2401 2594 2631 2661 Quartus
2657 2593 2951 2653 beatorum.

2002 2663 2073 2746 lii.
2090 2673 2263 2746 an'tem
2285 2666 2479 2746 gradus
2505 2667 2574 2746 ita
2597 2670 2928 2746 concitenati
2953 2679 3095 2746 sunt,
3119 2682 3175 2726 et
3195 2672 3391 2746 vicaria
3412 2689 3515 2746 ope

1930 2733 2032 2787 sibi
2060 2733 2653 2808 invicem'deservinnt,
2681 2739 2823 2807 quod
2856 2733 3214 2808 prazcedentes
3239 2744 3355 2799 sine
3381 2733 3513 2799 sult-

1930 2805 2276 2883 sequentibus
2314 2814 2628 2883 aut_parum
2663 2805 2753 2862 aut
2787 2805 2918 2864 nihil
2961 2812 3196 2880 prosint;
3227 2824 3515 2883 sequentes

1931 2889 2057 2953 vero
2081 2876 2197 2929 sine
2218 2876 2674 2953 princedentibus,
2707 2889 2795 2932 aut
2825 2876 2977 2953 raro;
3000 2891 3092 2953 aut
3118 2876 3382 2953 nunquam
3414 2885 3514 2941 ha-

1930 2944 2042 2999 beri
2092 2946 2313 3014 possint.
2361 2948 2496 3013 Quid
2540 2949 2680 3002 enim
2735 2951 2950 3017 prodest
2996 2944 3512 3011 lcetione-continua

1931 3024 2138 3095 tempus
2166 3031 2445 3095 occupare,
2473 3029 2777 3095 sanctorum
2808 3030 2953 3095 gesta
2980 3032 3034 3095 et
3060 3024 3254 3091 scripta
3285 3026 3510 3095 legendo

1931 3092 2314 3161 transcurrere,
2344 3088 2443 3142 nisi
2468 3104 2532 3144 ea
2557 3091 2713 3143 etiam
2741 3088 3068 3147 ma'sticando
3093 3103 3148 3148 et
3172 3088 3512 3161 ruminando,

1930 3172 2144 3232 succum
2174 3157 2473 3232 eliciamus,
2506 3168 2558 3214 et
2593 3162 3010 3232 transglutieqdo
3035 3179 3200 3232 usque
3235 3165 3302 3219 ad
3337 3157 3514 3223 cordis

1931 3228 2114 3283 intima
2143 3228 2593 3295 transmittamus;
2621 3240 2679 3283 ut
2704 3226 2767 3285 ei
2796 3231 2879 3286 his
2906 3226 3182 3302 diligent—er
3207 3237 3515 3292 considere-

1930 3314 2049 3352 mus
2074 3308 2266 3352 statum
2282 3309 2554 3376 nostrum,
2584 3309 2638 3355 et
2664 3302 2968 3376 Studeamus
2992 3318 3174 3376 eorum
3204 3321 3363 3374 opera
3391 3323 3516 3376 age-

1929 3384 2005 3432 re,
2031 3385 2254 3445 quorum
2278 3368 2413 3423 facta
2435 3370 2677 3445 cupimus
2699 3372 2969 3428 lectitare?
2988 3374 3091 3429 Sed
3113 3368 3379 3445 quomodo
3402 3368 3515 3434 lia-c

1929 3439 2295 3513 cogiiabimns,
2323 3450 2414 3513 aut
2438 3441 2705 3513 quomodo
2733 3457 2924 3498 cavere
2952 3439 3261 3513 poterimus,
3292 3464 3358 3502 ne
3384 3448 3511 3504 falsa

1928 3521 2018 3588 ani
2054 3510 2226 3563 inania
2256 3510 2495 3588 quadam
2535 3512 2873 3580 meditando,
2898 3510 3099 3588 limites
3127 3531 3157 3570 a
3188 3519 3384 3572 sanctis
3417 3535 3514 3588 pa-

1931 3579 2097 3655 tribus
2122 3579 2438 3655 constitutos
2457 3591 2830 3655 Alranseatnus;
2860 3579 2959 3638 nisi
2988 3587 3134 3655 prius
3160 3588 3298 3642 circa
3328 3579 3513 3655 hujus-

1930 3650 2072 3703 modi
2104 3662 2226 3704 ante
2254 3666 2316 3703 ex
2351 3651 2575 3706 lectione
2601 3664 2692 3706 aut
2717 3668 2779 3707 ex
2811 3650 3003 3709 audiui
3023 3655 3277 3711 fuerimus
3312 3650 3514 3714 instrn-

1929 3720 2261 3794 c_ti?_auditus
2282 3722 2424 3794 enim
2446 3722 2674 3791 quodam
2696 3724 2855 3779 modo
2877 3726 3102 3794 pertinet
3121 3726 3186 3780 ad
3210 3729 3511 3784 lectionem.

1928 3789 2081 3864 Unde
2106 3789 2568 3864 solemusdicere,
2597 3808 2701 3864 non
2733 3789 2905 3848 solum
2943 3796 3104 3850 libros
3134 3797 3278 3864 ipsos
3306 3814 3403 3853 nos
3434 3802 3511 3853 le-

1928 3861 2089 3930 gisse,
2107 3876 2241 3930 quos
2258 3862 2415 3935 nobis
2436 3862 2564 3935 ipsis
2580 3862 2665 3935 vel
2690 3864 2806 3917 aliis
2829 3865 3071 3935 legimus,
3095 3861 3186 3919 sed
3213 3869 3513 3935 etiamjillos

1928 3948 2061 4006 quos
2081 3946 2110 3985 a
2134 3932 2399 4006 magistris
2418 3932 2734 3987 audivimus.
2755 3932 3029 4005 ltcm'quid
3053 3937 3267 4005 prodest
3289 3932 3509 4006 homini,

1928 4002 1973 4075 si
2001 4017 2093 4075 per
2119 4002 2515 4075 meditationem
2539 4018 2657 4073 qua:
2681 4006 2882 4074 agenda
2902 4002 3026 4061 sunt
3050 4002 3245 4075 videat,
3272 4010 3369 4064 nisi
3394 4002 3517 4066 ora;

1930 4072 2094 4126 tionis
2128 4074 2325 4126 auxilio
2354 4081 2406 4127 et
2443 4073 2532 4127 Dei
2558 4072 2735 4143 gratia
2758 4076 2823 4130 ad
2857 4091 2917 4131 ea
2948 4072 3239 4132 obtinenda
3261 4084 3509 4135 convale-

1928 4144 2074 4197 seat?
2103 4142 2269 4214 Omne
2312 4142 2583 4212 siquidem,
2602 4145 2775 4198 datum
2798 4148 3063 4214 optimum,
3086 4157 3130 4201 et
3156 4165 3303 4203 omne
3324 4152 3515 4207 donum

1931 4218 2202 4283 perfectum
2237 4213 2497 4283 desursum
2533 4224 2630 4273 est.
2668 4213 2971 4271 descendens
3005 4236 3037 4271 a
3078 4218 3232 4273 Patre
3266 4222 3513 4277 luminum

1931 4281 2141 4365 (Jacobi
2174 4281 2359 4365 131.7).
2381 4302 2394 4337 :
2420 4284 2540 4365 sine
2568 4300 2674 4355 quo
2709 4287 2834 4340 nihil
2872 4290 3388 4365 possumnslacere;
3420 4297 3513 4349 sed

1931 4353 2046 4427 ipse
2074 4358 2127 4427 in
2155 4353 2306 4410 nobis
2328 4353 2458 4411 facit
2481 4353 2663 4427 opera,
2695 4372 2798 4413 non
2832 4353 3005 4415 tamen
3033 4361 3249 4419 omnino
3278 4353 3392 4422 sine
3420 4381 3516 4422 no-

1932 4425 2030 4507 bis:
2058 4424 2574 4507 cooperaioresfni'm
2602 4428 2706 4507 _Dei_
2727 4447 2900 4507 sumu_s
2926 4432 2978 4502 (l
3010 4432 3127 4488 Cor.
3158 4450 3233 4503 Ill,
3264 4435 3351 4507 9),
3378 4438 3517 4494 sicut

1930 4496 2058 4550 dicit
2087 4497 2389 4573 Aposiolus.
2422 4497 2545 4573 Vult
2573 4499 2831 4569 siquidem
2868 4496 3003 4573 Deus
3031 4513 3087 4558 ut
3113 4496 3234 4560 enni
3261 4496 3475 4562 oremus
3496 4552 3511 4573 ,

1932 4577 1985 4620 et
2012 4577 2070 4621 ut
2097 4567 2144 4647 ei
2178 4567 2480 4647 advenienti
2510 4579 2564 4647 et
2603 4567 2921 4640 prasstolanti
2953 4573 3017 4627 ad
3042 4577 3272 4647 ostium,
3303 4567 3512 4647 aperia;

1932 4652 2051 4691 mus
2093 4638 2266 4691 sinum
2306 4638 2613 4693 voluntatis
2637 4653 2832 4694 nostra}
2856 4684 2871 4707 ,
2914 4650 2967 4697 et
3006 4645 3055 4699 ei
3099 4638 3511 4705 consentiamus.

1933 4706 2084 4785 ΙΙιιηο
2110 4724 2427 4785 consensum
2459 4711 2702 4779 exigebat
2734 4727 2763 4765 a
2793 4711 3120 4769 Samaritana
3141 4758 3154 4780 ,
3191 4719 3401 4785 quando
3428 4722 3512 4773 di-

1931 4779 2103 4850 cebat,
2146 4777 2281 4831 Voca
2309 4780 2469 4833 virum
2498 4777 2640 4833 tuam
2670 4799 2689 4834 :
2716 4786 2861 4850 quasi
2893 4785 3113 4850 diceret,
3145 4777 3277 4841 volo
3305 4789 3395 4843 tibi
3428 4791 3511 4845 in-

1932 4847 2153 4921 fundi-rc
2201 4850 2442 4917 gratiam,
2471 4859 2525 4904 tu
2573 4847 2778 4921 appliea
2807 4854 3029 4908 liberum
3057 4847 3351 4911 arbitrium.
3378 4858 3509 4916 0m-

1935 4919 2130 4974 tioncm
2152 4921 2392 4989 exigebat
2412 4922 2477 4973 ah
2497 4935 2579 4985 ea,
2604 4919 2724 4975 cum
2747 4924 2972 4989 dicebat,
2996 4925 3075 4979 Tu
3095 4927 3140 4979 si
3157 4928 3308 4981 scires
3325 4930 3513 4984 domm

1935 4989 2058 5068 Dei,
2094 5000 2138 5042 et
2166 4992 2274 5068 quis
2302 5000 2373 5044 est
2400 4992 2485 5061 qui
2513 4992 2632 5068 dicit
2657 4993 2776 5059 tibi,
2798 4993 2886 5068 pa
2920 4996 3060 5068 mihi
3077 4997 3238 5050 bibere
3255 5039 3269 5064 ,
3303 5002 3515 5068 forsitan

1933 5062 2136 5134 petisses
2170 5062 2236 5134 ab
2247 5078 2324 5134 _eo
2351 5078 2543 5134 nquam
2578 5064 2757 5117 vivam.
2797 5064 2908 5118 Hoc
2944 5066 3123 5121 audito
3152 5062 3311 5134 quasi
3334 5086 3399 5124 ex
3438 5074 3515 5125 Ιν-

1933 5133 2107 5184 ctione
2133 5131 2321 5184 mulier
2348 5133 2621 5196 instrttcta,
2651 5134 2898 5188 meditata
2926 5146 3009 5190 est
3034 5138 3084 5190 in
3113 5131 3272 5194 corde
3296 5155 3393 5194 suo
3421 5143 3517 5197 bo-

1933 5217 2058 5255 nmn
2087 5202 2188 5276 sibi
2228 5201 2585 5276 foreetutile
2620 5205 2814 5257 habere
2853 5204 2989 5261 hanc
3022 5222 3233 5276 aquam.
3277 5213 3513 5268 Aeaeus:

1933 5286 2060 5339 ergo
2085 5271 2309 5349 habendi
2336 5272 2906 5349 desiderioaconvertit
2930 5290 2988 5330 se
3011 5271 3085 5330 sd‘
3102 5280 3415 5349 orationem,
3436 5286 3489 5337 di
3511 5317 3519 5325 -

1933 5358 2081 5415 cens,
2108 5340 2345 5407 Domine,
2375 5342 2442 5415 do
2469 5343 2592 5415 milii
2617 5346 2746 5397 hanc
2770 5362 2974 5415 aquam,
3006 5357 3062 5401 ut
3090 5365 3188 5403 non
3214 5353 3381 5406 sitiam
3400 5340 3488 5407 'am
3511 5392 3518 5398 .

1936 5412 2074 5491 ptius
2089 5428 2292 5491 2“neque
2317 5413 2511 5491 veniunt
2540 5414 2635 5467 huc
2664 5412 2865 5491 haurire
2892 5433 3074 5491 nquam
3103 5418 3288 5491 (Joan.
3322 5439 3396 5483 tv.
3427 5428 3494 5480 l6

1936 5482 2023 5545 10,
2052 5480 2565 5565 ISiI‘Eeceauditus
2593 5485 2736 5565 verbi
2767 5480 2991 5565 Domini,
3021 5499 3073 5543 et
3088 5480 3329 5565 sequens
3358 5480 3517 5565 super

1932 5568 1999 5606 eo
2026 5551 2301 5607 meditatio
2326 5554 2678 5630 inciiaverunt
2702 5571 2819 5610 eam
2846 5557 2911 5630 ad
2938 5551 3213 5630 orandum.
3239 5551 3517 5630 Quomodo

1934 5637 2162 5703 namque
2182 5632 2323 5678 esset
2350 5623 2571 5703 so_l_lici_ta
2587 5625 2664 5703 ad
2691 5628 3083 5703 postniandmn,
3108 5633 3205 5703 nisi
3232 5623 3378 5703 prius
3398 5653 3515 5692 eam

1932 5693 2610 5771 acc_endissct__meditatio?
2639 5693 2743 5751 Aut
2770 5698 2894 5768 quid
2922 5701 2968 5754 ei
3007 5693 3309 5771 princcde'ns
3345 5709 3483 5763 medi

1935 5763 2063 5817 talio
2090 5763 2423 5839 contuiisset,
2454 5765 2555 5819 nisi
2583 5782 2700 5836 qua:
2728 5763 3022 5837 appetenda
3052 5775 3398 5839 monstrabat,
3428 5792 3513 5833 se-

1931 5848 2101 5910 quens
2138 5834 2309 5910 oratio
2350 5834 2720 5904 impetrasset?
2751 5834 2828 5893 Ad
2868 5840 2970 5896 hoc
3003 5858 3128 5910 ergo
3166 5854 3221 5898 ut
3253 5834 3516 5904 fructnoa

1934 5905 2005 5960 sit
2038 5903 2337 5973 meditatio,
2371 5903 2582 5978 oportet
2620 5918 2678 5963 ut
2714 5922 2965 5980 sequatur
2989 5903 3244 5970 orationis
3275 5903 3514 5987 devotio;

2675 6005 3211 6083 (Trente-«Ieumj
