4070 6522
337 403 476 462 1005
1327 407 1522 463 ιξΒΕη
1565 409 1650 463 DE
1692 408 1886 466 (IOGNI

1996 409 2096 464 »ΝΕ
2141 411 2342 465 VERE
2386 413 2418 465 \'
2431 411 2582 466 IT.~'E.
3487 424 3618 478 i006

330 515 490 570 toties
513 515 730 571 adhibet
757 516 1071 585 particulam
1114 519 1364 589 amplius,
1397 520 1482 574 ubi
1510 519 1576 574 ad
1619 521 1750 574 alias
1780 531 1831 576 et
1861 522 1994 576 alias
2021 523 2360 592 probationes
2391 523 2709 592 disputando
2745 527 3068 596 pergendum
3095 538 3176 582 est
3199 569 3214 595 ,
3244 538 3352 585 etc.
3385 533 3611 588 Eosdem

330 617 508 662 autent
539 625 730 664 sensus
757 619 814 664 et
841 609 1161 678 ipsissimam
1190 611 1427 665 Ausehni
1454 611 1751 668 doctrinam
1775 630 1839 667 ex
1866 615 2028 683 ipsius
2057 613 2356 684 Monologio
2382 630 2686 684 expressam
2709 620 2944 687 reperies
2970 631 3128 690 atque
3155 622 3258 677 huc
3285 625 3614 681 translatam.

336 705 534 760 Deinde
561 706 772 760 scholas
799 707 1003 760 redolet
1036 707 1371 775 opusculum,
1404 719 1562 777 atque
1593 723 1658 761 eo
1692 708 1904 761 nomine
1935 723 2039 761 non
2087 707 2356 778 indignum
2401 717 2483 762 est
2511 709 2740 764 Honorio
2766 753 2780 777 ,
2810 714 2896 782 qui
2923 728 2982 769 se
3012 695 3125 784 ipse
3155 716 3532 774 scholasticum
3561 722 3612 776 in

328 799 468 853 libro
494 799 559 852 de
587 799 966 854 Luminaribus
995 799 1247 854 Ecclesia:
1278 810 1451 856 vocat.
1483 801 1561 854 Ad
1590 800 1702 854 hac
1726 800 2014 855 instructus
2040 813 2200 855 etiam
2226 810 2308 854 est
2335 801 2470 855 liber
2495 801 2804 870 praefatione
2828 805 3065 874 ejusdem
3102 809 3311 878 generis
3336 825 3399 866 ac
3431 815 3610 868 caeteri

327 889 438 945 fere
467 890 590 945 libri
614 891 833 946 Honorii
857 892 1373 962 Augustodunensis,
1397 893 1478 946 cui
1496 892 1766 962 preprium
1795 903 1886 945 aut
1908 893 2145 948 solemne
2167 902 2264 957 est,
2289 894 2338 946 in
2362 908 2579 948 suorum
2601 897 2977 964 opusculorum
2997 901 3215 954 exordio
3239 911 3350 957 tum
3372 902 3438 958 de
3465 905 3601 959 invi-

326 985 407 1035 dis
432 984 541 1036 suis
570 985 822 1054 conqueri
847 1001 859 1048 ;
892 994 951 1038 ut
978 983 1099 1038 facit
1129 984 1179 1038 in
1207 985 1357 1037 libris
1387 983 1452 1038 de
1480 983 1713 1054 Imagine
1740 984 1920 1038 mundi
1942 1027 1956 1048 ,
1980 985 2045 1039 de
2074 985 2445 1040 Luminaribus
2467 987 2736 1054 Ecclesiae,
2768 989 2834 1044 de
2857 990 3326 1050 Prredcstinatione
3354 1005 3408 1050 et
3437 997 3605 1050 libero

320 1074 543 1128 arbitrio
568 1093 582 1128 :
610 1083 720 1130 tum
743 1075 982 1145 opusculi
1011 1075 1267 1146 cujusque
1288 1076 1494 1129 titulum
1521 1091 1819 1144 proponere
1845 1086 1897 1130 et
1922 1078 2225 1145 explicare;
2250 1078 2694 1146 quemadmodum
2719 1080 2768 1134 in
2789 1080 2937 1136 libris
2961 1081 3026 1137 de
3051 1082 3269 1138 Gemma
3299 1087 3508 1153 animm,
3528 1088 3596 1142 de

323 1167 554 1237 Imagiue
581 1169 784 1232 mundi,
810 1180 865 1224 eo;
889 1170 939 1222 in
957 1169 1140 1238 Sigillo
1165 1169 1224 1222 Β.
1260 1169 1471 1233 Mariae;
1505 1169 1644 1239 quod
1671 1168 1881 1239 quidem
1907 1171 2066 1224 etiam
2088 1172 2138 1223 in
2161 1170 2295 1224 libro
2316 1169 2381 1224 de
2404 1171 2878 1227 Prazdcstinatione
2897 1176 3141 1243 praestitit
3169 1178 3354 1232 saltem
3384 1179 3434 1233 in
3465 1179 3590 1235 line.

324 1259 617 1315 Fatendum
645 1276 802 1329 porro
824 1270 923 1324 est,
957 1277 1089 1331 opus
1105 1261 1190 1315 cui
1223 1260 1522 1314 Elucidario
1553 1276 1744 1314 nomen
1778 1261 1827 1314 in
1857 1261 2090 1315 Anselmi
2123 1261 2445 1330 Appcudicc,
2476 1262 2658 1316 iisdem
2690 1263 2899 1317 indiciis
2928 1272 2982 1319 et
3010 1267 3336 1335 argumentis
3368 1267 3601 1322 Honorio

317 1353 799 1422 eidemadjudicari
829 1371 1014 1423 posse;
1051 1356 1254 1410 tametsi
1279 1363 1562 1408 occurrant
1585 1355 1635 1407 in
1659 1355 1759 1408 isto
1779 1370 1939 1424 opere
1963 1354 2209 1408 nonnulla
2232 1353 2367 1407 haud
2389 1355 2514 1409 satis
2547 1365 2906 1411 consentanea
2928 1372 3048 1412 cum
3081 1358 3197 1412 aliis
3221 1359 3442 1414 Ilonorii
3463 1376 3597 1429 ομυο

317 1447 504 1511 scolis,
528 1449 699 1518 qualis
729 1449 812 1501 illa
837 1458 918 1502 est
937 1446 1598 1510 liberiiarbitriideﬁnitio,
1630 1445 1720 1500 lib.
1748 1446 1803 1512 2,
1836 1463 1952 1515 cap.
1974 1446 2029 1510 2,
2059 1446 2200 1512 data,
2223 1446 2448 1500 Libertas
2468 1448 2680 1517 eligendi
2707 1449 2889 1501 bonum
2908 1458 2953 1503 et
2973 1450 3164 1503 malum
3179 1467 3195 1504 :
3212 1467 3372 1520 quam
3395 1453 3445 1506 iu
3471 1453 3606 1507 libro

313 1541 385 1594 de
402 1541 872 1595 Przedestinatione
889 1550 941 1594 et
966 1541 1156 1595 Libero
1179 1541 1413 1595 Arbitrio
1429 1541 1645 1595 minime
1664 1540 1852 1612 probat
1871 1541 2137 1596 Honorius
2163 1559 2175 1594 :
2200 1543 2288 1612 qui
2313 1543 2559 1597 nimirum
2588 1544 2876 1613 profecisse
2900 1546 3011 1600 sive
3033 1548 3346 1602 sententiam
3371 1558 3602 1604 mutasse

317 1633 616 1687 credendus
641 1641 722 1688 est
743 1640 863 1703 post
887 1634 1141 1703 scriptum
1168 1632 1548 1698 Elucidarium,
1573 1633 1712 1702 quod
1745 1632 1882 1688 inter
1905 1634 2159 1703 epuscula
2183 1649 2276 1687 sua
2302 1636 2470 1702 primo
2504 1635 2616 1705 ipse
2647 1637 2761 1689 loco
2783 1645 3042 1699 recenset.
3069 1637 3330 1693 Cmterum
3358 1640 3604 1708 ipsismct

310 1725 530 1780 .Grmcis
558 1726 802 1795 cognitus
825 1725 921 1779 fuit
945 1734 1200 1779 tractatus
1229 1725 1328 1780 iste
1352 1725 1419 1780 de
1443 1724 1754 1793 Cognitionc
1779 1741 1919 1778 vera:
1949 1726 2085 1779 vitm.
2121 1725 2246 1794 Ejus
2275 1725 2468 1795 quippe
2501 1727 2848 1796 fragmentum
2874 1743 3049 1798 grmco
3075 1729 3326 1784 idiomate
3354 1745 3456 1785 una
3479 1746 3600 1785 cum

313 1818 580 1888 cxcerplis
604 1819 720 1874 aliis
749 1818 1057 1874 Latinorum
1089 1818 1441 1889 quorumdam
1466 1819 1810 1887 scriptorum,
1844 1827 1964 1888 puta
1994 1819 2190 1874 LeOuis
2213 1819 2381 1888 Magni
2408 1829 2461 1873 et
2493 1820 2676 1874 llilarii
2703 1837 2875 1891 grmce
2903 1823 3098 1891 pariter
3126 1824 3375 1887 inventis,
3407 1825 3602 1893 prodiit

319 1911 562 1978 llasilem,
592 1928 733 1967 anno
761 1913 918 1976 15:78,
951 1928 1078 1967 cura
1106 1912 1410 1966 Leuuclavii
1433 1953 1448 1975 ,
1485 1912 1574 1981 qui
1604 1927 1667 1965 ea
1708 1913 1996 1982 fragmenta
2025 1927 2091 1965 ex
2121 1910 2275 1965 Joan.
2311 1910 2559 1966 Sambuci
2589 1912 2906 1967 bibliotheca
2947 1928 3143 1968 eruens
3170 1913 3416 1968 latinitati
3443 1916 3598 1970 resti-

319 2003 440 2056 tuit.
473 2003 606 2058 Illud
634 2005 805 2073 ipsum
829 2004 896 2058 dc
920 2004 1225 2074 cognitione
1252 2019 1391 2058 vera:
1418 2005 1538 2056 vita:
1564 2001 1914 2071 fragmentum
1938 2011 2111 2056 exstat
2139 2001 2190 2055 in
2219 2002 2607 2058 Monachieusis
2635 2003 2965 2058 bibliotheca:
2989 2004 3173 2059 codice
3201 2001 3299 2058 Ms.
3329 2005 3452 2071 115,
3481 2021 3601 2061 cum

312 2095 644 2152 Bessan-iouis
673 2097 946 2167 Opusculis
985 2097 1324 2166 coniunctum
1347 2139 1361 2163 ,
1392 2097 1546 2151 sicuti
1578 2097 1754 2152 videre
1784 2108 1866 2152 est
1892 2098 1941 2151 in
1987 2098 2162 2153 Indice
2190 2099 2428 2168 ejusdem
2463 2100 2793 2156 bibliotheca:
2823 2102 2886 2155 ad
2913 2102 3113 2156 calcem
3142 2105 3439 2172 Apparatus
3465 2102 3601 2157 Pos-

307 2191 478 2244 Sl'Villi
519 2193 748 2262 vulgato.
785 2192 972 2260 Incipit
1011 2202 1186 2246 autem
1233 2192 1584 2262 fragmentum
1633 2191 1683 2244 in
1729 2191 1842 2245 haec
1885 2209 1886 2214 η

1999 2207 2042 2244 ιιι
2073 2179 2484 2264 ελίδεὶφοῖβηπερ
2515 2203 2570 2247 τὸ
2611 2210 2695 2255 τῆς
2746 2203 2911 2264 σαρκὸς
2941 2201 3090 2266 βάρος
3136 2204 3288 2260 πιέζει
3315 2207 3401 2257 τὴν
3423 2204 3599 2264 ψυχήν.

311 2282 542 2346 Fratres,
557 2285 979 2352 quemadmodum
1008 2285 1206 2355 pondus
1231 2285 1398 2338 carnis
1424 2285 1645 2337 animam
1672 2292 1934 2353 aggravat,
1960 2285 2053 2344 sic,
2083 2295 2211 2348 ctc.,
2244 2283 2458 2337 ductum
2485 2285 2688 2338 scilicet
2714 2301 2779 2338 ex
2806 2286 3181 2355 subsequentis
3211 2286 3331 2340 libri
3360 2301 3476 2355 cap.
3503 2287 3592 2350 IO.

304 2390 360 2430 et
385 2379 522 2432 circa
546 2377 702 2432 finem
733 2379 922 2448 capitis
954 2379 1020 2432 18
1053 2378 1276 2449 (omisso
1305 2388 1479 2431 tamen
1508 2379 1680 2446 capite
1708 2375 1797 2446 15)
1828 2375 2043 2430 desiuit.
2065 2375 2384 2446 Fragmenta
2413 2376 2595 2429 titulus
2623 2391 2796 2446 graece
2839 2386 2918 2431 est
2945 2395 2958 2430 :
2982 2384 3082 2430 Τοῦ
3111 2380 3247 2442 ἁγίου
3287 2381 3591 2443 Atr/cummi;

305 2473 414 2538 περὶ
444 2474 675 2540 Τριάόος,
703 2475 753 2523 ἐκ
796 2480 879 2524 τοῦ
921 2476 1116 2541 βιϐλίου
1143 2473 1227 2523 τοῦ
1255 2473 1360 2540 περί
1404 2484 1488 2530 τῆς
1516 2476 1717 2533 γνώσεως
1764 2482 1849 2528 τῆς
1877 2469 2075 2527 ἀληθοῦς
2105 2477 2224 2530 ζωῆς
2259 2471 2645 2538 ἕπιγραφομὲνου,
2669 2472 2714 2519 ἐν
2751 2469 2786 2537 ᾧ
2812 2470 2871 2527 ὡς
2901 2472 2946 2520 ἓν
2975 2471 3179 2536 διαλόγῳ
3205 2472 3409 2537 igere“
3434 2477 3516 2534 μὲν
3545 2475 3593 2520 οι

302 2567 522 2634 οδε).φοί,
558 2565 868 2633 ἀποκρίνεται
900 2567 946 2615 δὲ
973 2569 997 2616 ὁ
1026 2567 1323 2623 «itaet-madas.
1357 2559 1818 2629 SanctiAugustini
1844 2559 1886 2610 dt

1996 2559 2195 2622 'initate,
2223 2574 2284 2612 ex
2311 2557 2436 2610 libro
2463 2557 2550 2623 qui
2576 2558 2638 2610 de
2666 2556 2962 2627 Cognitione
2988 2573 3118 2612 vera:
3142 2559 3256 2611 vita:
3279 2557 3592 2624 inscribitur,

301 2659 358 2708 in
387 2672 485 2726 quo
510 2665 750 2725 tanquam
780 2656 832 2708 in
860 2655 1064 2725 dialogo
1093 2653 1302 2707 Fratres
1329 2653 1661 2722 interrogant,
1696 2651 1940 2721 Magister
1963 2650 2253 2717 respondet.
2280 2649 2441 2704 Vides
2467 2647 2684 2703 Grzecos
2710 2648 2960 2703 incidisse
2990 2652 3041 2702 in
3073 2649 3292 2702 latinum
3317 2650 3595 2719 exemplar

298 2749 411 2816 jam
443 2744 822 2814 depravatum,
869 2746 919 2799 iu
959 2760 1065 2815 quo
1104 2761 1211 2798 non
1255 2743 1415 2796 modo
1445 2741 1846 2797 adscribebatur
1872 2755 2006 2810 opus
2034 2741 2365 2810 Augustino,
2420 2739 2512 2793 sed
2548 2747 2801 2808 prmtcrea
2842 2737 3096 2807 Discipuli
3134 2739 3320 2793 mutati
3357 2749 3510 2794 erant
3537 2739 3592 2792 in

303 2833 534 2890 Fratres.
566 2837 754 2892 Isthmc
778 2853 937 2906 porro
960 2840 1184 2892 mutatio
1212 2837 1430 2890 alterius
1461 2837 1513 2888 in
1537 2835 1688 2888 titulo
1711 2834 2107 2904 depravationis
2137 2847 2296 2887 causa
2323 2841 2377 2886 et
2415 2832 2626 2886 occasio
2655 2831 2754 2885 fuit
2781 2832 2906 2903 (nisi
2936 2831 3070 2887 forte
3099 2833 3419 2887 mutationes
3455 2831 3578 2886 illas

301 2931 491 2984 eodem
517 2942 756 3002 tempore
781 2932 944 2987 factas
967 2949 1087 2988 esse
1111 2931 1265 2999 velis)
1294 2949 1305 2984 :
1331 2930 1534 2984 scilicet
1561 2930 1613 2982 in
1636 2929 1866 2999 quodam
1894 2928 2074 2998 Regia:
2099 2927 2437 2982 bibliotheca:
2466 2927 2562 2981 Ms.
2586 2941 2688 2980 non
2711 2926 2996 2980 admodum
3022 2935 3226 2992 vetere,
3255 2925 3344 2996 qui
3371 2933 3586 2979 notattw

301 3023 467 3088 4546,
498 3025 597 3079 iste
625 3025 810 3079 titulus
835 3025 957 3079 huic
979 3022 1402 3094 operi'praclixus
1431 3023 1622 3092 legitur
1645 3040 1658 3076 :
1686 3021 1876 3092 Incipit
1908 3021 2032 3074 liber
2063 3021 2190 3075 beati
2219 3020 2490 3090 Augustini
2519 3019 2581 3072 de
2609 3017 2922 3088 Cognitionte
2947 3033 3076 3072 verte
3104 3018 3239 3082 vitta,
3267 3032 3415 3086 quem
3452 3017 3568 3086 fecit

299 3117 540 3185 fratribus
570 3118 822 3172 heremitis
848 3119 902 3170 in
931 3129 1096 3171 monte
1128 3117 1346 3186 Pysano,
1376 3117 1486 3186 ipso
1507 3117 1746 3169 existente
1776 3117 1950 3184 fratre,
1982 3132 2115 3169 anno
2142 3115 2304 3169 (etatis
2331 3129 2438 3167 sua:
2465 3128 2614 3167 xxxt.
2650 3113 2717 3166 Et
2743 3112 2880 3166 sicut
2905 3111 3163 3182 suppositi
3192 3119 3337 3178 sunt,
3382 3109 3587 3166 Fratres

300 3210 422 3264 Ioco
452 3210 738 3283 Discipuli;
768 3212 836 3265 ita
866 3211 981 3266 loco
1014 3210 1258 3282 Magister
1287 3209 1484 3277 ubique
1506 3208 1811 3278 suppositus
1844 3209 2174 3278 Augustinus.

1225 3491 1976 3596 COGNITIO
2105 3492 2618 3627 VleE,

1871 3686 2018 3750 SEU

653 3857 892 3970 DE
957 3842 1886 3968 COGNITIOI

1996 3845 2073 3956 ιιι
2133 3762 2684 3960 annm
2747 3849 3244 3961 νινε

1459 4027 1923 4141 LIBER
1990 4031 2493 4142 5UJV'U'S.

1993 4375 2060 4428 ah
2086 4390 2146 4430 ea
2195 4374 2540 4441 ignorabitur,
2574 4373 2699 4429 dum
2742 4373 3059 4444 quandoque
3098 4387 3126 4425 a
3158 4372 3311 4428 beata
3343 4374 3447 4428 vita
3487 4389 3578 4430 se-

1995 4448 2371 4513 questrabitur.
2405 4445 2762 4512 Quamobrem
2789 4460 2908 4498 cum
2938 4444 3005 4499 de
3035 4444 3130 4497 hac
3161 4445 3414 4513 prteclara
3457 4460 3572 4498 ma-

1997 4517 2125 4569 teria
2157 4517 2366 4585 plurimi
2397 4526 2701 4569 sanctorum
2747 4515 2960 4569 Patrum
2995 4516 3157 4585 multa
3199 4515 3428 4585 gloriosa
3454 4529 3584 4570 cou-

367 4386 594 4445 CAPUT
637 4382 920 4440 PRIMUM.
969 4378 1247 4434 llationatis
1274 4385 1454 4430 natura
1481 4373 1547 4425 ad
1574 4372 1697 4445 quid
1719 4371 1879 4442 facta.

301 4443 726 4532 Operisgsusc‘epti
755 4455 902 4532 ratio.
929 4451 1054 4532 lijus
1085 4465 1282 4532 nomen,
1311 4445 1574 4532 Sapientia
1613 4443 1886 4532 Ileiaqute

299 4513 509 4585 osrrnuti
539 4513 745 4597 aperuit
775 4513 984 4592 (Matt/2'.
1015 4517 1215 4597 13,53),
1234 4526 1286 4597 et
1316 4513 1762 4597 rudibilianirtr’t‘a‘li
1783 4513 1886 4566 hu-

300 4583 454 4654 mana
482 4583 658 4652 verba
706 4583 936 4650 formare
979 4583 1390 4654 tribuithum.
1435 4601 1579 4646 xxu,
1625 4583 1770 4652 9.8),
1802 4599 1886 4638 me

297 4687 510 4741 quoque
533 4685 634 4741 non
663 4668 1132 4741 solutnsvrn‘ipue,
1163 4660 1256 4713 sed
1288 4659 1444 4710 etiam
1475 4655 1692 4741 scientia
1722 4655 1889 4735 impe-

300 4725 460 4795 ritum
487 4741 550 4793 ad
583 4739 793 4791 landum
842 4734 1092 4802 imj‘iellit,
1122 4725 1284 4799 atque
1315 4743 1491 4802 perse
1531 4741 1595 4802 ac
1619 4725 1686 4802 de
1717 4739 1774 4778 se
1809 4725 1888 4777 in-

300 4813 508 4867 tellecta
556 4810 674 4862 aliis
718 4809 800 4876 pie
841 4795 1174 4858 innotescere
1201 4795 1507 4876 compellit.
1555 4795 1725 4876 Hujus
1759 4809 1886 4863 ergo

299 4866 552 4937 instinctu
578 4880 642 4933 ad
671 4866 969 4935 utilitatem,
1001 4883 1056 4926 ιιι
1082 4886 1257 4942 spero,
1292 4869 1661 4942 pluritnoruu't,
1695 4866 1886 4919 iterum

297 4953 576 5008 committo
621 4965 705 5002 me
737 4937 1126 5001 corrodendutn
1170 4937 1418 4994 dentibus
1462 4937 1804 4999 invidorum,
1835 4944 1887 4988 et

300 5025 521 5077 forsitan
580 5018 966 5074 confovendum
999 5017 1015 5046 ι
1060 5013 1308 5067 cordibus
1363 5008 1483 5061 vita:
1529 5008 1884 5060 dilectarum:

294 5111 419 5148 cum
452 5093 696 5148 Christus
729 5090 922 5141 veritas
949 5094 1002 5139 et
1029 5087 1130 5137 vita
1163 5083 1323 5140 dicat.
1364 5079 1486 5131 ch
1513 5087 1583 5130 est
1609 5079 1710 5129 vita
1734 5087 1883 5148 teter-

298 5144 539 5226 ηἷιζμιιιψιὲ
558 5162 720 5216 solum
746 5175 916 5212 verum
942 5157 1100 5208 Deum
1125 5160 1427 5226 cog'tosta'”
1451 5151 1627 5226 N903"
1653 5163 1790 5226 xw"-
1808 5144 1882 5214 ω’

296 5218 521 5289 Cohstat
564 5231 801 5300 profeCto
833 5239 1072 5280 naturam
1117 5218 1424 5300 rationalem
1465 5219 1529 5300 ad
1573 5218 1673 5300 hec
1715 5218 1884 5294 solum

298 5287 514 5368 lactant,
549 5287 605 5356 ut
637 5304 888 5355 factorem
909 5314 1060 5351 suum
1088 5310 1268 5368 verum
1301 5292 1464 5368 Deum
1496 5287 1772 5354 intelligat,
1795 5289 1887 5366 _iu-

298 5363 590 5445 telligcndo
611 5373 812 5445 diligat,
836 5365 1192 5445 diligendqin
1211 5379 1295 5444 eo,
1319 5363 1405 5442 qui
1434 5370 1513 5412 est
1540 5369 1734 5411 aeterna
1760 5363 1884 5445 vita,

294 5431 625 5501 :etermalitcr
667 5431 820 5497 béate
877 5431 1038 5492 vivat.
1085 5431 1382 5506 Divinitatis
1428 5445 1554 5498 ergo
1601 5431 1887 5506 essentiam

295 5498 687 5572 rationabiliter
715 5512 1052 5580 investigare,
1078 5516 1159 5580 est
1187 5505 1250 5580 ad
1281 5503 1438 5554 vitam
1469 5511 1722 5580 a-terrnam
1747 5498 1891 5580 festi:

300 5566 789 5642 rhancivero
829 5566 1143 5651 negligendo
1187 5577 1468 5651 ignorare,
1500 5579 1582 5650 est
1614 5566 1888 5651 utique_a_d

567 5636 1298 5718 itideliciettte‘ittvproperare
1321 5661 1333 5696 :
1357 5643 1478 5712 quia
1510 5639 1759 5693 nimirum
1805 5636 1890 5690 hic

367 5793 381 5823 ¹
417 5791 489 5837 sic
535 5795 615 5835 \ts.
664 5783 1011 5832 Audocnensis.
1036 5788 1088 5828 Al
1112 5776 1459 5833 Medardensis,
1499 5768 1892 5822 construendmn.

299 5855 436 5912 editi,
462 5846 850 5912 confodiwdum.

1987 4583 2323 4655 scripserint,
2354 4588 2628 4655 ipsamque
2651 4599 2760 4639 rem
2784 4584 3199 4652 simplicioribus
3215 4583 3578 4639 obscuriorem

1995 4659 2227 4724 quodam
2275 4658 2434 4712 modo
2483 4656 2846 4721 reddiderint;
2881 4656 3008 4708 libet
3049 4669 3134 4708 me
3167 4669 3262 4720 per
3300 4655 3414 4708 haec
3446 4668 3576 4708 con-

1995 4723 2157 4781 densa
2186 4729 2333 4797 quasi
2365 4728 2646 4795 quamdam
2676 4727 2916 4797 semitam
2947 4723 3454 4797 stilo_co_mplanar_e,
3477 4739 3578 4793 qua

1998 4795 2220 4852 inlirmis
2250 4799 2608 4852 intellectibus
2631 4796 2815 4849 relicto
2832 4795 3028 4848 erroris
3050 4795 3224 4859 devio,
3250 4809 3348 4864 per
3365 4795 3577 4860 planum

1997 4869 2236 4922 veritatis
2264 4870 2417 4922 liceat
2447 4870 2612 4923 libere
2638 4866 2928 4919 an'ihulare.
2963 4864 3065 4918 Sed
3111 4865 3197 4917 hic
3230 4863 3454 4932 quilibet
3487 4863 3570 4916 in-

1997 4941 2148 4993 vidus
2175 4940 2431 4993 nebulosa
2473 4939 2604 4992 facie
2629 4936 2756 4990 mihi
2790 4935 3028 4988 fortassis
3059 4935 3320 4992 occurrit,
3355 4943 3409 4986 et
3437 4933 3580 4987 virus

1997 5012 2084 5065 diu
2115 5011 2214 5063 sub
2241 5011 2400 5063 livido
2429 5009 2589 5063 corde
2614 5014 2923 5062 concretum
2955 5005 3005 5056 in
3049 5019 3132 5057 me
3158 5005 3420 5056 acerbiter
3448 5018 3579 5056 evo-

1999 5082 2112 5134 mit.
2141 5081 2274 5147 Quid
2301 5089 2376 5142 tu,
2405 5079 2650 5148 inquiens
2671 5119 2686 5143 ,
2720 5083 2892 5148 lentas
2922 5075 3056 5148 ligna
3088 5074 3234 5129 silvis
3259 5073 3579 5148 importare,

1997 5166 2080 5205 aut
2117 5143 2430 5203 re'dundanti
2461 5143 2592 5201 mari
2630 5146 2822 5201 undam
2861 5145 3116 5197 instillare
3141 5144 3389 5197 conaris?
3417 5143 3582 5208 Hujus

2000 5234 2102 5274 tam
2132 5219 2392 5273 mordacis
2418 5218 2719 5271 mordacem
2745 5215 2956 5268 dentem
2987 5213 3098 5266 haec
3127 5221 3274 5282 petra
3311 5215 3578 5273 retuadat,

1997 5302 2049 5344 ct
2079 5305 2335 5343 venenum
2368 5290 2631 5342 malitiose
2657 5287 2947 5340 evomitum
2981 5285 3030 5337 in
3060 5285 3259 5337 viscera
3287 5285 3454 5352 ipsius
3483 5283 3573 5334 de-

2000 5380 2103 5416 nuo
2133 5360 2423 5429 torqucnda
2449 5360 2464 5390 ¹
2490 5357 2752 5412 rel'undat.
2787 5354 2985 5429 Invidia
3013 5354 3200 5429 diaboli
3224 5353 3426 5406 intravit
3447 5369 3581 5404 mors

1998 5435 2046 5485 in
2080 5425 2248 5484 orbein
2291 5441 2536 5482 terrarum
2561 5443 2578 5481 :
2599 5429 2858 5480 imitantur
2887 5425 3031 5477 illum
3070 5425 3154 5494 qui
3191 5434 3307 5478 sunt
3350 5439 3412 5476 ea:
3439 5434 3582 5494 parte

1996 5505 2133 5556 illius
2161 5501 2316 5572 (Sep.
2350 5516 2404 5562 II,
2427 5500 2515 5562 2i,
2684 5499 2727 5551 0
2756 5495 2931 5572 invide
2958 5494 3162 5572 infelix,
3191 5495 3281 5572 qui
3307 5495 3476 5572 aliena
3507 5493 3578 5545 l'e-

1999 5562 2193 5626 Iicitate
2225 5562 2514 5640 torqueris,
2547 5562 2721 5623 alieno
2750 5569 2944 5640 damno
2971 5562 3462 5640 depasccijis,‘i_psis

1997 5645 2098 5698 bus
2137 5631 2342 5712 probas.
2361 5653 2408 5694 te
2449 5631 2510 5694 ex
2561 5651 2706 5709 parte
2753 5638 2868 5706 ejus
2899 5652 3017 5691 esse
3042 5631 3058 5703 ζ
3087 5638 3176 5706 qui
3218 5631 3423 5690 invides
3461 5631 3576 5687 aliis

2065 5825 2080 5855 ι
2119 5821 2254 5880 Editi,
2280 5815 2613 5879 rctorquendo.
