4070 6524
308 466 444 522 I009

301 578 501 631 ctenim
538 590 657 646 qua:
689 574 772 628 vel
816 573 1206 646 oppositionem
1228 572 1314 627 vel
1326 571 1772 646 contrarietatem
1800 569 1883 624 vel

300 644 569 702 accidens
581 646 899 715 suscipiunt,
930 645 1067 698 nulla
1093 644 1299 698 ratione
1324 645 1432 698 Deo
1456 644 1671 715 proprie
1689 657 1889 715 conve-

304 721 477 772 niunt.
526 712 841 788 Igitnrcum
884 717 1091 770 ratione
1128 712 1473 788 repugnante
1498 713 1627 788 nihil
1669 713 1735 767 de
1777 712 1888 767 Deo

306 790 523 859 proprie
551 785 715 859 'loqui
763 788 1071 859 valeamus,
1123 785 1314 840 saltem
1360 785 1649 854 improprie
1694 792 1750 839 et
1793 797 1890 852 per

303 858 681 931 miiigmaiade
696 858 942 931 ‘eo_ioqui
971 867 1290 931 satagamus.

376 923 604 984 C'APUT
644 928 730 981 IV.
766 923 912 981 Mens
948 923 1133 981 anima:
1172 926 1450 995 speculum.
1484 924 1709 979 Scientia
1735 923 1890 995 funde

307 1000 470 1054 nobis.
535 998 842 1068 Spiritualia
892 998 993 1067 ﬁde
1050 994 1268 1067 attingi,
1316 1013 1417 1050 non
1459 997 1673 1068 ratione.
1720 994 1891 1068 Spiri-

304 1082 389 1124 tus
416 1086 504 1125 sea:
531 1064 693 1124 modis
728 1071 782 1123 in
822 1064 1090 1138 Scriptura
1118 1064 1322 1121 dicitur.
1360 1068 1476 1120 Aer.
1514 1065 1748 1138 l’entus1
1777 1064 1889 1117 Vita

305 1143 588 1195 brutorum.
632 1140 772 1194 DISC.
816 1136 1047 1209 Evid'ens
1083 1138 1299 1209 quidem
1342 1138 1480 1191 ratio
1517 1136 1677 1209 docet
1722 1136 1888 1190 Deum

308 1212 561 1265 humanis
586 1210 764 1263 verbis
819 1206 1141 1264 indicibilem
1164 1249 1178 1273 ,
1212 1208 1305 1263 sed
1337 1208 1710 1262 intellectualis
1736 1220 1889 1260 mens

307 1281 579 1335 iuhianter
599 1280 864 1335 desiderat
883 1295 1004 1334 eum
1027 1280 1126 1334 sibi
1156 1288 1441 1349 utcumque
1468 1278 1580 1332 fieri
1607 1276 1886 1349 cognosci-

309 1353 503 1417 bilem;
538 1366 660 1421 qua:
698 1365 848 1404 mens
888 1351 1055 1405 instar
1091 1351 1290 1419 speculi
1331 1348 1522 1403 anima:
1564 1348 1804 1421 videtur,
1838 1348 1890 1401 in

307 1438 429 1493 quo,
448 1418 615 1493 ipsam
643 1421 930 1493 imaginem
954 1418 1224 1493 Creatoris
1249 1422 1329 1474 sui
1351 1418 1763 1493 contempletur.

384 1492 525 1548 Mite.
558 1490 809 1547 Universa
838 1507 956 1561 qua":
994 1493 1045 1545 in
1074 1491 1235 1546 rebus
1260 1492 1454 1546 creatis
1482 1490 1727 1561 novimus
1751 1530 1766 1553 ,
1796 1502 1893 1557 per

308 1578 602 1631 corporeos
626 1577 815 1617 sensus
841 1560 1207 1631 cognovimus.
1237 1562 1303 1616 Et
1327 1576 1391 1617 ea
1418 1560 1630 1631 quidem
1652 1575 1772 1631 quae
1794 1572 1893 1614 nec

312 1629 433 1687 visu
474 1648 577 1687 nec
621 1629 947 1702 experientia
988 1632 1304 1696 didicimus,
1335 1629 1447 1701 peri
1464 1629 1893 1702 comparationes

310 1705 549 1784 visorum
575 1704 666 1784 _ve_l
692 1700 1040 1784 ‘expertorinn
1067 1700 1350 1784 discimus,
1382 1711 1440 1756 ut
1464 1700 1893 1784 quaederestiis

313 1775 399 1828 vel
426 1775 619 1844 ignotis
647 1771 951 1828 hominibus
981 1774 1238 1843 legimus;
1262 1788 1382 1843 qure
1410 1782 1587 1827 autem
1619 1771 1772 1844 nobis
1801 1786 1892 1844 pe-

318 1841 468 1899 uitus
482 1846 769 1911 incognita,
799 1860 893 1913 per
920 1841 1346 1913 comparationes
1368 1852 1521 1897 notas
1551 1858 1657 1896 non
1688 1841 1890 1913 signifi-

312 1925 537 1982 cantur,
566 1931 834 1984 nunquam
868 1930 1086 1983 prorsus
1123 1915 1360 1969 scientite
1388 1923 1585 1968 nostra:
1615 1913 1896 1984 notitican-

314 1996 424 2039 tur.
470 1986 537 2040 Et
578 1982 705 2040 ideo
727 1986 847 2055 quia
874 1982 1185 2053 'spiritualia
1216 1986 1370 2039 nobis
1401 1994 1525 2039 suut
1568 1982 1851 2038 invisibilia
1877 2023 1892 2045 ,

314 2065 480 2126 atque
508 2058 779 2124 corporeis
822 2057 1068 2111 sensibus
1111 2055 1583 2126 incomparabilia,
1625 2068 1895 2126 nunquam

316 2124 481 2181 erunt
505 2127 660 2181 nobis
684 2127 860 2196 aliqua
893 2129 1101 2181 ratione
1132 2124 1443 2195 probabilia.
1469 2127 1601 2191 Quia
1630 2139 1763 2196 vero
1783 2124 1899 2196 haec

314 2206 528 2251 constat
546 2212 687 2263 esse,
715 2194 809 2251 sed
843 2213 935 2266 per
955 2194 1147 2251 similia
1176 2198 1387 2252 edoceri
1411 2203 1714 2266 nequeunt,
1739 2194 1897 2249 [idem

316 2277 520 2322 tantum
545 2268 874 2323 credentium
900 2270 1135 2337 exigunt.

396 2339 536 2393 DISC.
570 2339 699 2407 Quae
728 2339 863 2392 ratio
888 2335 1214 2406 argumentis
1254 2338 1474 2408 probat,
1508 2350 1809 2406 quanquam
1835 2335 1896 2408 in

314 2406 718 2478 comparatione
766 2409 1052 2474 deficiant,
1112 2406 1332 2464 necesse
1386 2420 1469 2462 est
1519 2417 1575 2461 ut
1624 2406 1900 2478 rationalis

316 2476 547 2547 quisque
575 2479 795 2534 credere
835 2496 941 2533 non
983 2490 1171 2533 renuat
1208 2498 1220 2533 :
1256 2489 1308 2534 tu
1339 2478 1749 2548 tantumrproler
1773 2476 1901 2548 quid

316 2551 389 2605 de
419 2550 692 2619 spiritibus
717 2551 991 2604 sciendum
1020 2552 1112 2604 tibi
1140 2551 1274 2605 ratio
1305 2551 1507 2604 innuat.

394 2617 534 2676 MAG.
566 2621 669 2674 Sex
699 2621 872 2674 modis
897 2621 948 2674 iu
974 2621 1264 2689 Scripturis
1289 2621 1508 2690 Spiritus
1534 2617 1900 2673 substantiali-

320 2701 408 2745 ter
428 2692 553 2754 dici,
576 2706 682 2745 non
713 2692 894 2745 nescio
917 2708 946 2744 a
972 2693 1121 2746 vobis
1143 2692 1286 2746 sciri.
1317 2691 1496 2745 Primo
1521 2703 1763 2743 summus
1787 2704 1901 2742 om-

323 2760 473 2815 nium
515 2761 655 2815 Deus
684 2762 902 2831 spiritus
938 2763 1262 2832 appellatur,
1306 2770 1365 2815 ut
1407 2761 1479 2815 ibi
1521 2777 1535 2814 :
1579 2760 1804 2832 Spiritus
1830 2768 1903 2813 est

321 2831 501 2902 Deus;
529 2841 575 2885 et
597 2833 684 2902 qui
712 2832 927 2885 adorant
955 2831 1065 2886 eum
1089 2875 1105 2899 ,
1141 2834 1195 2886 in
1233 2833 1414 2902 spiritu
1454 2840 1648 2901 oportet
1688 2831 1905 2884 adorare

323 2901 507 2970 (Joan.
538 2901 628 2969 tv,
658 2902 772 2973 24).
805 2902 1052 2957 Secundo
1082 2904 1254 2973 angeli
1285 2902 1811 2973 spiritusAdicuutur,
1837 2909 1905 2973 Aut

325 2969 399 3044 ibi
445 2991 458 3027 :
502 2973 602 3039 Qui
644 2969 765 3044 facit
810 2972 1017 3043 angelos
1056 2969 1173 3027 suos
1212 2969 1421 3043 spiritus
1462 2971 1793 3044 (Psal.cni_,

324 3043 510 3098 Tertio
545 3041 736 3099 animae
775 3041 992 3114 spiritus
1038 3041 1410 3114 nuncupantur
1432 3084 1447 3107 ,
1488 3043 1699 3114 uljbir:
1728 3041 1903 3095 Exibit

321 3114 535 3195 spiritus
554 3115 686 3185 ejus,
700 3127 763 3195 _et
790 3111 908 3195 caro
932 3126 1202 3195 revertetur
1221 3111 1300 3195 in"
1317 3125 1501 3195 terrain
1529 3111 1698 3195 (Psal.
1731 3127 1901 3179 CXLV,

327 3185 409 3256 4).
437 3184 638 3256 Quarto
664 3186 767 3239 vita
795 3186 1068 3240 brutorum
1091 3187 1396 3240 animalium
1420 3184 1639 3253 spiritus
1662 3192 1901 3256 vocatur,

326 3253 388 3309 ut
430 3255 502 3310 ibi
550 3272 563 3307 :
612 3255 737 3320 Quis
778 3257 871 3311 scit
917 3258 961 3310 si
999 3257 1207 3325 spiritus
1242 3258 1592 3326 jumentorum
1635 3253 1905 3326 descendat

323 3327 567 3379 deorsum
594 3326 786 3399 (Eccle:
820 3343 898 3393 ιη,
929 3325 1057 3399 21)?
1082 3324 1278 3399 Quinto
1298 3327 1440 3399 venii
1469 3325 1717 3399 dicuntur
1742 3324 1904 3399 spiri-

326 3408 417 3449 tus
442 3438 457 3460 ,
496 3406 553 3451 ut
591 3393 662 3452 ibi
699 3414 713 3449 :
743 3397 968 3467 Spiritus
1001 3393 1335 3466 procellarum
1362 3395 1535 3467 (PsaI.
1562 3410 1755 3449 cxnvm
1780 3435 1794 3458 ,
1825 3393 1902 3467 8).

324 3469 497 3521 Sexto
524 3482 619 3522 aer
643 3465 859 3537 spiritus
885 3465 1154 3535 scribitur,
1185 3478 1241 3522 ut
1262 3469 1332 3522 ibi
1361 3465 1477 3537 £705
1498 3482 1664 3520 meum
1691 3465 1902 3537 aperui,

324 3547 375 3610 et
403 3538 595 3610 attraxi
622 3535 856 3607 spiritum
878 3538 1246 3610 (Psal.cxvut,
1282 3536 1425 3610 151).
1445 3537 1681 3604 Quorum
1712 3535 1906 3610 delini-

324 3609 406 3662 tio
427 3609 546 3662 talis
574 3605 657 3663 est
689 3626 702 3663 :
733 3610 840 3663 Aer
859 3605 940 3664 est
965 3609 1181 3677 spiritus
1208 3605 1435 3671 sensili’s,
1464 3622 1571 3661 non
1593 3605 1903 3677 sensibilis;

323 3678 383 3733 id
422 3686 544 3741 est,
584 3694 742 3749 quem
786 3694 884 3734 nos
927 3675 1242 3734 attrahendo
1284 3679 1584 3749 sentimus.
1627 3676 1741 3749 ipse
1774 3675 1905 3730 nihil

323 3749 590 3814 sentiens,
604 3747 821 3804 cunctis
843 3758 1018 3805 tamen
1046 3751 1144 3805 sub
1163 3751 1302 3805 cmlo
1321 3748 1615 3803 viventibus
1637 3747 1907 3816 spiramen

321 3818 609 3874 exhibens.
641 3819 843 3875 Ventus
879 3822 1098 3891 spiritus
1124 3830 1209 3875 est
1247 3835 1341 3876 aer
1362 3860 1377 3884 ,
1414 3819 1505 3873 Dei
1534 3827 1659 3870 nutu
1685 3858 1700 3882 ,
1728 3818 1907 3886 aliquo

326 3900 479 3943 motu
512 3891 739 3961 agitatus
762 3932 776 3955 ,
813 3893 1057 3959 procellis
1082 3907 1340 3961 aquarum
1374 3895 1746 3961 augmentatus
1769 3901 1908 3961 ,‘per

320 3957 570 4032 angelica
594 3957 885 4015 ministeria
916 3957 1175 4017 excitatus
1198 4002 1213 4027 ,
1250 3977 1344 4032 per
1372 3959 1557 4032 eadem
1600 3957 1908 4032 tranquilla-

324 4028 439 4085 tus.
470 4031 587 4086 Vita
609 4032 883 4086 brutoruin
906 4034 1212 4088 animalium
1238 4028 1321 4086 est
1342 4029 1561 4100 spiritus
1580 4028 1755 4083 vitalis
1778 4043 1908 4100 con-_

322 4102 573 4174 stansde
602 4118 726 4158 aere
750 4112 803 4158 et
832 4107 1086 4174 sanguine
1110 4146 1125 4171 ,
1154 4098 1398 4158 animalis
1422 4139 1438 4166 ,
1466 4099 1743 4174 invisibilis
1766 4139 1780 4163 ,
1814 4098 1908 4153 sed

320 4172 623 4239 sensibilis,
647 4170 958 4228 memoriam
990 4174 1189 4230 habens
1211 4215 1228 4242 ,
1259 4174 1352 4229 sed
1381 4170 1653 4229 intellectu
1677 4184 1867 4225 carens
1889 4209 1907 4236 ,

321 4258 456 4298 cum
488 4259 649 4298 carne
675 4244 932 4310 moriens,
960 4245 1012 4298 in
1040 4260 1159 4299 acra
1188 4260 1533 4300 evanescens.

405 4314 632 4386 CAPUT
673 4314 737 4369 V.
790 4315 975 4368 Anima
1025 4316 1308 4386 intelligens
1363 4316 1484 4386 quid
1535 4312 1619 4386 sit.
1667 4310 1760 4366 Est
1807 4312 1910 4386 vita

320 4385 619 4449 sensibilis,
658 4386 942 4450 mutabilis,
970 4384 1221 4452 illocalis,
1255 4384 1537 4456 possibilia;
1571 4384 1679 4438 sine
1705 4384 1909 4456 quanti-

322 4456 654 4538 tate,_.ﬁg.ura
679 4456 754 4509 vel
791 4457 976 4510 colore.
1016 4458 1209 4538 Anima
1248 4454 1378 4538 vero
1417 4456 1749 4538 spiritnlsfst
1786 4454 1911 4509 sub-

321 4524 883 4596 stantia'incorporea.
912 4528 1154 4596 corporis
1182 4528 1261 4581 sui
1288 4528 1415 4594 vita,
1445 4524 1722 4580 invisibilis
1741 4564 1756 4589 ,
1786 4539 1911 4579 sen-

320 4595 523 4661 sibilis,
548 4598 832 4662 mutabilis,
859 4595 1100 4664 illocalis,
1123 4598 1408 4666 passibilis,
1438 4613 1537 4652 uec
1555 4596 1909 4666 quantitatum

323 4680 625 4732 mensurae,
650 4682 747 4721 nec
770 4670 1080 4737 qualitatum
1108 4665 1292 4722 formae
1319 4670 1399 4722 vel
1426 4665 1622 4723 coloris
1646 4666 1909 4735 suscepti-

245 4748 257 4760 ‘
321 4737 459 4792 bilis
490 4739 505 4768 ¹
541 4755 554 4789 :
585 4740 931 4805 memorialis,
956 4739 1249 4802 rationalis,
1274 4737 1665 4802 intellectualis,
1694 4737 1912 4790 immor-

323 4809 480 4862 talis.
513 4808 581 4862 Et
618 4823 686 4863 ne
728 4809 841 4863 haec
868 4810 1080 4865 vacillet
1104 4808 1345 4864 deﬁnitio
1364 4850 1379 4872 ,
1408 4810 1543 4864 ratio
1572 4823 1690 4862 eam
1719 4808 1910 4876 proba—

323 4879 570 4933 tionibus
610 4879 844 4933 roboret.
891 4882 1080 4935 Anima
1122 4888 1207 4934 est
1248 4880 1539 4948 spiritualis
1581 4878 1908 4944 substantia;

317 4965 495 5004 omne
542 4949 685 5004 enim
730 4950 869 5019 quod
921 4951 1009 5004 alii
1064 4952 1226 5005 vitam
1274 4951 1684 5011 subministrat,
1736 4948 1909 5016 ipsum

319 5034 559 5075 necesse
600 5030 683 5074 est
720 5030 777 5074 ut
810 5021 1063 5075 subsistat
1102 5039 1115 5076 :
1150 5020 1243 5075 sed
1287 5021 1460 5075 anima
1502 5022 1662 5073 vitam
1701 5019 1912 5087 corpori

320 5090 522 5144 tribuit
561 5109 576 5145 :
617 5091 774 5160 igitur
808 5092 982 5145 anima
1029 5091 1243 5146 realiter
1288 5092 1547 5146 subsistit.
1594 5089 1742 5143 Hanc
1783 5104 1913 5143 vero

316 5162 495 5232 vitam
519 5175 638 5215 esse
664 5162 889 5230 ipsamct
919 5162 1127 5232 probat,
1150 5162 1274 5216 dum
1301 5162 1579 5232 praesentia
1601 5175 1696 5232 sua
1718 5174 1913 5228 corpus

322 5229 609 5297 viviﬁcat,
652 5228 890 5286 absentia
919 5228 1027 5286 'sua
1075 5234 1212 5286 idem
1253 5228 1557 5285 mortiﬁcat.
1598 5228 1722 5282 Ilaec
1760 5231 1913 5283 uobis

316 5303 549 5371 quidem
572 5311 653 5356 est
676 5303 977 5368 invisibilis,
997 5302 1093 5358 sed
1114 5301 1388 5371 spiritibus
1409 5312 1493 5356 est
1513 5300 1915 5355 visibilis.llanc

311 5373 494 5429 etiam
524 5373 829 5428 seusibilem
869 5388 989 5429 esse
1017 5382 1262 5439 constat,
1293 5372 1420 5427 dum
1458 5372 1627 5425 oculis
1664 5371 1872 5424 colores
1895 5410 1911 5436 ,

313 5444 553 5499 auribus
572 5458 756 5508 sonos,
780 5447 997 5499 naribus
1026 5444 1242 5507 odores,
1277 5444 1450 5512 palato
1477 5455 1715 5511 sapores,
1745 5441 1916 5493 maui-

311 5517 443 5596 bus
474 5529 668 5596 aspera
714 5516 797 5569 vel
846 5516 982 5596 lenia
1030 5515 1232 5596 sentire
1276 5523 1512 5596 prarstat.
1540 5512 1915 5596 ΔΕςινίιιιοςιιιθ

312 5582 607 5656 mutabilis
636 5601 652 5640 :
679 5600 838 5641 omne
863 5587 1004 5640 enim
1035 5585 1177 5656 quod
1207 5582 1477 5655 pejoratur
1502 5591 1556 5639 et
1584 5582 1914 5656 mviioratur,

312 5655 589 5711 mutabile
619 5664 734 5721 est;
765 5657 857 5712 sed
899 5652 1074 5710 anima
1115 5652 1565 5725 vitiis'pejoratur
1587 5693 1602 5719 ,
1632 5652 1916 5725 virtutibus

312 5726 681 5791 melioratur;
714 5727 871 5797 igitur
896 5727 1165 5781 mutabilis
1200 5723 1309 5781 est.
1335 5725 1432 5797 Est
1456 5726 1614 5797 etiam
1644 5723 1865 5797 illocalis
1900 5739 1913 5775 :

309 5812 495 5853 ontne
534 5799 675 5851 enim
712 5794 853 5868 quod
883 5798 1000 5853 loco
1026 5798 1313 5854 includitur
1337 5838 1353 5864 ,
1379 5796 1661 5851 altitudine
1685 5836 1700 5862 ,
1731 5794 1912 5848 latitu-

402 5940 420 5970 ⁸
453 5944 504 5990 ιη
527 5945 655 6000 ωδε..
680 5934 1039 6003 quantum"...
1065 5932 1369 5999 qualitate...
1391 5932 1548 5987 colore
1588 5928 1917 5997 susceptibilis.

1322 454 1525 512 LIBER
1565 455 1654 511 DE
1691 452 2102 513 COGNITIONE
2143 454 2353 512 VERIE
2382 456 2584 515 VthE.

3447 461 3582 519 1010

1993 568 2120 648 dine
2139 612 2155 638 ,
2185 572 2515 648 longitudine
2542 576 2681 648 aeris
2705 576 3161 633 circumscribitur
3180 618 3197 644 ,
3236 591 3434 648 corpus
3455 587 3575 641 est;

1993 640 2086 695 sed
2124 644 2259 697 ratio
2280 640 2477 699 'docuit
2516 646 2747 719 animam
2778 647 3143 719 ineorpoream
3181 640 3304 703 esse
3328 640 3348 713 ξ
3374 649 3426 702 id
3451 640 3575 714 est,

1993 725 2097 767 nec
2133 728 2329 784 corpus
2372 730 2472 769 nec
2512 716 2726 788 aliquod
2775 716 3070 775 membrum
3124 719 3365 784 ltabere;
3418 719 3575 788 igitur

1994 792 2205 837 constat
2232 800 2349 839 eam
2373 800 2495 840 esse
2526 785 2807 842 illocalem.
2836 789 2950 843 Non
2981 792 3122 844 enim
3146 791 3374 858 spatium
3399 785 3539 843 aeris
3563 829 3576 851 ,

1995 861 2053 931 u_t
2083 869 2307 931 corpus,
2333 866 2558 931 occupat
2580 897 2595 922 ,
2631 874 2729 931 nec
2752 873 2946 931 corpus
2965 902 2980 924 ,
3006 868 3063 914 ut
3087 876 3221 931 aqua
3252 870 3445 921 utrem,
3476 860 3573 913 im-

1996 924 2138 992 plet;
2168 925 2261 980 sed
2288 935 2345 980 ut
2370 924 2516 981 calOr
2540 938 2651 983 toto
2672 929 2778 998 igni
2804 924 3085 986 illocaliter
3112 924 3269 994 inest,
3300 934 3370 984 ita
3398 931 3571 984 anima

1996 1003 2164 1071 totum
2191 997 2923 1071 corpusillocaliterimplet.
2960 1001 3096 1071 Ignis
3135 1002 3348 1071 quidem
3376 1011 3459 1054 est
3496 1001 3577 1054 vi-

1994 1065 2186 1140 sibilis,
2202 1066 2295 1140 sed
2322 1069 2472 1140 calor
2506 1065 2877 1140 invisibilis'et
2920 1065 3186 1126 sensibilis
3208 1114 3222 1137 ,
3259 1081 3313 1125 et
3347 1071 3575 1140 quodam

1995 1136 2157 1197 modo
2205 1139 2380 1206 ignem
2428 1138 2703 1195 viviﬁcans
2745 1158 2757 1195 :
2800 1140 2871 1194 ita
2914 1141 3092 1196 anima
3135 1136 3453 1205 invisibilis,
3482 1140 3575 1195 sed

1994 1207 2296 1281 sensibilis,
2344 1210 2553 1281 visibile
2590 1226 2786 1280 corpus
2823 1213 3051 1281 quadam
3081 1214 3286 1268 occulta
3323 1213 3375 1265 vi
3405 1211 3577 1265 sensi-

1996 1275 2120 1358 ﬁcat
2157 1288 2212 1333 et
2248 1279 2499 1358 viviﬁcat.
2542 1280 2667 1358 Huic
2690 1275 2789 1358 "est
2826 1275 3389 1358 quoque__passibilis_:
3418 1296 3577 1358 omne

1994 1350 2136 1424 eiiim
2159 1350 2299 1419 quod
2320 1366 2552 1424 maerore
2571 1351 2825 1424 afﬁcitur,
2845 1350 3109 1424 ‘pas'sibile
3133 1363 3217 1409 est
3242 1371 3256 1406 :
3284 1351 3379 1407 sed
3398 1352 3577 1424 anima

1994 1421 2119 1472 dum
2160 1436 2279 1492 sua:
2325 1422 2611 1492 voluntatis
2653 1421 2876 1492 compos
2919 1440 3024 1479 non
3072 1424 3339 1487 ellicitur,
3390 1422 3579 1477 dolore

1996 1490 2266 1563 maestitize
2292 1490 2550 1558 allicitur;
2590 1493 2751 1563 igitur
2781 1490 3057 1563 passibilis
3080 1510 3201 1551 esse
3226 1492 3581 1563 convincitur.

2104 1560 2203 1640 hac
2231 1563 2498 1640 quantitas
2530 1558 2827 1640 esclnditu'r
2856 1582 2871 1620 :
2901 1565 3030 1640 dum
3069 1581 3169 1621 nec
3193 1562 3474 1640 altitudine
3498 1562 3579 1618 vel

1997 1628 2276 1704 latitudine
2315 1641 2407 1688 aut
2444 1632 2775 1704 longitudine
2799 1637 3018 1690 metitur
3041 1678 3056 1701 ,
3089 1652 3189 1691 nec
3227 1651 3323 1691 sex
3353 1634 3583 1688 circum~

1995 1703 2238 1767 stantias,
2268 1704 2474 1758 scilicet
2502 1703 2625 1759 ante
2647 1714 2702 1760 ct
2726 1715 2895 1769 retro,
2930 1708 3176 1761 dextrum
3204 1715 3259 1760 et
3283 1705 3578 1768 sinistrum,

1996 1783 2213 1853 sursum
2247 1782 2303 1829 et
2344 1774 2595 1853 deorsum
2620 1816 2639 1853 ,_
2682 1790 2748 1853 se
2783 1777 3059 1853 includere
3098 1777 3314 1853 patitur.
3345 1774 3584 1853 Qualitas

1998 1844 2157 1897 etiam
2188 1842 2375 1900 formae
2403 1854 2456 1900 et
2478 1847 2671 1901 coloris
2700 1847 2769 1900 ab
2795 1847 2893 1903 hac
2919 1842 3247 1909 secernitur,
3283 1846 3410 1900 dum
3438 1844 3579 1899 nulla

2000 1909 2167 1992 forma
2198 1916 2289 1992 vel
2315 1915 2536 1992 humani
2576 1918 2848 1986 corporis,
2889 1920 2979 1992 vel
3014 1918 3171 1992 ullius
3215 1917 3466 1992 colorata:
3507 1916 3584 1992 rei

1998 1983 2073 2037 illi
2098 1985 2438 2057 adscribitur.
2481 1988 2605 2042 Haec
2642 1983 2721 2042 est
2760 1983 3123 2053 memorialis,
3155 1988 3277 2057 quia
3319 1986 3581 2057 praeterita

1999 2056 2191 2112 recolit
2212 2058 2251 2109 ⁸.
2279 2056 2375 2113 Est
2401 2058 2698 2123 rationalis,
2717 2060 2839 2128 quia
2869 2061 3151 2128 praesentia
3176 2056 3456 2112 discernit.
3481 2056 3587 2128 Est

2000 2128 2396 2200 intellectualis,
2424 2129 2547 2198 quia
2570 2127 2745 2200 futura
2764 2127 3029 2200 intelligit.
3054 2130 3201 2184 Hanc
3227 2127 3582 2200 immortalem

2000 2198 2127 2253 hinc
2148 2212 2271 2270 esse
2297 2207 2528 2270 constat,
2555 2199 2697 2269 quod
2721 2198 3035 2255 memoriam
3059 2201 3141 2256 sui
3170 2198 3313 2270 apud
3339 2206 3583 2269 posteros

1999 2269 2309 2339 perenniter
2333 2268 2528 2339 durare
2558 2268 2779 2323 laborat.

2071 2338 2298 2394 CAPUT
2338 2338 2423 2393 Vl.
2454 2340 2637 2409 Angeli
2676 2341 2798 2405 quid
2825 2341 2942 2393 sint.
2972 2341 3051 2395 Au
3077 2341 3197 2395 sint.
3232 2338 3366 2407 Quid
3407 2347 3582 2409 agant.

2006 2408 2219 2463 Notitice
2233 2426 2407 2481 eorum
2426 2420 2473 2463 et
2493 2408 2679 2464 nostra:
2690 2410 2976 2464 discrimen.
2994 2412 3227 2481 Angelus
3242 2408 3586 2481 autetnispiri-

2003 2489 2087 2535 tus
2121 2489 2204 2535 est
2242 2480 2535 2535 substantia
2574 2482 2916 2551 incorporea,
2940 2478 3249 2547 invisibilis,
3291 2478 3579 2551 sensibilis,

2002 2551 2304 2614 rationalis,
2328 2549 3092 2617 intellectualis,immortalis;
3117 2552 3378 2606 bonorum
3410 2549 3583 2602 lucida

2002 2630 2058 2693 et
2076 2621 2435 2691 impassibilis,
2452 2622 2713 2675 malorum
2734 2631 2866 2677 tetra
2889 2633 2943 2677 et
2963 2621 3252 2693 passibilis.
3270 2620 3375 2677 Sed
3395 2619 3584 2693 viden-

2003 2692 2128 2746 dum
2154 2689 2346 2745 utrum
2386 2693 2561 2762 aliqua
2600 2693 2890 2747 substantia
2940 2689 3058 2747 talis
3097 2694 3149 2747 in
3189 2694 3352 2746 rebus
3392 2689 3587 2762 creatis

2004 2777 2125 2817 esse
2144 2762 2413 2828 credatur,
2441 2759 2563 2817 cum
2585 2778 2615 2817 a
2643 2765 2795 2818 nobis
2822 2763 3040 2818 minime
3062 2764 3321 2817 videatur.
3352 2759 3586 2829 Angelos

2004 2848 2125 2889 esse
2162 2833 2275 2901 ipsa
2313 2834 2639 2888 insensibilia
2678 2834 2939 2904 probant,
2982 2850 3101 2902 quae
3140 2844 3247 2887 tam
3276 2842 3475 2904 certam
3502 2830 3584 2882 sui

2004 2914 2180 2957 motus
2202 2905 2371 2973 legem
2397 2902 2707 2959 observant.
2731 2904 2903 2959 Omne
2926 2906 3121 2974 quippe
3148 2902 3291 2973 quod
3317 2908 3583 2974 movetur,

2005 2984 2096 3028 aut
2122 2970 2325 3028 motum
2356 2990 2385 3026 a
2413 2989 2473 3028 se
2512 2974 2670 3029 habet
2704 2984 2799 3029 aut
2836 2970 3090 3030 aliunde}
3121 2970 3214 3029 sed
3251 2987 3412 3028 omne
3444 2970 3584 3040 quod

2006 3056 2211 3099 motum
2249 3059 2279 3099 a
2319 3060 2380 3100 se
2410 3045 2606 3111 habet,
2647 3055 2732 3100 est
2768 3045 3057 3111 sensibile,
3100 3054 3157 3099 ut
3193 3044 3404 3104 anima;
3444 3042 3586 3111 quod

2005 3116 2249 3180 aliunde,
2282 3116 2623 3182 insensibile,
2656 3127 2716 3170 ut
2752 3132 2967 3186 corpus.
2990 3115 3143 3184 Quod
3168 3115 3211 3169 si
3237 3114 3347 3180 sol,
3382 3114 3505 3167 luna
3535 3120 3589 3186 et

2006 3187 2181 3241 sidera
2212 3201 2309 3256 per
2333 3201 2392 3240 se
2422 3198 2733 3252 moventur,
2768 3183 2932 3241 sensu
2962 3183 3045 3242 vel
3076 3187 3283 3240 ratione
3308 3186 3485 3256 vigere
3512 3183 3591 3256 vi-

2007 3253 2239 3311 dentur':
2263 3272 2380 3326 quae
2403 3264 2508 3310 tam
2530 3266 2675 3312 certa
2700 3268 2958 3327 tempora,
2981 3266 3087 3312 tam
3112 3264 3255 3312 certa
3277 3255 3399 3310 caeli
3419 3253 3589 3327 spatia

2008 3323 2350 3392 custodiunt,
2383 3335 2435 3382 et
2464 3328 2696 3396 quodam
2727 3323 2887 3383 modo
2915 3343 3070 3383 suum
3110 3327 3437 3382 intellectum
3470 3323 3592 3396 huic

2011 3398 2212 3453 mundo
2251 3398 2451 3453 lumine
2482 3394 2573 3454 vel
2610 3400 2776 3467 signis
2809 3400 3055 3453 innuunt.
3081 3398 3189 3454 Sed
3217 3397 3307 3467 qui
3337 3411 3399 3451 ea
3427 3394 3591 3449 ratio-

2012 3470 2151 3523 nalia
2189 3469 2274 3524 vel
2312 3469 2499 3523 saltem
2526 3470 2797 3524 sensibilia
2836 3484 3062 3538 corpora
3102 3469 3393 3523 arbitratur
3417 3506 3433 3532 ,
3468 3467 3591 3538 iure

2010 3554 2170 3593 sensu
2204 3553 2393 3593 carens
2415 3579 2431 3603 ,
2477 3539 2617 3595 inter
2656 3540 3032 3595 irrationabilia
3073 3546 3429 3608 computatur.
3457 3539 3592 3608 Cum

2008 3619 2186 3664 autem
2210 3624 2338 3664 vere
2363 3609 2471 3663 sint
2490 3624 2717 3679 corpora
2745 3610 2988 3675 visibilia,
3019 3609 3113 3664 sed
3144 3606 3289 3663 motu
3314 3606 3546 3660 carentia
3572 3645 3587 3667 ,

2006 3689 2191 3749 utputa
2218 3680 2567 3744 insensibilia,
2595 3691 2648 3735 et
2674 3690 2848 3735 tamen
2872 3689 3214 3743 moveantur;
3238 3685 3445 3732 constat
3466 3692 3591 3744 prn-

2008 3750 2148 3805 fecto
2183 3750 2325 3820 quod
2359 3749 2577 3804 aliunde
2613 3758 2948 3820 moveantur.
2991 3751 3177 3803 Restat
3214 3749 3373 3817 igitur
3400 3760 3467 3820 ea
3493 3760 3595 3820 per

2008 3817 2244 3891 angelica
2269 3820 2560 3891 ministeria
2591 3822 2814 3875 moveri.
2842 3819 3098 3875 Similiter
3125 3829 3332 3883 ventos,
3363 3817 3589 3891 pluvias,

2006 3886 2313 4015 grandines,
2338 3890 2565 3972 fulgura,
2596 3892 2847 3973 tonitrua,
2875 3900 3241 3972 tempestates,
3266 3886 3590 3956 aurasjussu

2057 3978 2106 4015 et
2130 3978 2222 4015 uer
2244 3963 2361 4015 illos
2384 3977 2492 4015 rem
2521 3977 2609 4015 mu
2631 3960 2856 4015 dubitat.
2885 3976 2946 4015 ea
2976 3961 3241 4014 sensubtlta
3274 3966 3421 4015 nutat
3452 3974 3464 4010 :
3498 3956 3590 4010 sed

2057 3961 2106 4015 ei
2130 3978 2222 4031 per
2244 3962 2361 4016 illos
2384 3956 2492 4030 regi
2521 3956 2609 4031 qui
2631 3960 2856 4025 dubitat,
2885 3976 2946 4016 ea
2976 3956 3253 4031 sensibilia
3274 3966 3421 4031 putat
3434 3974 3465 4031 έ
3498 3956 3591 4010 sed

2010 4026 2153 4087 hunc
2182 4032 2316 4086 ratio
2337 4026 2553 4086 stult'um
2576 4047 2697 4086 cum
2727 4031 3123 4086 insensibilibus
3144 4026 3333 4101 probat
3357 4030 3399 4101 ξ.
3432 4026 3594 4081 Bruta

2048 4118 2220 4172 noque
2258 4102 2505 4156 animalia
2536 4103 2721 4157 usibus
2759 4102 3005 4157 humanis
3042 4099 3288 4172 per—illos
3325 4099 3593 4172 obsecun-

2048 4120 2220 4172 uoque
2258 4120 2505 4156 animalia
2536 4120 2721 4157 usmus
2759 4120 3005 4157 numants
3042 4120 3136 4171 per
3172 4120 3288 4154 IIIOS
3325 4120 3579 4153 obsecun-

2008 4120 2139 4228 dare
2164 4173 2247 4227 vel
2276 4173 2547 4227 adversari
2570 4175 2658 4242 qui
2682 4188 2787 4227 non
2815 4173 3057 4233 credunt,
3082 4181 3173 4226 aut
3198 4171 3284 4225 illa
3314 4184 3409 4239 per
3429 4168 3579 4242 ratio.

2011 4245 2096 4299 nis
2133 4244 2458 4298 intellectum
2493 4240 2607 4297 lizcc
2636 4246 2809 4299 facere
2837 4244 3097 4308 credunt,
3138 4244 3293 4311 longe
3329 4256 3357 4293 a
3387 4240 3594 4311 ratione

2010 4314 2288 4370 recedunt.
2320 4314 2428 4368 Sed
2447 4323 2501 4369 et
2529 4323 2718 4368 cuncta
2747 4326 2865 4385 quae
2891 4315 2942 4368 in
2966 4314 3124 4368 rebus
3161 4310 3560 4385 insensibilibus
3579 4349 3593 4370 .

2010 4386 2093 4441 vel
2120 4385 2384 4441 creaturis
2411 4379 3056 4456 sensibilibus'geruntur,
3088 4399 3186 4455 per
3206 4384 3333 4456 illos
3363 4379 3595 4456 admini-

2009 4457 2171 4512 strari
2199 4456 2288 4526 qui
2314 4455 2536 4524 ambigit
2560 4496 2576 4522 ,
2615 4450 2840 4510 multum
2879 4471 2910 4510 a
2950 4450 3346 4510 luce-veritatis
3378 4450 3595 4526 desipit.

2010 4526 2174 4598 Igitur
2198 4523 2409 4582 constat
2436 4523 2656 4595 angelos
2677 4543 2810 4598 vere
2833 4540 2958 4598 esse
2971 4534 3067 4598 ,Aet
3096 4533 3287 4598 cuncta
3304 4523 3471 4598 nobis
3500 4535 3596 4573 oc-

2011 4594 2155 4652 culta
2183 4604 2425 4667 patenter
2458 4594 2637 4667 nosse.
2667 4596 2771 4651 Sed
2803 4597 2902 4652 hoc
2928 4596 3104 4651 dill'ert
3130 4597 3269 4650 inter
3303 4594 3513 4647 illorum
3545 4597 3600 4642 et

2011 4666 2250 4724 nostram
2294 4666 2569 4721 scientiam
2597 4708 2613 4731 ,
2654 4668 2795 4737 quod
2840 4669 2939 4735 ipsi
2972 4681 3160 4721 omnes
3200 4678 3388 4737 causas
3415 4675 3596 4716 rerum

2012 4750 2297 4809 antequam
2325 4739 2575 4793 eveniant
2596 4735 2918 4809 praescium;
2950 4751 3047 4791 nos
3076 4746 3252 4790 autem
3278 4735 3365 4788 vix
3392 4741 3445 4809 et
3473 4745 3594 4809 cum

2012 4804 2207 4881 magno
2228 4807 2409 4863 labore
2434 4804 2815 4878 investigamus
2838 4812 2950 4873 eas,
2983 4817 3261 4877 postquam
3284 4818 3369 4859 res
3394 4804 3446 4857 in
3473 4808 3596 4855 actu

2011 4888 2276 4939 constant.

2083 4949 2310 5009 CAPUT
2349 4947 2460 5003 VII.
2492 4946 2629 5002 Deus
2666 4948 2788 5019 quid
2816 4949 2901 5002 sit.
2946 4946 3095 5012 Quod
3114 4946 3203 5019 sit.
3240 4941 3388 5019 Quod
3424 4942 3489 4996 sit
3518 4957 3602 4994 ve-

2012 5025 2157 5089 ritas,
2181 5024 2304 5093 vita,
2327 5019 2597 5093 sapientia,
2616 5016 2820 5093 justitia
2864 5027 2910 5093 et
2947 5018 3221 5093 aeternitas.
3254 5016 3419 5093 Porro
3453 5027 3598 5091 sum-

2014 5084 2422 5162 mus'spiritus',
2451 5084 2671 5162 _s_icut'a
2712 5090 2857 5144 nullo
2896 5087 3167 5162 intellectu
3206 5084 3601 5162 va_let_propri.e

2014 5153 2259 5235 cogitari,
2282 5166 2355 5235 ita
2377 5153 2535 5235 nulla
2551 5160 2868 5235 definitione
2890 5158 3084 5227 poterit
3107 5155 3318 5226 proprie
3346 5153 3605 5235 determi—

2016 5229 2151 5292 nari.
2203 5232 2307 5288 Sed
2352 5229 2475 5299 quia
2528 5230 2902 5286 intellectualis
2947 5243 3101 5281 mens
3145 5242 3283 5299 eum
3317 5233 3604 5299 utcumque

2016 5319 2305 5375 agnoscere
2332 5294 2567 5375 anhelat,
2605 5303 2720 5375 hinc
2746 5299 3093 5375 _a:nigmatica
3127 5294 3607 5375 deﬁni_tio_ei_i_n_tc-

2017 5365 2119 5433 rim
2156 5374 2404 5430 sufﬁciat.
2448 5369 2587 5428 Deus
2631 5372 2849 5441 spiritus
2867 5365 2971 5441 ἐει
3008 5369 3239 5425 essentia
3281 5365 3604 5441 invisibilis,

2017 5447 2162 5502 omni
2189 5455 2447 5502 creatura:
2474 5437 3029 5512 incomprehensibilis
3053 5481 3067 5503 ,
3101 5447 3265 5512 totam
3284 5437 3449 5512 vitam
3474 5477 3490 5499 ,
3522 5444 3605 5512 to-

2019 5530 2125 5571 tam
2156 5518 2469 5584 sapientiam
2494 5557 2510 5581 ,
2544 5507 2709 5569 totam
2748 5513 3100 5584 aitet-nitatem
3140 5507 3301 5584 simul
3342 5507 3609 5584 essentia-

2020 5591 2141 5644 liter
2179 5578 2460 5657 possidens
2497 5578 2510 5640 ὲ
2547 5586 2631 5641 vel
2675 5586 2788 5655 ipsa
2828 5582 2936 5637 vita
2961 5612 2981 5657 ,~
3008 5582 3119 5653 ipsa
3150 5578 3411 5657 sapientia
3435 5617 3451 5643 ,
3484 5578 3601 5648 ipsa

2021 5653 2240 5722 veritas,
2270 5660 2383 5729 ipsa
2406 5658 2632 5729 justitia,
2657 5653 2769 5729 ipsa
2799 5653 3070 5729 aeternitas
3098 5653 3355 5717 existens,
3386 5662 3617 5704 omnem.

2018 5725 2318 5787 creaturam
2347 5725 2514 5785 instar
2538 5728 2718 5798 puncti
2746 5726 2799 5780 in
2826 5739 2887 5782 se
2912 5725 3215 5781 continens.

2085 5867 2100 5899 ί
2136 5873 2241 5915 Mss.
2266 5863 2379 5922 duo,
2406 5860 2658 5924 recolligit.

2086 5931 2108 5962 ³
2141 5936 2249 5980 Mss.
2280 5926 2397 5991 duo,
2419 5923 2617 5988 refutat.
