4070 6496
526 445 651 498 IOII

590 554 644 609 Si
668 565 840 625 autem
861 554 1048 625 aliquis
1070 553 1323 625 insipiens
1346 558 1546 603 tantum
1570 544 1813 625 desipiat,
1837 552 1889 595 ut
1917 541 2085 625 Detnn

520 640 636 679 esse
660 623 863 678 dil‘lidat
893 643 906 676 :
936 614 1077 678 hunc
1103 614 1274 676 solum
1305 634 1431 674 vere
1450 632 1590 679 esse,
1617 625 1672 667 et
1698 614 1798 672 alia
1823 614 2000 669 omnia
2024 614 2090 664 ab

478 732 485 739 ς
519 693 634 763 ipso
659 695 851 748 habere
878 710 999 750 esse
1028 694 1125 747 hac
1148 694 1349 747 ratione
1374 689 1604 763 colligat.
1633 683 1819 763 Omnis
1844 682 2092 735 substan-

521 754 589 837 tia
616 775 707 819 aut
728 781 822 834 per
847 780 903 837 se
929 765 1307 837 stibsistit,gaut
1335 777 1429 830 per
1449 754 1746 837 a_liud‘;.set‘l
1771 756 2094 837 Intuemini-

520 823 643 889 dum
674 823 778 888 non
811 836 1100 889 subsistere
1126 823 1212 902 qui
1244 823 1553 893 contendit,
1592 826 1678 879 hic
1715 823 1889 904 fatuus
1927 824 1975 904 in
2016 826 2093 875 Ill-

522 905 684 958 hilum
717 905 905 959 tendit.
933 894 1183 961 ll'lundut'n
1214 914 1393 961 autem
1421 916 1526 975 non
1569 913 1662 975 per
1700 910 1773 975 se!
1801 894 2094 975 subsistere

518 984 761 1046 constat,
804 975 929 1031 dum
981 991 1101 1031 eum
1146 974 1373 1040 empisse
1418 965 1813 1046 ratiodoceat;
1859 965 2094 1046 partibus

518 1045 662 1099 enim
684 1039 911 1098 constat.
940 1046 1110 1099 Omne
1133 1039 1308 1115 autem
1330 1041 1469 1115 quod
1495 1039 1732 1115 partibus
1757 1039 2095 1115 coniungitur

520 1116 601 1169 vel
641 1115 693 1169 iit
724 1128 902 1184 partes
928 1116 1228 1179 resolvitur,
1260 1114 1327 1167 ab
1351 1109 1526 1184 aliquo
1559 1109 1738 1184 utique
1767 1109 2100 1171 conjunctio-

520 1199 643 1239 nem
680 1178 766 1257 vel
796 1185 1171 1257 resolutionem
1205 1178 1415 1257 patitur.
1444 1178 1676 1257 Mundus
1703 1192 1830 1245 ergo
1851 1191 1970 1257 .non‘
2005 1190 2098 1242 per

519 1269 579 1307 se
607 1256 881 1323 subsistit;
910 1266 964 1311 et
990 1256 1108 1309 ideo
1133 1246 1369 1324 seqttitur
1388 1250 1528 1324 quod
1557 1256 1797 1304 creatura
1821 1246 2087 1324 sit._Crea-

523 1334 638 1396 tura
664 1335 841 1391 autem
862 1315 929 1396 ad
954 1326 1172 1395 aliquid,
1205 1315 1499 1378 scilicet-ad
1529 1327 1824 1396 creatorem
1850 1315 2089 1396 τθΐεξισιιιν.

522 1394 682 1467 Solus
706 1390 862 1465 igitur
882 1390 1103 1459 Creatt'ir
1124 1412 1214 1465 per
1234 1412 1290 1447 se
1315 1395 1484 1467 ipsum
1508 1403 1557 1445 et
1589 1392 1727 1467 inse
1744 1390 1857 1467 ipso
1879 1390 2055 1467 esistit
2079 1402 2092 1440 :

522 1466 697 1534 omnis
725 1459 917 1531 autem
956 1459 1198 1521 creatura
1242 1459 1349 1534 per'
1376 1465 1545 1530 ipsum
1584 1460 1843 1534 subsistit.
1878 1459 1931 1509 Si
1956 1459 2096 1534 enim

522 1532 721 1608 abalio
753 1526 873 1591 esse
896 1526 1059 1608 liabet
1078 1578 1093 1604 ,
1124 1526 1256 1590 tunc
1277 1536 1327 1590 id
1361 1526 1472 1608 Deo
1503 1530 1673 1600 maius
1696 1538 1793 1608 est
1816 1543 1846 1581 3
1870 1543 1974 1595 (Ιυυ
2000 1526 2100 1608 Ψ,οὲ

525 1596 718 1669 habet;
770 1606 910 1674 quod
957 1596 1491 1662 Deo'inconvenieus
1542 1596 1643 1674 est.
1696 1600 1759 1654 Et
1793 1613 1921 1674 enm
1970 1596 2098 1650 nihil

522 1668 721 1747 prmter
746 1668 1056 1737 Creatorem
1085 1686 1139 1732 et
1171 1685 1470 1731 creaturam
1508 1673 1735 1747 existat,
1764 1669 1807 1721 si
1840 1668 1977 1747 Deus
2005 1682 2101 1747 per

524 1760 584 1798 ﬁe
614 1745 785 1815 ipsum
813 1764 915 1811 non
952 1747 1107 1803 habet
1137 1763 1291 1809 esse,
1320 1745 1641 1819 necessitate
1673 1745 2016 1819 consequitur
2045 1745 2102 1819 ut

526 1829 621 1887 per
634 1811 936 1887 creaturam
958 1819 1181 1883 existat;
1205 1818 1342 1887 quod
1362 1811 1976 1887 inconvenientissimum
1996 1816 2096 1887 est.

524 1886 803 1954 Amplius,
829 1888 1122 1949 substantia
1161 1884 1344 1945 mundi
1384 1886 1438 1940 in
1478 1884 1691 1954 diversa
1724 1894 1917 1954 genera
1955 1888 2007 1931 et
2045 1884 2098 1930 in

526 1948 832 2031 differentiis
850 1959 1057 2031 species
1084 1959 1435 2031 dividitur,_et
1459 1954 1512 2009 itt
1544 1954 1625 2006 his
1651 1949 1872 2031 singulis
1905 1948 2098 2028 bonum

527 2023 811 2082 invenitur.
838 2023 1009 2082 Oinue
1032 2030 1172 2084 enim
1197 2029 1347 2093 utile,
1370 2027 1567 2079 bonum
1594 2041 1607 2077 :
1636 2023 1881 2076 universa
1905 2023 2101 2087 quippe

529 2095 674 2166 utilia
720 2099 1130 2154 considerantur
1152 2140 1168 2166 ,
1196 2108 1251 2154 et
1280 2099 1400 2153 ideo
1425 2095 1629 2164 singula
1672 2093 1807 2166 bona
1854 2103 2100 2156 εοηιιπο·

525 2164 739 2221 bantur.
767 2167 937 2235 Omne
966 2160 1371 2233 autem-bouum
1408 2160 1631 2232 ant'per
1658 2177 1715 2235 se
1752 2160 1948 2235 bonum
1979 2168 2058 2235 est
2081 2199 2095 2221 ,

524 2244 619 2288 aut
656 2252 752 2305 per
778 2229 937 2292 aliud.
969 2237 1074 2293 Sed
1100 2230 1309 2294 diversa
1343 2238 1475 2290 bona
1507 2229 1908 2305 participatione
1945 2229 2101 2305 tutius

527 2299 815 2380 boni-bona
843 2324 965 2366 esse
989 2325 1209 2371 necesse
1236 2316 1346 2373 est;
1376 2299 1657 2380 diversitas
1691 2303 1884 2380 quippe
1914 2299 2103 2380 recipit

528 2377 698 2451 magis
726 2388 779 2451 et
810 2380 1002 2434 minus.
1036 2380 1169 2435 Nam
1208 2370 1463 2449 quantum
1500 2374 1566 2429 ad
1610 2370 1781 2451 genus
1800 2412 1837 2451 ,ἱ
1863 2370 1994 2451 lapis
2021 2379 2104 2422 est

528 2439 705 2520 mitius
727 2449 943 2520 bonmu,
959 2452 1044 2520 qui
1070 2439 1270 2504 tantum
1293 2454 1474 2520 cst,_et
1494 2461 1595 2520 non
1615 2439 1747 2497 vivit
1768 2439 1844 2509 (α)
1864 2456 1883 2520 ;_
1894 2439 2100 2520 lignum

529 2517 696 2595 inagis
725 2511 943 2595 bonum,
977 2511 1120 2595 quod
1158 2511 1448 2595 crescendo
1476 2516 1636 2595 vivit;
1666 2511 1961 2595 equus-illo
1993 2525 2104 2591 me:

526 2585 637 2661 lius
651 2627 666 2650 ,
697 2589 786 2659 qui
817 2591 944 2643 vivit
970 2585 1025 2645 ει
1061 2592 1256 2656 sentit;
1288 2590 1450 2661 homo
1488 2586 1580 2661 illo
1609 2585 1946 2661 pra‘stautins
1968 2621 1982 2641 ,
2015 2585 2101 2661 qui

532 2650 939 2730 vivitfseutit,
983 2671 1037 2715 et
1077 2650 1284 2716 ratione
1319 2657 1592 2713 discernit.
1610 2650 1808 2730 Restat
1840 2651 1998 2730 igitur
2025 2650 2104 2730 bis

527 2728 758 2797 maxime
781 2738 836 2784 et
864 2719 1071 2785 summe
1097 2733 1316 2796 bonum,
1347 2730 1413 2784 de
1438 2743 1542 2797 quo
1570 2723 1816 2797 omnibus
1844 2719 2107 2797 infcriori-

526 2796 629 2859 ltus
655 2798 880 2867 profluat
909 2801 1106 2857 bonum
1136 2819 1149 2854 :
1182 2811 1236 2856 et
1257 2789 1358 2855 hoc
1389 2789 1584 2867 bonum
1604 2802 1687 2853 est
1716 2793 1875 2867 DQIIS.
1905 2789 1972 2843 de
2000 2805 2106 2867 {luo

525 2861 678 2936 quasi
704 2869 773 2926 de
801 2868 947 2940 fonte
971 2882 1161 2931 cuncta
1187 2872 1326 2927 bona
1360 2866 1662 2940 proﬂuunt,
1691 2872 1744 2918 et
1772 2861 1828 2916 in
1857 2863 2104 2916 eumdem

527 2948 720 3012 cuncta
751 2939 1004 3012 refluunt.
1275 3008 1320 3012 Α
1367 2939 1374 2940 ⁷
1512 3007 1524 3012 _
1709 3010 1714 3012 _
1775 3000 1809 3012 Α
2035 3000 2047 3012 .

598 3009 697 3064 Hic
722 3000 869 3073 solus
896 3027 1020 3067 vere
1047 3020 1162 3077 est;
1193 3018 1247 3066 et
1272 3008 1390 3065 ideo
1416 3007 1613 3062 veritas
1641 3010 1741 3057 est.
1770 3000 1939 3077 Dinne
1964 3000 2105 3054 enim

527 3079 675 3151 quod
693 3091 795 3147 est,
828 3096 1011 3136 verum
1038 3072 1160 3145 esti
1184 3079 1325 3151 quod
1350 3093 1478 3151 vero
1506 3072 1956 3151 nonestufalsum
1986 3084 2067 3123 ρει
2090 3088 2104 3137 ;

528 3143 626 3205 sed
655 3143 792 3222 Dens
812 3167 941 3222 rvere
970 3161 1071 3217 est,
1096 3143 1255 3222 igitur
1280 3150 1475 3205 veritas
1500 3155 1580 3222 est
1599 3144 1702 3222 ⁸(ιι).
1735 3143 1985 3222 Crea'ttira
2009 3158 2109 3221 au-

531 3232 639 3294 tem
666 3221 724 3294 ei
739 3221 929 3276 collata
960 3211 1241 3294 quasi'uon
1272 3230 1353 3294 est
1385 3235 1398 3271 :
1431 3226 1486 3272 et
1513 3211 1880 3294 idcircntptasi
1908 3211 2108 3265 falsitas

527 3290 595 3364 ad
617 3289 895 3364 veritatem
921 3283 1022 3347 est.
1050 3290 1220 3364 Omne
1245 3290 1386 3364 enim
1416 3287 1556 3364 quod
1583 3301 1645 3341 ex
1678 3283 1840 3364 nihilo
1860 3296 1979 3364 esse
2001 3299 2111 3335 cce-

530 3361 634 3432 pit,
647 3361 706 3432 in
734 3361 954 3432 nihilum
985 3362 1150 3431 redigi
1181 3356 1551 3432 poteritised
1578 3356 1752 3409 omnis
1779 3361 2109 3432 creaturagex

527 3424 694 3485 nihilo
722 3446 754 3489 a
785 3430 897 3501 Deo
925 3424 1215 3501 producta,
1243 3424 1309 3489 ad
1336 3428 1537 3501 aliquid
1564 3441 1681 3482 esse
1710 3432 1791 3501 est
1818 3424 2104 3501 pcrdnctit_:

528 3502 689 3570 igitur
713 3501 756 3554 si
778 3500 829 3555 ei
853 3493 1212 3571 comparatur,
1237 3500 1368 3555 tiiltil
1389 3493 1508 3554 eSse
1533 3494 1927 3571 comprobatur.
1957 3493 2106 3545 Nulla

526 3564 655 3642 ergo
681 3587 851 3642 mens
872 3564 1034 3626 Deu'm
1063 3587 1182 3626 esse
1196 3564 1445 3633 'dnhitat,
1476 3584 1572 3637 per
1595 3581 1751 3642 quem
1773 3564 1877 3642 alia
1919 3572 2107 3642 cuncta

527 3632 648 3696 esse
672 3641 996 3696 considerat.
1028 3642 1194 3711 Hujus
1220 3632 1446 3696 essentia
1477 3632 1569 3694 est
1613 3632 1738 3689 vita.
1767 3632 1939 3687 Omne
1964 3634 2105 3711 enini

526 3711 667 3777 quod
693 3722 805 3776 est,
834 3720 926 3765 ant
952 3713 1082 3766 vivit
1107 3702 1200 3767 aut
1224 3713 1328 3766 vita
1358 3719 1537 3773 caret;
1574 3720 1733 3777 omne
1762 3712 1933 3777 autem
1964 3702 2106 3771 quod

525 3774 687 3849 vivit,
715 3774 805 3836 aut
834 3798 929 3850 per
953 3797 1011 3838 se
1033 3784 1158 3837 vivit
1184 3791 1273 3839 aut
1300 3796 1395 3851 per
1417 3778 1559 3853 aliud
1592 3795 1605 3832 :
1639 3775 1732 3853 sed
1763 3774 1898 3853 Dens
1930 3788 2027 3853 per
2049 3788 2106 3853 s_c

525 3847 699 3919 ipsum
728 3863 782 3924 et
809 3847 861 3907 in
887 3868 946 3908 se
977 3855 1092 3923 ipso
1122 3847 1367 3924 vivit,'et
1394 3847 1785 3924 aliisomnibus
1813 3847 1989 3924 vivere
2018 3847 2108 3896 tri-

523 3914 671 3989 linit;
718 3923 877 3993 igitur
902 3914 1027 3978 vera
1055 3914 1278 3979 estvita
1311 3931 1361 3977 et
1389 3920 1563 3975 vitalis
1592 3916 1809 3994 veritas.
1937 3914 2104 3994 ipsum

528 3985 822 4071 quttqttejet
840 4002 1002 4048 totam
1032 3994 1289 4051 facturam
1316 4007 1464 4071 suam
1493 3988 1630 4071 sapit
1656 3998 1711 4041 et
1737 3985 2001 4071 intelligit,
2022 3985 2107 4071 cui

527 4062 825 4135 nihil‘aliud
852 4072 936 4117 est
956 4081 1164 4135 sapere,
1195 4079 1353 4135 quam
1384 4062 1561 4114 vivere
1584 4067 1635 4112 et
1662 4071 1815 4121 esse;
1846 4062 2004 4123 igitur
2024 4068 2109 4135 sa-

525 4133 724 4201 pientia
750 4142 854 4204 est.
886 4136 956 4188 Se
986 4123 1163 4204 ipsum.
1198 4123 1356 4204 etiam
1382 4140 1437 4185 et
1450 4144 1675 4204 omnem
1701 4135 1997 4204 creaturam

527 4193 810 4277 ligit;_quia
830 4193 1033 4277 justitia
1060 4215 1177 4277 est:
1201 4215 1255 4258 et
1281 4202 1417 4277 hanc
1435 4198 1699 4277 justitiam
1718 4198 1863 4277 ‘_not_i
1892 4193 2108 4277 aliunde

525 4265 750 4341 :tccipii;
782 4265 1160 4342 igiturjustitia
1192 4285 1246 4328 et
1272 4265 1485 4328 dilectio
1512 4268 1710 4345 existit.
1741 4265 1894 4345 Initio
1922 4271 1976 4317 et
2003 4265 2108 4345 line

526 4337 692 4424 cnre't,
715 4337 1043 4424 priteritum
1070 4354 1125 4401 et
1147 4345 1386 4399 futurum
1411 4355 1516 4395 non
1544 4339 1737 4400 habet;
1766 4337 1923 4406 igitur
1951 4343 2108 4388 teter-

526 4422 666 4468 nitas
694 4422 794 4467 est.

596 4482 822 4539 CAPUT
860 4483 997 4542 VIII.
1036 4483 1135 4540 Dei
1170 4483 1375 4537 claritas
1413 4479 1499 4551 qui
1537 4473 2106 4551 cognoscendaqdniina

525 4569 732 4627 mireque
751 4563 853 4627 toto
872 4554 1058 4627 mundo
1078 4555 1265 4627 mapo
1285 4552 1336 4606 Μ
1344 4545 1586 4627 agnimdo
1599 4545 1976 4627 intellectualis.
1998 4545 2109 4597 Cla-

524 4618 659 4697 ritas
673 4622 771 4678 Dei
797 4626 881 4695 qui
909 4618 1196 4697 cogitanda.
1229 4618 1563 4697 Cpmitaqne
1593 4618 1919 4697 ratio_Deutu
1950 4629 2101 4668 vera-

522 4695 656 4766 eiter
678 4691 1153 4766 essefprobaverit,
1186 4703 1241 4750 et
1267 4694 1405 4766 hunc
1428 4691 1610 4754 vitam,
1640 4691 2105 4766 sapiettti:tttt,._ve-

523 4765 732 4821 ritatem
755 4807 770 4833 ,
798 4755 1058 4834 justitiam
1087 4755 1150 4820 et
1177 4764 1525 4820 aeternitatem
1553 4766 1692 4814 veris
1720 4755 2105 4834 assertionibus

522 4827 876 4891 essentialiier
893 4850 1011 4891 esse
1027 4835 1288 4899 docuerit;
1310 4842 1471 4887 restat
1491 4844 1630 4885 nunc
1650 4838 1707 4882 ut
1726 4827 1791 4881 ad
1816 4827 1955 4880 hunc
1969 4840 2105 4893 quo-

521 4921 628 4975 que
660 4906 945 4963 videndum
975 4906 1209 4979 aliquam
1227 4904 1519 4979 fenestram
1547 4900 1791 4978 aperiat,
1820 4912 1913 4979 per
1946 4910 2102 4964 quam

522 4971 675 5031 mens
702 4992 796 5046 per
820 4971 1081 5047 quosdam
1112 4976 1308 5047 gradus
1335 4971 1595 5027 scandens
1617 4971 1936 5047 prospiciat,
1969 4980 2105 5047 qua-

525 5056 682 5119 tenus
702 5035 886 5119 regem
927 5035 1142 5115 gloriae“
1156 5047 1207 5119 in
1249 5045 1445 5099 decore
1470 5056 1566 5095 suo
1592 5035 1771 5119 videre
1800 5035 2101 5119 praevaleat.

524 5108 855 5190 l’edeteniitn
881 5108 1057 5190 alitem
1084 5117 1222 5170 ratio
1265 5129 1358 5190 per
1382 5108 2003 5190 oorporaliagradiatur;
2039 5120 2106 5159 ne

524 5186 765 5241 inﬁrmus
794 5188 1096 5242 intellectus
1118 5201 1213 5255 per
1232 5178 1393 5238 ardua
1426 5178 1624 5255 nitens,
1649 5178 1960 5234 difﬁcultate
1979 5190 2107 5228 con-

524 5256 722 5330 fractus
741 5258 1028 5312 relabatur.
1045 5253 1317 5330 Inprimis
1339 5255 1497 5330 igitur
1520 5253 1659 5305 hunc
1677 5261 2006 5330 corporeutn_
2020 5259 2106 5299 so-

525 5328 629 5382 lem
670 5336 848 5382 meute
876 5318 1902 5396 consideremus,eiijus__magnitudine
1938 5324 2105 5396 totum

525 5397 781 5451 mundum
808 5397 1038 5451 caleﬁeri
1057 5386 1088 5461 ,⁷’
1114 5396 1265 5465 cujus
1289 5386 1604 5465 claritudine
1625 5386 1798 5465 lotum
1826 5386 2010 5465 orbem
2025 5386 2105 5465 -il-

523 5465 771 5519 luminari
802 5456 1067 5519 videmus;
1091 5456 1221 5525 Post
1249 5464 1390 5518 hunc
1428 5463 1589 5516 millia
1619 5461 1842 5513 millium
1873 5456 2105 5525 Angelo-

525 5551 642 5589 rum
673 5536 781 5589 Deo
808 5535 1214 5589 ministrantium
1237 5534 1589 5606 attendamus,
1611 5545 1745 5606 quos
1765 5529 1999 5606 singulos
2022 5542 2108 5606 ra-

526 5606 671 5659 tione
697 5612 1027 5658 monstrante
1045 5644 1062 5670 ,
1089 5607 1288 5673 septies
1306 5646 1320 5668 ,
1355 5604 1461 5657 into
1500 5596 1703 5656 centies
1728 5598 1841 5653 sole
1862 5596 2105 5673 Splendi-

526 5675 704 5729 diores
729 5675 995 5739 sciamus;
1023 5667 1259 5730 nam'hic
1282 5667 1360 5727 sel
1386 5681 1469 5728 est
1492 5672 1732 5726 tniuiSter
1762 5667 1965 5735 mundi,
1996 5668 2104 5723 Au-

589 5788 603 5818 ι
640 5784 760 5834 Batti
782 5782 995 5841 addunt,
1018 5780 1297 5833 increatam.

608 5846 661 5906 α)
697 5845 800 5906 vid.
823 5840 1032 5906 Anselmi
1053 5844 1289 5906 Monolog.
1307 5856 1409 5905 cap.
1436 5843 1484 5893 4.

585 5846 662 5971 ξιξ
697 5846 800 5956 tiri-

1969 426 2328 483 APPENDIX.

3649 427 3785 489 1012

2197 542 2297 612 geli
2327 551 2503 597 autem
2529 543 2720 612 templa
2754 543 2864 598 Dei.
2888 541 3152 611 Quantum
3179 558 3305 612 ergo
3327 541 3502 597 diﬂ'erl
3523 545 3782 612 templum

2202 611 2294 664 Dei
2324 628 2351 663 a
2384 628 2540 667 servo
2568 611 2767 676 mundi,
2795 621 2998 668 tantum
3024 614 3201 668 differt
3226 611 3441 668 claritas
3466 611 3785 682 Angelorum

2198 697 2227 733 a
2258 683 2497 736 claritate
2527 683 2673 737 solis.
2707 684 2908 738 Deinde
2937 684 3115 739 decies
3144 685 3335 738 millies
3363 693 3587 739 centena
3615 684 3783 738 subli-

2199 752 2367 825 mitth
2390 754 2713 822 Angelorum
2746 756 2853 809 Deo
2878 757 3163 809 astantium
3193 755 3587 823 perpendamus
3606 796 3622 820 ,
3653 770 3786 825 quos

2200 822 2436 890 singulos
2465 826 2698 888 centies,
2733 826 2840 877 imo
2883 826 3079 879 millies
3119 822 3226 893 pra:
3257 826 3369 879 sole
3394 825 3649 879 clariores
3673 822 3787 892 ἰιι-ο

2199 902 2347 946 certo
2376 910 2675 949 noscamus.
2704 894 2852 950 Sicut
2877 897 3017 950 enim
3048 896 3170 949 luna
3199 895 3400 958 stellas,
3425 897 3504 950 sol
3534 896 3712 949 lunam
3737 896 3785 949 in

2202 962 2442 1035 claritate
2465 966 2727 1020 excellere
2751 969 3017 1030 cernitur;
3042 968 3117 1021 sic
3140 966 3362 1035 quilibet
3380 966 3629 1030 superior
3653 966 3788 1019 ordo

2201 1032 2522 1106 Angelornm
2548 1036 2869 1096 inferiorem.
2891 1037 2958 1091 ab
2975 1032 3189 1106 Angelis
3211 1051 3377 1106 usque
3398 1036 3462 1089 ad
3481 1035 3785 1105 Seraphim,

2201 1102 2366 1175 gloria
2389 1146 2403 1168 ,
2444 1106 2697 1175 dignitate
2716 1148 2732 1171 ,
2760 1108 3001 1162 claritate
3044 1102 3346 1175 pra-cellere
3375 1102 3635 1161 creditan
3664 1106 3785 1159 Pest

2203 1171 2302 1254 hos
2329 1171 2730 1254 innuuierabilia
2762 1180 2922 1254 millia
2961 1171 3262 1254 sanctarum
3290 1176 3595 1254 animarum
3616 1176 3787 1254 inspi-

2203 1247 2406 1318 ciamus
2425 1287 2440 1318 ,
2470 1262 2601 1316 quas
2625 1248 2860 1318 singulas
2902 1249 3056 1318 longe
3082 1249 3194 1302 sole
3220 1248 3504 1318 lucidiores
3523 1288 3539 1310 ,
3571 1247 3789 1315 Angelis

2204 1313 2527 1387 beatitudine
2554 1328 2607 1373 et
2648 1313 2888 1374 claritate
2930 1313 3281 1387 coa'qttantlas
3310 1334 3415 1371 non
3456 1313 3785 1373 dubitamus.

2204 1383 2308 1437 Tot
2332 1396 2385 1437 et
2414 1390 2570 1442 tantis
2597 1390 2883 1445 luminibus
2909 1383 3245 1457 singulariter
3269 1388 3638 1451 cnnsideratis,
3673 1387 3786 1441 siit-

2202 1457 2446 1530 gulorum
2477 1460 2642 1530 etiam
2672 1460 3084 1530 magnitudinem
3114 1459 3570 1530 contemplemur;
3597 1466 3788 1530 quate-

2206 1540 2304 1579 nus
2344 1528 2409 1599 ad
2438 1529 2488 1582 id
2515 1530 2653 1599 quod
2696 1528 2890 1585 int'ueri
2915 1530 3230 1584 anhelamus
3249 1571 3264 1592 ,
3311 1529 3516 1583 facilius
3536 1529 3789 1583 subleve-

2205 1610 2344 1677 ntur.
2377 1596 2892 1677 cogitemusitaqne
2917 1603 3149 1677 animam
3189 1600 3523 1677 splendidum
3571 1600 3747 1677 ignem
3771 1642 3786 1663 ,

2205 1669 2355 1735 cujus
2387 1670 2604 1726 minima
2629 1669 2856 1727 scintilla
2891 1673 3097 1726 ratione
3124 1672 3420 1727 instruente
3446 1671 3623 1723 vincat
3649 1669 3791 1725 hunc

2205 1737 2393 1812 solent.
2425 1739 2596 1812 Omne
2625 1743 2766 1797 enim
2793 1742 2931 1812 quod
2962 1743 3028 1796 ab
3057 1742 3161 1796 alio
3188 1740 3494 1803 includitur,
3523 1740 3705 1812 minus
3726 1756 3790 1794 eo

2205 1808 2349 1886 quod
2371 1824 2429 1863 se
2457 1810 2696 1886 includit,
2715 1808 2841 1886 esse;
2865 1813 3178 1886 necessitate
3203 1813 3563 1886 convincitur;
3585 1810 3679 1886 sed
3701 1826 3791 1865 co-

2204 1880 2388 1953 gitatio
2413 1882 2625 1946 animae,
2649 1900 2768 1953 quae
2796 1884 2913 1952 ejus
2942 1884 3167 1938 scintilla
3197 1893 3296 1947 est,
3323 1899 3428 1935 non
3454 1883 3635 1953 solum
3650 1881 3792 1937 hunc

2205 1948 2374 2020 solem
2394 1993 2409 2014 ,
2438 1953 2529 2007 sed
2556 1963 2609 2008 et
2638 1948 2804 2008 totum
2825 1948 3014 2009 tumidi
3039 1953 3293 2007 ambitum
3336 1953 3481 2007 brevi
3507 1952 3682 2020 spatio
3709 1953 3790 2005 in-

2205 2017 2393 2082 cludit.
2415 2032 2468 2077 et
2496 2032 2636 2078 totus
2663 2026 2809 2079 orbis
2834 2040 2952 2079 eam
2980 2024 3201 2080 minime
3224 2017 3611 2079 circumscribit
3641 2039 3659 2076 :
3690 2023 3791 2090 igi-

2207 2095 2295 2169 tur
2319 2103 2527 2169 constat
2553 2110 2817 2169 quamque
2843 2097 3072 2169 animant
3103 2104 3214 2169 toto
3244 2094 3445 2169 mundo
3486 2093 3645 2169 longe
3674 2108 3789 2169 nta-

2200 2162 2373 2235 jnrem
2402 2162 2536 2235 fore.
2568 2162 2752 2235 Angeli
2796 2176 2972 2220 autem
3003 2167 3140 2220 sicut
3165 2166 3232 2219 ab
3257 2165 3533 2218 animabus
3560 2164 3791 2217 beatitu-

2205 2231 2329 2304 dine
2348 2272 2363 2294 ,
2397 2234 2465 2286 ita
2491 2231 2925 2290 etiam'dill‘erunt
2951 2236 3328 2304 magnitudine.
3363 2235 3457 2289 llic
3484 2249 3647 2288 nemo
3676 2250 3791 2288 ma-

2204 2302 2532 2375 gnitudinem
2561 2307 2850 2375 corporalis
2872 2302 3180 2375 quantitatis
3204 2306 3493 2375 intelligat,
3523 2305 3620 2359 sed
3647 2304 3790 2358 illam

2205 2373 2381 2440 potius
2413 2373 2843 2438 intellectualem,
2862 2373 2980 2445 quin
3008 2378 3150 2432 hunc
3166 2373 3418 2431 mundum
3445 2389 3789 2442 corporeum,

2207 2449 2261 2495 et
2275 2456 2462 2499 cuncta
2484 2447 2532 2500 in
2555 2463 2619 2501 eo
2634 2462 2855 2514 corpora
2872 2447 2937 2502 ad
2956 2449 3265 2516 parvitatem
3290 2446 3509 2515 redigat.
3535 2445 3669 2497 lliuc
3684 2445 3791 2515 jam

2207 2527 2362 2585 mens
2390 2530 2448 2571 se
2474 2516 2525 2569 in
2556 2518 2658 2573 alta
2688 2519 2893 2580 elevet,
2926 2534 3019 2572 eor
3046 2533 3197 2571 suum
3225 2528 3477 2585 quantum
3505 2525 3683 2583 potest
3711 2518 3793 2570 di-

2208 2581 2372 2651 latet,
2408 2596 2485 2641 tot
2509 2587 2655 2641 luces
2699 2588 3053 2642 intestimabili
3081 2581 3325 2642 claritate
3345 2629 3359 2648 ,
3391 2581 3793 2653 incomparabili

2208 2658 2572 2724 magnitudine
2599 2660 2998 2726 reSpleudeutes
3016 2659 3116 2712 sub
3137 2674 3195 2711 se
3219 2657 3533 2727 prospiciat;
3558 2672 3719 2727 super
3734 2673 3794 2711 se

2209 2739 2337 2796 vero
2369 2728 2650 2796 quamdam
2677 2729 3039 2783 admirabilem
3072 2729 3244 2782 lucem
3266 2770 3281 2792 ,
3314 2743 3433 2796 qua:
3462 2728 3704 2780 omnium
3730 2727 3792 2780 il-

2209 2795 2604 2853 larum’lucinm
2648 2799 2736 2853 lux
2764 2799 2865 2864 sit,
2899 2799 3137 2855 intendat
3158 2840 3170 2861 ,
3201 2795 3427 2869 quai’sic
3450 2812 3617 2866 super
3646 2808 3719 2851 tot
3743 2813 3795 2851 et

2210 2874 2383 2939 tantas
2408 2869 2552 2924 luces
2573 2871 2726 2939 longe
2746 2869 3025 2939 refulgent,
3045 2871 3179 2923 sicut
3195 2871 3272 2923 sol
3289 2883 3453 2937 super
3468 2883 3657 2922 omnes
3672 2869 3795 2921 stel-

2211 2937 2288 3009 las
2309 2937 2507 3003 luceat;
2531 2937 2683 3008 Cujus
2705 2941 2833 2994 lucis
2856 2937 3168 2995 ineffabilem
3191 2938 3610 3009 magnitudinem
3634 2946 3688 2992 et
3706 2939 3793 2991 ad-

2211 3008 2508 3063 mirabilem
2540 3010 2985 3078 pulchritudinem
3025 3011 3126 3063 illae
3153 3019 3231 3062 tot
3257 3008 3309 3062 et
3350 3019 3511 3061 Iantze
3541 3010 3687 3061 luces
3707 3009 3787 3077 ju-

2210 3078 2348 3148 giter
2372 3081 2719 3142 admirentur,
2747 3091 2800 3135 et
2824 3084 2872 3134 itt
2900 3080 3051 3148 cujus
3074 3080 3533 3135 afﬂuenti-simam
3562 3079 3796 3133 dulcedi-

2214 3098 2348 3148 gllel'
2372 3098 2719 3142 aflﬂlll'cnllll',
2747 3098 2800 3135 ει
2824 3098 2872 3134 Ill
2900 3098 2961 3135 Cll
2990 3098 3051 3134 US
3074 3098 3533 3135 εὶιιιιιειιιι-διιιιειιιι
3562 3098 3796 3133 αιιιοοιιι-

2214 3164 2335 3221 item
2352 3150 2611 3206 indefesse
2629 3152 2933 3221 prospicere
2950 3098 3296 3206 delectentur.
3318 3150 3442 3203 lltec
3462 3152 3701 3221 prolectg
3716 3158 3797 3204 est

2211 3219 2301 3274 lux
2333 3218 2735 3284 iuacccssibilis,
2755 3218 2911 3290 quam
2945 3222 3199 3276 inhabitat
3228 3222 3457 3275 essentia
3480 3220 3575 3273 Dei
3600 3224 3639 3288 (l
3660 3218 3793 3274 Titii.

2210 3306 2260 3344 νι
2281 3331 2298 3357 ,
2334 3290 2458 3362 16),
2492 3294 2620 3347 solis
2645 3292 3078 3347 Inutidicm'dihus
3108 3291 3344 3344 visibilis.
3374 3290 3560 3344 Nullus
3589 3291 3675 3344 hic
3702 3306 3794 3344 co-

2208 3362 2341 3431 gitet
2368 3364 2483 3418 luce
2512 3364 2701 3427 Deum,
2724 3364 2873 3432 quasi
2902 3362 3242 3417 tabernaculo
3267 3362 3536 3415 hominem
3565 3362 3796 3417 circum.

2212 3434 2429 3492 datum;
2462 3435 2613 3503 quasi
2655 3434 2796 3489 aliud
2824 3434 2891 3488 sit
2923 3435 3060 3487 Dens
3083 3433 3170 3500 qui
3215 3433 3391 3485 lucem
3418 3432 3715 3496 inhabitet,
3746 3440 3797 3485 et

2211 3503 2354 3561 aliud
2383 3505 2467 3557 lux
2495 3520 2651 3571 quam
2680 3503 2937 3558 inhabitet
2960 3521 2972 3555 :
2996 3504 3088 3557 sed
3112 3504 3290 3572 potius
3317 3504 3483 3570 ipsam
3509 3503 3686 3556 lucem
3707 3519 3767 3555 es

2212 3574 2435 3629 sentiam
2470 3575 2561 3629 Dei
2590 3576 2754 3639 sciat,
2786 3574 2837 3627 in
2866 3590 2968 3643 qua
2999 3576 3241 3627 universa
3273 3572 3411 3627 bona
3436 3573 3595 3625 simul
3629 3575 3796 3626 locata

2211 3643 2487 3713 intelligat.
2520 3645 2644 3699 llaec
2668 3654 2750 3698 est
2779 3645 2862 3698 lux
2893 3661 3012 3712 que
3042 3643 3272 3711 Angelos
3293 3651 3347 3697 et
3369 3643 3578 3698 animas
3603 3643 3657 3696 in
3688 3659 3798 3697 cm-

2213 3715 2275 3766 lis
2301 3712 2401 3768 sua
2426 3715 2625 3770 visione
2666 3717 2842 3768 satiat.
2882 3715 3007 3769 Haec
3034 3723 3115 3767 est
3139 3730 3259 3783 qua:
3301 3712 3681 3768 mundicordt-s
3709 3729 3800 3781 per

2211 3787 2710 3854 contemplationem
2740 3787 3016 3839 illuminat.
3050 3786 3174 3839 Iliae
3198 3793 3281 3837 cst
3305 3800 3423 3852 quae
3450 3783 3580 3837 solis
3625 3785 3801 3837 lucer-

2212 3870 2332 3911 nam
2364 3856 2416 3908 in
2447 3858 2643 3911 mundo
2671 3856 3124 3911 eonuuorantibus
3143 3896 3156 3918 ,
3191 3864 3247 3907 ut
3276 3856 3511 3908 candela:
3538 3856 3719 3908 lumen
3748 3856 3799 3907 in

2211 3940 2427 3995 careere
2473 3929 2657 3994 positis
2688 3927 2963 3995 praestitit;
2995 3941 3096 3995 qua
3125 3926 3193 3980 de
3221 3925 3454 3978 tenebris
3483 3924 3553 3976 ad
3586 3926 3758 3978 lucem
3782 3967 3797 3989 ,

2210 3994 2279 4049 de
2301 4009 2468 4050 morte
2488 4000 2554 4052 ad
2576 4000 2755 4059 vitam,
2774 3998 2842 4052 de
2866 3996 3051 4050 exsilio
3070 3996 3134 4049 ad
3166 3997 3387 4064 patriam
3408 4010 3655 4049 remeare
3678 4012 3799 4064 pos-

2211 4068 2335 4120 sint.
2368 4067 2508 4137 Ergo
2537 4070 2585 4122 iii
2614 4069 2858 4124 oratione
2886 4068 3060 4121 taliter
3086 4082 3237 4121 meus
3280 4074 3453 4119 vestra
3488 4067 3657 4120 Deum
3685 4082 3801 4120 tue-

2211 4137 2428 4202 ditetur,
2452 4140 2626 4193 taliter
2650 4140 2871 4197 intentio
2900 4148 3073 4191 vestra
3103 4137 3385 4206 imaginem
3412 4138 3529 4203 ejus
3554 4146 3802 4190 contem-

2211 4209 2404 4275 pletur,
2434 4211 2635 4264 scilicet
2661 4212 2816 4264 talem
2849 4209 3041 4273 luecm,
3072 4224 3190 4275 qua:
3219 4208 3294 4260 sic
3322 4221 3485 4274 super
3517 4206 3713 4270 solem,
3747 4217 3803 4259 ιιι

2208 4278 2290 4331 sol
2317 4292 2476 4346 super
2517 4280 2829 4346 candelam,
2859 4278 3226 4347 resplendeat;
3261 4277 3652 4342 immortalem,
3684 4294 3803 4343 qua:

2211 4347 2290 4402 sic
2318 4364 2476 4417 super
2523 4352 2797 4405 innumera
2828 4349 3148 4417 Angelorum
3193 4358 3247 4401 et
3288 4348 3591 4401 animarum
3635 4348 3802 4402 millia

2211 4433 2322 4486 pra:
2347 4420 2460 4473 sole
2489 4422 2693 4476 centies
2719 4420 2992 4487 Splendida
3011 4459 3024 4483 ,
3057 4428 3114 4473 ut
3157 4419 3238 4472 sol
3263 4433 3439 4487 superi
3463 4418 3641 4471 sidera
3664 4459 3680 4483 ,
3711 4435 3805 4472 re-

2210 4488 2426 4559 fulgent.
2458 4490 2609 4547 Uude
2634 4486 2826 4547 dicitur
2854 4490 3012 4544 Pater
3047 4489 3307 4543 luminum
3334 4490 3383 4540 in
3409 4486 3679 4542 Canonica
3707 4488 3805 4542 Ja-

2209 4563 2326 4630 cobi
2353 4578 2365 4613 :
2395 4559 2555 4616 Omne
2582 4562 2757 4615 datum
2784 4562 3106 4630 optimumiet
3135 4575 3281 4630 omne
3305 4559 3495 4611 donum
3525 4560 3805 4630 perfectwu

2209 4629 2471 4687 desursum
2515 4642 2587 4686 est
2632 4627 2933 4685 descendens
2961 4647 2992 4682 a
3026 4629 3181 4683 Patre
3227 4628 3476 4682 luminum
3509 4630 3527 4659 ι
3577 4627 3808 4697 (Jacobi

2210 4716 2262 4759 ι,
2315 4702 2424 4769 17).
2476 4702 2592 4756 Non
2637 4704 2861 4756 multum
2905 4702 3099 4770 quippe
3126 4715 3156 4752 a
3184 4700 3409 4754 veritate
3450 4699 3670 4753 aberrat
3712 4701 3805 4769 qui

2208 4771 2367 4825 talem
2400 4773 2493 4827 Dei
2542 4773 2823 4844 imaginem
2854 4781 2980 4826 ante
3022 4774 3204 4826 oculos
3248 4770 3426 4825 cordis
3456 4771 3509 4823 iu
3557 4774 3809 4825 oratione

2210 4851 2400 4894 versat.

2279 4911 2503 4970 CAPUT
2542 4912 2633 4967 IX.
2677 4911 2894 4966 Visiouis
2933 4912 3087 4966 beata:
3107 4910 3205 4964 Dei
3241 4909 3498 4965 variorum
3538 4912 3808 4965 nominum

2207 4986 2356 5037 ratio.
2393 4984 2625 5048 Qualiter
2663 4985 2820 5037 sancti
2850 4985 2902 5035 in
2931 4985 3158 5035 oratione
3185 4981 3459 5049 cogitandi.
3497 4981 3625 5034 Iltec
3665 4998 3809 5050 pra--

2208 5068 2333 5107 scus
2358 5055 2489 5108 visio
2516 5055 2607 5108 Dei
2638 5054 2768 5108 facie
2798 5053 2862 5106 ad
2890 5053 3075 5107 faciem
3104 5066 3322 5118 regnum
3348 5052 3611 5106 canorum
3638 5068 3807 5106 voca-

2210 5134 2322 5188 tur;
2346 5126 2467 5195 quia
2495 5135 2643 5180 extra
2672 5124 2772 5178 hoc
2796 5121 3358 5195 corporeunicmlum,
3379 5121 3490 5195 into
3512 5132 3668 5176 extra
3689 5138 3811 5195 om-

2210 5210 2331 5248 nem
2362 5191 2555 5257 locum,
2581 5195 2767 5263 Augeli
2795 5203 2848 5247 et
2867 5191 3017 5262 justi,
3041 5192 3132 5262 qui
3159 5192 3281 5246 (ιωεὶ
3310 5191 3678 5263 nominantur,
3705 5193 3809 5245 hac

2209 5267 2413 5319 visione
2447 5265 2712 5319 fruuntur.
2749 5264 2949 5319 Idcirco
2974 5265 3133 5319 etiam
3161 5263 3402 5330 quamvis
3428 5262 3571 5316 Deus
3602 5265 3654 5315 in
3681 5279 3811 5315 om-

2212 5337 2366 5389 nibus
2388 5337 2645 5391 creaturis
2665 5336 3016 5389 essentialiter
3043 5348 3257 5389 manere
3281 5332 3553 5397 credatur,
3585 5335 3809 5401 preprie

2210 5408 2264 5461 in
2288 5407 2441 5461 cmlis
2460 5448 2474 5467 ,
2504 5407 2554 5460 id
2579 5416 2660 5459 est
2680 5406 2699 5435 ’
2718 5447 2732 5471 ,
2769 5406 2819 5458 ιιι
2843 5404 3001 5474 jnstis
3027 5404 3264 5457 habitare
3290 5402 3650 5474 pra-dicatur;
3681 5405 3807 5471 quia

2212 5478 2313 5546 ipsi
2335 5477 2770 5531 inhabitatiouetn
2796 5472 2912 5543 ejus
2933 5474 3157 5529 fruendo
3180 5472 3442 5546 sentiunt,
3461 5483 3516 5527 et
3541 5488 3667 5528 eum
3688 5488 3804 5546 om:

2212 5540 2368 5603 nibus
2398 5548 2553 5601 rebus
2582 5548 2754 5601 inesse
2780 5540 3069 5614 gaudentes
3097 5544 3465 5613 conspiciunt;
3512 5560 3672 5612 quem
3705 5540 3810 5597 sibi

2210 5620 2429 5675 minime
2454 5618 2644 5683 adesse
2670 5627 3019 5691 cognoscunt,
3038 5617 3126 5686 qui
3149 5627 3360 5671 terrena
3386 5615 3636 5685 diligunt.
3657 5616 3813 5670 Sicut

2275 5775 2290 5804 ι
2320 5778 2434 5842 tuas.
2458 5784 2554 5821 non
2578 5770 2762 5820 habent
2793 5770 2898 5820 haec
2921 5770 3099 5819 verba:
3132 5768 3266 5820 unde
3288 5766 3579 5820 αἰώρα-...η
3608 5782 3640 5819 a
3663 5778 3812 5824 mare

2212 5834 2460 5885 (undamn.

2277 5899 2298 5928 ³
2330 5898 2477 5955 abest
2498 5908 2528 5945 a
2550 5903 2674 5955 Mss,
2698 5893 2748 5946 in
2770 5890 2902 5943 cadis
2918 5927 2934 5955 ,
2959 5892 3011 5944 id
3033 5899 3115 5944 est.
