4070 6522
329 429 470 485 "illi

317 550 465 602 enim
499 546 680 618 videns
707 555 760 618 et
785 559 960 618 caecus
989 543 1041 598 in
1072 539 1645 618 solestantesavidens
1670 537 1912 592 claritate

323 620 452 672 solis
473 616 705 672 videndo
733 616 921 688 fruitur
940 628 1161 688 ,Aczecus
1188 613 1384 666 lumine
1411 609 1532 688 ejus
1558 609 1791 677 privatur
1815 617 1916 688 ;_et

327 689 566 754 quamvis
585 687 862 755 prmsentia
881 685 1010 740 solis
1028 686 1236 752 utrique
1257 697 1406 751 aeque
1424 681 1782 755 adsit,_tanten
1800 681 1914 755 ejus

325 750 660 825 praesentiam
686 772 789 810 non
811 757 1086 826 :equaliter
1105 750 1330 826 uterque
1345 752 1534 815 sentit;
1558 751 1634 826 sic
1659 750 1794 826 Deus
1818 751 1914 826 hos

323 820 527 882 iamum
557 827 851 900 inhabitare
875 820 1096 900 dicitur,
1119 825 1207 894 qui
1235 820 1352 893 ejus
1381 820 1822 900 prmseutiafucie
1847 821 1914 872 ad

324 900 513 954 faciem
541 899 769 954 videndo
793 939 806 970 ,
833 897 1100 970 utAngeli
1120 893 1254 970 ,iaut
1295 909 1390 970 per
1412 893 1913 970 contemplationem

323 970 649 1037 speculando
668 1010 683 1033 ,
717 977 773 1022 ut
788 968 914 1036 justi
942 961 1123 1021 in‘hac
1145 966 1252 1020 vita
1274 961 1598 1037 ,lruuntur;
1630 963 1681 1015 in
1710 961 1914 1037 hisalt-

323 1033 432 1093 tem
457 1057 562 1094 non
589 1055 711 1095 esse
737 1033 1056 1105 dicitur,qui
1080 1038 1195 1106 ejus
1211 1037 1417 1090 visione
1448 1035 1735 1106 privantur.
1762 1033 1914 1106 Unde

321 1121 378 1163 et
422 1127 640 1179 regnum
669 1101 1372 1179 cmlorum—intra'nosesse
1416 1101 1732 1179 praedicatur
1759 1101 1909 1173 (Luc.

325 1197 431 1234 xvu
449 1221 465 1245 ,
488 1177 588 1250 ’21)
612 1222 626 1244 ,
660 1181 783 1250 quia
810 1180 946 1234 visio
973 1179 1064 1234 Dei
1094 1177 1474 1250 omnipotentis
1495 1217 1509 1241 ,
1535 1191 1658 1250 quae
1693 1188 1910 1250 regnum

320 1244 582 1306 cuderum
605 1293 617 1312 .
649 1244 700 1305 id
727 1261 846 1314 est,
870 1251 1136 1319 justorum
1167 1244 1503 1310 nominatur,
1534 1247 1587 1299 in
1619 1244 1832 1319 Angelis
1861 1254 1913 1298 et

319 1321 477 1388 justis
496 1331 707 1377 contem
717 1315 905 1390 piatur.
928 1321 1052 1375 Haec
1069 1320 1230 1374 etiam
1249 1319 1355 1371 vita
1377 1325 1576 1390 aeterna
1593 1315 1907 1390 appellatur,

319 1385 446 1465 quia
478 1393 616 1448 beati
649 1385 929 1460 priesentia
972 1390 1325 1465 lndelicientis
1353 1389 1476 1440 vita:
1512 1388 1670 1465 plene
1697 1385 1911 1465 perfun-

322 1457 556 1528 duntur,
603 1457 662 1516 et
685 1477 950 1532 nunquam
997 1477 1096 1516 nec
1125 1461 1318 1532 morti,
1349 1473 1450 1512 nec
1479 1458 1605 1532 ullis
1636 1457 1912 1532 doloribus

323 1527 582 1587 ministris
603 1534 791 1587 mortis
811 1527 1088 1602 subjacere
1109 1530 1504 1602 permittuntur.
1528 1528 1607 1582 Ad
1636 1527 1734 1580 hoc
1757 1542 1909 1602 nam-

321 1619 430 1670 que
455 1604 615 1658 creati
644 1614 786 1666 sunt,
817 1613 876 1657 ut
902 1599 1226 1657 ietcrnaliter
1249 1601 1449 1667 vivant,
1476 1609 1530 1653 et
1554 1608 1805 1670 aeternam
1835 1599 1914 1670 vi-

323 1669 432 1727 tam
477 1675 800 1730 mternaliter
828 1674 1107 1743 aspiciant.
1142 1673 1264 1726 llaec
1298 1684 1512 1743 quoque
1550 1669 1910 1743 scelestis‘ci-

325 1743 460 1797 vitas
507 1740 1041 1814 nuncupatum—quia
1090 1742 1412 1814 unanimitas
1460 1740 1673 1794 illorum
1716 1740 1910 1792 civium

323 1814 392 1868 ad
433 1812 713 1870 videndum
760 1812 954 1884 Regem
993 1815 1176 1884 gloria:
1216 1814 1269 1866 in
1310 1812 1506 1867 decore
1543 1826 1642 1864 suo
1681 1825 1910 1884 congre-

322 1893 497 1951 gatur.
557 1887 682 1942 Haec
726 1882 1069 1940 nihilominus
1105 1884 1402 1939 Jerusalem
1463 1882 1907 1951 cognominatur,

322 1957 446 2024 quia
487 1957 690 2012 visione
733 1972 946 2026 semper
973 1955 1241 2010 manentis
1273 1953 1420 2026 pacis
1461 1955 1740 2006 satiantur.
1787 1952 1911 2026 llaec

324 2023 600 2093 paradisus
636 2023 932 2093 vocitatur,
973 2027 1097 2096 quia
1141 2025 1446 2096 omnimodo
1492 2026 1729 2076 omnium
1773 2023 1909 2077 deli-

321 2098 525 2151 ciarum
577 2097 897 2152 abundantia
945 2094 1327 2167 jucundantur.
1382 2094 1508 2149 Haec
1555 2109 1785 2167 quoque
1817 2109 1909 2147 su-

323 2183 490 2236 perna
543 2169 710 2238 patria
764 2163 1068 2222 nominatur
1099 2209 1116 2233 ,
1172 2166 1297 2238 quia
1339 2179 1540 2238 omnes
1590 2163 1911 2238 jttsti__hanc

322 2234 615 2304 visionem,
662 2248 845 2308 utputa
876 2238 968 2292 filii
1014 2239 1142 2304 Dei,
1175 2234 1493 2308 liaereditare
1524 2249 1628 2288 non
1658 2234 1908 2308 dubitan-

323 2316 428 2362 tnr.
477 2308 610 2363 Cum
658 2305 785 2378 ergo
832 2316 1046 2364 sanctos
1093 2309 1146 2362 in
1193 2307 1434 2362 oratione
1483 2306 1782 2378 invocatis,
1833 2305 1910 2358 sic

318 2389 533 2444 oportet
574 2379 641 2434 de
669 2376 746 2434 eis
795 2380 1028 2448 cogitare
1055 2379 1358 2433 constitutis
1389 2378 1442 2430 in
1485 2376 1648 2448 gloria
1694 2385 1910 2430 aiternae

317 2450 610 2512 claritatis,
645 2446 1317 2519 scilicet—Splendidissima
1364 2447 1564 2519 lumina
1614 2446 1769 2519 longe
1799 2461 1910 2519 pra:

317 2520 452 2572 solis
481 2518 684 2589 fulgore
730 2517 994 2585 lucentia,
1026 2520 1117 2590 qtti
1165 2519 1344 2590 omnia
1393 2518 1528 2590 bona
1582 2517 1809 2590 pleniter
1856 2517 1908 2570 in

321 2590 416 2643 Dei
461 2588 664 2645 visione
693 2591 953 2659 habeant,
984 2588 1060 2645 θ(
1079 2589 1287 2646 cunctis
1311 2603 1370 2644 se
1411 2588 1784 2642 invocantibus
1810 2603 1908 2657 po-

319 2669 496 2714 tenter
522 2662 857 2716 subveniant.

396 2732 540 2786 Dtsc.
593 2732 686 2786 Sol
733 2742 964 2787 mternus
1009 2732 1079 2786 ad
1125 2745 1283 2801 quem
1330 2727 1622 2783 videndum
1671 2742 1770 2801 nos
1821 2735 1908 2783 tua

315 2799 494 2856 dulcis
538 2804 708 2855 oratio
753 2803 1028 2870 perduxit,
1061 2811 1117 2856 et
1143 2799 1311 2868 ﬁcujus
1337 2815 1525 2854 serena
1572 2800 1740 2870 luxin
1785 2814 1909 2852 cur-

317 2872 476 2926 dibus
518 2875 716 2928 nostris
747 2869 840 2942 per
871 2884 956 2927 tua
987 2874 1148 2927 verba
1192 2872 1396 2934 illuxit,
1430 2871 1546 2938 ipse
1573 2880 1622 2924 te
1646 2869 1714 2923 de
1756 2880 1908 2942 tene-

320 2942 432 3013 bris
461 2941 764 3013 exemptum
809 2945 860 2997 in
893 2944 1024 2998 lucis
1067 2944 1282 3012 regione
1322 2943 1642 3013 constituat;
1674 2950 1728 2994 et
1773 2941 1910 3013 inter

318 3011 470 3067 luces
495 3011 629 3082 quas
673 3015 930 3082 praedicas
951 3055 965 3080 ,
999 3023 1054 3068 te
1097 3011 1360 3068 lucentem
1393 3012 1408 3042 ⁸
1442 3012 1559 3066 luce
1586 3026 1698 3065 sua:
1744 3011 1910 3065 visio-

317 3083 404 3135 nis
437 3086 740 3150 perenniter
770 3084 870 3138 frui
903 3085 1117 3138 tribuat.

391 3153 528 3226 MAG.
579 3156 803 3226 Siquid
852 3171 962 3226 per
987 3170 1073 3209 me
1115 3153 1391 3226 probabile
1438 3151 1739 3222 profertur,
1786 3153 1909 3226 nolo

317 3225 545 3293 utinde
590 3225 753 3290 mihi,
801 3225 895 3280 sed
945 3225 1084 3289 Deo,
1133 3226 1286 3293 cujus
1331 3225 1529 3278 donum
1575 3230 1690 3287 est,
1741 3225 1908 3292 gratia

317 3292 615 3360 referatur;
661 3297 750 3365 qui
781 3311 924 3366 saepe
962 3311 1059 3366 per
1082 3292 1320 3365 ahjectos
1360 3309 1547 3349 servos
1583 3293 1649 3347 ad
1679 3294 1909 3366 haeredi-

318 3373 481 3418 tatem
525 3381 636 3419 sua:
665 3365 885 3420 visionis
917 3365 1052 3420 filios
1079 3381 1205 3420 suos
1247 3376 1539 3429 convocat,
1582 3374 1638 3418 et
1667 3380 1762 3432 per
1807 3365 1908 3419 ho-

314 3444 431 3487 stes
474 3435 540 3489 de
588 3436 782 3491 exsilio
812 3437 876 3490 ad
925 3437 1147 3504 patriam
1193 3437 1294 3490 iter
1321 3437 1509 3489 salutis
1538 3435 1722 3488 amicis
1767 3450 1907 3504 prte-

316 3513 500 3588 uotat._
537 3507 602 3560 Et
628 3509 765 3588 bene
805 3507 974 3562 nostis
1015 3507 1302 3588 aliquando
1330 3506 1642 3588 deformem
1671 3505 1909 3587 formoso

314 3575 597 3643 speculum
619 3617 634 3640 ,
666 3578 775 3632 imo
823 3593 1023 3631 ciccum
1071 3575 1374 3630 videntibus
1419 3577 1598 3630 lumen
1631 3577 1865 3630 tenuisse
1887 3615 1904 3642 ,

315 3659 384 3699 ac
402 3645 663 3718 claudum
673 3648 819 3718 sanis
838 3664 1022 3718 gressu
1045 3649 1183 3718 viam
1205 3646 1521 3718 ostendisse.

390 3715 615 3772 CAPUT
646 3717 714 3771 X.
757 3715 907 3782 Quod
950 3720 1004 3772 in
1041 3717 1149 3772 Deo
1187 3717 1468 3770 necessaria
1496 3725 1543 3769 et
1582 3731 1910 3784 personarum

316 3785 520 3840 trinitas
550 3798 596 3840 et
623 3789 850 3842 essentt'w
878 3789 1064 3842 unitas.
1116 3789 1259 3842 Disc.
1292 3787 1398 3840 Nos
1439 3801 1650 3855 quoque
1690 3796 1910 3856 propter

315 3872 382 3910 ea
409 3871 527 3925 qure
550 3858 869 3924 audivimus,
899 3859 1116 3927 perenni
1146 3859 1255 3912 Deo
1280 3868 1456 3927 grates
1487 3859 1786 3924 referimus,
1810 3873 1906 3910 cu—

312 3929 406 3995 jus
433 3928 566 3982 visio
593 3944 688 3998 per
717 3939 767 3983 te
812 3931 965 3984 nobis
989 3929 1252 3993 innotuit,
1284 3939 1337 3982 et
1363 3928 1452 3996 qui
1498 3928 1657 3998 talem
1690 3927 1905 3982 thesau-

318 4013 440 4051 rum
478 3997 780 4068 carnalibus
822 4000 1190 4054 absconditum
1237 4014 1330 4068 per
1375 4007 1426 4053 te
1471 3997 1625 4052 nobis
1667 4000 1905 4066 protulit.

316 4067 427 4123 Sed
460 4067 537 4140 (ιι)
568 4073 690 4138 quia
736 4070 941 4139 pondus
979 4071 1158 4125 carnis
1199 4067 1436 4140 animam
1471 4078 1752 4138 aggravat,
1784 4085 1909 4123 ecce

317 4140 514 4194 iterum
533 4141 772 4212 carnalis
799 4142 1049 4212 cogitatio
1078 4150 1309 4194 mentem
1337 4139 1513 4212 divina
1543 4140 1910 4212 contemplan-

315 4219 430 4264 tem
460 4210 654 4278 pulsat.
681 4213 813 4265 Cum
841 4210 982 4266 enim
1010 4212 1252 4280 superius
1274 4211 1411 4263 ratio
1439 4226 1601 4264 unum
1630 4210 1792 4264 Deum
1822 4227 1911 4263 ve-

315 4280 543 4352 rissime
559 4297 679 4352 esse
715 4282 1193 4352 demonstraverit,
1223 4289 1281 4335 et
1307 4281 1477 4352 ipsum
1517 4280 1690 4352 solum
1719 4291 1910 4352 cuncta

315 4366 388 4422 ex
419 4351 585 4404 nihilo
613 4350 804 4407 fecisse
829 4351 1158 4421 probaverit;
1182 4350 1450 4422 quoniodo
1476 4351 1623 4420 quasi
1653 4358 1761 4406 tres
1780 4351 1910 4407 deos

315 4421 550 4491 adorare
575 4422 850 4488 docemur,
882 4423 1008 4476 dum
1037 4421 1249 4477 Patrem
1279 4423 1569 4491 perfectum
1599 4422 1790 4491 Deum,
1820 4423 1910 4476 Fi-

315 4490 451 4546 lium
496 4494 785 4560 perfectum
816 4494 982 4548 Deum
1004 4535 1019 4560 ,
1050 4490 1306 4562 Spiritum
1348 4500 1590 4548 sanctum
1620 4490 1910 4561 perfectum

321 4562 496 4617 Deum
514 4564 757 4618 confiteri
779 4564 1092 4619 monemur?
1117 4565 1248 4617 Dum
1267 4565 1408 4618 enim
1430 4565 1509 4618 sic
1523 4563 1788 4617 distincta:
1806 4572 1913 4618 tres

321 4647 580 4705 persona,
625 4634 1040 4705 distinguuntur,
1057 4634 1183 4705 quid
1199 4634 1343 4688 aliud
1363 4649 1522 4705 quam
1546 4642 1654 4689 tres
1673 4633 1746 4689 dii
1765 4649 1796 4688 a
1817 4650 1914 4689 no-

318 4703 408 4756 bis
431 4703 840 4773 intelliguntur?

394 4772 533 4855 blxc.
565 4772 682 4855 Ipsa
711 4776 935 4855 veritate
960 4790 1024 4855 se
1050 4775 1530 4855 demonstranteet
1556 4775 1762 4830 ratione
1789 4790 1915 4855 pro-

319 4842 516 4907 bante,
550 4842 710 4899 citius
758 4847 1007 4902 videbitis
1047 4848 1406 4902 necessariam
1452 4846 1504 4899 in
1550 4861 1654 4900 una
1683 4842 1912 4902 essentia

322 4929 673 4986 personarum
715 4917 1001 4972 trinitatem
1023 4959 1039 4984 ,
1071 4925 1126 4971 et
1169 4918 1293 4971 item
1324 4932 1418 4986 per
1458 4917 1636 4969 omnia
1668 4931 1916 4971 necessa-

322 4984 457 5038 riam
493 4986 556 5056 _in
590 4986 756 5039 tribus
797 4988 1042 5056 personis
1071 4984 1357 5042 individua:
1386 4987 1699 5042 substantia:
1742 4989 1914 5040 unita-

321 5067 454 5108 tem.
479 5054 612 5109 Cum
637 5057 746 5125 jam
772 5054 1020 5126 superius
1044 5058 1110 5112 de
1136 5058 1246 5112 Deo
1273 5059 1519 5127 loquerer
1541 5057 1873 5125 aanigmatice
1897 5100 1911 5117 .

319 5127 446 5192 quia
461 5143 596 5233 vnon
626 5138 866 5196 poteram
913 5129 1158 5199 proprie,
1187 5128 1314 5199 quid
1355 5129 1467 5184 dixi
1493 5127 1780 5183 essentiam
1821 5129 1915 5184 Dei

319 5210 442 5233 ηαςιι

317 5210 442 5250 esse
463 5210 480 5248 Ξ

397 5266 544 5322 Dtsc.
578 5266 794 5322 Lucem.

399 5337 536 5411 alio.
566 5338 790 5411 Degluce
817 5337 941 5408 quid
968 5337 1199 5410 gignitur
1224 5340 1248 5393 τ

402 5407 542 5463 lltsc.
574 5409 857 5476 Splendor.

397 5477 536 5582 ἔξω.
583 5478 722 5545 Quid
767 5480 820 5534 in
863 5478 981 5536 luce
1024 5489 1078 5536 et
1107 5478 1392 5550 splendore
1425 5479 1582 5535 simul
1613 5479 1916 5535 considera-

326 5558 412 5602 tur
439 5558 460 5600 '!
593 5596 595 5600 .

403 5619 544 5674 Disc.
578 5617 755 5674 Calor.

397 5840 410 5868 ¹
449 5843 528 5883 διδ.
556 5849 696 5892 unus,
725 5835 880 5886 lucem
902 5842 1075 5887 cutem.

396 5898 470 5962 (α)
507 5900 574 5948 AD
596 5899 670 5950 bis
693 5901 859 5963 incipit
882 5900 1042 5950 versio
1062 5911 1239 5963 graeca.

1327 421 1531 478 LIBER
1573 421 1658 476 DE
1697 419 2114 475 COGNITIONE
2161 423 2370 480 VERE
2411 425 2615 482 VITxE.

3477 438 3610 497 tot}.

2096 535 2230 618 huc.
2261 538 2584 618 (a)_Nmn__in
2615 545 2910 618 substantia
2942 545 3073 600 lucis
3093 586 3108 612 ,
3145 547 3444 616 Splendoris
3466 588 3483 613 ,
3512 563 3608 604 ca-

2023 606 2154 660 loris
2185 606 2447 663 invenitur
2476 610 2755 666 diversitas
2779 615 2803 667 ἲ

2099 679 2238 732 lbsc.
2273 680 2407 743 Non,
2434 682 2523 732 sed
2558 683 2824 736 identatis.

2024 818 2073 872 ,ἀ
2095 749 2233 872 Μῗμῗ.
2287 751 2422 858 gluttu
2491 753 2539 804 in
2591 756 2859 809 vocabulis
2914 756 2998 810 vel
3047 756 3236 812 ofliciis
3291 747 3607 825 pra-dicatur

2024 835 2035 871 I
2078 835 2142 872 en
2173 836 2305 872 tas.

2023 829 2270 873 Identitas
2291 829 2305 872 '1

2095 891 2235 944 DISC-
2267 891 2514 953 Minime,
2557 892 2648 946 sed
2686 893 3007 960 diversitas;
3058 912 3180 952 nam
3219 899 3348 952 lucis
3376 901 3604 953 voeabu-

2022 960 2330 1034 lumipsam
2366 965 2752 1030 substantiam,
2785 967 3082 1034 splendoris
3123 970 3436 1022 vocabulum
3472 971 3604 1024 lucis

2021 1032 2282 1109 gratiam:
2321 1034 2669 1109 caloris.vero
2712 1032 3026 1092 vocabulum
3067 1039 3274 1093 videtur
3302 1040 3604 1109 exprimere

2020 1102 2155 1156 lucis
2184 1104 2494 1159 efficaciam.

2021 1210 2024 1214 .
2091 1173 2228 1229 MAG.
2266 1175 2424 1244 Igitur
2452 1183 2596 1244 patet
2622 1177 2717 1230 tria
2751 1177 3006 1233 vocabula
3046 1178 3254 1233 diversa
3285 1196 3443 1235 unam
3471 1196 3603 1237 cou-

2019 1254 2161 1298 stare
2200 1245 2521 1299 individuam
2550 1249 2858 1302 csScntiam.

2093 1315 2234 1368 Disc.
2266 1317 2366 1370 Per
2390 1318 2566 1370 omnia
2600 1327 2760 1384 patet.

2091 1385 2226 1462 illac.
2269 1387 2832 1462 Summumspiritum
2872 1389 3083 1462 Patrem
3128 1391 3299 1445 lucem
3352 1393 3603 1462 appellari

2021 1456 2226 1510 habetis
2268 1458 2317 1510 in
2363 1459 2619 1527 Apustolo
2649 1477 2660 1510 :
2695 1459 2831 1514 Deus
2860 1461 2951 1514 lux
2989 1471 3060 1514 est
3087 1501 3103 1526 ,
3146 1471 3193 1516 et
3222 1464 3273 1514 in
3313 1479 3369 1516 eo
3389 1456 3608 1518 tenebrat

2019 1543 2117 1580 non
2143 1539 2259 1602 sunt
2287 1530 2407 1582 ulla:
2435 1529 2487 1602 (_l
2515 1529 2671 1602 Joan.
2703 1546 2748 1595 ι,
2772 1530 2862 1592 5).
2894 1533 3172 1585 Summum
3207 1547 3418 1602 quoque
3445 1536 3604 1601 spiri-

2021 1607 2142 1670 ttun
2165 1597 2354 1653 Filium
2398 1597 2736 1668 splendorem
2783 1603 3076 1670 mmenpari
3113 1597 3369 1669 Apostolo
3396 1597 3603 1658 habetis

2021 1668 2072 1743 in
2099 1669 2204 1722 alio
2237 1687 2249 1722 :
2283 1671 2480 1743 Quiest
2507 1671 2745 1743 splendor
2775 1668 3068 1727 substmitiw
3090 1668 3201 1743 ejus
3229 1672 3410 1743 (Hebr.
3436 1691 3452 1728 ι
3477 1717 3491 1739 ,
3521 1676 3602 1743 5)ι

2018 1737 2294 1794 Smnmum
2343 1740 2696 1795 nihilominus
2781 1743 3036 1810 Spiritum
3081 1737 3325 1798 sanctum
3369 1737 3602 1799 calorem

2019 1810 2280 1886 nominari
2312 1810 2556 1886 habetis“
2585 1813 2721 1886 apud
2768 1813 3042 1886 Moysen:
3105 1813 3242 1868 Deus
3276 1827 3443 1868 noster
3474 1816 3609 1886 ignis

2017 1891 2089 1954 est
2129 1880 2320 1950 (Deut.
2363 1899 2434 1946 tv,
2465 1880 2586 1952 24).
2616 1884 2751 1954 llum
2793 1880 2969 1950 itaque
2998 1885 3119 1949 lux,
3154 1886 3428 1954 splendor,
3459 1880 3606 1941 calor

2017 1952 2086 2004 sit
2113 1967 2213 2005 una
2244 1962 2428 2007 natura
2457 1963 2512 2007 et
2541 1953 2807 2006 individua
2831 1956 3149 2014 substantia.
3183 1952 3444 2011 vocabulo
3474 1973 3605 2011 vero

2017 2022 2226 2076 diversa
2260 2040 2274 2087 ;
2305 2032 2514 2078 constat
2557 2024 2796 2092 profecto
2841 2026 3012 2079 Patris
3053 2034 3107 2080 et
3139 2026 3255 2081 Filii
3287 2037 3341 2080 et
3375 2027 3607 2094 Spiritus

2017 2094 2186 2148 sancti
2227 2109 2384 2148 unam
2412 2105 2653 2148 naturam
2685 2096 3114 2164 individuamque
3137 2098 3446 2160 essentiam,
3477 2097 3602 2153 duiu

2018 2163 2070 2217 in
2100 2178 2165 2237 eo
2191 2165 2331 2233 quod
2357 2165 2618 2237 significat
2650 2165 2778 2235 quid
2816 2167 2921 2234 sit,
2948 2163 3366 2221 substantialiter
3389 2169 3605 2237 spiritus

2017 2234 2362 2297 nominatur;
2393 2245 2445 2289 et
2483 2236 2607 2289 item
2640 2234 2690 2290 in
2737 2238 2978 2305 personis
3017 2238 3376 2292 diversitatem
3416 2234 3602 2294 neces-

2017 2306 2210 2358 sariam
2243 2347 2259 2369 ,
2291 2306 2416 2360 dum
2457 2306 2615 2360 Pater
2640 2308 2862 2376 gignens
2891 2349 2907 2373 ,
2948 2307 3114 2362 Filius
3138 2323 3394 2373 nascens,
3432 2308 3603 2379 Spiri-

2019 2383 2336 2448 tussanctus
2363 2381 2430 2430 ab
2453 2385 2675 2448 utroque
2704 2379 2996 2446 procedens
3025 2379 3365 2448 prirdicatur.

2089 2446 2231 2501 DISC.
2268 2447 2431 2500 Plane
2453 2447 2741 2518 trinitatem
2771 2449 2820 2500 in
2849 2446 3092 2518 personis
3133 2449 3412 2518 perapicue
3449 2449 3603 2505 vide-

2016 2531 2155 2582 mus,
2184 2526 2238 2571 et
2263 2517 2619 2573 necessariam
2645 2518 2696 2572 in
2723 2517 3018 2574 substantia
3042 2517 3298 2574 unitatem
3326 2519 3604 2576 evidenter

2017 2595 2276 2642 tenemus.

2085 2658 2312 2714 CAPUT
2349 2657 2442 2713 XI.
2483 2657 2587 2731 Cur
2612 2661 2903 2715 substantia!
2938 2670 2985 2715 et
3013 2676 3240 2731 persona:
3267 2661 3473 2714 nomina
3496 2660 3604 2716 Deo

2015 2738 2189 2800 aptata
2241 2733 2487 2800 ferantur.
2547 2728 2704 2783 Pater
2773 2748 2863 2784 cur
2915 2733 2989 2786 sic
3013 2728 3198 2785 ‘dictus
3262 2748 3363 2785 non
3419 2741 3602 2785 mater.

2015 2798 2120 2854 Cur
2159 2798 2386 2870 gignens.
2427 2800 2564 2856 MAG.
2611 2801 2735 2856 Ideo
2770 2802 3175 2871 vigilantissime
3205 2802 3318 2856 haec
3361 2802 3467 2855 duo
3499 2837 3506 2853 ;
3535 2820 3601 2852 o-

2017 2871 2181 2935 tniua,
2213 2871 2415 2926 scilicet
2441 2871 2736 2926 substantia
2766 2882 2822 2928 et
2848 2887 3095 2941 persona,
3127 2872 3321 2926 divinae
3351 2874 3600 2926 essentia:

2015 2950 2364 3009 coaptantur,
2397 2941 2519 3011 quia
2550 2957 2764 3012 semper
2802 2943 3097 2998 substantia
3124 2943 3190 2998 de
3229 2943 3512 2996 individuis
3551 2944 3602 2996 in

2019 3012 2317 3082 pluralitate
2341 3014 2787 3076 consistentibus,
2827 3028 3054 3082 persona
3081 3020 3260 3068 autem
3301 3013 3368 3067 de
3413 3013 3602 3066 indivi-

2016 3081 2120 3137 dua
2151 3083 2392 3154 rationali
2445 3092 2631 3154 natura
2671 3081 2988 3154 praedicatur
3015 3099 3030 3148 ;
3058 3099 3178 3138 cum
3212 3099 3308 3138 nos
3337 3083 3603 3138 Soleamus

2017 3153 2261 3221 personis
2308 3153 2659 3225 pluralitatem
2686 3195 2701 3220 ,
2745 3156 3056 3210 substantiae
3103 3161 3280 3210 autem
3322 3154 3605 3225 designare

2015 3225 2266 3278 essentia:
2295 3224 2568 3278 unitatem.
3077 3277 3080 3280 .

2092 3295 2233 3350 Dtsc.
2275 3297 2388 3361 Qua
2419 3295 2762 3349 similitudine
2794 3305 3015 3351 vocatur
3038 3306 3238 3350 :eterna
3272 3296 3360 3350 lux
3390 3296 3546 3351 Pater
3581 3296 3604 3347 ?

2087 3364 2228 3437 illac.
2268 3365 2402 3437 Quia
2427 3381 2494 3421 ex
2523 3381 2583 3421 se
2613 3368 2816 3435 prolem
2841 3369 2857 3399 ¹
2886 3369 3146 3436 aequalem
3177 3368 3275 3421 sibi
3301 3368 3504 3437 genuit.

2088 3435 2236 3508 Disc.
2273 3435 2462 3508 Nonne
2503 3437 2605 3492 sibi
2643 3438 2813 3508 magis
2847 3435 3034 3494 matris
3071 3453 3267 3493 nomen
3310 3435 3604 3493 convenire

2014 3505 2288 3561 videretur
2306 3507 2328 3561 ἲ

2086 3576 2227 3650 Msa.
2284 3575 2363 3650 (li)
2405 3577 2460 3631 In
2508 3586 2918 3650 patrersemper
2963 3579 3409 3650 estiprincipalis
3445 3593 3604 3633 causa

2016 3648 2200 3717 prolis,
2234 3648 2435 3703 et'ideo
2459 3662 2488 3701 a
2521 3649 2795 3718 principali
2825 3648 2968 3704 'sexu
2996 3649 3180 3705 debuit
3215 3649 3335 3718 jure
3366 3650 3468 3705 hoc
3509 3664 3605 3703 no-

2015 3718 2159 3772 mine
2183 3719 2458 3788 appellari.

2089 3788 2232 3859 Dtsc.
2264 3789 2376 3855 Qua
2407 3788 2752 3843 similitudine
2775 3789 2971 3843 dicitur
2996 3791 3223 3859 gignens
3241 3789 3267 3843 ἲ

2087 3858 2228 3914 MAG.
2257 3859 2474 3914 Certum
2504 3870 2586 3913 est
2627 3859 2771 3928 quod
2797 3876 2951 3915 mens
2987 3858 3153 3930 gignit
3177 3860 3554 3928 cogitationem
3586 3877 3601 3922 ;
3659 3871 3671 3881 '

2015 3937 2344 4000 cumrautem
2371 3945 2522 3984 mens
2558 3944 2618 3983 se
2654 3931 2820 3998 ipsam
2868 3932 3096 3998 cogitat,
3126 3931 3278 4000 quasi
3306 3931 3465 3984 aliam
3502 3931 3604 3984 sibi

2016 3999 2246 4054 similem
2283 4009 2524 4069 generat.
2553 3999 2642 4054 Sic
2668 4015 2909 4056 summus
2938 4002 3076 4055 Deus
3095 3999 3216 4056 enm
3243 4017 3303 4056 se
3329 4001 3504 4068 ipsum
3528 4010 3604 4054 ta-

2018 4073 2122 4126 lem
2149 4072 2322 4140 qualis
2347 4080 2429 4126 est
2452 4112 2468 4135 ,
2496 4071 2748 4140 cogitavit
2772 4113 2786 4136 ,
2816 4072 2997 4140 procul
3036 4071 3199 4126 dubio
3242 4072 3467 4125 similem
3505 4071 3548 4125 si
3575 4074 3602 4122 ti

2019 4158 2114 4211 per
2139 4142 2316 4195 omnia
2347 4142 2627 4211 imaginem
2657 4143 2951 4212 generavit.
2982 4143 3047 4196 Et
3071 4143 3208 4198 sicut
3235 4144 3458 4212 gignens
3483 4141 3605 4211 jure

2020 4213 2180 4267 Pater
2213 4220 2468 4278 vocatur,
2518 4213 2588 4267 ita
2628 4211 2925 4269 rectissime
2966 4215 3178 4284 genitus
3223 4211 3391 4268 Filius
3433 4227 3602 4267 nonn-

2018 4293 2193 4337 natur.

2090 4352 2317 4426 CAPUT
2367 4353 2499 4426 Χιιέ
2536 4354 2689 4426 Quod
2737 4371 2993 4426 nunquam
3033 4356 3144 4410 sine
3170 4425 3175 4426 γ
3201 4352 3338 4407 Filio
3367 4353 3601 4426 institit.

2022 4425 2168 4481 Dtsc.
2195 4425 2248 4478 Si
2281 4425 2416 4479 Deus
2445 4425 2638 4479 Filium
2663 4425 2865 4494 genuit,
2896 4425 3110 4480 videtur
3133 4425 3417 4494 aliquando
3444 4425 3606 4479 fuisse

2060 4495 2161 4549 uod
2199 4495 2390 4548 Filium
2422 4512 2526 4549 non
2569 4496 2858 4561 habuerit,
2890 4504 2946 4551 et
2982 4497 3084 4551 hoc
3126 4512 3320 4551 nouten
3350 4510 3417 4551 ex
3459 4496 3601 4550 acci-

2059 4566 2167 4622 enti
2191 4567 2509 4691 possederit.
2537 4567 2689 4632 Quod
2707 4567 2751 4620 si
2783 4566 2885 4621 hoc
2905 4568 2974 4621 ita
3005 4575 3090 4623 est
3113 4609 3128 4631 ,
3156 4569 3399 4636 superior
3424 4565 3602 4635 prola-

2062 4654 2096 4691 ο
2139 4637 2186 4690 la
2229 4635 2487 4691 efactatur
2509 4677 2525 4691 .
2551 4653 2652 4691 uua
2686 4639 2794 4691 Deo
2832 4638 2963 4691 nihil
2991 4637 3354 4691 accidentale.
3397 4639 3493 4691 sed
3525 4647 3602 4690 to-

2019 4638 2096 4693 tio
2139 4635 2487 4691 labefactatur
2509 4677 2525 4702 ,
2551 4653 2652 4706 qua
2686 4639 2794 4691 Deo
2832 4638 2963 4693 nihil
2991 4635 3354 4702 occidentale,
3397 4639 3493 4691 sed
3525 4647 3605 4690 to-

2022 4718 2132 4763 tum
2162 4708 2444 4762 essentiale
2466 4708 2870 4777 prtedieabatur.

2091 4778 2228 4833 Msa.
2257 4777 2375 4832 .larn
2404 4779 2582 4832 docuit
2624 4779 2760 4832 ratio
2785 4820 2800 4843 ,
2841 4778 2934 4833 Dei
2975 4777 3262 4834 essentiam
3293 4791 3412 4831 esse
3448 4785 3600 4830 aiter-

2023 4865 2145 4903 nam
2173 4848 2332 4902 vitam
2354 4889 2369 4913 ,
2403 4849 2536 4903 initii
2577 4859 2630 4902 et
2659 4848 2778 4902 linis
2817 4849 3073 4904 nesciam.
3101 4847 3251 4915 Quod
3275 4847 3320 4901 si
3347 4849 3461 4901 haec
3494 4847 3604 4901 sin-

2020 4920 2222 4989 gularis
2255 4935 2376 4972 vera
2408 4919 2513 4973 vita
2543 4920 2744 4988 absque
2773 4918 2926 4972 initio
2973 4933 3189 4987 semper
3229 4916 3364 4989 fuit,
3396 4925 3605 4989 constat

2022 4987 2163 5060 Quod
2202 4999 2256 5044 et
2298 4989 2498 5059 absque
2541 4987 2691 5043 initio
2735 5003 2969 5060 semper,
2998 5004 3057 5042 se
3095 4989 3274 5060 vivere
3324 4987 3602 5060 intellexit.

2022 5057 2176 5127 Quod
2213 5060 2256 5113 si
2285 5074 2343 5114 se
2368 5057 2545 5114 vivere
2590 5074 2694 5114 non
2736 5059 3002 5114 intellexit
3025 5099 3041 5123 ,
3084 5059 3298 5127 sapiens
3327 5073 3432 5113 non
3460 5057 3559 5112 fuit
3588 5073 3602 5111 :

2024 5131 2165 5200 quod
2196 5129 2346 5184 nefas
2373 5139 2458 5184 est
2483 5130 2552 5184 de
2583 5130 2694 5184 Deo
2721 5129 2920 5184 dicere.
2953 5128 3105 5195 Quod
3135 5131 3180 5182 si
3209 5127 3496 5198 aliquando
3520 5143 3600 5200 sai

2027 5198 2276 5271 pientiam
2304 5200 2516 5254 aliunde
2544 5200 2748 5269 accepit
2774 5243 2789 5265 ,
2818 5201 2938 5267 quia
2967 5201 3114 5268 prius
3153 5200 3360 5264 caruit,
3397 5211 3527 5271 tunc,
3555 5198 3604 5251 id

2025 5270 2054 5325 a
2094 5279 2444 5340 quotantum
2476 5272 2672 5324 bonum
2715 5274 2946 5338 accepit,
2983 5271 3092 5326 Deo
3137 5271 3326 5326 melius
3354 5270 3557 5324 exstitit
3587 5287 3602 5329 ;

2024 5339 2165 5411 quad
2186 5339 2625 5394 absurdissimum
2648 5350 2750 5395 est.
2783 5341 2889 5396 Sed
2911 5341 2956 5394 si
2979 5341 3302 5409 sempiterna
3325 5341 3430 5396 vita
3463 5356 3608 5395 sem-

2025 5427 2120 5482 per
2159 5426 2218 5464 se
2246 5411 2428 5465 vivere
2457 5411 2759 5482 intellexit,
2793 5411 2906 5464 haec
2946 5411 3308 5482 intelligentia:
3349 5411 3606 5480 sapientia

2025 5481 2132 5535 non
2179 5482 2394 5535 aliunde
2432 5482 2481 5536 ei
2529 5481 2762 5553 accidit,
2802 5483 2897 5537 sed
2927 5481 3138 5553 semper
3166 5483 3214 5537 ei
3245 5482 3608 5537 coessentialis

2025 5554 2122 5607 fuit
2145 5593 2162 5619 ,
2209 5567 2511 5622 quanquam
2555 5551 2690 5608 hanc
2719 5569 2786 5609 ex
2814 5568 2874 5608 se
2894 5595 2913 5620 ,_
2943 5564 2999 5608 ut
3028 5551 3228 5624 prolem
3258 5568 3434 5620 suam,
3471 5553 3605 5608 inef-

3319 5746 3335 5758 τε
3347 5746 3364 5762 ,ι
3374 5739 3423 5761 ιι¹⁴

2090 5774 2111 5843 t
2143 5772 2291 5843 9τὲοὲ
2316 5769 2507 5843 Iesus!»
2529 5769 2851 5843 εριεηάρῑετίι·

2115 5849 2142 5881 (ι
2204 5833 2304 5883 Vid.
2331 5833 2666 5890 Elucidarium,
2693 5833 2777 5884 lib.
2809 5835 2851 5890 l,
2876 5847 2980 5894 cap.
3015 5835 3056 5883 τ.

2091 5834 2166 5958 ibi
2202 5900 2268 5945 Ex
2293 5894 2502 5946 Miselmi
2522 5895 2755 5958 Monolog.
2781 5907 2886 5958 cap.
2912 5895 2991 5946 42.

2118 5894 2166 5957 b)
2202 5900 2268 5945 Ex
2293 5894 2502 5946 Miselmi
2522 5895 2755 5961 Monolog.
2781 5907 2886 5959 cap.
2912 5895 2991 5946 42.
