4070 6516
495 426 633 480 “"5

493 539 722 593 fabiliter
759 537 1019 608 genuerit.
1056 534 1219 608 Igitur
1255 526 1415 590 Pater
1458 546 1728 603 nunquam
1773 543 1887 587 sme
1937 526 2077 584 Filio

491 610 710 663 exstitit.

562 679 788 735 CAPUT
816 678 953 733 XIII.
986 677 1088 732 Cur
1112 677 1193 730 hic
1223 675 1406 735 Filius,
1454 692 1554 729 non
1580 673 1709 740 ﬁlia.
1769 673 1911 727 Disc.
1962 670 2077 739 Qua

490 750 837 805 similitudine
862 749 1117 819 splendor
1151 756 1366 802 asternae
1397 746 1528 801 lucis
1556 745 1720 800 Filius
1750 754 1992 811 vocatur,
2020 750 2077 797 et

492 834 593 873 non
624 819 726 874 filia
754 820 779 874 ?

561 890 697 945 MAG.
742 889 871 959 Quia
904 905 999 959 per
1040 890 1217 943 omnia
1256 884 1550 959 similitudo
1590 886 1765 959 Patris
1794 885 1848 959 in_
1890 899 2076 959 eaex:

490 955 938 1027 primiturfunde
984 968 1039 1016 et
1086 958 1377 1014 similitudo
1430 956 1546 1027 eius
1582 957 1795 1011 dicitur.
1830 956 1907 1027 (a)
1936 955 2075 1012 Nihil

487 1031 629 1084 enim
679 1031 730 1084 in
780 1033 941 1087 rebus
967 1032 1161 1085 creatis
1202 1030 1267 1084 ad
1303 1030 1563 1099 integrum
1610 1028 1727 1097 ejus
1770 1027 2075 1080 similitudi-

489 1116 609 1155 nem
642 1110 822 1158 servat
862 1117 893 1155 a
923 1116 1028 1169 quo
1060 1102 1313 1155 nascitur.
1346 1098 1532 1167 Capilli
1562 1114 1789 1169 namque
1830 1112 1861 1150 a
1903 1099 2076 1166 capite

489 1171 598 1225 nati
642 1182 768 1227 sunt
806 1172 963 1242 capiti
992 1172 1277 1226 dissimiles
1307 1212 1322 1236 ,
1356 1170 1618 1242 pomaah
1644 1169 1925 1242 arboribus
1943 1178 2073 1242 _nata

486 1253 612 1296 sunt
659 1243 760 1296 illis
807 1238 1123 1307 dissimilia,
1172 1242 1289 1295 lana
1335 1238 1608 1296 dissimilis
1655 1239 1889 1303 ovibus;
1936 1238 2075 1294 fetns

485 1314 826 1384 animalium,
855 1313 939 1368 vel
982 1313 1081 1384 ipsi
1130 1312 1222 1366 lilii
1254 1313 1525 1384 hominum
1548 1351 1563 1373 ,
1597 1325 1700 1363 non
1752 1325 1845 1378 per
1893 1310 2072 1384 omnia

488 1383 693 1437 similes
722 1384 961 1453 qualitati
988 1380 1311 1453 genitorum.
1342 1381 1441 1453 Hic
1464 1390 1639 1453 autem
1669 1396 1763 1449 per
1788 1380 1974 1453 omnia
1987 1383 2074 1453 gi-

486 1455 678 1576 gini-mli
707 1451 790 1508 est
818 1451 1121 1509 simillimus
1150 1469 1166 1520 ;
1208 1461 1264 1508 et
1300 1452 1423 1507 ideo
1452 1452 1729 1506 verissime
1778 1466 1885 1505 non
1926 1451 2031 1505 filia
2053 1490 2070 1517 ,

487 1541 560 1576 80!
631 1543 641 1576 Ι
669 1541 767 1576 ηις.

487 1526 581 1577 sed
612 1526 767 1578 filius.

559 1594 784 1651 CAPUT
830 1594 969 1650 XIV.
1008 1594 1178 1662 Quare
1226 1592 1465 1647 Verbum.
1499 1591 1648 1646 Verbi
1672 1600 1892 1662 etymon.
1923 1591 2069 1647 DISC.

483 1665 598 1733 Qua
624 1675 799 1719 autem
829 1666 1131 1719 habitudine
1159 1664 1325 1719 Filius
1355 1663 1585 1718 Verbum
1616 1674 1836 1715 vocatur
1869 1662 1893 1715 ἲ

557 1735 695 1791 MAG.
726 1737 805 1804 (ὁ)
836 1736 1137 1805 ’l‘ripliciter
1160 1735 1381 1789 verbum
1408 1733 1742 1805 intelligitur.
1773 1732 1933 1789 Verbi
1956 1748 2072 1802 gra-

486 1805 577 1869 tia,
600 1821 721 1861 cum
745 1806 844 1862 hoc
871 1808 1121 1872 verbum,
1148 1807 1341 1870 Homo,
1369 1820 1464 1859 ore
1492 1805 1760 1873 profertur
1791 1821 1806 1869 ;
1833 1814 1923 1857 aut
1947 1820 2068 1857 cum

484 1876 623 1929 idem
667 1881 916 1944 verbum,
964 1877 1135 1932 Homo
1161 1920 1175 1941 ,
1204 1877 1405 1946 absque
1436 1884 1581 1929 motu
1610 1875 1801 1944 linguae
1832 1875 1883 1928 iu
1909 1875 2070 1929 corde

483 1947 787 2014 formatur;
833 1957 924 2002 aut
969 1963 1091 2003 cum
1121 1963 1210 2003 res
1255 1948 1390 2016 ipsa,
1435 1962 1593 2015 quam
1633 1946 1897 2015 significat
1942 1946 2069 1999 illud

484 2017 700 2088 verbum
733 2060 749 2085 ,
795 2018 998 2081 Ilomo,
1038 2020 1209 2088 qualis
1256 2020 1325 2072 sit
1376 2018 1429 2071 in
1478 2017 1747 2071 intellectu
1787 2016 2065 2086 cogitatur.

483 2086 597 2142 Iloc
632 2090 790 2144 tertio
837 2090 996 2143 modo
1035 2086 1174 2144 Deus
1222 2088 1454 2142 Verbum
1494 2102 1647 2142 suum
1688 2088 1913 2157 genuit,
1946 2102 2067 2140 cum

482 2174 543 2214 se
587 2159 760 2228 ipsum
792 2159 1073 2230 cogitando
1098 2158 1248 2214 dixit.
1284 2160 1349 2213 Et
1388 2158 1509 2229 quia
1543 2167 1703 2230 totam
1734 2158 1913 2212 mundi
1959 2159 2067 2230 for-7

483 2245 621 2301 mam
658 2230 844 2285 eadem
866 2228 1191 2301 cogitatione
1219 2230 1351 2285 dixit
1378 2228 1431 2297 ν,
1487 2230 1607 2283 ideo
1643 2229 1836 2301 dicitur
1862 2270 1877 2293 ,
1926 2228 2067 2301 quod

481 2300 661 2356 omnia
713 2303 762 2355 in
798 2300 971 2356 Verbo
1005 2317 1103 2356 suo
1150 2301 1332 2356 fecerit
1375 2318 1389 2353 :
1438 2300 1577 2354 unde
1613 2308 1668 2355 et
1704 2300 1771 2353 de
1798 2300 2067 2354 creatione

483 2371 665 2442 ιιιιιιιιιί
703 2371 925 2442 legitur,
952 2371 1076 2440 Ipse
1093 2373 1220 2426 diait
1238 2412 1253 2436 ,
1294 2382 1339 2425 et
1370 2375 1505 2440 facta
1533 2380 1649 2423 sunt
1677 2370 1695 2439 (
1717 2369 1859 2442 Psalr.
1883 2386 2063 2434 xuii,

480 2440 550 2509 9)
594 2441 733 2496 Nihil
755 2440 895 2497 enim
928 2444 1172 2498 estaliud
1202 2442 1367 2496 Filius
1394 2442 1476 2495 vel
1506 2442 1737 2496 Verbum
1760 2441 1875 2506 Dei,
1905 2456 2065 2511 quam

480 2514 732 2581 cogitatio
760 2514 841 2567 vel
879 2528 973 2567 ars
991 2514 1071 2567 vel
1100 2514 1361 2584 sapientia
1391 2513 1540 2584 ejus.
1575 2512 1777 2581 Nempe
1818 2528 1938 2566 cum
1969 2526 2065 2584 nos

478 2584 707 2649 aliquam
738 2600 850 2639 rem
876 2582 1207 2653 cogitamus,
1236 2585 1399 2653 ipsius
1426 2585 1501 2638 rei
1532 2582 1812 2653 imaginem
1841 2584 1891 2635 in
1919 2582 2065 2651 cogi-

480 2653 677 2709 tatione
700 2664 879 2709 nostra
911 2655 1201 2710 formamus
1226 2673 1240 2709 :
1272 2656 1348 2708 sic
1372 2656 1508 2709 Deus
1535 2669 1653 2707 cum
1684 2668 1743 2708 se
1770 2655 1940 2720 ipsum
1969 2669 2064 2706 eo-

476 2725 663 2792 gitavit
689 2766 705 2791 ,
745 2725 971 2780 similem
1013 2728 1091 2779 sui
1120 2742 1215 2795 per
1240 2726 1417 2779 omnia
1457 2726 1738 2793 imaginem
1771 2724 2015 2777 formavit
2045 2740 2061 2788 ;

477 2804 531 2847 et
557 2795 681 2867 ideo
707 2795 815 2867 hoc
834 2796 1067 2867 verbum
1094 2797 1268 2867 imago
1297 2798 1375 2849 vel
1404 2795 1694 2867 similitudo
1725 2795 1817 2867 Dei
1846 2795 2060 2867 dieitur,

476 2864 571 2935 sed
604 2866 732 2920 nihil
769 2866 913 2921 aliud
944 2868 1042 2921 nisi
1069 2864 1255 2921 eadem
1284 2866 1515 2921 essentia
1544 2866 1879 2935 exprimitur.
1913 2864 2065 2921 Unde

477 2946 526 2989 et
556 2934 659 3008 hoc
682 2937 916 3008 verbum
935 2937 1128 3008 dicitur
1153 2937 1302 3008 quasi
1333 2953 1457 2991 vere
1483 2934 1701 3008 bonum.

544 3004 771 3062 CAPUT
823 3006 941 3061 XV.
994 3007 1095 3074 Qui
1143 3004 1224 3062 res
1261 3008 1423 3060 omnis
1451 3018 1619 3060 creata
1663 3007 1717 3059 in
1756 3005 1912 3059 Verbo
1938 3006 2060 3059 vita.

478 3076 621 3132 Disc.
653 3076 932 3147 Quomodo
973 3078 1199 3143 dicitur,
1246 3077 1419 3132 Omne
1446 3077 1587 3147 quod
1637 3076 1830 3147 factum
1870 3076 1974 3140 sit,
2011 3077 2062 3130 in

475 3147 591 3215 ipso
631 3149 736 3201 vita
775 3146 1031 3202 fuerit“?
1074 3148 1211 3203 Num
1258 3145 1477 3217 lapides
1493 3148 1582 3218 qui
1612 3145 1791 3201 stolidi
1825 3156 1982 3213 sunt,
2009 3147 2064 3204 in

476 3218 640 3271 verbo
672 3218 763 3272 Dei
791 3219 1018 3273 vivunt?

546 3286 687 3343 MAG.
736 3287 925 3344 Omnis
966 3298 1210 3345 creatura
1253 3287 1453 3344 trifarie
1482 3288 1774 3344 subsistere
1816 3287 2010 3343 dicitur
2046 3307 2061 3344 :

474 3354 629 3485 (clla
661 3359 771 3416 Deo
792 3401 808 3428 ,
838 3359 889 3416 in
919 3374 980 3418 se
1007 3360 1118 3432 ipsa
1146 3402 1163 3429 ,
1200 3360 1253 3417 iu
1286 3360 1458 3417 nobis.
1501 3360 1557 3414 In
1593 3361 1701 3413 Deo
1728 3360 1836 3414 vita
1862 3360 2057 3414 immn-

475 3440 527 3485 ta
569 3432 685 3485 ilis.
725 3432 778 3485 in
812 3447 872 3485 se
900 3432 1012 3485 insa
1042 3433 1333 3485 substantia
1363 3430 1757 3485 commutabilis
1780 3471 1795 3485 .
1829 3430 1881 3485 in
1912 3431 2057 3485 nobis

475 3430 685 3495 tabilis,
725 3432 778 3486 in
812 3447 872 3488 se
900 3432 1012 3500 ipsa
1030 3430 1333 3487 substantia
1363 3430 1757 3486 commutabilis
1780 3471 1795 3497 ,
1829 3430 1881 3485 in
1912 3431 2064 3486 nobis

475 3501 777 3584 similitudo
799 3518 977 3584 rerum
1013 3503 1384 3584 imaginabilis.
1415 3502 1575 3584 Verbi
1603 3503 1807 3584 gratia,
1840 3502 1974 3571 lapis
2010 3502 2062 3556 in

472 3587 533 3626 se
560 3574 676 3641 ipso
703 3582 785 3628 est
808 3574 1104 3629 substantia
1133 3574 1420 3639 mutabilis,
1450 3574 1571 3643 quia
1612 3574 1663 3626 in
1692 3574 1895 3627 calcem
1929 3587 2063 3627 cou-

472 3643 735 3714 vertihilis
764 3683 780 3706 ,
824 3644 875 3697 in
920 3654 1099 3698 nostra
1140 3643 1461 3714 cogitatione
1500 3643 1793 3698 similitudo
1834 3644 2059 3712 lapidis,

472 3713 526 3766 in
584 3723 699 3767 arte
758 3714 849 3770 Dei
891 3716 1123 3769 essentia
1168 3713 1573 3769 interminabilis
1616 3715 1737 3769 vitae
1782 3714 2060 3769 durabilis.

472 3783 606 3838 Cum
638 3785 781 3839 enim
803 3784 995 3840 artifex
1018 3786 1236 3841 domum
1266 3786 1438 3840 facere
1468 3785 1664 3855 cogitat
1687 3826 1701 3849 ,
1733 3784 1843 3854 jam
1870 3784 2064 3840 domus

472 3858 525 3926 in
565 3855 677 3926 ipsa
702 3864 818 3911 arte
845 3856 976 3909 vivit
1002 3898 1017 3921 ,
1043 3872 1201 3926 quam
1233 3856 1569 3926 postmodum
1600 3871 1789 3910 manus
1813 3856 2059 3910 aedificat.

470 3925 576 3998 Sed
602 3925 692 3980 illa
731 3942 891 3995 quam
921 3925 1113 3981 manus
1140 3925 1331 3998 erigit,
1360 3934 1627 3998 corruet;
1672 3927 1759 3998 illa
1790 3942 1917 3980 vero
1943 3944 2063 3996 qua:

470 3996 524 4049 in
569 4006 683 4051 arte
728 3997 895 4063 vivit,
944 3996 1243 4067 permanet;
1286 3997 1425 4051 Nihil
1464 3999 1661 4066 quippe
1697 3997 1837 4051 aliud
1868 4008 1950 4051 est
1976 4013 2064 4052 ars

469 4081 628 4137 quam
656 4068 831 4122 anima
857 4110 872 4134 ,
915 4076 969 4121 et
996 4070 1171 4123 anima
1220 4067 1348 4122 nihil
1393 4067 1535 4121 aliud
1569 4083 1725 4137 quam
1754 4069 1857 4121 vita
1890 4068 1911 4098 ³
1942 4086 1954 4122 :
1984 4068 2064 4123 sic

475 4136 706 4208 Verbum
741 4138 831 4192 Dei
864 4138 992 4191 nihil
1020 4139 1161 4193 aliud
1192 4150 1275 4193 est
1304 4153 1460 4208 quant
1502 4136 1595 4191 ars
1618 4139 1754 4207 ejus,
1785 4147 1839 4191 et
1864 4154 1951 4192 ars
1983 4140 2061 4191 ni-

478 4206 722 4279 hilaliud
746 4218 828 4261 est
855 4224 1012 4277 quam
1039 4210 1150 4279 ipsa
1182 4211 1286 4263 vita
1321 4206 1337 4267 Ξ
1360 4218 1413 4263 et
1438 4209 1491 4262 in
1520 4210 1618 4263 hac
1644 4206 1831 4263 euneta
1873 4208 2065 4262 immn-

474 4277 717 4351 Iabiliter
750 4277 1154 4351 permanebunt,
1207 4296 1327 4351 qua:
1359 4280 1410 4333 in
1464 4279 1759 4333 substantia
1810 4282 1891 4334 sui
1941 4296 2061 4333 nm-

476 4347 657 4401 tabilia
686 4347 956 4402 deficiunt.

539 4416 765 4489 CAPUT
806 4418 943 4472 XVI.
982 4418 1083 4485 Qui
1119 4418 1282 4473 solum
1328 4419 1544 4474 Verbum
1581 4418 1840 4472 inearnari
1879 4421 2057 4489 potuit.

473 4487 615 4542 Iltsc.
643 4488 775 4542 Cum
804 4490 1022 4545 evidens
1048 4491 1184 4543 ratio
1226 4491 1363 4545 idem
1395 4492 1621 4544 Verbum
1657 4506 1776 4544 cmn
1822 4487 1980 4545 Patre
2009 4502 2064 4546 et

470 4558 673 4630 Spiritu
711 4570 904 4630 sancto
926 4602 939 4623 ,
976 4576 1133 4615 unam
1166 4560 1487 4614 individuam
1533 4562 1882 4615 substantiam
1915 4563 2063 4617 inex-

472 4629 829 4701 pugnabiliter
858 4631 1180 4700 probaverit,
1204 4632 1469 4701 quomodo
1491 4633 1660 4686 solum
1677 4632 1938 4685 inearnari
1970 4649 2065 4701 po.

469 4702 569 4755 tuit
594 4702 618 4754 'l
644 4700 699 4755 Si
726 4703 866 4757 enim
894 4716 923 4755 a
956 4702 1125 4756 Patris
1149 4709 1203 4755 et
1224 4700 1472 4770 Spiritus
1511 4702 1679 4757 sancti
1720 4704 1950 4756 essentia
1974 4700 2064 4757 est

466 4781 770 4840 separatum
796 4814 811 4837 ,
852 4780 907 4827 et
940 4772 1019 4827 sic
1062 4772 1404 4842 singulariter
1439 4773 1840 4826 inhumanalum
1871 4790 1886 4837 ;
1926 4789 2061 4827 con-

467 4852 572 4896 stat
610 4843 851 4911 profeeto
886 4843 1027 4913 quod
1067 4842 1239 4897 Patris
1288 4852 1342 4897 et
1372 4843 1487 4897 Filii
1528 4853 1582 4897 et
1624 4843 1853 4911 Spiritus
1890 4845 2060 4898 sancti

466 4913 761 4985 substantia
794 4930 898 4967 non
928 4915 998 4969 sit
1025 4914 1325 4980 individua,
1354 4930 1473 4984 quin
1501 4914 1674 4985 potuit
1699 4914 1807 4983 pati
1836 4928 2061 4985 separa-

467 4984 626 5037 tionis
653 4984 981 5039 discrimina.

537 5055 673 5111 MAG.
710 5055 860 5111 Sicut
882 5056 1209 5126 sempiterna
1234 5055 1402 5126 virtus
1421 5054 1709 5126 divinitatis
1738 5070 1833 5123 per
1856 5069 1924 5126 ea
1940 5069 2060 5124 quas

466 5124 603 5179 facta
647 5124 1079 5195 conspiciuntur,
1126 5135 1303 5195 potest
1348 5125 1567 5195 intelligi
1612 5124 1803 5194 (Rom.
1831 5141 1869 5185 ι.
1901 5125 2057 5196 20);

463 5200 541 5250 sic
576 5196 681 5267 hoc
726 5198 1044 5266 profundum
1089 5197 1248 5252 nimis
1274 5197 1539 5252 multum
1570 5196 1593 5227 ⁸
1623 5212 1719 5265 per
1744 5211 1807 5250 ea
1837 5210 1957 5267 qua:
2003 5199 2057 5252 in

465 5266 619 5321 nobis
654 5277 912 5337 geruntur
941 5308 955 5333 ,
988 5270 1195 5324 ratione
1231 5276 1595 5338 perserutante
1620 5267 1816 5337 poterit
1844 5266 2057 5338 inspici.

527 5398 543 5427 ⁸
580 5397 652 5445 sic
669 5403 773 5445 Mss.
800 5402 857 5445 At
889 5397 1038 5457 editi,
1062 5396 1260 5448 creavit.

526 5459 546 5489 ⁸
581 5463 656 5505 Er.
682 5458 829 5528 largi].
858 5465 976 5529 Ven.
1012 5466 1143 5508 Lov.:
1176 5468 1334 5555 gnara
1370 5458 1583 5521 dicitur,
1624 5468 1773 5510 omne
1812 5460 1945 5524 quod
1977 5461 2054 5525 fa-

527 5532 592 5555 ma
622 5522 704 5555 nd,
732 5531 781 5555 m
804 5530 909 5555 mm
934 5526 1026 5555 mm
1045 5526 1151 5555 orn!
1264 5530 1296 5555 ιι

462 5525 593 5581 ctum
616 5522 708 5581 est,
732 5522 783 5567 in
804 5522 909 5581 ipso
934 5522 1027 5569 vita
1045 5526 1151 5570 erat
1173 5522 1199 5570 ?
1263 5530 1317 5569 Μ.

522 5579 548 5646 *⁸
686 5588 789 5628 Mss.
820 5579 878 5628 At
902 5582 1068 5646 editi,
1095 5594 1242 5644 quam
1285 5596 1368 5633 ars
1415 5583 1549 5645 ejus,
1600 5590 1647 5633 et
1686 5598 1766 5634 ανδ
1790 5584 1894 5645 ejus
1934 5584 2059 5637 nihil

463 5639 596 5689 aliud
620 5646 690 5704 est
727 5653 871 5700 quam
894 5642 1002 5704 ipsa
1024 5639 1133 5692 vitii.

532 5704 551 5765 τ
586 5702 730 5758 Mitt,
755 5702 1050 5765 profundum
1080 5704 1358 5765 mysterium
1385 5714 1431 5755 et
1453 5704 1711 5756 occultum.

526 5764 599 5828 (tt)
638 5764 847 5828 Ansehni
877 5764 1113 5828 Monolog.
1138 5778 1243 5828 cap.
1270 5768 1349 5814 39.

531 5826 601 5887 (ὸ)
636 5826 753 5887 liud.
778 5839 883 5887 cap.
914 5826 987 5873 10.

526 5884 596 5946 (ι’)
631 5886 746 5935 llnd.
902 5886 1069 5936 διοδϐ.

1984 410 2352 470 APPENDIX.

3640 423 3782 481 1016

2187 527 2503 604 Notnm‘est
2538 532 2692 604 enim
2721 533 2863 604 quod
2905 533 3134 590 humana
3164 551 3316 592 mens
3355 538 3577 594 verbum
3619 555 3781 595 rom-

2184 601 2362 678 munis
2391 601 2668 657 locutionis
2708 601 2776 678 ex
2795 620 2854 659 se
2877 606 3157 676 cogitando
3179 608 3376 678 gignit,
3407 621 3462 664 et
3491 610 3627 665 idem
3661 628 3783 667 vero

2184 669 2309 724 bum
2338 672 2391 726 in
2419 682 2597 729 mente
2626 683 2681 729 et
2708 674 2760 729 in
2796 669 3052 732 membria
3081 669 3373 734 simiil'una
3402 683 3631 736 essentia
3658 683 3750 736 exi

2183 742 2295 795 stit.
2324 741 2457 797 Cum
2485 758 2613 800 vero
2642 760 2793 801 mens
2830 746 3052 802 verbum
3091 762 3244 803 suum
3272 750 3393 805 aliis
3434 751 3781 807 innotescere

2181 813 2366 881 cupit,
2395 828 2517 890 cum
2546 815 2731 871 eadem
2774 818 3131 887 cogitatione,
3175 836 3296 890 qua;
3334 820 3463 875 nihil
3503 823 3647 878 aliud
3690 834 3781 878 est

2182 897 2341 963 quam
2366 884 2585 963 verbum
2610 902 2765 942 suum
2782 929 2797 952 ,
2822 884 2876 942 et
2901 904 3021 963 eum
3053 884 3309 963 memoria
3336 891 3588 960 disponit,
3618 894 3777 963 quod

2181 953 2324 1009 idem
2349 956 2570 1028 verbum
2588 972 2783 1026 corpus
2810 959 2953 1013 vocis
2980 959 3169 1027 induit,
3193 970 3247 1016 et
3268 953 3486 1017 auribus
3508 953 3779 1028 audibile,

2181 1034 2238 1101 et
2278 1025 2530 1101 cordibus
2569 1025 2894 1101 audientium
2940 1025 3163 1087 visibile‘
3191 1032 3463 1101 procedit,
3508 1043 3563 1089 et
3604 1025 3780 1089 etiam

2182 1094 2371 1172 litteris
2407 1112 2602 1172 corpus
2628 1114 2781 1153 suum
2812 1100 2957 1172 ligari
2988 1110 3042 1155 et
3069 1094 3237 1157 videri
3273 1094 3529 1172 permittit
3559 1123 3574 1169 ;
3604 1113 3663 1158 et
3695 1115 3783 1157 ta-

2181 1180 2303 1220 men
2334 1167 2595 1223 invisibile
2620 1167 2875 1235 manens,
2906 1170 2973 1226 de
2997 1172 3228 1227 essentia
3259 1167 3452 1229 mentis
3470 1188 3524 1230 et
3556 1167 3781 1231 memo-

2181 1236 2273 1314 ria:
2303 1253 2407 1291 non
2435 1239 2655 1314 recedit.
2674 1240 2788 1314 Non
2810 1255 2940 1314 ergo
2967 1257 3118 1297 mens
3145 1259 3320 1314 neque
3344 1248 3597 1299 memoria
3615 1286 3635 1311 ,
3672 1246 3777 1300 sed

2178 1307 2609 1385 solum__verbum
2649 1307 2989 1385 singulariter
3030 1314 3207 1385 sonuit
3232 1307 3349 1384 ’ρει-
3386 1331 3577 1385 corpus
3617 1307 3781 1372 vocis

2177 1378 2430 1433 sensibile
2456 1395 2471 1443 ;
2497 1389 2551 1434 et
2578 1378 2758 1437 tamen
2790 1382 3213 1449 inseparabiliter
3239 1378 3434 1440 mansit
3460 1378 3509 1440 in
3528 1388 3775 1442 essentia

2176 1449 2372 1502 mentis
2393 1459 2447 1503 et
2465 1453 2735 1505 memoria:
2762 1453 3043 1508 invisibile.
3073 1452 3159 1509 Sic
3188 1470 3429 1511 summus
3452 1456 3605 1511 Pater
3626 1456 3779 1511 Ver-

2178 1516 2302 1596 bum
2335 1534 2578 1596 suntmse
2607 1523 3089 1596 ipsunrcogitando
3131 1529 3345 1593 genuit,
3383 1528 3523 1596 quod
3573 1528 3623 1581 in
3659 1528 3772 1582 Pa-

2178 1590 2273 1642 tris
2298 1599 2351 1644 et
2380 1590 2609 1660 Spiritus
2635 1594 2800 1648 sancti
2827 1590 3057 1649 essentia
3084 1590 3242 1651 simul
3260 1590 3607 1652 coessetttiale
3633 1598 3777 1653 sub.

2174 1660 2316 1735 sistit
2346 1677 2378 1735 ;Δ
2404 1661 2727 1735 scdhtamen
2775 1680 2873 1720 nec
2902 1665 3076 1735 Pater
3106 1682 3203 1720 nec
3240 1667 3466 1734 Spiritus
3502 1679 3723 1723 sanctus
3748 1710 3771 1735 ,

2176 1730 2269 1809 sed
2286 1731 2472 1809 solum
2514 1733 2743 1788 Verbum
2773 1734 2919 1809 quod
2945 1746 3026 1809 est
3070 1735 3243 1809 Patris
3279 1730 3444 1793 Filius
3480 1730 3775 1809 singulari;

2176 1808 2257 1874 ter
2285 1801 2569 1874 humanum
2603 1801 2804 1874 eorpus'
2835 1806 3039 1869 induit,
3076 1808 3329 1863 sensibile
3356 1801 3657 1864 hominibus
3703 1825 3775 1865 se

2174 1872 2443 1951 exhibuit,
2502 1872 3004 1951 corpussumptum
3056 1878 3268 1951 indigna
3317 1880 3421 1948 pati
3471 1880 3768 1951 permisit;

2173 1944 2345 2020 ipsum
2394 1944 2816 2020 inseparabiliter
2859 1944 3192 2020 in__e_ssenti:i
3230 1944 3402 2005 Patris
3429 1944 3483 2005 ei
3524 1944 3769 2020 Spiritus

2172 2015 2341 2067 sancti
2367 2011 3040 2081 invisibileetimpassibile
3066 2021 3378 2081 permansit.

2242 2084 2470 2159 CAPUT
2516 2086 2685 2159 XVII.
2736 2086 2838 2140 Cur
2888 2104 3032 2159 amor
3058 2084 3151 2142 Dei
3178 2089 3403 2159 Spiritus
3448 2100 3492 2144 et
3518 2108 3608 2143 cur
3636 2107 3771 2145 ωη-

2170 2162 2314 2233 ctus._
2337 2156 2472 2209 DISC.
2503 2156 2616 2233 Qua
2650 2168 2825 2213 autem
2852 2158 3201 2215 similitudine
3226 2156 3387 2216 amor
3411 2162 3501 2217 Dei
3524 2162 3771 2233 Spiritus

2171 2226 2477 2280 nominatur
2502 2232 2525 2279 Υ

2240 2295 2378 2352 MAG.
2412 2298 2503 2351 Dei
2540 2298 2825 2353 essentiam
2863 2298 2973 2354 dixi
3016 2315 3137 2356 esse
3179 2302 3364 2356 vitam.
3404 2301 3534 2357 Vera
3570 2310 3765 2357 autem

2169 2365 2277 2441 vita
2305 2382 2363 2421 se
2392 2366 2583 2441 vivere
2602 2370 2856 2441 intelligit
2885 2388 2900 2435 ;
2945 2379 3000 2424 et
3027 2371 3072 2425 si
3101 2387 3160 2427 se
3190 2372 3348 2426 vitam
3382 2373 3627 2441 intelligit
3647 2414 3662 2435 ,
3694 2390 3764 2430 se

2169 2437 2349 2513 utique
2374 2437 2563 2513 diligit.
2591 2440 2688 2513 _Dei
2713 2437 2889 2495 autem
2916 2442 3128 2513 vivere,
3159 2444 3482 2513 intelligere,
3509 2437 3763 2512 diligere,

2168 2505 2300 2581 nihil
2341 2518 2423 2563 est
2461 2505 2604 2563 aliud
2642 2526 2801 2579 quam
2840 2512 3091 2567 existere.
3134 2505 3356 2567 Dilectio
3383 2505 3510 2581 ergo
3543 2505 3634 2568 Dei
3674 2505 3767 2569 est

2168 2578 2273 2631 vita
2293 2620 2307 2643 ,
2355 2588 2409 2633 et
2436 2582 2538 2653 vita
2576 2578 2675 2635 esti
2702 2582 2939 2650 spiritus.
2981 2584 3044 2636 Et
3073 2584 3193 2652 quia
3222 2584 3360 2637 Dens
3385 2578 3481 2653 per
3505 2583 3763 2637 dilectio—

2169 2663 2289 2701 nem
2320 2652 2523 2705 cunetis
2553 2667 2671 2724 esse
2699 2652 2780 2705 vel
2819 2653 2999 2707 vivere
3044 2654 3261 2716 tribuit,
3312 2652 3507 2709 idcirco
3534 2655 3766 2724 spiritus

2168 2728 2517 2789 nuncupatur.
2566 2721 2689 2776 Ideo
2726 2732 2917 2795 autem
2952 2734 3168 2779 sanctus
3202 2724 3444 2791 additur,
3486 2721 3604 2795 quia
3626 2742 3767 2780 cun-

2166 2800 2249 2843 cta
2291 2807 2383 2855 per
2412 2809 2531 2845 eum
2572 2793 2985 2847 sanctilicantnr.

2237 2858 2465 2933 QAI’IJT
2505 2862 2689 2917 XVIII.
2736 2862 2962 2933 Spiritus
2982 2874 3189 2919 sanctus
3215 2866 3432 2933 qualiter
3468 2883 3498 2918 α
3526 2865 3685 2920 Patre
3708 2876 3763 2920 et

2168 2927 2324 3008 filia.
2350 2932 2621 3008 Quatenus
2644 2934 2696 3008 in
2717 2927 2883 3008 specie
2900 2935 3143 3008 columba:
3162 2927 3239 2991 vel
3256 2938 3420 3008 ignis:
3433 2937 3575 2992 Disc.
3608 2938 3761 3003 Qua-

2323 3004 2580 3111 probatur
2610 3006 2696 3060 hic
2737 3005 2966 3075 Spiritus
3009 3021 3040 3060 a
3079 3007 3235 3062 Patre
3275 3001 3333 3062 Et
3382 3006 3517 3062 Filio
3558 3001 3759 3077 proce-

2205 3087 2339 3127 ere!

2238 3142 2380 3217 MAG.
2418 3143 2559 3199 Nihil
2590 3145 2731 3217 aliud
2757 3146 2985 3215 Spiritus
3013 3158 3227 3201 sanctus
3247 3190 3261 3213 ,
3290 3163 3448 3217 quam
3482 3164 3637 3202 amor
3659 3148 3761 3204 Dei

2167 3212 2507 3288 intelligitur,
2551 3216 2689 3271 unde
2718 3226 2772 3271 et
2801 3212 2953 3272 'Deus
2979 3217 3211 3273 charitas
3248 3212 3444 3273 dicitur
3502 3219 3556 3288 (Ι
3588 3219 3758 3275 Joan.

2168 3298 2243 3345 tv,
2273 3285 2402 3358 lii).
2434 3286 2656 3358 Constat
2701 3298 2877 3342 autem
2906 3289 3028 3358 quia
3058 3288 3216 3343 Pater
3256 3289 3448 3343 Filium
3495 3285 3552 3344 ut
3578 3306 3641 3343 se
3669 3291 3754 3358 ip-

2166 3369 2284 3429 sum
2304 3355 2475 3429 diligit
2500 3398 2516 3429 ,
2544 3368 2597 3412 et
2639 3358 2763 3412 item
2792 3355 2957 3413 Filius
2996 3359 3204 3413 Patrem
3247 3370 3494 3429 tanquam
3552 3355 3759 3415 semet-

2168 3423 2341 3500 ipsum
2369 3423 2540 3500 diligit
2567 3445 2592 3500 ;7
2614 3429 2717 3482 vita
2753 3445 2982 3498 namque
3009 3430 3181 3499 diligit
3210 3446 3269 3484 se
3296 3423 3517 3500 sapere,
3540 3442 3593 3484 et
3625 3431 3757 3484 item

2166 3498 2423 3571 sapientia
2454 3498 2623 3569 diligit
2666 3513 2725 3553 se
2762 3500 2941 3571 vivere
2972 3517 2986 3554 :
3016 3501 3137 3554 vita:
3165 3498 3440 3571 autem'et
3476 3501 3760 3571 Sapientiae

2166 3567 2521 3640 probatagest
2556 3567 2665 3624 una
2715 3570 2946 3626 essentia
2995 3585 3136 3625 esse.
3195 3570 3356 3640 Igitur
3401 3567 3620 3626 dilectio
3668 3572 3758 3626 vel

2165 3652 2324 3723 amor.
2344 3639 2425 3723 vel
2446 3638 2886 3723 charitas‘,_qiiod
2910 3650 2997 3697 est
3017 3638 3245 3723 Spiritus
3268 3650 3512 3723 sanctus,
3538 3640 3598 3723 in
3622 3642 3756 3723 sub:

2166 3709 2357 3761 stantia
2381 3709 2553 3763 Patris
2577 3721 2630 3764 et
2659 3709 2780 3765 Filii
2804 3713 3171 3767 coessentialis
3201 3714 3382 3767 existit
3409 3729 3424 3778 ;
3452 3722 3508 3767 et
3538 3712 3661 3768 ideo
3685 3712 3757 3767 ab

2167 3790 2393 3851 Utroque
2418 3782 2694 3851 tequalitcr
2722 3784 2979 3851 procedit.

2240 3850 2383 3904 DISC.
2416 3850 2469 3907 Si
2502 3850 2730 3919 Spiritus
2765 3863 2983 3907 sanctus
3011 3854 3153 3908 Patri
3185 3863 3239 3908 et
3268 3853 3403 3908 Filio
3423 3853 3756 3907 coessentiao

2166 3920 2231 3974 lis
2257 3922 2436 3975 existit
2463 3962 2478 3987 ,
2508 3923 2775 3991 quomodo
2800 3924 2868 3977 ab
2898 3924 3166 3979 individua
3196 3925 3486 3978 substantia
3515 3924 3756 3992 separari

2165 3994 2379 4066 potuit,
2430 4006 2554 4047 cum
2595 3995 2652 4066 in
2716 3996 3210 4066 speciegcolumba:
3257 4010 3417 4066 super
3470 3994 3755 4048 Dominum

2167 4066 2183 4130 (
2215 4061 2397 4137 Manli.
2434 4078 2510 4137 tu,
2545 4064 2613 4118 16
2634 4064 2682 4133 ),
2716 4061 2797 4118 vel
2827 4066 2881 4119 in
2909 4065 3075 4120 forma
3105 4067 3240 4137 ignis
3266 4061 3428 4135 super
3464 4066 3758 4134 Apostolus

2165 4131 2454 4220 apparuit!
2469 4134 2578 4220 Art.
2603 4131 2659 4199 Ili,
2690 4137 2778 4202 '5).

2238 4203 2374 4258 MAG.
2422 4203 2648 4273 Spiritus
2674 4206 2841 4259 sancti
2870 4206 3163 4260 substantia
3194 4223 3298 4260 non
3326 4214 3409 4261 est
3463 4206 3516 4260 in
3549 4207 3759 4261 colum-

2166 4273 2286 4327 bam
2310 4275 2391 4344 vcl
2416 4275 2587 4344 ignem
2613 4286 2981 4341 transmutata,
3004 4278 3133 4331 sicut
3159 4294 3257 4332 nec
3282 4276 3442 4330 Verbi
3461 4277 3514 4331 iu
3536 4292 3755 4332 carnem

2168 4343 2540 4417 transformata
2570 4364 2589 4417 γε
2633 4347 2727 4401 sed
2754 4346 2988 4416 Spiritus
3012 4358 3227 4402 sanctus
3264 4348 3531 4403 columba:
3557 4363 3757 4417 corpus

2165 4415 2534 4488 eondiditfu),
2564 4416 2614 4469 in
2646 4434 2750 4487 quo
2778 4415 2837 4470 se
2866 4419 2930 4471 ad
2962 4418 3147 4472 horam
3176 4434 3337 4488 super
3365 4434 3564 4487 corpus
3597 4415 3755 4472 Verbi

2168 4484 2593 4553 inseparabiliter
2623 4489 2635 4519 ³
2664 4484 2731 4541 ad
2760 4489 3120 4543 testimonium
3154 4484 3756 4543 hominibns'visihilem

2166 4558 2392 4680 plriebuit
2422 4598 2436 4619 ,
2480 4558 2592 4626 ipse
2640 4574 2766 4612 vero
2809 4560 3087 4613 invisibilis
3129 4559 3180 4613 iii
3224 4561 3456 4614 essentia
3491 4559 3665 4613 Patris
3701 4566 3760 4613 et

2216 4626 2329 4680 erbi
2366 4627 2790 4680 inseparabiliter
2819 4630 3030 4680 mansit.
3078 4630 3296 4680 Animas
3338 4645 3555 4680 uuoaue
3589 4630 3758 4680 disci-

2216 4626 2329 4700 erbi
2366 4627 2790 4696 inseparabiliter
2819 4630 3030 4697 mansit.
3078 4630 3296 4684 Animas
3338 4645 3555 4700 quoque
3589 4630 3758 4683 disci-

2166 4698 2410 4765 pulorum
2465 4700 2685 4753 interius
2733 4700 3043 4769 possidens,
3081 4701 3206 4753 foris
3232 4698 3477 4768 speciem'
3510 4701 3650 4769 ignis
3674 4700 3759 4754 vel

2166 4768 2383 4840 luminis
2407 4770 2577 4823 oculis
2610 4770 2882 4824 hominum
2911 4786 3006 4836 pro
3025 4773 3177 4840 signo
3201 4771 3460 4836 exhibuit,
3490 4768 3549 4825 et
3575 4781 3755 4823 tamen

2166 4853 2195 4909 a
2248 4839 2540 4893 substantia
2584 4840 2756 4893 Patris
2798 4852 2853 4894 ct
2893 4841 3013 4894 Filii
3058 4839 3163 4895 non
3195 4844 3463 4903 recessit;
3507 4841 3755 4909 profecto

2165 4908 2440 4963 insinuans
2467 4910 2606 4979 quod
2639 4911 2796 4966 Pater
2825 4920 2879 4965 et
2908 4912 3071 4965 Filius
3100 4928 3193 4980 per
3224 4927 3346 4966 eum
3377 4908 3593 4980 peccata
3625 4928 3761 4965 con-

2165 4990 2424 5051 sumunt,
2471 4990 2525 5035 et
2570 4983 2620 5034 in
2666 4997 2851 5035 eorum
2880 4997 3119 5036 amorem
3151 4982 3422 5036 hominum
3452 4982 3617 5036 corda
3663 4998 3760 5051 per

2166 5050 2668 5123 ipsumaccendunt
2699 5070 2713 5118 ;
2743 5053 2961 5121 etquod
2992 5054 3181 5122 impios
3206 5069 3301 5123 per
3321 5068 3443 5107 eum
3472 5053 3539 5107 ad
3572 5050 3754 5123 ignem

2159 5120 2473 5245 iudicabunt
2499 5161 2515 5188 ,
2534 5122 2709 5193 justus
2729 5120 2856 5178 vero
2885 5120 3086 5179 lumine
3107 5120 3226 5178 vita}
3253 5125 3305 5177 in
3335 5124 3451 5192 ipso
3478 5120 3759 5193 glorilictb

2203 5201 2314 5245 unt.

2203 5201 2314 5245 υιιι.

2233 5260 2461 5317 CAPUT
2489 5262 2630 5317 XIX.
2664 5262 2737 5316 De
2760 5263 3051 5330 aequalitate
3079 5280 3426 5333 personarum.
3457 5262 3563 5317 Cur
3595 5264 3763 5318 deitas

2161 5332 2401 5385 uirtutum
2442 5333 2696 5387 vocabulis
2726 5352 2826 5387 non
2866 5332 3085 5388 colatur.
3131 5336 3272 5390 DtsG.
3304 5335 3588 5402 Quomodo
3628 5350 3763 5389 con-

2162 5404 2391 5475 stathas
2421 5420 2678 5475 personas
2707 5420 2828 5460 esse
2857 5407 3088 5474 aequales
3127 5405 3150 5459 ?

2233 5473 2373 5529 MAG.
2423 5473 2573 5546 Deus
2626 5484 2712 5530 est
2757 5473 2963 5529 summa
3012 5477 3149 5537 vita,
3193 5491 3402 5530 summa
3458 5476 3763 5546 sapientia,

2162 5560 2369 5601 summa
2413 5545 2648 5601 dilectio.
2691 5547 2958 5612 Quantum
3000 5562 3129 5617 ergo
3172 5548 3276 5601 vita
3322 5546 3490 5614 vivit,
3530 5545 3762 5604 tantum

2228 5769 2243 5798 ί
2281 5768 2417 5826 Editi,
2441 5781 2527 5828 per
2570 5781 2745 5839 corpus
2777 5768 2873 5839 sibi
2884 5838 2889 5839 γ
2912 5769 3290 5835 inseparabiliter
3317 5780 3505 5825 mutum
3526 5776 3614 5835 ad,
3661 5787 3755 5827 etc.

2162 5837 2412 5887 Fortasse,
2436 5830 2765 5891 separabifiter
2792 5831 2992 5881 rutilum.

2228 5891 2303 5955 (a)
2338 5900 2419 5942 HIC
2435 5890 2615 5944 desinit
2634 5895 2797 5945 versio
2817 5907 3000 5960 arma.
