4070 6540
541 446 674 503 ιυιο

535 558 847 614 universitas
865 572 927 610 ex
955 551 1123 608 nihilo
1145 562 1325 608 creata
1351 551 1454 615 sit;
1477 563 1581 604 non
1604 548 1743 618 quod
1767 547 1894 602 nihil
1919 547 2112 618 aliquid

535 630 690 684 fuerit
719 629 798 681 vel
825 627 912 689 sit,
954 624 1046 677 sed
1074 624 1213 693 quod
1249 640 1352 676 non
1381 620 1585 690 aliquid
1618 619 1761 693 fuit,_
1788 619 1889 673 hoc
1915 619 2114 693 aliquid

533 703 754 754 (lreator
777 712 896 751 esse
929 695 1068 748 fecit.
1094 690 1176 764 (η)
1201 695 1402 747 Tamen
1433 701 1575 764 auter
1602 690 1927 764 creationem
1955 691 2116 764 totius

533 779 790 825 creatura:
818 769 991 833 imago
1033 768 1084 819 in
1108 759 1313 828 Verbo,
1345 764 1396 817 id
1431 771 1532 826 est,
1565 762 1616 814 in
1649 773 1762 814 arte
1784 762 1874 815 Dei
1903 759 2020 819 fuit,
2049 761 2115 833 ad

536 845 689 907 cujus
735 832 1008 904 exemplar
1055 836 1372 891 universitas
1426 834 1476 907 in
1528 833 1796 885 creatione
1843 832 2113 907 prorupit.

535 901 683 965 Sicut
705 910 847 964 enim
873 901 1042 976 pictor
1073 906 1380 959 varietatem
1416 903 1634 972 pictura:
1668 907 1810 976 prius
1841 901 1901 976 in
1940 911 2118 976 mente

542 983 710 1050 tingit,
737 979 804 1032 ad
843 972 996 1050 cujus
1032 978 1430 1050 similitudinem
1469 972 1810 1050 postmodum
1855 973 2119 1026 visibilem

540 1044 802 1122 picturam
848 1049 1074 1122 pingit:
1119 1049 1190 1100 ita
1230 1047 1370 1122 Deus
1412 1044 2120 1122 universitatetu_creaturze

542 1113 690 1192 prius
731 1121 782 1174 in
813 1113 1069 1187 sapietttia
1113 1133 1208 1171 sua
1249 1116 1589 1192 temtauerat,
1639 1113 1930 1192 secundum
1962 1127 2120 1182 quam

544 1185 767 1245 i'ormam
813 1185 1002 1244 cuncta
1047 1204 1141 1257 per
1190 1185 1528 1241 multimodas
1569 1186 1774 1250 species
1822 1193 2119 1257 creaverat.

544 1262 649 1316 Sed
698 1263 868 1330 pictor
920 1254 1176 1329 picturam
1230 1265 1410 1311 mente
1450 1266 1771 1330 conceptam
1821 1254 1872 1307 itt
1914 1269 1970 1330 re
2016 1268 2120 1307 non

543 1325 882 1397 existentcm,
913 1325 1009 1399 per
1037 1330 1244 1384 colores
1264 1337 1317 1382 et
1339 1342 1430 1395 per
1449 1326 1797 1399 instrumenta
1826 1325 2122 1399 extrinseca

545 1403 735 1458 adesse
784 1396 1055 1471 perducit;
1091 1401 1229 1452 Deus
1266 1397 1893 1471 autemuniversitatem
1943 1396 1994 1448 in
2039 1411 2124 1448 sa-

547 1474 744 1543 pientia
782 1466 876 1525 sua
929 1471 1126 1524 nullam
1155 1469 1366 1543 quidem
1407 1466 1756 1543 substantiam
1808 1467 2123 1543 existentem

549 1537 645 1612 per
673 1544 816 1598 nulla
840 1537 1184 1612 instrumenta
1207 1540 1371 1612 intot
1399 1537 1722 1590 subsmntias
1744 1537 2032 1612 produxit;
2075 1546 2127 1612 et

550 1607 670 1668 ideo
698 1630 764 1668 ex
793 1612 958 1665 nihilo
985 1610 1161 1664 omnia
1195 1610 1334 1666 fecit,
1364 1618 1417 1661 et
1439 1617 1611 1660 tamen
1636 1608 1786 1675 quasi
1825 1623 1928 1660 non
1960 1622 2024 1660 ex
2049 1607 2126 1658 ni-

556 1685 683 1748 hilo,
717 1683 810 1738 sed
843 1699 907 1736 ex
938 1683 1113 1749 aliquo
1141 1680 1361 1733 visibilis
1393 1677 1620 1749 mundus
1668 1678 1946 1745 processit,
1997 1677 2124 1731 dum

551 1757 718 1809 instar
736 1753 1006 1822 archetypi
1029 1748 1220 1804 ’mundi
1245 1749 1444 1822 fortnas
1475 1748 1664 1822 induit.

617 1823 844 1880 CAPUT
883 1815 1068 1877 X'Xlll.
1114 1821 1427 1888 Qumstioues
1457 1819 1518 1870 de
1550 1817 1814 1886 pra’sentia
1840 1815 1952 1870 Dei.
1984 1816 2125 1870 Dtsc.

547 1895 664 1948 Jant
711 1895 921 1964 egregia
966 1893 1095 1946 turri
1128 1893 1190 1964 in
1225 1892 1388 1943 altum
1438 1898 1686 1964 surgente
1726 1889 2129 1964 discreta_ratio

551 1957 796 2020 tenebras
817 1957 1015 2018 erroris
1034 1963 1266 2030 undique
1294 1975 1503 2014 versum
1531 1959 1785 2018 eliminet.
1821 1957 2129 2030 pra‘claram

554 2046 875 2090 structuram
919 2049 1107 2088 serena
1150 2028 1386 2086 vet-italis
1419 2031 1533 2084 luce
1571 2030 1844 2090 clariticet,
1886 2043 1949 2081 ac
1978 2028 2133 2081 nobis

551 2107 760 2177 inclytus
794 2106 924 2158 aedis
943 2120 1076 2172 opus
1107 2102 1421 2177 mirantibus
1443 2100 1654 2177 aperiat
1697 2108 1872 2152 utrum
1903 2098 2132 2152 Creator

551 2179 604 2230 itt
644 2173 908 2241 creatura,
954 2190 1020 2228 an
1052 2184 1296 2229 creatura
1339 2174 1390 2224 in
1433 2173 1706 2232 Creatore,
1740 2186 1806 2222 an
1851 2179 2132 2235 utrumque

552 2249 604 2301 in
633 2257 858 2314 utroque
884 2247 1172 2306 consistat;
1205 2259 1270 2296 an
1312 2242 1485 2312 potius
1506 2242 1899 2314 Creatorextra
1927 2251 2135 2293 creatu-

559 2333 671 2370 ram
697 2311 891 2370 alicubi
934 2316 987 2369 in
1012 2315 1186 2383 aliqua
1230 2311 1395 2383 gloria
1437 2311 1860 2383 substantialiter
1900 2320 2128 2383 maneat,

551 2397 850 2442 creaturam
875 2397 1051 2440 autem
1088 2382 1182 2454 per
1210 2382 1269 2438 se
1299 2385 1615 2454 existentem
1665 2382 2023 2454 potentialiter
2049 2397 2134 2434 re-

557 2459 725 2527 pleat;
755 2473 822 2511 an
851 2452 1100 2511 dimidius
1131 2457 1182 2508 in
1228 2455 1390 2527 coelo,
1439 2453 1690 2527 dimidius
1718 2454 1767 2504 in
1799 2452 2026 2527 mundo;
2068 2467 2133 2527 an

551 2521 838 2598 aliquando
886 2538 1026 2581 totus
1070 2524 1629 2598 ittctelo,_aliqu_ando
1671 2533 1824 2598 totus
1854 2523 1906 2574 in
1939 2521 2136 2598 mundo

553 2593 808 2653 subsistat
835 2617 848 2652 :
881 2614 946 2651 an
973 2613 1065 2666 per
1095 2597 1298 2664 singula
1323 2595 1437 2648 loca
1465 2595 1686 2666 divisus,
1719 2609 1784 2666 an
1812 2593 1862 2646 in
1892 2593 2139 2666 omnibus

557 2671 687 2724 locis
719 2679 860 2724 totus
885 2663 1112 2731 existat;
1145 2663 1211 2720 an
1237 2665 1524 2735 aliquando
1548 2666 1598 2718 in
1623 2665 1712 2717 illo
1735 2664 1871 2735 loco,
1901 2663 2140 2735 aliquan-

551 2742 623 2794 do
652 2742 702 2794 in
749 2741 857 2793 alio
905 2739 991 2803 sit,
1024 2738 1170 2791 verbi
1213 2733 1402 2806 gratia,
1433 2736 1547 2790 lteri
1576 2734 1948 2803 Jerosolyutis,
1982 2733 2140 2787 hodie

550 2811 876 2880 Carthagini.
896 2826 1012 2863 cras
1034 2809 1217 2862 Romae
1237 2807 1432 2860 tnorari
1461 2806 1760 2860 credendus
1778 2806 1874 2867 sit;
1899 2820 1964 2857 an
1991 2814 2138 2880 extra

553 2874 774 2934 omnem
793 2881 968 2934 locum
993 2888 1047 2934 et
1073 2889 1220 2934 extra
1247 2892 1408 2933 omne
1438 2886 1645 2946 tempus
1681 2890 1893 2944 semper
1921 2885 1974 2928 et
2017 2874 2140 2928 ubi-

553 2967 656 3006 uue
680 2955 767 3006 sit.

593 2968 656 3004 ue
711 2968 767 3004 tt.

573 2968 585 3020 1
626 2968 763 3078 Μλῗθ.
803 3021 951 3074 Sicut
978 3019 1058 3074 sol
1087 3018 1334 3074 exoriens
1360 3016 1599 3086 quamvis
1625 3015 1944 3086 innumeras,
1961 3030 2140 3068 rerum

558 3092 758 3146 formas
787 3091 1022 3146 tenebris
1064 3091 1263 3144 obsitas
1289 3085 1510 3141 cunctas
1554 3101 1650 3139 sua
1699 3085 1980 3154 praesentia
2011 3086 2142 3138 irra-

561 3163 708 3225 diat;
739 3164 807 3216 ita
851 3170 1042 3230 potens
1088 3160 1224 3213 ratio
1270 3159 1394 3230 licet
1441 3154 2144 3230 multiplices_nimi_umq_ue

563 3226 1074 3302 perplexas-vestras
1096 3229 1485 3302 propositiones
1506 3226 2013 3302 perspicaciintuitu
2035 3228 2144 3302 sin-

555 3295 704 3370 gulas
735 3295 1304 3367 discriutinat,'resque
1328 3295 1847 3370 profundissimasde
1867 3296 2140 3351 obscuris-

562 3367 710 3425 simis
741 3372 957 3426 latebris
985 3379 1280 3438 protractas
1307 3370 1582 3438 perspicue
1609 3367 1856 3420 elucidat.

627 3441 852 3497 CAPUT
875 3437 1062 3496 XXIV.
1083 3440 1232 3507 Quod
1249 3437 1385 3492 Deus
1401 3441 1463 3491 sit
1484 3439 1535 3491 in
1558 3439 1693 3507 οηιηὶ
1713 3447 1962 3490 creatura.
1999 3437 2146 3502 Quod

557 3530 766 3583 quisque
780 3530 892 3566 eum
907 3511 998 3566 sibi
1020 3506 1179 3564 inesse
1189 3511 1389 3563 sentiat.
1409 3508 1556 3583 Quod
1578 3506 1706 3562 Crea
1716 3517 1796 3561 tor
1813 3509 1862 3561 in
1883 3516 2145 3583 tota-crea-

559 3578 918 3648 tura'existat,
943 3583 1117 3638 omnis
1137 3590 1377 3635 creatura
1401 3580 1622 3647 probat:
1651 3595 1768 3647 quae
1785 3593 1844 3633 se
1872 3578 2001 3630 nihil
2017 3595 2044 3630 a
2064 3594 2141 3642 se,

557 3669 586 3707 a
614 3655 726 3708 Deo
752 3663 927 3708 autem
951 3669 1070 3708 esse
1091 3662 1144 3705 et
1165 3653 1360 3704 bonum
1385 3651 1580 3704 habere
1597 3649 1808 3702 clamat.
1843 3649 1980 3702 Deus
2005 3664 2146 3701 nam-

557 3740 662 3791 que
689 3733 771 3780 est
794 3739 1000 3777 summa
1035 3723 1266 3778 essentia
1293 3730 1347 3775 et
1390 3735 1655 3774 sumnmm
1692 3721 1897 3791 bonum
1926 3736 1939 3774 :
1964 3722 2145 3791 omnis

556 3790 733 3850 autem
754 3807 993 3850 creatura
1018 3809 1112 3862 per
1131 3808 1250 3846 eum
1267 3793 1505 3846 subsisut
1525 3807 1539 3856 ;
1558 3790 1732 3862 omnis
1755 3805 1880 3843 vero
1897 3790 2143 3862 substan-

557 3868 625 3920 tia
645 3867 780 3920 bona
797 3874 896 3930 est,
925 3860 1046 3932 quia
1071 3880 1134 3918 ex
1157 3862 1524 3917 summobono
1554 3869 1656 3932 est.
1687 3860 1782 3915 Ubi
1801 3870 1973 3932 autem
2005 3860 2146 3915 Deus

557 3953 661 3990 non
683 3946 786 4000 est,
819 3937 888 3990 ibi
913 3931 1042 3990 nihil
1067 3944 1179 3999 est;
1209 3934 1294 3988 ubi
1317 3949 1444 3986 vero
1465 3931 1661 4000 aliquid
1679 3931 2020 3985 substantiale
2042 3941 2140 3992 est,

559 4007 629 4061 ibi
657 4008 793 4060 Deus
831 4017 950 4062 est:
989 4021 1117 4074 ergo
1170 4007 1222 4058 in
1268 4004 1412 4058 omni
1467 4012 1709 4074 creatura
1737 4002 1890 4074 Deus
1929 4001 2140 4074 existit,

562 4079 813 4145 quoniam
842 4078 1018 4131 omnis
1043 4071 1283 4130 creatura
1317 4073 1574 4128 subsistit.
1609 4073 1703 4145 llic
1731 4071 1970 4145 fortassis
1994 4073 2142 4124 intir-

566 4142 685 4203 mus
714 4149 924 4202 animus
951 4147 1088 4218 apud
1135 4162 1193 4200 se
1223 4145 1369 4218 dicit,
1395 4146 1448 4218 Si
1479 4145 1617 4197 Deus
1650 4144 1700 4218 in
1731 4142 2143 4218 ottttti_crcatura

558 4227 660 4281 cst,
691 4227 814 4273 tunc
834 4227 887 4271 et
913 4220 962 4272 itt
987 4213 1162 4279 coeno,
1193 4227 1243 4270 et
1267 4217 1318 4269 in
1342 4215 1569 4279 inferno,
1593 4220 1649 4268 et
1678 4213 1728 4266 itt
1751 4213 1921 4266 brutis
1941 4213 2144 4266 anima-

559 4288 719 4352 libus,
750 4289 857 4341 imo
878 4299 930 4342 et
958 4290 1008 4342 itt
1038 4287 1369 4341 daemonibus
1397 4295 1499 4349 est,
1531 4300 1649 4354 qua:
1681 4284 1861 4352 utique
1886 4293 2142 4338 creatura:

560 4370 705 4412 sunt.
751 4359 846 4414 llic
886 4359 1080 4412 nullam
1115 4357 1593 4411 inconvenientiam
1625 4366 1806 4418 aperta
1837 4357 1972 4407 ratio
2021 4370 2142 4422 pro-

562 4427 673 4492 bal,
702 4444 820 4498 qua:
860 4429 912 4482 in
941 4429 1023 4482 bis
1051 4429 1298 4482 omnibus
1328 4427 1522 4481 bonum
1545 4496 1552 4498 Α
1573 4425 1895 4479 considerat.
1916 4425 2140 4480 Caenum

561 4496 758 4568 quippe
803 4508 886 4554 est
932 4514 1017 4554 res
1068 4514 1188 4554 cum
1237 4498 1339 4551 alia
1389 4496 1696 4568 permixta,
1754 4504 1936 4562 utpote
2003 4505 2140 4548 terra

560 4566 705 4640 eum
747 4585 884 4640 aqua
941 4570 1020 4623 vel
1069 4585 1188 4640 cum
1242 4569 1346 4622 alia
1402 4566 1702 4635 hujusmodi
1731 4583 1744 4617 :
1775 4573 1912 4640 terra
1964 4575 2139 4619 autem

565 4639 703 4695 bona
744 4635 860 4705 est,
915 4642 1037 4710 quia
1093 4639 1387 4694 substantia
1440 4647 1555 4700 est,
1586 4645 1639 4690 et
1682 4652 1834 4710 aqua
1863 4635 2002 4710 bona
2062 4645 2144 4689 est

559 4712 684 4780 quia
740 4706 1038 4766 substantia
1087 4719 1186 4764 est.
1242 4712 1480 4763 Infernus
1525 4723 1738 4780 quoque
1782 4706 2142 4780 dicitur_esse

561 4777 745 4849 igneus
769 4799 783 4845 ;
815 4793 868 4836 et
894 4782 1027 4851 ignis
1056 4781 1225 4834 bonus
1251 4789 1349 4844 est,
1381 4780 1500 4848 quia
1531 4778 1827 4851 substantia
1855 4785 1959 4851 es_t._
1984 4777 2142 4851 Bruta

561 4847 720 4906 etiam
747 4847 994 4907 animalia
1025 4853 1228 4922 singula
1251 4852 1303 4904 iu
1331 4847 1524 4920 genere
1547 4864 1646 4903 suo
1669 4849 1745 4922 ad
1764 4847 1964 4922 aliquid
1993 4849 2140 4922 utilia

561 4934 717 4988 sunt;
749 4933 804 4978 et
833 4924 963 4988 ideo
997 4919 1133 4978 bona
1174 4931 1314 4975 sunt.
1350 4923 1628 4974 Daamones
1676 4919 2042 4980 nihilominus,
2088 4921 2142 4973 in

562 5009 628 5048 eo
654 4981 1054 5066 quodangeiica
1094 5003 1218 5066 sunt
1244 4990 1616 5066 natura,_honi
1643 4999 1782 5042 sunt.
1819 4989 2000 5066 Igitur‘
2021 5004 2142 5044 cum

561 5059 768 5119 constet
797 5059 914 5120 haec
940 5065 1144 5134 singula
1164 5064 1215 5116 itt
1243 5063 1384 5116 bono
1406 5062 1716 5134 subsistere,
1738 5059 2039 5134 necessario
2060 5075 2145 5114 se-

560 5137 740 5204 quitur
765 5137 952 5201 Deum,
977 5131 1068 5205 qui
1099 5135 1244 5188 solus
1275 5133 1481 5205 bonitas
1502 5140 1603 5196 est,
1646 5131 1974 5205 ineuntibus
2001 5145 2141 5205 esse.

637 5205 709 5276 (b)
749 5206 851 5261 Sed
874 5217 926 5261 et
946 5201 1119 5260 omnis
1145 5214 1388 5259 creatura
1423 5204 1586 5276 Deum
1615 5202 1713 5255 sibi
1733 5201 2018 5276 incsseper
2045 5202 2142 5254 ali—

560 5273 698 5345 quid
715 5279 894 5332 sentit.
926 5277 1112 5346 Angeli
1134 5275 1330 5330 etenim
1355 5282 1410 5329 et
1444 5275 1687 5346 universa
1716 5273 1948 5326 viventia
1979 5273 2142 5325 Deum

562 5349 663 5401 sibi
697 5348 872 5401 inesse
914 5345 1169 5401 sentiunt.
1212 5347 1352 5400 Deus
1404 5346 1599 5413 quippe
1626 5345 1732 5396 vita
1753 5353 1854 5406 est,
1887 5351 1942 5396 et
1986 5358 2144 5396 omne

562 5418 705 5484 quod
736 5418 882 5481 vivit,
911 5419 1016 5472 vita
1063 5419 1210 5470 vivit.
1240 5417 1354 5470 Non
1382 5415 1523 5469 enim
1565 5415 1786 5482 angelus
1815 5413 1984 5482 magis
2019 5413 2147 5467 vivit

561 5503 722 5554 quam
749 5487 968 5549 vermis,
993 5488 1116 5541 licet
1144 5488 1230 5541 ille
1259 5488 1325 5540 sit
1365 5486 1696 5545 immortalis,
1738 5485 1835 5538 iste
1878 5484 2138 5536 mortalis.

563 5557 676 5610 Nec
723 5557 944 5622 angelus
984 5558 1151 5625 magis
1189 5557 1427 5610 subsistit
1471 5572 1627 5624 quam
1655 5555 1871 5617 vermis,
1903 5555 2145 5622 quamvis

562 5627 706 5680 illius
745 5627 1038 5680 substantia
1075 5629 1142 5679 sit
1184 5637 1412 5688 aeterna,
1453 5625 1606 5681 istius
1663 5626 1880 5679 caduca.
1909 5627 2144 5694 Corpora

561 5711 776 5764 quoque
819 5697 1077 5759 ctelestia,
1105 5697 1307 5750 scilicet
1344 5698 1445 5760 sol,
1495 5697 1638 5759 luna,
1667 5695 1861 5758 sidera,
1903 5696 2066 5749 Dcttm
2093 5696 2142 5748 itt

560 5781 617 5821 se
638 5764 880 5819 sentiunt
909 5782 921 5818 :
947 5767 1074 5820 dum
1098 5781 1189 5832 per
1209 5781 1328 5817 eum
1357 5766 1532 5820 lucent
1558 5775 1611 5820 et
1639 5766 1950 5821 subsistunt.
1975 5765 2143 5820 Arbo-

621 5853 699 5980 £11;
737 5852 840 5926 vid.
869 5854 1071 5922 Anselmi
1099 5852 1329 5921 atonolog.
1354 5867 1489 5928 capp.
1515 5857 1560 5916 9,
1589 5856 1661 5904 11.

646 5918 672 5964 ε
736 5913 838 5960 th.
865 5913 1090 5965 Eluctdar.
1120 5913 1206 5964 lib.
1236 5915 1277 5975 1,
1300 5929 1403 5976 cap.
1426 5917 1474 5966 5.

646 5913 699 5976 ε)
736 5913 838 5960 vid.
865 5913 1090 5965 Elucidar.
1120 5913 1206 5964 lib.
1236 5915 1277 5975 1,
1300 5913 1474 5976 εεψζὸ.

1992 431 2353 488 ΑΡΡΕΝΟξΧ.

3685 433 3820 488 1020

2227 565 2314 604 res
2345 558 2396 603 et
2422 546 2602 621 herbae
2632 546 2796 621 Deum
2829 549 2879 621 in
2902 561 2959 603 se
2986 550 3238 616 sentiunt,
3258 552 3384 605 dum
3411 567 3648 621 pereunt
3693 571 3816 608 cre-

2224 628 2382 672 scunt
2422 627 2476 672 et
2505 618 2818 672 subsistunt.
2859 619 3086 688 Lapides
3117 637 3244 676 vero
3283 618 3449 678 Deum
3489 623 3593 678 sibi
3644 626 3820 680 inesse

2225 690 2478 751 sentiunt,
2539 689 2664 742 dum
2713 704 2808 756 per
2851 705 2971 743 eum
3018 693 3348 747 subsistunt.
3383 694 3669 748 D;emones
3718 697 3817 750 sibi

2227 761 2392 814 Deum
2408 759 2595 830 adesse
2612 760 2868 825 sentiunt,
2887 761 3010 813 dtutt
3029 777 3122 829 per
3135 779 3258 816 eum
3276 766 3465 819 vivunt
3482 775 3537 818 et
3557 767 3814 830 sentiunt;

2227 831 2404 904 sedet
2431 831 2481 883 in
2513 829 2628 904 h_oc_
2665 831 2833 904 Deum
2874 831 3064 904 adesse
3093 835 3349 904 sentiunt,
3378 835 3519 901 quod
3547 835 3698 904 justo
3727 837 3817 891 Dei

2222 901 2424 974 judicio
2449 901 2591 974 mala
2619 901 2670 953 in
2691 903 2867 974 poenis
2893 901 3063 955 luttnt.
3090 903 3230 957 Deus
3251 901 3614 974 enimjustitia
3639 915 3743 972 est,
3768 918 3821 961 et

2228 973 2549 1040 ubicumque
2573 971 2776 1038 justitia
2819 982 3120 1036 exercetur,
3151 975 3290 1029 Deus
3317 976 3387 1029 ibi
3410 971 3532 1030 esse
3557 978 3817 1031 creditur.

2227 1041 2316 1096 Sic
2358 1042 2588 1111 denique
2629 1041 2780 1095 adest
2820 1043 3113 1111 imperator
3164 1045 3357 1099 latroni
3409 1047 3536 1100 dum
3576 1064 3699 1101 eum
3731 1048 3820 1100 dar

2229 1113 2568 1187 mnat,‘sicut
2594 1113 2744 1187 militi
2766 1127 2886 1167 cum
2921 1129 3042 1187 eum
3065 1117 3392 1187 remunerat.
3425 1118 3490 1171 Et
3516 1133 3679 1172 nemo
3700 1120 3817 1187 cpi-

2229 1193 2386 1237 netur
2413 1184 2578 1237 Deum
2609 1182 2802 1257 sordes
2827 1185 3010 1257 mundi
3049 1186 3364 1253 abominari,
3387 1188 3480 1242 sed
3510 1189 3659 1242 solas
3692 1182 3821 1257 pec-

2229 1264 2468 1308 catorum
2499 1253 2686 1308 sordes
2712 1254 2922 1308 noverit
2955 1270 3075 1309 eum
3111 1260 3408 1323 exsecrari;
3438 1275 3538 1313 nec
3562 1253 3823 1314 eum'ullo

2231 1325 2392 1390 modo
2432 1339 2588 1392 posse
2623 1324 2728 1377 ulla
2771 1340 2829 1378 re
2859 1328 3257 1394 commaculari,
3289 1327 3427 1383 sicut
3455 1345 3558 1385 nec
3607 1329 3822 1385 radium

2232 1395 2361 1450 solis
2392 1396 2495 1449 ulla
2524 1395 2857 1448 immunditia
2883 1396 3164 1450 sordidari.

2301 1464 2526 1540 CAPUT
2561 1465 2724 1540 Χξν.
2773 1466 3028 1540 Creatori;
3065 1469 3215 1520 etiam
3241 1479 3360 1522 sunt
3396 1471 3448 1522 in
3494 1469 3619 1524 Deo.
3663 1471 3820 1540 Obje-

2232 1537 2331 1590 ctio
2366 1537 2594 1609 solvitur.
2622 1536 2852 1589 Caritatis
2881 1537 2944 1589 de
2984 1537 3090 1592 Deo
3117 1551 3161 1591 et
3183 1540 3370 1593 mundo
3407 1542 3666 1609 cogitatio.
3698 1536 3826 1594 Idea

2233 1608 2492 1661 sincerior.
2515 1607 2701 1660 Omnis
2732 1616 2908 1660 autem
2957 1618 3198 1662 creatura
3228 1611 3278 1663 in
3313 1607 3569 1665 Great—ore
3591 1616 3824 1666 existere

2237 1679 2359 1731 hinc
2384 1678 2740 1746 cognoscitur,
2773 1677 2912 1746 qttod
2944 1689 3090 1732 extra
3134 1679 3296 1733 Deum
3329 1682 3456 1735 nihil
3493 1698 3617 1738 esse
3646 1684 3822 1737 credi-

2236 1757 2351 1822 tur;
2379 1747 2472 1822 sed
2518 1757 2694 1822 tamen
2723 1763 2826 1801 non
2859 1750 2933 1800 sic
2959 1759 3042 1822 est
3071 1750 3122 1803 in
3155 1765 3220 1804 eo
3250 1761 3309 1805 ut
3334 1753 3404 1806 sit
3433 1753 3549 1822 ejus
3575 1755 3824 1807 substan-

2239 1820 2304 1871 tia
2335 1820 2415 1871 vel
2463 1835 2582 1886 pars
2618 1819 2732 1888 ejus
2773 1819 3040 1884 essentia},
3076 1829 3132 1873 ttt
3155 1835 3251 1874 cor
3292 1832 3374 1876 est
3405 1819 3708 1877 inanimali
3745 1825 3823 1878 \el

2238 1905 2358 1958 pars
2379 1889 2642 1950 animalis,
2676 1891 2768 1943 sed
2792 1890 3097 1944 utlucernze
3141 1891 3319 1947 lumen
3365 1894 3416 1946 in
3453 1895 3566 1949 sole
3605 1911 3714 1948 non
3748 1908 3829 1947 ρει

2237 1962 2353 2034 ejus
2381 1961 2694 2034 substantia,
2727 1976 2896 2034 neque
2920 1975 3042 2034 pars
3075 1961 3196 2034 ejus
3219 1965 3518 2017 essentize‘.
3547 1967 3616 2018 At
3638 1966 3828 2034 aliquis

2238 2031 2430 2084 stultus
2462 2030 2548 2084 hic
2578 2031 2877 2102 prorumpit
2903 2039 2958 2084 et
2985 2030 3131 2094 dicit,
3159 2031 3213 2086 Si
3244 2034 3374 2102 lapis
3407 2045 3489 2090 est
3522 2036 3572 2089 in
3611 2030 3742 2100 Deo;
3775 2047 3828 2089 et

2243 2102 2384 2174 Deus
2419 2102 2579 2155 estin
2623 2101 2816 2169 lapide,
2840 2116 2967 2174 ergo
3013 2103 3146 2170 lapis
3184 2113 3266 2157 est
3296 2101 3455 2158 Deus.
3480 2105 3595 2159 Non
3646 2108 3828 2174 utique

2240 2173 2500 2241 sequitur,
2533 2180 2589 2252 ut
2612 2186 2772 2225 omne
2809 2172 2952 2252 quod
2987 2183 3069 2226 est
3097 2173 3150 2227 in
3178 2175 3366 2238 altero,
3394 2177 3464 2230 sit
3493 2176 3622 2230 illud
3646 2177 3700 2230 in
3724 2172 3830 2246 quo

2240 2252 2349 2304 est;
2379 2257 2500 2296 nam
2531 2250 2709 2295 vinum
2754 2250 2836 2295 est
2863 2250 2915 2295 in
2948 2252 3082 2308 utre,
3112 2253 3166 2298 et
3207 2254 3379 2299 tamen
3413 2262 3518 2300 non
3561 2255 3648 2301 est
3679 2256 3827 2309 uter;

2241 2313 2320 2366 sol
2345 2327 2557 2382 quoque
2586 2314 2637 2365 in
2667 2313 2905 2382 speculo,
2935 2322 2990 2367 et
3013 2316 3284 2382 Speculum
3318 2317 3369 2369 in
3407 2317 3541 2380 sole,
3572 2327 3629 2371 et
3653 2328 3828 2374 tamen

2243 2393 2487 2456 neutrum
2507 2392 2590 2437 est
2613 2383 2752 2452 quod
2776 2383 2938 2456 aliud.
2960 2384 3107 2438 Sicut
3139 2386 3364 2454 quilibet
3389 2386 3576 2440 Ronre
3603 2390 3829 2456 positus,

2243 2455 2285 2508 si
2298 2455 2617 2524 cogitatione
2632 2462 2796 2507 totam
2814 2454 3077 2508 civitatem
3095 2457 3446 2520 collustraret,
3465 2454 3633 2512 totam
3648 2459 3832 2512 urbem

2243 2540 2364 2578 cmn
2405 2526 2599 2593 populo
2630 2525 2965 2594 imaginando
3002 2527 3165 2580 menti
3199 2541 3310 2580 sua:
3337 2528 3665 2590 includeret;
3689 2540 3833 2583 recte

2244 2595 2510 2667 diceretur
2554 2595 2722 2648 Roma
2770 2596 2821 2647 itt
2868 2595 2982 2664 ejus
3025 2597 3223 2660 anima,
3273 2607 3330 2652 et
3379 2599 3498 2667 ejus
3555 2601 3734 2652 anima
3782 2601 3831 2653 in

2248 2665 2702 2739 [toma_esse,_nec
2731 2675 2908 2718 tamen
2939 2667 3056 2734 ejus
3081 2667 3373 2722 substantia
3401 2665 3523 2724 esse
3553 2688 3567 2722 :
3601 2671 3679 2724 sic
3708 2685 3831 2739 pro-

2248 2736 2390 2790 fecto
2422 2737 2560 2790 Deus
2588 2737 2638 2790 in
2682 2739 2824 2788 omni
2877 2747 3143 2804 creatura,
3191 2746 3246 2792 et
3282 2740 3456 2792 omttis
3488 2736 3737 2794 creatura
3783 2741 3833 2793 in

2247 2822 2312 2879 eo
2341 2806 3064 2879 rectissimeral‘lirmaturtet
3089 2816 3264 2862 tamen
3287 2819 3536 2864 neutrum
3567 2811 3714 2879 quod
3756 2821 3836 2864 est

2247 2877 2390 2932 aliud
2419 2895 2432 2942 ;
2461 2878 2553 2931 sed
2611 2878 2696 2930 hic
2730 2877 2954 2931 Creator
2976 2877 3116 2932 Deus
3143 2879 3508 2946 immutabilis,
3541 2877 3659 2936 haec
3688 2897 3834 2936 crea-

2251 2957 2365 3002 tura
2408 2949 2679 3001 mutabilis
2707 2948 2984 3002 verissime
3010 2948 3345 3016 praedicatur.

2318 3018 2423 3072 Sed
2441 3019 2562 3087 quia
2597 3033 2695 3072 nos
2715 3020 2766 3072 itt
2785 3019 3018 3073 tenebris
3035 3020 3139 3072 nati
3158 3035 3362 3086 sumus,
3383 3020 3565 3077 lumen
3600 3023 3837 3076 veritatis

2251 3089 2432 3163 videre
2457 3103 2874 3163 nonpossutnus.
2904 3089 3162 3163 Mundam
3183 3090 3322 3145 hunc
3355 3107 3543 3163 super
3585 3093 3837 3163 abyssum

2250 3158 2548 3232 fundatum,
2591 3160 2753 3212 Deum
2795 3167 2971 3232 autem
2998 3175 3116 3214 cum
3140 3162 3326 3232 Angeli
3352 3162 3403 3215 in
3431 3158 3574 3216 cutio
3610 3158 3838 3217 locatum

2249 3231 2560 3298 cogitamus,
2591 3238 2644 3282 et
2668 3239 2817 3283 extra
2843 3231 2984 3285 hunc
3009 3231 3263 3285 mundum
3295 3233 3426 3287 nihil
3458 3234 3561 3288 nisi
3594 3235 3840 3288 tenebras

2250 3316 2368 3373 esse
2397 3311 2657 3370 putamus.
2675 3301 2778 3354 Sed
2805 3302 2984 3373 potius
3011 3303 3157 3357 visus
3185 3305 3381 3358 mentis
3408 3315 3611 3359 nostra:
3634 3306 3839 3373 magni-

2251 3371 2432 3444 tudine
2461 3387 2601 3444 verte
2637 3372 2764 3425 lucis
2797 3371 3108 3444 hebetatur,
3141 3374 3278 3444 sicut
3314 3388 3612 3444 corporeus
3655 3371 3839 3428 oculus

2239 3440 2455 3511 fulgore
2484 3442 2612 3496 solis
2637 3443 3029 3505 reverberatur,
3059 3453 3112 3497 et
3139 3443 3373 3498 tenebrae
3405 3440 3608 3500 neatra:
3641 3454 3838 3499 tantam

2249 3513 2542 3585 claritatem
2580 3528 2685 3566 non
2726 3513 3202 3585 comprehendunt,
3235 3522 3289 3568 et
3345 3515 3612 3585 caligante
3666 3517 3840 3569 cordis

2251 3583 2443 3656 intuitu
2461 3598 2576 3656 eam
2603 3597 2697 3656 nos
2719 3584 3070 3656 contemplari
3097 3583 3685 3656 prtepeditttttQNetnpe
3704 3596 3840 3640 totus

2252 3652 2337 3707 hic
2383 3653 2613 3706 mundus
2659 3655 2823 3706 instar
2879 3652 3174 3708 brevissimi
3215 3652 3410 3723 puncti
3469 3652 3635 3710 intra'
3677 3658 3838 3711 Deum

2249 3725 2545 3792 colligitur;
2568 3724 2908 3778 serenissima
2929 3733 3108 3778 autem
3128 3725 3214 3777 lux
3240 3725 3535 3795 majestatis
3555 3729 3675 3795 ejus
3693 3739 3839 3782 extra

2250 3795 2484 3864 undique
2506 3810 2715 3848 versum
2745 3796 2795 3847 in
2819 3795 3136 3868 immensum
3164 3795 3494 3868 dill'uutlitur.
3522 3797 3665 3852 Deus
3691 3800 3842 3868 quip-

2253 3881 2317 3932 pe
2347 3867 2589 3919 universa
2622 3880 2778 3932 supra
2820 3875 2874 3919 et
2903 3864 3059 3928 infra,
3094 3866 3318 3920 interius
3346 3875 3400 3920 et
3420 3868 3686 3933 exterius,
3710 3864 3769 3922 et
3790 3864 3841 3921 in

2251 3936 2476 3990 circuitu
2522 3935 2898 3997 essentialiter,
2923 3937 3126 4004 replet;
3155 3945 3207 3989 et
3236 3937 3429 3991 nullius
3469 3947 3738 3992 creatura:
3768 3940 3842 3992 in-

2253 4006 2493 4078 tellectus
2524 4006 2970 4078 interminabilem
3000 4010 3117 4074 ejus
3165 4007 3518 4060 substantiam
3557 4010 3666 4063 ulta
3703 4011 3844 4078 cogi-

2251 4077 2448 4131 tatione
2486 4077 2727 4131 excedit.
2787 4077 2897 4129 Hoc
2949 4077 3140 4130 iterum
3191 4078 3459 4131 infirmum
3513 4077 3841 4134 intellectum

2247 4147 2591 4209 scandalizat,
2621 4156 2674 4200 et
2706 4147 2893 4200 tacitus
2938 4148 3074 4214 apud
3102 4163 3160 4202 se
3200 4149 3402 4202 volutat
3435 4167 3446 4200 :
3475 4149 3534 4204 Si
3578 4160 3771 4205 cuncta
3794 4153 3841 4204 itt

2249 4218 2360 4272 Deo
2413 4227 2554 4283 sunt,
2581 4232 2708 4281 ergo
2732 4227 2784 4270 et
2825 4218 2934 4284 lupi
2971 4228 3026 4271 et
3051 4229 3329 4287 Serpentes
3357 4220 3463 4272 imo
3489 4228 3542 4273 et
3570 4220 3843 4274 dremoues

2251 4288 2302 4341 in
2332 4305 2395 4342 eo
2426 4298 2568 4341 sunt.
2605 4289 2718 4352 llic,
2753 4299 2808 4340 ut
2837 4304 3016 4355 supra,
3046 4289 3191 4344 nulla
3227 4291 3659 4344 inconvenientia
3701 4307 3846 4344 com-

2251 4359 2524 4431 probatur,
2571 4359 2694 4431 dum
2744 4361 2794 4410 iu
2837 4359 2916 4431 his
2941 4359 3204 4431 omnibus
3268 4360 3462 4414 bonum
3523 4363 3841 4431 reperiatur.

2247 4429 2417 4483 Omne
2439 4439 2616 4499 autem
2641 4430 2834 4499 bonum
2865 4429 2918 4482 in
2941 4429 3054 4483 Deo
3081 4439 3182 4495 est,
3202 4440 3350 4484 extra
3381 4445 3539 4499 quem
3579 4429 3713 4485 nihil
3744 4444 3840 4486 est.

2321 4499 2544 4554 CAPUT
2572 4498 2764 4552 XXVI.
2793 4498 3064 4573 Cur_uo_n_
3086 4502 3249 4573 omnis
3285 4498 3538 4573 creatura
3586 4505 3845 4573 (nonaliter

2248 4570 2378 4655 {ratio
2408 4573 2632 4650 fruatur,
2652 4586 2764 4622 cum
2785 4571 2947 4655 omnis
2966 4571 3029 4624 sit
3047 4571 3101 4624 in
3117 4569 3243 4625 Deo.
3266 4571 3404 4655 Quid
3423 4574 3489 4626 sit
3509 4569 3840 4655 maltiurpati.

2250 4641 2355 4715 Sed
2385 4641 2660 4710 quazritur,
2689 4655 2784 4715 cur
2809 4641 2982 4710 aliqua
3005 4650 3248 4715 creatura
3279 4643 3569 4715 quidquam
3607 4641 3733 4697 ntali
3758 4660 3844 4715 pa-

2247 4712 2426 4776 tiatur,
2455 4720 2638 4765 etnon
2679 4712 2851 4778 potius
2897 4721 3005 4764 tota
3044 4713 3320 4781 aequaliter
3361 4714 3502 4766 bono
3539 4712 3773 4781 fruatur,
3802 4716 3843 4768 si

2253 4783 2410 4844 Deus,
2441 4783 2531 4851 qui
2555 4790 2636 4834 est
2665 4797 2929 4834 summum
2956 4783 3171 4846 bonum,
3202 4784 3252 4836 itt
3279 4785 3422 4837 omni
3444 4793 3694 4838 creatura
3729 4801 3844 4839 esse

2248 4853 2567 4907 declaratur.
2595 4852 3010 4925 Sed__s_ciendutn
3046 4854 3328 4925 _est,_quod
3367 4854 3507 4908 sicut
3535 4857 3719 4909 anima
3759 4871 3847 4925 per

2250 4933 2418 4978 totum
2447 4937 2640 4992 corpus
2677 4922 2889 4982 diffusa,
2924 4923 2974 4975 in
3014 4923 3237 4993 singulis
3283 4925 3540 4978 membris
3571 4933 3683 4979 tota
3715 4922 3842 4980 con-

2249 4995 2388 5049 sistit
2415 5035 2429 5058 ,
2461 5011 2564 5047 non
2623 5002 2796 5047 tamen
2827 4993 3046 5062 singulis
3075 4995 3331 5048 membris
3368 5004 3474 5048 tota
3503 4996 3845 5051 administra-

2252 5066 2410 5118 tionis
2438 5080 2548 5118 suaa
2575 5079 2792 5117 ntunera
2833 5065 3039 5126 tribuit,
3081 5065 3176 5118 sed
3215 5066 3372 5119 oculo
3412 5074 3621 5119 tantum
3665 5069 3844 5122 videre

2250 5147 2430 5189 etnon
2481 5135 2688 5198 audire,
2719 5135 2832 5188 auri
2878 5144 3056 5188 autem
3098 5134 3283 5189 audire
3323 5146 3375 5190 et
3406 5152 3511 5190 non
3557 5139 3765 5203 videre,
3797 5151 3848 5192 et

2249 5207 2464 5262 casteris
2555 5205 2606 5258 in
2641 5205 2779 5259 hunc
2809 5205 3054 5269 modum;
3086 5207 3383 5260 membrum
3426 5217 3609 5262 autem
3641 5212 3727 5264 cui
3753 5210 3846 5263 do-

2250 5293 2376 5329 num
2435 5276 2784 5343 vegetationis
2832 5276 3094 5329 subtrahit
3147 5277 3400 5331 stolidum
3450 5289 3507 5332 et
3558 5279 3750 5336 inutile
3796 5280 3845 5333 in

2249 5361 2474 5420 corpore
2503 5347 2819 5420 remanebit,
2849 5355 2902 5399 et
2933 5348 3032 5420 hoc
3057 5346 3254 5401 malum
3284 5348 3390 5420 pati
3431 5350 3516 5404 vel
3558 5350 3695 5404 nihil
3743 5351 3846 5420 pati

2250 5418 2566 5490 aftirmatur,
2599 5418 2719 5485 quia
2742 5417 2902 5490 bono
2929 5419 3166 5490 privatur
3193 5436 3216 5490 :7
3239 5420 3316 5473 sic
3360 5419 3504 5474 Deus
3536 5436 3634 5490 per
3663 5417 3839 5476 omnia

2249 5487 2474 5541 ditiusus
2500 5489 2549 5562 in
2584 5488 2803 5562 singulis
2834 5496 2975 5541 totus
3004 5489 3266 5562 consistit,
3282 5505 3387 5562 non
3423 5487 3601 5546 tamen
3632 5493 3852 5562 singulis

2249 5568 2436 5633 cuncta
2483 5559 2620 5633 dona
2660 5559 2844 5633 gratia;
2881 5574 2990 5610 suae
3023 5559 3243 5622 tribuit;
3276 5559 3370 5614 sed
3421 5562 3649 5631 singulis
3698 5559 3850 5633 prout

2251 5631 2349 5682 sibi
2378 5630 2654 5697 placuerit,
2683 5629 2839 5696 lapidi
2871 5638 3072 5681 tantum
3095 5645 3213 5684 esse
3234 5641 3287 5685 et
3318 5647 3424 5684 non
3452 5629 3656 5692 vivere,
3676 5629 3850 5688 arbori

2251 5699 2548 5755 crescendo
2580 5701 2757 5753 vivere
2787 5713 2890 5752 non
2915 5701 3136 5768 sentire,
3170 5701 3355 5757 bestiis
3385 5705 3589 5760 sentire
3622 5722 3727 5759 non
3747 5705 3845 5758 dis-

2326 5917 2342 5948 ¹
2375 5915 2556 5967 Absunt
2577 5919 2677 5969 haec
2713 5931 2741 5967 a
2781 5927 2908 5980 uss,
2947 5932 2994 5968 tu
3029 5932 3213 5970 cor.....
3236 5934 3351 5984 pars
3384 5934 3489 5984 ejus
3515 5929 3756 5976 essenta.
