3986 6534
477 489 616 545 1025

477 602 682 656 modoa
713 592 1318 668 statuimmntabilitatis
1361 591 1687 668 degenerant
1716 605 1728 643 :
1759 587 1878 642 talis
1918 601 2038 668 mu-

477 671 703 726 tabilitas
723 675 805 722 est
829 666 905 720 eis
934 665 1175 735 quaadam
1204 660 1520 735 mortalitas.
1551 660 1756 715 Animae
1777 673 1904 713 vero
1929 660 2040 712 sic-

475 751 533 796 ut
565 748 688 794 sunt
727 753 821 807 per
869 733 1047 790 omnia
1076 735 1380 807 mutabiles,
1411 733 1482 786 ita
1517 745 1741 807 quoque
1765 743 1902 799 pene
1935 743 2048 807 per

477 810 652 863 omnia
686 799 956 862 mortales.
988 807 1126 860 Deus
1155 799 1472 928 quippe'est
1523 801 1630 854 vita
1658 801 1879 864 animae,
1907 799 2047 854 sicut

477 881 588 928 insa
616 887 698 928 est
734 878 838 928 vita
866 876 1105 928 corporis
1130 893 1144 928 :
1171 890 1228 928 se
1291 874 1428 928 sicut
1458 881 1724 926 mortuum
1751 878 1833 924 est
1856 883 2047 928 corpus

475 881 588 951 ipsa
616 887 698 951 est
734 878 838 951 vita
866 876 1105 945 corporis
1130 874 1264 951 :_sed
1291 874 1428 951 sicut
1458 881 1724 951 mortuum
1751 878 2050 951 estgcorpus

475 942 686 1020 quando
715 942 1096 1020 animam'non
1142 944 1334 1020 habet,
1377 946 1448 997 ita
1497 942 1674 1020 anima
1716 949 1923 1020 mortua
1966 946 2051 1020 est

474 1009 595 1074 eum
627 1019 736 1073 Deo
773 1027 950 1080 caret;
992 1017 1076 1070 vel
1121 1015 1256 1070 sicut
1278 1009 1456 1068 caecus
1477 1012 1659 1066 oculus
1699 1019 1939 1080 mortuus
1966 1009 2051 1062 di-

475 1090 615 1144 citur
640 1104 760 1143 cum
787 1089 904 1143 luce
931 1079 1281 1156 privatur,sic
1301 1083 1477 1156 anima
1500 1093 1727 1156 mortua,
1751 1096 1873 1156 cum
1896 1079 2049 1156 beata

477 1160 587 1214 vita
614 1175 732 1228 quae
759 1167 838 1212 est
870 1149 1008 1211 Deus
1050 1149 1392 1228 nonlruitur.
1424 1153 1748 1228 Solus_e_rgo
1787 1149 2050 1228 Deus__ba-

480 1230 570 1284 bet
614 1219 1090 1293 immortalitatem,
1121 1227 1243 1295 quia
1275 1224 1470 1295 nullam
1502 1219 2052 1295 recipit'mutabilita-

477 1309 608 1355 tem.
633 1299 731 1354 Hic
769 1298 926 1353 etiam
959 1291 1104 1350 solus
1133 1291 1216 1351 est
1246 1294 1545 1360 invisibilis,
1577 1291 1698 1360 quia
1744 1291 1872 1346 nulli
1897 1304 2052 1345 crea-

478 1379 614 1442 tura:
638 1369 940 1437 adplenum
966 1366 1326 1436 intelligibilis.
1355 1364 1557 1432 Nempe
1583 1361 1768 1434 Angeli
1789 1370 1844 1417 et
1862 1361 2053 1442 anima»

480 1431 756 1495 beatorum
783 1454 881 1494 suo
908 1453 1076 1500 more,
1105 1431 1210 1491 non
1240 1445 1443 1498 nostro,
1471 1431 1592 1488 eum
1619 1431 1830 1502 semper
1848 1431 2050 1502 vident;

480 1527 586 1564 non
619 1525 712 1579 per
739 1509 1010 1563 intervalla
1041 1507 1354 1576 spatiorum,
1378 1505 1514 1579 sicut
1556 1519 1654 1559 nos
1683 1501 1937 1579 corporea
1970 1501 2051 1579 vif

479 1573 689 1644 demus,
715 1579 807 1634 sed
844 1581 976 1633 intra
1007 1573 1148 1632 seet
1176 1585 1324 1630 extra
1355 1591 1413 1630 se
1436 1617 1451 1640 ,
1485 1576 1534 1628 in
1562 1573 1707 1628 omni
1733 1577 2056 1644 creatura‘et

484 1659 634 1705 extra
663 1640 873 1703 omnem
923 1657 1218 1701 creaturam
1247 1661 1366 1700 eum
1398 1645 1769 1714 conspiciunt,
1815 1650 1871 1714 et
1911 1640 2056 1696 nullo

485 1721 786 1776 intellectus
826 1719 1012 1772 intuitu
1037 1717 1434 1786 amplitudinem
1482 1732 1592 1768 sua:
1618 1713 2053 1786 claritatisexce-

483 1791 636 1844 dunt.
670 1789 737 1844 Et
764 1790 883 1858 quia
907 1805 1010 1841 non
1043 1783 1267 1858 pleniter
1287 1787 1354 1841 ab
1383 1786 1510 1858 ipsis
1529 1795 1596 1858 _ut
1622 1783 1898 1858 ausegipso
1924 1796 2057 1858 con—

481 1852 816 1932 spiciturgvgél
835 1852 1186 1932 _in‘tg_l_li_gitt_tr,
1215 1857 1334 1911 ideo
1364 1852 1508 1932 solus
1527 1854 1806 1932 invisibilis
1838 1852 2055 1932 dicitur.

557 1930 783 1985 CAPUT
833 1923 1054 1983 XXXII:
1099 1923 1355 1994 Quatenus
1394 1926 1542 1980 homo
1591 1926 1658 1978 ad
1707 1923 1976 1994 imaginem
2010 1930 2058 1994 et

486 2001 868 2055 similitudinem
903 1999 992 2051 Dei
1035 1991 1250 2052 creatus.
1295 1996 1393 2051 Res
1419 1996 1579 2050 omnis
1606 1991 1828 2064 aliquam
1860 1992 1967 2064 Dei_
1983 1991 2056 2044 si-

485 2071 818 2124 militudinem
866 2069 1032 2122 habet.
1076 2068 1283 2122 Animas
1324 2083 1432 2122 esse
1471 2061 1702 2120 aeternas.
1754 2065 1898 2118 Dtsc.
1939 2061 2058 2117 Jam

490 2142 667 2196 divina
725 2149 910 2194 natura
957 2155 1077 2193 cum
1129 2138 1364 2207 angelica
1415 2137 1466 2190 in
1519 2136 1616 2190 hac
1669 2136 1796 2207 turri
1829 2142 2060 2207 tenente

491 2221 723 2283 sceptra,
755 2225 881 2283 ecce
911 2210 1139 2263 humana
1164 2201 1347 2283 natura
1368 2205 1896 2283 legionemnaddticil;
1923 2211 1976 2256 et
1993 2201 2060 2257 ad

490 2275 900 2350 impugnandam
929 2295 1044 2333 eam
1076 2279 1384 2350 machinam
1403 2277 1576 2345 erigit.
1610 2275 1880 2350 Qu_.eri_t_nr
1899 2289 2060 2350 nam-

489 2342 593 2424 que
619 2342 884 2424 qvuomodo
917 2350 1083 2424 homo
1121 2349 1186 2403 ad
1233 2342 1513 2424 imaginem
1562 2357 1618 2401 et
1641 2342 2060 2424 Vsimilitudinent

495 2416 587 2476 Dei
617 2416 873 2475 formatus
899 2420 1105 2473 dicatur
1133 2437 1145 2472 :
1179 2435 1296 2474 cum
1339 2416 1478 2472 nttIIa
1509 2416 1875 2471 convenientia
1915 2416 2063 2468 simi-

493 2491 730 2546 Iitndinis
761 2491 847 2544 Dei
876 2491 926 2544 in
959 2490 1170 2543 homine
1189 2490 1561 2551 constticiatur.

561 2562 702 2617 MAG.
731 2561 1090 2629 Impugnantia
1128 2575 1156 2612 a
1205 2559 1616 2627 repttgrinntihtls
1668 2562 2059 2629 expugnantur,

489 2631 615 2686 dum
644 2626 998 2701 praecedentia
1031 2647 1066 2701 a7
1094 2626 1536 2701 consequentibus
1581 2626 2062 2701 inexpugnabiliter

493 2696 831 2756 roborantur.
890 2703 1002 2754 Duo
1055 2696 1299 2753 homines
1346 2699 1670 2762 scribuntur,
1709 2696 1960 2749 interior
2011 2703 2064 2749 et

492 2773 745 2826 exterior.
771 2772 996 2826 Interior
1039 2771 1248 2833 anima,
1292 2769 1526 2824 exterior
1563 2781 1788 2836 corpus;
1845 2765 2065 2820 interior

494 2842 1050 2907 invisibilis,‘exterior
1077 2841 1314 2894 visibilis.
1347 2839 1626 2892 Invisibilis
1663 2835 1795 2906 ergo
1821 2835 1886 2891 ad
1929 2836 2064 2907 ima-

493 2913 668 2981 ginem
699 2923 753 2967 et
774 2912 1170 2966 similitudinem
1200 2910 1477 2964 invisibilis
1509 2909 1597 2962 Dei
1624 2916 1706 2981 est
1730 2915 1962 2981 creatus,
1983 2906 2066 2959 vi-

494 2976 661 3035 sibilis
685 2992 858 3036 autem
895 2982 1182 3036 secundum
1209 2981 1467 3034 visibilem
1492 2978 1744 3032 mtnnlnm
1771 2986 1852 3031 est
1872 2976 2068 3030 forma-

497 3063 606 3107 tus.
631 3053 772 3107 Dens
799 3051 1078 3105 invisibilis
1106 3058 1188 3104 est
1213 3051 1263 3104 in
1287 3049 1578 3103 substantia
1615 3049 1809 3112 unitas,
1851 3047 1903 3100 in
1943 3062 2066 3113 pcr-

495 3123 644 3176 sonis
673 3122 900 3176 trinitas.
935 3121 1156 3176 lnterior
1201 3136 1328 3190 ergo
1368 3120 1547 3184 homo,
1581 3118 1631 3171 id
1661 3127 1764 3182 est,
1796 3118 1980 3190 anima
2000 3114 2067 3170 ad

501 3192 784 3261 imaginem
814 3193 1029 3246 unitatis
1057 3199 1140 3246 est
1165 3187 1340 3261 creata
1365 3207 1380 3253 ;
1411 3190 1530 3257 quia
1553 3205 1678 3261 _non
1725 3197 1807 3241 est
1832 3187 2067 3261 partibus

498 3258 768 3330 utcorpus
804 3262 1128 3330 composita,
1170 3260 1261 3314 sed
1293 3269 1376 3316 est
1412 3259 1632 3330 simple;
1663 3266 1847 3311 natura
1878 3266 1932 3312 et
1962 3258 2063 3330 im-

503 3327 742 3404 mortalis
769 3327 998 3404 essentia
1028 3333 1066 3385 ί.
1101 3329 1174 3404 (α)
1219 3331 1312 3384 Est
1356 3327 1581 3404 quoque
1609 3329 1745 3382 Dens
1791 3327 2063 3404 memoria,

500 3418 619 3472 qum.
638 3402 718 3455 sui
734 3410 788 3456 et
811 3401 1045 3455 omnium
1076 3397 1342 3472 quassant
1363 3397 1628 3472 meminit,
1650 3413 1768 3467 qua:
1793 3397 1951 3452 Pater
1973 3411 2068 3450 no-

503 3469 736 3525 minatur
767 3488 782 3526 :
815 3487 882 3526 ex
917 3487 1018 3541 qua
1068 3469 1409 3537 intelligentia
1453 3469 1704 3541 nascitur,
1737 3484 1856 3535 qua:
1901 3481 1960 3520 se
2009 3474 2064 3519 et

499 3551 689 3596 cuncta
715 3557 833 3611 qua:
881 3539 1004 3594 sunt
1038 3541 1278 3610 intelligit
1299 3582 1313 3603 ,
1341 3557 1460 3610 qua:
1497 3539 1662 3593 Filius
1692 3546 2022 3611 nuncupatur
2052 3553 2067 3591 :

501 3627 566 3665 ex
594 3609 814 3680 utraque
841 3611 1055 3666 dilectio
1073 3609 1309 3680 procedit
1328 3652 1342 3674 ,
1362 3609 1483 3679 qua:
1509 3623 1568 3663 se
1600 3620 1650 3663 et
1675 3609 1923 3680 universa
1945 3623 2064 3680 qua:

501 3692 626 3753 sunt
665 3677 858 3753 diligit,
890 3698 1008 3751 qua:
1036 3677 1262 3752 Spiritus
1291 3677 1504 3753 sanctus
1531 3687 1768 3753 vocatur.
1800 3677 1878 3731 Ad
1912 3677 2068 3745 hujus

502 3749 785 3807 Trinitatis
807 3749 1091 3821 imaginem
1132 3753 1306 3805 anima
1333 3751 1596 3815 conditur,
1630 3749 1754 3803 dum
1784 3753 1832 3804 ei
1862 3763 2070 3821 memo-

503 3822 600 3888 ria,
624 3820 941 3887 intellectns,
970 3823 1103 3876 ratio
1116 3822 1412 3875 dilectionis
1430 3821 1646 3882 inditur;
1680 3820 2070 3887 praeteritorum

501 3909 729 3963 namque
757 3893 1016 3955 meminit,
1051 3893 1328 3946 invisibilia
1355 3889 1777 3963 intelligil,_tna|a
1807 3904 2070 3963 respuens

502 3959 848 4033 bona'diligit.
889 3964 980 4017 Dei
1022 3977 1230 4033 quoque
1259 3961 1486 4033 essentia
1517 3959 1600 4033 est
1629 3961 1742 4033 lux,
1771 3960 1896 4024 vita,
1919 3959 2072 4033 justi-

505 4033 599 4095 tia,
630 4029 856 4099 bonitas,
881 4029 1174 4088 beatitudo.
1204 4032 1281 4086 Ad
1305 4031 1443 4086 hanc
1461 4029 1856 4086 similitudinem
1895 4030 2071 4082 anima

501 4103 639 4158 laeta
669 4112 783 4169 est;
815 4115 874 4158 ttt
917 4107 985 4158 sit
1025 4103 1192 4158 lucida
1214 4143 1229 4164 ,
1263 4103 1432 4155 vitalis
1456 4143 1468 4163 ,
1510 4102 1671 4169 justa,
1703 4100 1862 4162 bona,
1894 4099 2068 4169 beata.

512 4168 910 4228 Exteriorvero
929 4174 1109 4238 homo,
1137 4172 1187 4226 id
1213 4181 1313 4236 est,
1343 4168 1537 4240 corpus
1560 4170 1791 4240 quodam
1823 4168 1981 4223 modo
2007 4168 2074 4223 ad

501 4244 776 4312 exemplar
801 4244 982 4298 mundi
1010 4243 1285 4306 formatur,
1313 4239 1523 4296 dum’ex
1543 4239 1769 4312 quatuor
1796 4239 2074 4312 elementis

502 4310 904 4382 compaginatur
933 4332 946 4367 :
975 4314 1113 4368 unde
1157 4323 1209 4366 et
1241 4312 1641 4373 microcosmus,
1673 4310 1722 4364 id
1769 4320 1870 4372 est,
1899 4310 2074 4382 minor

504 4380 733 4453 mundus
759 4383 1181 4453 cognominatur.
1217 4383 1285 4453 Et
1327 4385 1377 4435 in
1407 4382 1506 4453 hoc
1528 4382 1686 4453 etiam
1717 4383 1891 4433 anima
1915 4380 2075 4453 habet

503 4450 899 4508 similitudinem
944 4454 1054 4516 Dei,
1088 4453 1214 4507 dum
1245 4451 1356 4521 ipsa
1403 4451 1482 4521 sic
1518 4451 1776 4505 minorem
1821 4450 2074 4505 mundum

501 4524 794 4589 gubernat,
828 4533 885 4577 ut
917 4525 1053 4577 Deus
1083 4520 1358 4590 majorem.
1391 4520 1573 4575 Omnis
1599 4535 1811 4590 quoque
1832 4530 2075 4576 creatura

504 4607 598 4660 per
619 4593 812 4663 aliquid
841 4594 1238 4648 similitudinem
1260 4593 1348 4646 Dei
1374 4590 1551 4658 habet,
1573 4601 1628 4646 et
1653 4599 1905 4663 quantum
1928 4606 2075 4663 quaa-

501 4659 606 4726 qne
648 4659 798 4718 alteri
830 4675 911 4718 est
941 4664 1300 4724 excellentior,
1339 4671 1539 4715 tantum
1591 4671 1674 4716 est
1713 4661 1785 4714 illi
1828 4659 2072 4716 similior.

502 4731 618 4804 Ipse
647 4735 840 4804 quippe
879 4744 980 4796 est,
1012 4734 1157 4800 vivit,
1186 4734 1362 4797 sentit,
1395 4747 1486 4800 per
1513 4733 1772 4804 rationem
1799 4730 2072 4804 discernit.

502 4802 880 4874 Lapides'ergo
926 4805 1040 4874 ejus
1091 4804 1449 4874 similitudine
1476 4817 1535 4874 se
1581 4802 1905 4874 adjungnut;
1953 4803 2073 4871 quia

499 4883 645 4928 sunt.
671 4871 903 4930 Arbores
933 4871 1097 4943 magis
1122 4873 1455 4930 similitudini
1485 4873 1599 4941 ejus
1620 4871 2070 4943 apprbpinqnant;

497 4945 618 5013 quia
649 4955 807 5008 sunt,
843 4942 1217 5001 etcrescendo
1260 4945 1461 4998 vivunt.
1507 4945 1741 5012 Quaeque
1787 4942 2072 5013 animantia

501 5012 668 5087 multo
689 5017 854 5087 magis
874 5017 989 5085 ejus
1011 5015 1411 5087 similitudinem
1434 5014 1754 5087 exprimunt;
1779 5012 1904 5087 quia
1927 5021 2071 5087 sunt,

499 5085 680 5140 vivunt
707 5097 760 5140 et
779 5083 1037 5142 sentiunt.
1073 5088 1240 5141 Porro
1267 5087 1316 5139 in
1350 5084 1654 5139 hominibus
1683 5097 1737 5139 et
1777 5083 1829 5137 in
1855 5083 2074 5153 Angelis

497 5156 789 5211 similitudo
820 5158 909 5212 Dei
939 5159 1168 5211 maxime
1207 5157 1463 5224 refulget;
1493 5155 1614 5225 quia
1652 5163 1816 5222 sunt,
1851 5154 2071 5221 vivunt,

494 5227 765 5280 sentiunt.
798 5237 853 5282 et
881 5230 1086 5282 ratione
1114 5227 1446 5282 discernunt.

567 5298 785 5351 Animas
811 5307 985 5352 autem
1024 5305 1234 5352 constat
1275 5312 1392 5352 esse
1438 5304 1686 5350 :eternas.
1733 5294 1789 5350 Si
1822 5293 1964 5349 enim
2005 5293 2072 5349 ad

493 5364 777 5420 videndum
809 5367 974 5422 Deum
1024 5368 1175 5422 facta:
1225 5367 1600 5436 praedicantur,
1642 5366 1945 5436 necessario
1981 5380 2070 5420 se-

494 5435 694 5502 quitur,
727 5447 780 5488 ut
809 5438 944 5492 sicut
975 5439 1111 5492 Deus
1160 5435 1315 5492 linem
1345 5453 1449 5491 non
1494 5437 1690 5491 habere
1716 5435 1968 5497 creditur,
1998 5436 2070 5491 ita

493 5505 688 5561 animae
716 5505 864 5561 illum
895 5509 1086 5562 visura:
1124 5509 1239 5562 sine
1270 5509 1371 5563 line
1402 5509 1580 5563 vivere
1605 5525 1708 5562 non
1737 5507 2066 5562 dubitcntur.

556 5660 571 5690 ⁸
611 5665 660 5707 1η
683 5666 754 5724 8,,
786 5660 872 5710 sed
888 5668 957 5711 est
980 5659 1185 5724 simplex
1211 5668 1423 5724 naturae,
1467 5665 1512 5711 et
1536 5659 1821 5711 immortalis
1843 5659 2063 5711 essentia.

490 5727 562 5769 Er.
589 5721 736 5783 tugd.
764 5730 880 5786 ven.
906 5731 958 5786 et
982 5721 1089 5770 Lov'.
1123 5723 1279 5771 secuti
1300 5736 1484 5786 sumus,
1523 5736 1649 5786 quos
1672 5730 1723 5772 et
1763 5725 1864 5786 ipsa
1902 5732 2070 5773 secuta

490 5791 574 5845 est
585 5791 662 5845 PP.
691 5783 1105 5845 Bent-dictinorum
1131 5785 1447 5845 alittterliiatia
1474 5783 1638 5833 editio.
1721 5792 1778 5832 Ill.

555 5844 630 5909 (α)
667 5845 765 5894 vid.
793 5844 997 5909 Anselmi
1021 5843 1251 5908 atonolog.
1265 5843 1399 5906 capp.
1415 5847 1492 5906 59,
1509 5847 1590 5907 69,
1601 5847 1694 5909 73;
1717 5846 1813 5896 vid.
1836 5845 2064 5897 Elucidar.

486 5908 573 5957 nn.
597 5905 640 5971 ι,
665 5918 805 5971 capp.
835 5907 908 5969 tt,
935 5907 1010 5955 δι.

1922 470 2260 528 APPENDIX
2271 515 2285 529 .

3617 475 3745 536 10%|

2157 586 2253 642 sed
2297 587 2572 660 qumritur,
2623 595 2800 642 utrum
2852 587 2960 644 illae
2987 588 3182 644 anima:
3217 589 3559 647 immortales
3594 596 3702 650 sint
3727 638 3742 660 ,

2154 673 2274 727 qua:
2299 658 2468 712 Deum
2522 656 2715 713 visura:
2743 673 2850 714 non
2895 667 3039 714 sunt.
3093 660 3295 716 Omnes
3345 664 3560 716 animas
3590 656 3745 721 unius

2154 737 2364 800 constat
2388 742 2507 782 esse
2535 737 2773 793 naturae;
2801 738 2856 784 et
2889 730 2935 785 si
2966 731 3211 800 quaedam
3240 731 3438 786 anima:
3466 734 3741 788 immorta-

2157 798 2238 874 les
2259 807 2400 874 sunt,
2429 814 2557 868 ergo
2582 813 2768 874 omnes
2794 798 3122 856 immortales
3158 812 3284 874 sunt
3317 820 3330 856 :
3363 803 3530 874 igitur
3556 821 3744 860 ou'tnes

2155 869 2346 922 anima:
2365 869 2527 922 Deum
2555 869 2749 924 visura:
2766 885 2979 940 semper
2998 882 3159 926 erunt
3185 869 3465 938 beatazfet
3490 891 3618 929 eum
3640 893 3744 931 non

2156 940 2346 992 κνίδαι-ιε
2367 953 2578 1006 semper
2603 940 2811 995 misera:
2840 941 2880 996 ί.

2226 1008 2452 1064 CAPUT
2478 1009 2718 1064 XXXIII.
2750 1010 2934 1065 Anima
2970 1011 3105 1066 unde
3129 1022 3233 1066 tam
3277 1014 3441 1067 multa
3490 1015 3661 1068 videat
3696 1016 3746 1069 in

2154 1080 2362 1133 somnis.
2391 1077 2495 1134 Cur
2543 1097 2596 1133 se
2633 1097 2734 1134 non
2778 1081 2962 1136 videat.
2995 1082 3140 1138 Dtsc.
3173 1084 3326 1140 Unde
3361 1087 3564 1140 aninue
3604 1096 3744 1141 tanta

2155 1149 2336 1204 vident
2357 1149 2407 1203 in
2430 1151 2666 1204 somnis?

2226 1220 2364 1275 MAG.
2388 1221 2576 1274 Anima
2604 1220 2884 1275 insatiabili
2908 1222 3199 1290 cupiditate
3226 1224 3429 1280 sciendi
3462 1226 3743 1281 veritatem

2156 1298 2420 1366 captatur,
2452 1301 2506 1345 et
2530 1291 2662 1366 ideo
2705 1307 2918 1366 semper
2965 1292 3475 1366 incogitationibus
3504 1306 3744 1366 vagatur,

2158 1360 2382 1438 ideoque
2405 1361 2646 1438 sensibus
2670 1363 2908 1438 corporis
2930 1360 3149 1438 sopitis;
3169 1380 3275 1438 per
3293 1360 3744 1438 aznigmata'qum-

2157 1431 2278 1502 dam
2306 1431 2488 1502 futura
2511 1501 2515 1502 ί
2535 1433 2644 1486 Deo
2688 1433 2959 1488 revelante
2986 1431 3260 1502 przevidet,
3290 1431 3567 1492 interdum
3607 1431 3746 1492 circa

2158 1501 2711 1577 verisimiliadiaholo
2729 1501 3121 1577 fallenteanxia
3154 1506 3372 1573 languet
3398 1525 3413 1560 :
3448 1509 3744 1577 aliquando

2161 1571 2378 1647 Angelis
2408 1572 2486 1647 vel
2517 1573 3221 1647 annnabusconfabulatur,
3251 1571 3607 1647 aliquando'a
3636 1580 3743 1632 dre-

2161 1642 2405 1696 monihus
2451 1643 2765 1698 Iudilic.itnr.
2813 1643 2936 1697 ll:ec
2986 1645 3037 1698 in
3100 1646 3315 1700 modum
3343 1642 3507 1704 'oculi
3550 1659 3741 1705 uetera

2159 1713 2334 1787 omnia
2368 1713 2533 1787 videt,
2556 1729 2615 1767 se
2641 1714 2810 1787 ipsam
2839 1713 3022 1787 videre
3049 1731 3155 1787 non
3177 1727 3374 1787 potest.

2236 1783 2376 1838 Dtsc.
2409 1783 2546 1837 Cura
2592 1783 2744 1838 nobis
2771 1799 2873 1837 non
2908 1785 3150 1839 videtur?

2231 1852 2371 1908 ΜΑο.
2400 1855 2542 1929 Quia
2579 1864 2682 1908 tam
2717 1855 2944 1929 subtilis
2976 1855 3093 1929 ejus
3124 1866 3312 1929 natura
3349 1856 3572 1922 dicitur,
3605 1860 3743 1929 quod

2161 1937 2279 1995 sea
2304 1925 2575 1992 corporeis
2612 1924 2780 1978 oculis
2832 1926 2996 1979 videri
3039 1942 3141 1980 non
3203 1927 3420 1995 patitur.
3475 1924 3744 1994 Quian-tum

2161 1994 2302 2049 enim
2324 2009 2458 2062 aqua
2500 1995 2710 2049 tenuior
2733 2004 2814 2049 est
2841 2004 3002 2058 terra,
3029 1994 3230 2052 tantum
3263 2013 3356 2053 aer
3380 1999 3640 2054 subtilior
3668 2013 3748 2056 est

2161 2080 2328 2134 aqua;
2375 2073 2430 2118 et
2456 2078 2708 2132 quantum
2754 2066 3005 2120 a-therius
3047 2068 3183 2134 ignis
3220 2085 3400 2122 aerem
3451 2071 3747 2133 tenuitate,

2165 2144 2365 2189 tantum
2387 2135 2544 2189 vincit
2571 2137 2745 2190 anima
2779 2136 2952 2206 ignem
2980 2135 3253 2193 caelestem
3271 2139 3589 2195 subtilitate.
3628 2142 3752 2197 Ilaec

2162 2216 2246 2261 est
2269 2206 2409 2260 enim
2441 2221 2599 2260 causa
2628 2207 2767 2274 quod
2793 2207 2967 2261 nullus
2993 2210 3213 2276 spiritus
3238 2226 3267 2262 a
3298 2211 3452 2264 nobis
3481 2212 3745 2276 cernitur,

2163 2278 2283 2402 guia
2311 2275 2572 2398 subtilitas
2603 2277 2812 2332 illorum
2867 2287 3074 2333 natura:
3104 2289 3348 2334 nostrum
3380 2282 3558 2337 visum
3587 2275 3750 2338 exce-

2200 2363 2289 2400 ere
2323 2362 2410 2400 ere
2454 2358 2574 2400 lllll‘.

2200 2363 2289 2400 ere
2323 2358 2574 2400 Cl‘Bdlllll‘.

2236 2417 2459 2489 CAPUT
2490 2417 2728 2472 XXXIV.
2759 2416 2860 2484 Qui
2883 2419 3096 2489 singulis
3120 2421 3174 2474 in
3193 2420 3431 2476 membris
3449 2431 3578 2476 tota.
3606 2423 3748 2478 Dtsc.

2165 2488 2401 2562 Qualiter
2452 2489 2758 2555 perhibetur
2809 2488 2984 2543 anima
3034 2506 3128 2559 per
3173 2500 3340 2546 totum
3381 2508 3583 2562 corpus
3635 2507 3754 2549 esse

2165 2558 2376 2619 dill‘usa,
2409 2568 2463 2612 et
2496 2569 2670 2612 tamen
2714 2573 2818 2612 non
2852 2562 3019 2629 magis
3038 2558 3097 2614 in
3141 2562 3412 2629 maximis,
3439 2558 3546 2618 nec
3576 2565 3755 2616 minus

2166 2644 2286 2683 esse
2317 2631 2367 2682 in
2397 2630 2648 2684 membris
2679 2629 2930 2702 minimis,
2959 2630 3051 2684 sed
3080 2632 3131 2686 in
3155 2632 3377 2702 singulis
3418 2642 3532 2689 tota
3553 2635 3579 2688 ?
3611 2634 3740 2689 Num

2169 2708 2247 2754 tot
2275 2711 2398 2752 sunt
2429 2708 2567 2766 tota,
2599 2711 2724 2766 quot
2756 2701 3034 2754 membra?

2239 2770 2377 2826 Msa.
2411 2770 2558 2825 Sicut
2588 2769 2830 2838 superius
2877 2770 3078 2825 dictum
3110 2781 3212 2836 est,
3251 2772 3295 2827 si
3342 2772 3525 2829 lumen
3557 2775 3615 2828 in
3641 2791 3753 2829 me-

2166 2839 2312 2915 dium
2347 2850 2720 2915 ponatur,__non
2748 2841 2922 2915 minus
2948 2842 3000 2915 in
3030 2843 3184 2906 meis,
3210 2853 3264 2897 et
3285 2861 3390 2899 non
3415 2846 3591 2915 magis
3621 2846 3756 2899 lucet

2168 2911 2219 2965 in
2242 2913 2461 2965 alterius
2487 2912 2674 2984 oculis,
2703 2910 2796 2984 sed
2827 2911 2877 2964 in
2921 2912 3141 2984 singulis
3162 2924 3351 2980 totum,
3381 2925 3436 2970 et
3465 2910 3533 2970 in'
3551 2932 3615 2970 se
3646 2917 3754 2984 ipso

2168 2991 2350 3054 manet
2373 2991 2561 3054 totum;
2594 2982 2668 3035 sic
2697 2982 2872 3034 anima
2899 2983 3092 3054 ubique
3128 2985 3178 3038 in
3207 3000 3457 3054 corpore,
3487 2995 3546 3041 et
3573 2988 3627 3040 in
3654 2982 3755 3039 sin-

2167 3053 2306 3175 gulis
2349 3052 2600 3106 membris
2629 3062 2716 3106 est
2743 3059 2878 3116 tota;
2913 3053 3050 3108 unde
3078 3063 3217 3109 tacto
3245 3052 3352 3110 uno
3381 3057 3633 3110 membro
3658 3056 3767 3110 do-‘

2191 3131 2244 3175 et
2263 3130 2392 3175 tota.
2417 3122 2531 3175 Non
2556 3133 2730 3175 tamen
2760 3130 2836 3174 tot
2864 3131 2968 3175 tota
2997 3137 3126 3175 nuot
3165 3125 3429 3175 membra-
3459 3129 3586 3175 atria
3623 3129 3676 3175 in
3700 3141 3755 3175 se

2191 3131 2244 3176 et
2263 3130 2392 3176 tota.
2417 3122 2531 3176 Non
2556 3130 2836 3196 Lamen_tot
2864 3131 2968 3176 tota
2997 3137 3126 3196 quot
3164 3125 3430 3191 membra,
3459 3129 3587 3196 quia
3623 3129 3676 3181 in
3700 3141 3755 3180 se

2170 3191 2281 3260 ipsa
2313 3201 2490 3247 manet
2518 3202 2658 3256 tota;
2708 3193 2847 3246 sicut
2887 3208 2990 3247 vox
3018 3191 3082 3247 in
3125 3197 3344 3251 auribus
3373 3191 3621 3251 omnium
3655 3214 3756 3251 non

2169 3263 2575 3330 particulariter,
2621 3263 2715 3319 sed
2740 3271 2896 3317 sonat
2924 3273 3052 3328 tota,
3085 3274 3140 3321 et
3182 3266 3234 3320 in
3261 3282 3320 3322 se
3359 3267 3477 3337 ipsa
3517 3279 3758 3323 remanet

2171 3341 2299 3387 tota.

2241 3403 2466 3458 CAPUT
2483 3403 2577 3458 XX
2587 3402 2699 3458 XV.
2722 3401 2826 3475 Gnr
2845 3421 2948 3457 una
2965 3403 3190 3459 discendi
3209 3407 3314 3460 alia
3329 3409 3594 3475 capacior.
3613 3409 3753 3463 Dtsc.

2173 3471 2229 3529 Si
2261 3490 2447 3547 omnes
2476 3476 2668 3547 animae
2698 3473 3086 3547 uniusnaturze
3112 3487 3264 3542 sunt,
3297 3471 3556 3547 quidnam
3583 3495 3756 3534 causa:

2171 3545 2424 3616 estquod
2453 3545 2694 3613 quaedam
2724 3545 2969 3612 habilior,
3013 3547 3257 3616 quaedam
3298 3545 3506 3603 tardior
3558 3559 3646 3604 est
3691 3548 3755 3604 ad

2171 3614 2477 3670 discendum
2499 3616 2522 3670 ?

2245 3685 2384 3742 MAG.
2408 3687 2596 3740 Anima
2625 3685 2785 3741 habet
2813 3687 3034 3740 formam
3055 3701 3196 3742 certe
3224 3688 3308 3744 vel
3333 3688 3597 3744 candelae.
3623 3689 3751 3744 Cera

2172 3754 2363 3828 habilis
2387 3766 2470 3811 est
2502 3756 2567 3810 ad
2594 3757 2993 3828 exprimendam
3020 3758 3326 3827 imaginem,
3357 3760 3402 3814 si
3439 3761 3489 3814 ei
3520 3761 3753 3828 sigillum

2175 3827 2526 3896 itnprimatur;
2557 3827 2634 3880 sic
2656 3827 2874 3881 candela
2900 3827 2965 3881 ad
2993 3829 3298 3893 lucentium,
3329 3829 3374 3884 si
3405 3827 3752 3886 accendatur.

2174 3898 2226 3970 in
2252 3899 2390 3970 hunc
2424 3898 2637 3970 modum
2676 3898 2926 3970 exprimit
2953 3899 3135 3970 anima
3173 3899 3459 3970 imaginem
3492 3903 3754 3962 scientiae,

2174 3969 2216 4040 si
2245 3967 2296 4022 ei
2339 3969 2657 4036 imprimitur
2683 3967 2911 4035 sigillum
2934 3968 3223 4035 doctrinae;
3251 3967 3543 4040 lumenque
3565 3973 3757 4026 verita-

2177 4039 2244 4092 tis
2269 4040 2491 4110 recipit,
2516 4040 2559 4091 si
2587 4040 2706 4109 igne
2745 4040 3020 4106 sapientiae
3064 4054 3286 4110 accensa
3315 4039 3480 4095 fuerit
3512 4059 3527 4095 :
3567 4059 3687 4110 qua:
3711 4043 3752 4096 si

2176 4125 2349 4178 seper
2377 4109 2608 4163 studium
2641 4110 2722 4164 vel
2745 4109 3056 4164 exercitium
3081 4109 3312 4165 habilem
3339 4114 3360 4144 ²
3389 4109 3636 4180 praebere
3662 4128 3756 4167 ne-

2175 4180 2428 4250 glexerit,
2479 4181 2618 4234 sicut
2642 4195 2764 4234 cera
2817 4181 2935 4235 sine
2964 4181 3227 4248 imagine,
3266 4193 3320 4236 et
3349 4182 3488 4237 sicut
3537 4184 3759 4238 candela

2178 4251 2456 4323 inaccensa
2478 4251 2594 4305 sine
2621 4250 2844 4323 lumine,
2866 4252 2943 4306 sic
2969 4251 3020 4323 in
3047 4252 3279 4323 tenebris
3296 4253 3621 4323 ignorantia:
3647 4256 3758 4307 sine

2177 4321 2396 4376 scientia
2433 4329 2506 4393 et
2527 4322 2750 4375 veritate
2781 4321 3094 4393 remanebit.
3123 4321 3332 4388 Quanto
3361 4325 3534 4393 magis
3579 4334 3753 4378 autem

2176 4408 2401 4462 quaeque
2426 4392 2601 4446 anima
2649 4407 2708 4446 se
2732 4393 2988 4446 doctrinae
3015 4392 3364 4462 adaptaverit,
3409 4392 3563 4447 tanto
3598 4395 3761 4461 magis

2177 4478 2341 4532 Capax
2371 4464 2605 4518 scientia:
2632 4463 2752 4517 erit.
2792 4462 2900 4517 Cur
2943 4471 3121 4517 autem
3154 4464 3288 4533 ignis
3319 4466 3490 4518 sancti
3522 4463 3758 4533 Spiritus

2177 4533 2431 4603 quasdam
2467 4534 2672 4587 animas
2700 4548 2758 4587 se
2787 4533 2987 4587 habiles
3026 4548 3134 4587 non
3171 4535 3496 4602 praebentes,
3533 4537 3646 4588 imo
3672 4551 3763 4588 ne-

2177 4605 2455 4674 gligentes,
2484 4604 2681 4657 lumine
2707 4603 2948 4658 scientiae
2986 4606 3154 4674 magis
3174 4604 3467 4669 accendat,
3497 4606 3758 4674 quasdam

2177 4691 2282 4729 non
2327 4674 2619 4738 accendat;
2673 4674 2780 4728 imo
2818 4674 3132 4744 quibusdam
3177 4676 3548 4729 laborantibus
3593 4678 3764 4730 scien-

2180 4747 2304 4800 tiam
2335 4744 2640 4807 subtrahat,
2686 4745 2805 4798 aliis
2829 4745 3090 4799 similibus
3116 4761 3219 4799 non
3264 4745 3590 4810 subtrahat;
3631 4749 3763 4801 ratio

2181 4825 2458 4886 penetrare
2477 4831 2578 4869 non
2610 4815 2789 4870 valens
2810 4815 3052 4870 mirando
3071 4817 3264 4870 clamat
3287 4834 3298 4868 :
3329 4816 3374 4869 0
3394 4834 3552 4885 quam
3574 4819 3765 4870 incom-

2179 4886 2671 5021 ἴὶἶεήεηείὸὶιὲἒῖξιηι
2689 4886 2888 4956 judicia
2916 4886 3031 4950 Dei,
3063 4896 3109 4940 et
3133 4887 3505 4958 investigabiles
3535 4889 3634 4942 vita
3653 4889 3760 4959 ejus

2255 4975 2355 5010 om.
2380 4973 2450 5018 XI,
2587 4997 2598 5010 .

2255 4975 2355 5010 om.
2380 4973 2450 5018 XI,
2476 4973 2598 5018 aa)!

2179 4961 2355 5028 (Rom.
2380 4973 2450 5018 xt,
2476 4961 2564 5021 55)
2586 4961 2598 5010 !

2201 5098 2210 5099 ί
2250 5027 2475 5082 CAPUT
2508 5025 2748 5081 XXXVI.
2781 5026 2930 5099 Quod
2969 5043 3098 5081 unus
3140 5027 3281 5082 nobis
3310 5028 3576 5099 magister.
3618 5029 3758 5083 Dtsc.

2176 5098 2309 5154 Cum
2332 5107 2518 5152 cuncta
2535 5113 2564 5149 a
2589 5099 2853 5165 magistris
2878 5097 3169 5167 discantur,
3198 5097 3468 5167 quomodo
3495 5115 3639 5154 unus
3657 5117 3765 5152 ina-

2175 5170 2338 5239 gister
2367 5169 2418 5222 in
2449 5168 2600 5240 caelis
2629 5183 2749 5222 esse
2773 5168 3020 5240 scribitur
3061 5166 3272 5239 (Matth.
3300 5185 3452 5234 xxnt,
3480 5169 3563 5240 9),
3596 5185 3630 5224 a
3657 5186 3763 5240 quo

2176 5238 2326 5310 quasi
2353 5238 2654 5307 specialiter
2678 5238 3256 5310 qtnnquedoceantur?

2247 5310 2383 5382 Mss.
2418 5310 2472 5382 Si
2504 5318 2648 5382 recte
2672 5309 3033 5382 perpenditur,
3071 5309 3200 5364 nihil
3222 5325 3443 5382 prorsus
3461 5326 3560 5382 per
3583 5309 3762 5382 homi-

2178 5397 2300 5436 nem
2329 5379 2569 5436 discitur.
2601 5379 2833 5447 Magistri
2863 5389 3063 5434 tantum
3109 5379 3588 5435 ctnnmemorando
3631 5379 3759 5434 roris

2177 5452 2415 5524 plantant
2453 5460 2507 5503 et
2535 5451 2741 5524 rigant;
2777 5451 2973 5524 veritas
3011 5459 3187 5504 autem
3218 5468 3335 5524 quae
3364 5452 3629 5524 inanima
3664 5452 3763 5524 lia-

2177 5519 2347 5587 bitat,
2373 5523 2514 5576 intus
2540 5519 2782 5575 docendo
2811 5522 3192 5575 incrementum
3237 5519 3329 5576 dat
3359 5522 3401 5594 (I
3424 5522 3545 5576 Cor.
3570 5539 3650 5585 nt,
3682 5521 3759 5591 7).

2239 5658 2256 5689 ί
2292 5661 2366 5704 Er.
2401 5653 2549 5717 Lugd.
2579 5661 2679 5702 Ven
2723 5659 2831 5704 ων.
2869 5655 2938 5704 sic
2974 5652 3148 5717 legunt
3186 5655 3317 5717 hunc
3360 5655 3554 5705 locum:
3583 5665 3754 5705 omnes

2175 5717 2359 5769 anitnas
2381 5715 2520 5779 inlitis
2547 5722 2726 5779 constat
2749 5729 2850 5766 esse
2879 5715 3092 5779 natm'tv,
3127 5715 3233 5767 etsi
3257 5719 3388 5779 (ιω.
3413 5716 3505 5777 sic)
3531 5717 3758 5779 quaedam

2175 5779 2350 5830 ratium:
2372 5775 2664 5840 inmortales
2695 5786 2803 5827 sunt
2830 5791 2846 5828 :
2870 5777 3017 5840 igitur
3044 5791 3204 5840 omnes
3237 5775 3411 5828 animm
3447 5775 3599 5828 nam:
3633 5778 3754 5830 tisa-

2176 5857 2246 5894 ra:
2266 5854 2451 5892 semper
2469 5847 2606 5890 erunt
2631 5839 2795 5896 bettttt',
2819 5849 2863 5890 ct
2887 5839 2995 5890 eum
3021 5853 3112 5889 non
3136 5839 3312 5891 visura:
3335 5842 3540 5890 Μίδαι-α’.
3611 5847 3669 5890 Il.

2239 5907 2258 5938 ³
2293 5911 2342 5953 tn
2364 5910 2444 5954 Ms.
2471 5915 2566 5953 non
2591 5909 2683 5964 est,
2708 5900 2944 5965 habilem;
2969 5917 3059 5952 uec
3081 5902 3218 5965 intra,
3245 5901 3442 5954 habiles.
