3986 6484
221 362 347 419 Μεδ

220 479 315 533 Sed
337 478 520 530 stultus
535 489 645 546 non
669 473 911 544 intelligit
934 476 1072 539 haec;
1101 478 1235 530 ratio
1255 487 1430 531 autem
1452 493 1569 546 qua:
1589 485 1779 529 cuncta

217 544 673 618 discernit,_facile
707 546 820 598 bzcc
853 548 942 618 ita
992 561 1111 601 esse
1141 544 1529 618 comprobabit.
1580 546 1782 618 Nempe

216 617 454 689 quidquid
483 616 723 689 discitur,
762 617 950 670 melius
989 632 1086 686 per
1113 616 1284 672 visum
1317 634 1474 689 quam
1504 633 1600 686 per
1624 616 1780 671 audi-

216 686 316 743 tum
342 687 559 755 capitur.
582 686 711 739 Nam
741 698 993 753 quantum
1013 704 1155 742 caeco
1170 700 1292 742 nato
1318 686 1384 743 de
1398 688 1512 742 sole
1532 704 1780 743 narrave-

213 776 286 823 ro,
311 760 416 826 ipse
439 768 609 810 tamen
636 758 937 826 nescitquid
953 758 1131 823 sitsol,
1154 775 1310 828 quem
1332 774 1600 828 nunquam
1626 760 1773 822 vidit;

216 840 403 883 tantum
428 828 600 898 verbis
628 828 759 881 meis
792 829 959 881 credit
980 828 1175 898 aliquid
1205 845 1323 883 esse
1359 830 1499 897 quod
1523 829 1591 882 ita
1619 845 1776 882 voce-

208 911 309 963 tur,
330 909 416 950 aut
446 896 671 951 fortasse
696 898 902 952 dubitat
926 896 1212 968 quidquam
1236 916 1355 955 esse
1381 896 1433 953 in
1457 916 1515 953 re
1540 900 1679 969 quod
1700 901 1777 953 sic

211 971 496 1025 nominetur
534 985 547 1020 :
586 968 675 1037 qui
720 969 764 1022 si
798 979 1015 1036 repente
1053 971 1260 1036 videat,
1294 970 1409 1039 ipso
1445 968 1567 1023 visu
1604 971 1772 1023 solem

208 1056 316 1095 esse
343 1040 548 1111 prohat,
579 1054 736 1107 quem
774 1039 952 1093 auditu
982 1040 1123 1094 scire
1155 1056 1259 1094 non
1291 1049 1513 1111 poterat.
1548 1039 1635 1094 Sic
1661 1042 1770 1106 plc-

209 1109 354 1178 rique
374 1109 497 1179 crcci
530 1111 820 1177 scripturas
848 1120 1148 1174 noverunt,
1183 1109 1496 1165 sed'tamen
1536 1110 1660 1179 quid
1702 1111 1770 1164 sit

209 1181 333 1235 liber
358 1180 439 1233 vel
472 1178 645 1250 littera
669 1180 932 1244 nesciunt;
962 1197 1187 1250 quorum
1210 1183 1348 1235 oculi
1370 1183 1412 1235 si
1440 1178 1615 1235 subito
1640 1197 1767 1247 ape-

208 1253 417 1315 riautur,
443 1258 497 1303 et
522 1249 665 1322 libro
699 1266 875 1322 coram
911 1249 1081 1319 posito
1126 1253 1250 1322 quid
1291 1255 1359 1307 sit
1380 1253 1521 1322 quod
1552 1254 1761 1313 vident,

205 1324 469 1387 mirantur,
515 1328 573 1374 et
620 1320 734 1374 visu
773 1321 1121 1392 discernunt’
1147 1320 1292 1392 quod
1323 1320 1503 1377 auditu
1534 1339 1638 1376 non
1669 1340 1765 1390 pu-

207 1400 421 1447 tuerunt.
454 1392 621 1444 Porro
664 1392 709 1445 si
735 1390 894 1446 alicui
934 1392 1141 1446 illorum
1172 1390 1388 1460 dixero,
1420 1394 1536 1447 talis
1565 1394 1760 1457 littera,

206 1466 487 1525 Avocatur,
516 1470 572 1515 et
602 1463 740 1527 talis,
766 1461 808 1514 B
837 1464 1176 1527 nominatur;
1211 1481 1330 1517 mox
1381 1465 1640 1517 introrsus
1679 1480 1758 1515 ru-

205 1536 371 1595 currit,
395 1533 675 1603 veritatem
703 1534 947 1597 consulit,
977 1545 1031 1586 et
1062 1550 1243 1587 verum
1273 1549 1391 1589 esse
1414 1535 1599 1603 probat
1621 1534 1758 1603 quod

203 1604 353 1658 audit.
379 1601 512 1669 Quid
559 1619 686 1671 ergo
715 1603 853 1657 hunc
893 1604 1073 1670 docui,
1100 1606 1190 1673 qui
1236 1620 1333 1658 nec
1378 1601 1521 1673 prius
1544 1601 1755 1670 auditu,

201 1690 289 1729 nec
315 1683 488 1743 postea
527 1673 648 1744 visu
674 1674 812 1728 seire
858 1677 1029 1743 potuit
1063 1676 1188 1744 quid
1238 1676 1410 1729 littera
1443 1685 1617 1737 esset,
1652 1676 1751 1728 nisi

198 1746 401 1798 veritate
447 1746 591 1814 intus
621 1743 875 1809 docente,
914 1754 968 1798 et
1012 1743 1125 1799 viSu
1168 1746 1295 1799 foris
1328 1746 1583 1814 probante
1620 1745 1758 1800 hanc

198 1813 477 1870 edisceret?
505 1814 620 1882 Ego
644 1822 845 1868 tantum
871 1829 1032 1870 sonos
1071 1813 1351 1870 verborum
1380 1817 1572 1885 protuli
1598 1831 1611 1880 ;
1642 1816 1755 1884 ipse

198 1903 312 1939 vero
344 1884 497 1939 verba
527 1895 579 1939 et
613 1900 701 1938 res
728 1900 822 1953 per
847 1886 1003 1939 verba
1030 1887 1351 1955 signiﬁcalas
1376 1884 1597 1941 veritate
1615 1888 1754 1941 intus

197 1956 511 2009 examinante
537 1957 805 2027 cognovit.
837 1955 925 2010 Sic
952 1972 1046 2010 vos
1074 1972 1302 2027 quoque,
1336 1958 1381 2011 si
1410 1958 1575 2011 multa
1603 1959 1752 2011 vobis

195 2027 255 2081 de
280 2027 556 2107 elephante
586 2025 791 2107 direre,
827 2027 1058 2107 nescitis
1091 2025 1229 2107 quid
1262 2028 1331 2107 sit
1375 2028 1611 2097 elephas,
1650 2028 1750 2107 nisi

193 2113 303 2168 eum
331 2096 599 2168 videritis;
629 2096 705 2150 sic
731 2097 900 2168 multa
926 2096 994 2152 de
1027 2096 1184 2151 David
1216 2096 1474 2168 legimus,
1505 2108 1559 2153 et
1599 2099 1747 2168 quasi

196 2166 354 2220 rufum
386 2167 654 2220 hominem
683 2176 735 2220 et
766 2167 1041 2237 pulchrum
1068 2166 1287 2237 aspectui
1310 2185 1433 2223 eum
1465 2166 1706 2224 ttovimus
1729 2210 1745 2233 ,

192 2239 270 2322 qui
296 2238 336 2291 si
358 2237 422 2319 ad
446 2253 682 2322 praesens
702 2239 1093 2322 intraret,_nurn
1126 2241 1271 2321 illum
1303 2240 1748 2322 agnosceremus?

194 2309 311 2361 l’uto
356 2309 593 2362 minime.
623 2308 833 2375 Quare?
862 2309 992 2375 Quia
1038 2327 1067 2365 a
1116 2308 1381 2379 magistris
1416 2311 1624 2365 discere
1655 2326 1747 2364 ne-

190 2380 455 2448 quivimus,
485 2378 630 2448 quod
665 2380 884 2434 veritate
904 2380 1049 2433 visus
1094 2378 1223 2434 noni
1250 2381 1603 2449 probavimus.
1642 2381 1746 2434 Do-

189 2460 350 2504 ctores
373 2450 568 2503 etenim
602 2458 801 2503 tantum
827 2464 988 2505 sonos
1009 2451 1287 2505 verborum
1318 2451 1625 2521 proferunt;
1651 2468 1747 2505 au-

188 2521 371 2574 ditores
408 2530 588 2573 autem
628 2521 849 2575 veritate
894 2521 1035 2575 intus
1073 2522 1320 2585 docente,
1352 2523 1511 2577 verba
1536 2532 1738 2585 mente,

190 2605 267 2645 res
292 2591 398 2646 visu
423 2591 664 2662 discunt.
695 2590 785 2645 Sic
815 2592 1035 2655 litteras,
1065 2594 1141 2645 sic
1166 2594 1371 2662 ignotas
1401 2593 1625 2662 linguas,
1666 2594 1743 2648 sic

190 2663 348 2715 varias
375 2671 512 2715 artes
533 2661 812 2725 discimus,
835 2662 961 2716 dum
989 2678 1149 2717 sonos
1184 2661 1464 2717 verborum
1484 2661 1519 2715 7a
1547 2678 1744 2733 prrece-

188 2732 407 2799 ptoribus
432 2732 777 2801 percipimus,
812 2746 899 2785 res
937 2733 1077 2801 ipsas
1103 2736 1323 2787 veritate
1347 2732 1574 2789 docente
1602 2734 1742 2787 intus

188 2804 592 2874 consideramus.
622 2802 727 2874 Sed
755 2803 879 2871 quid
908 2802 974 2857 de
999 2815 1159 2857 cantu
1207 2813 1288 2857 est
1315 2804 1620 2869 dicendum,
1652 2806 1740 2874 qui

188 2889 283 2927 non
311 2873 530 2939 videtur,
563 2872 660 2928 sed
693 2882 895 2928 tantum
924 2874 1106 2927 auditu
1133 2874 1377 2929 discitur?
1404 2874 1591 2930 Nonne
1614 2872 1739 2928 dum

188 2959 274 2996 vox
301 2945 533 2998 canentis
562 2943 697 2999 foris
722 2952 896 3007 sonat,
920 2943 1114 3014 veritas
1144 2946 1282 2998 intus
1311 2946 1461 3014 quasi
1485 2945 1740 3014 quosdam

185 3029 419 3070 ascensus
447 3014 600 3068 vocis
632 3016 682 3068 in
722 3015 898 3069 anima
928 3013 1155 3068 format?
1184 3013 1345 3085 Igitur
1374 3013 1742 3069 nihil’omnino

186 3100 269 3151 per
288 3085 553 3138 hominem
590 3086 688 3138 nisi
721 3086 867 3139 solus
892 3100 1055 3138 sonus
1085 3085 1342 3150 discitur;
1376 3088 1534 3139 verba
1564 3095 1741 3141 autem

183 3165 229 3209 et
265 3171 345 3210 res
378 3172 469 3225 per
497 3156 781 3209 veritatem
814 3156 865 3209 in
900 3156 1133 3210 interiori
1165 3156 1379 3210 homine
1416 3156 1739 3211 habitantem

183 3226 540 3281 discernuntur
559 3228 603 3279 ’.
635 3226 699 3280 Et
728 3226 804 3279 sic
825 3225 1099 3281 verissime
1122 3242 1255 3280 unus
1279 3226 1529 3297 magister
1550 3228 1743 3297 prmdi-

182 3306 339 3362 catur,
379 3314 407 3350 a
436 3311 543 3377 quo
571 3297 799 3377 quisque
842 3297 1401 3377 interius'instruitur.
1448 3298 1522 3377 Ea
1564 3308 1740 3352 autem

181 3384 286 3435 qua:
312 3384 339 3421 a
363 3367 516 3421 nobis
554 3383 664 3421 non
683 3367 950 3433 videntur,
979 3377 1036 3421 ut
1064 3368 1202 3422 Deus
1220 3380 1274 3423 et
1297 3369 1505 3438 Angeli,
1538 3378 1740 3422 tantum

180 3453 286 3491 esse
310 3440 621 3491 creduntur.

242 3508 454 3563 CAPUT
481 3508 749 3563 XXXVII.
781 3508 916 3575 Quid
955 3507 1195 3575 (li/ferant
1234 3509 1434 3563 credere
1477 3508 1659 3573 Deum,
1697 3519 1743 3562 et

179 3580 362 3631 credere
388 3582 439 3632 in
458 3579 649 3633 Deum.
679 3578 835 3633 Fides
862 3596 994 3632 vera.
1026 3579 1168 3635 Disc.
1188 3580 1374 3635 Diﬁ‘ert
1397 3579 1743 3649 aliquid,crc-

178 3649 295 3703 dere
322 3651 505 3713 Deum,
533 3660 590 3704 et
617 3652 834 3704 credere
858 3650 908 3703 in
934 3651 1143 3704 Deum?

242 3720 375 3775 MAG.
415 3720 663 3775 Multum.
698 3722 975 3773 [temones
1001 3721 1196 3775 ctenim
1223 3730 1276 3774 et
1300 3721 1493 3789 Pagani
1521 3719 1744 3775 credunt

181 3789 352 3854 Deum,
386 3793 479 3845 sed
515 3808 624 3845 non
664 3791 889 3845 credunt
935 3791 986 3844 in
1021 3793 1203 3845 Deum.
1243 3792 1481 3847 Credunt
1514 3806 1740 3859 namque

179 3860 306 3929 quod
351 3863 489 3915 Deus
535 3864 608 3915 sit
652 3863 738 3930 qui
780 3861 956 3914 omnia
989 3864 1207 3924 creavit,
1264 3878 1325 3916 ac
1373 3876 1536 3930 super
1563 3864 1739 3915 omnia

181 3941 357 3998 potens
381 3934 468 3986 sit.
506 3932 563 3986 In
599 3932 762 3985 Deum
788 3941 964 3985 autem
997 3940 1202 3988 tantum
1228 3933 1472 3996 credunt,
1502 3931 1589 4000 qui
1620 3947 1739 3985 eum

179 4002 432 4069 diligendo
485 4003 538 4056 in
584 4003 731 4055 illum
787 4003 1025 4057 tendunt.
1079 4003 1212 4056 Vera
1264 4011 1439 4057 autem
1483 4002 1615 4055 ﬁdes
1662 4012 1745 4057 est

178 4074 402 4135 credere,
433 4074 578 4142 quod
603 4073 741 4126 Deus
764 4074 814 4126 in
836 4073 1063 4127 essentia
1094 4074 1161 4127 sit
1188 4074 1382 4139 unitas,
1408 4082 1459 4126 et
1488 4072 1537 4124 in
1566 4088 1746 4141 perso.

181 4143 252 4194 nis
274 4144 495 4206 trinitas,
528 4151 588 4197 et
634 4144 719 4197 hic
749 4153 935 4197 cuncta
968 4158 1033 4198 ex
1080 4145 1246 4197 nihilo
1275 4144 1450 4199 Verbo
1475 4157 1573 4196 suo
1594 4159 1745 4196 crea-

180 4214 319 4276 verit,
350 4230 412 4268 ac
431 4215 668 4281 collapsa
688 4214 873 4267 eodem
914 4214 1086 4268 Verbo
1112 4213 1384 4268 incarnato
1409 4223 1745 4268 restant-ave-

180 4282 260 4347 rit,
294 4295 345 4337 et
389 4286 441 4338 in
486 4285 677 4337 ultimo
728 4284 814 4339 die
868 4301 963 4354 per
1005 4284 1257 4353 Spiritum
1301 4300 1452 4338 suum
1500 4285 1743 4337 universa

181 4353 469 4417 innovabit;
504 4365 563 4409 et
599 4356 699 4409 hoc
724 4353 1062 4409 credentibus
1087 4371 1350 4408 summum
1388 4356 1605 4419 bonum,
1638 4356 1711 4407 sci

182 4422 292 4477 licet
313 4440 370 4479 se
402 4427 600 4494 ipsum,
627 4426 677 4478 in
707 4426 928 4495 praemio
954 4425 1113 4479 dabit.
1137 4426 1260 4480 llmc
1285 4426 1415 4480 fides
1438 4426 1538 4478 vita
1556 4426 1747 4478 aniune

176 4496 365 4560 existit,
399 4508 450 4549 et
483 4512 581 4565 per
606 4495 932 4566 hancjustus
961 4496 1106 4549 vivit.
1144 4497 1265 4548 Ilmc
1290 4496 1422 4549 ﬁdes
1452 4510 1547 4563 Spe
1578 4496 1749 4549 nutri-

181 4572 276 4629 tur,
298 4577 353 4619 ut
375 4581 576 4634 corpus
603 4567 721 4620 cibo
759 4566 1024 4629 reﬁcitur;
1056 4567 1341 4621 dilectione
1381 4568 1663 4629 animatur,
1694 4575 1750 4619 ut

178 4650 361 4703 Corpus
379 4639 562 4690 anima
594 4637 921 4701 vivilii-atur;
963 4637 1177 4691 dilectio
1219 4646 1395 4690 autem
1439 4636 1750 4704 operatione

176 4708 570 4775 comprobatur,
598 4708 735 4760 umle
755 4719 805 4761 et
835 4709 965 4761 ﬁdes
987 4708 1101 4762 sine
1117 4708 1363 4776 operibus
1386 4716 1589 4760 mortua
1612 4707 1752 4760 affir-

178 4786 341 4848 matur
367 4776 576 4848 (Jacobi
594 4794 649 4839 ιι,
684 4779 791 4847 Π).
818 4779 954 4848 Ergo
975 4778 1074 4831 ﬁde
1098 4778 1272 4832 anima
1301 4779 1529 4832 declinat
1552 4792 1581 4828 a
1612 4780 1751 4831 malo

176 4856 221 4897 et
251 4846 616 4911 facit‘bonum,
647 4863 740 4916 spe
770 4846 956 4903 cuncta
985 4849 1284 4901 transitoria
1311 4849 1531 4917 respuit,
1565 4848 1751 4901 invisi-

179 4917 287 4988 bilia
318 4920 416 4972 siln
440 4920 639 4971 similia
663 4919 683 4949 ³
710 4922 928 4987 appetit,
958 4920 1242 4973 dilectione
1263 4934 1483 4988 quac-que
1511 4918 1638 4971 dura
1669 4929 1751 4972 to-

180 4986 323 5048 lerat,
365 4990 548 5043 carnis
588 4986 815 5057 impetus
862 4993 1116 5053 refrenat,
1155 4986 1454 5042 necessaria
1498 4990 1752 5057 proximis

175 5070 383 5124 eroigat,
413 5075 631 5113 summo
674 5061 814 5112 bono
842 5076 1055 5127 semper
1090 5059 1325 5112 anhelat.
1373 5058 1533 5127 Igitur
1576 5062 1750 5113 anima

174 5142 284 5193 qum
308 5132 387 5184 Sic
415 5130 693 5184 credendo
721 5142 771 5184 et
798 5132 1061 5199 sperando
1089 5130 1139 5183 in
1173 5130 1335 5183 Deum
1365 5132 1550 5193 tendit,
1581 5132 1751 5200 ipsum

173 5211 429 5253 summum
464 5201 664 5253 bonum
696 5202 811 5254 sine
834 5204 936 5253 line
960 5202 1191 5256 habebit.

236 5290 464 5345 CAPUT
503 5290 793 5344 XXXVIII.
843 5290 991 5357 Quod
1032 5291 1215 5343 anima:
1260 5306 1412 5343 carne
1453 5289 1633 5343 soluta:
1683 5289 1755 5342 nit

173 5374 463 5429 corporeum
487 5362 724 5414 sentiant.
755 5364 894 5415 Disc.
918 5363 971 5416 Si
995 5361 1185 5415 anima:
1205 5361 1514 5414 naturaliter
1537 5368 1661 5413 sunt
1681 5359 1757 5412 lu-

175 5430 328 5501 enim,
362 5432 626 5501 quaeritur
657 5442 830 5485 utrum
870 5433 1149 5486 animabus
1188 5446 1415 5497 eorpore
1441 5432 1615 5484 exutis
1660 5430 1755 5484 lux

180 5499 268 5552 Jiei
307 5499 507 5569 aliquid
556 5502 829 5565 conferat,
865 5502 949 5556 vel
988 5516 1175 5557 rursus
1200 5502 1369 5572 caligo
1394 5501 1567 5556 noctis
1596 5501 1751 5570 quid-

173 5586 323 5638 quam
354 5574 418 5625 ad
450 5572 739 5626 videndum
772 5573 995 5628 noceat?

233 5706 246 5734 ¹
282 5712 362 5754 Is.
400 5706 644 5763 Audoen.,
669 5704 874 5757 discrmt.

231 5767 251 5796 ²
286 5768 414 5815 Idem
440 5774 550 5827 διδ..
578 5766 840 5820 discuntur.

234 5828 252 5858 ³
284 5830 431 5891 Lditi,
456 5829 586 5881 sicut
612 5828 829 5881 tisibt'fid.

1157 359 1357 416 LIBER
1399 361 1486 417 DE
1523 358 1934 416 COGNITIONE
1977 360 2183 416 VERrE
2226 362 2431 419 νιτΑς.

3330 376 3467 435 ιωσ

1960 473 2098 550 Mite.
2146 474 2297 550 Sicut
2322 492 2518 547 corpus
2543 479 2659 536 sine
2681 482 2855 538 anima
2883 484 3014 542 nihil
3045 488 3246 545 sentire
3281 498 3461 550 cerni-

1890 546 2104 631 tur,.sic
2148 546 2330 631 utique
2372 546 2547 631 anima
2588 552 2703 631 sine
2729 569 2959 631 corpore
2983 558 3116 631 nihil
3143 546 3459 631 corporeum

1886 616 2087 701 sentire
2124 616 2381 701 creditur.
2425 618 2642 689 Corpori
2668 616 2865 694 quippe
2894 627 3127 684 admixta
3154 616 3257 701 per.
3278 616 3463 690 o'cbiiié

1884 687 2045 775 sentit
2069 688 2297 751 colores,
2324 703 2417 757 per
2441 687 2599 775 aures
2624 687 2810 775 voces,
2835 712 2927 775 per
2954 714 3109 753 nares
3128 687 3341 768 odores,

1880 758 2116 879 palatum
2148 773 2387 839 sapores,
2417 774 2511 828 per
2540 770 2734 816 tactum
2766 758 2847 820 vel
2881 768 3143 825 incessum
3172 789 3257 827 res
3293 758 3459 845 tangi;

1920 826 2014 879 [les
2046 828 2266 879 "IOIIIIIG
2294 829 2374 879 νρΙ
2419 830 2611 879 duritia
2641 833 2962 879 (Ιίίῐὶιι-ρηιρς
3003 842 3036 879 Δ
3074 858 3299 879 ιιιηοηιηιο
3326 862 3454 879 "una

1920 826 2014 881 iles
2046 828 2275 912 mollitie
2294 829 2374 883 vel
2418 826 2611 884 duritia
2641 833 2965 912 differentes.
2998 842 3041 892 A
3074 826 3307 912 corpore
3320 826 3455 900 {Si}.

1880 906 2121 987 separata
2148 898 2276 980 nihil
2305 916 2621 987 corporer
2643 908 2988 987 corporaliter
3012 898 3195 987 sentit',
3217 898 3455 987 quasque

1877 980 1965 1041 res
2004 972 2056 1021 in
2099 972 2422 1037 proprietate
2460 972 2801 1037 substantim,
2826 978 3106 1034 abstractis
3143 972 3453 1041 accideniiis

1877 1036 2117 1119 colorum
2149 1036 2428 1119 conspicit,
2463 1043 2755 1119 Spiritnalia
2785 1036 2996 1119 quoque
3022 1064 3119 1103 Suo
3145 1036 3450 1111 iudieiis};

1878 1108 1956 1160 tit.
1980 1108 2127 1182 Sicut
2152 1126 2279 1179 ergo
2303 1111 2478 1165 lumen
2495 1108 2735 1168 candelae
2767 1108 2894 1169 nihil
2912 1108 3130 1175 'confert
3158 1125 3255 1180 soli
3278 1108 3348 1179 ad
3360 1108 3454 1182 Iu-

1872 1178 2098 1252 cendum
2121 1221 2144 1252 ,ἓ
2168 1178 2247 1234 sic
2291 1182 2528 1252 profecto
2559 1183 2645 1237 lux
2676 1186 2805 1238 solis
2836 1187 2965 1241 nihil
2996 1178 3448 1252 omnino—confert

1870 1250 2061 1327 anima:
2080 1250 2147 1304 ad
2161 1251 2477 1327 _videudum.
2506 1254 2570 1327 Iit
2594 1255 2729 1327 sicut
2757 1273 2861 1311 nox
2881 1258 3039 1327 jubar
3062 1263 3189 1316 solis
3216 1281 3319 1318 non
3349 1250 3449 1321 im;

1870 1318 2179 1404 pcdtit_,‘sed_
2221 1322 2393 1404 potius
2424 1322 2590 1391 fugit;
2626 1326 2841 1404 sie_nee
2879 1318 3080 1404 animo;
3112 1318 3447 1404 aliquatenus

1866 1388 2313 1472 obsistitgutputa
2336 1388 2621 1472 quam'nec
2646 1397 2819 1472 anima
2850 1400 3034 1472 sentit:
3053 1388 3219 1472 Porro
3242 1388 3440 1472 ani-ma,

1865 1468 1957 1544 aut
1983 1460 2247 1544 spiritcati
2273 1460 2390 1517 luce
2420 1464 2531 1533 ipsa
2557 1466 2714 1544 nimis
2738 1483 2845 1544 pra:
2875 1469 2990 1544 sole
3013 1469 3205 1540 fulgida
3229 1460 3441 1544 fruitur,

1864 1539 1955 1606 aut
1986 1530 2197 1606 horrida
2232 1530 2569 1606 peccatorum
2600 1530 2821 1605 caligine
2850 1530 3131 1594 obscurata
3153 1584 3167 1606 ,
3200 1562 3303 1600 non
3341 1530 3442 1601 ηυξ

1862 1601 1961 1684 etis
1983 1641 1999 1665 ,
2028 1603 2122 1655 sed
2138 1601 2381 1684 .prOpriis
2413 1616 2466 1659 ut
2493 1621 2666 1684 caecus
2695 1601 2928 1684 tenebris
2959 1601 3257 1684 involvitur.
3288 1616 3440 1684 Quod

1860 1674 2240 1746 autemanima
2267 1688 2426 1728 carne
2451 1677 2624 1730 soluta
2650 1679 3003 1746 corporaliter
3025 1681 3193 1737 lucem
3226 1674 3333 1740 non
3358 1690 3436 1741 vi-

1859 1739 1999 1819 deat,
2036 1742 2157 1819 hinc
2182 1753 2409 1819 constat,
2432 1746 2571 1819 quod
2600 1762 2719 1819 cum
2749 1739 2922 1817 aliqua
2944 1752 3145 1808 dictare
3165 1739 3432 1819 volumuS.

1859 1812 1939 1865 vel
1961 1813 2245 1883 quidquam
2268 1812 2976 1885 metari—disponimus'mox
2996 1824 3171 1878 anima
3200 1812 3436 1881 exterio;

1855 1896 1943 1936 res
1974 1898 2162 1964 sensus
2193 1885 2342 1964 fugit,
2377 1886 2638 1964 introrsus
2666 1904 2725 1942 se
2752 1889 3054 1964 colligit,rin
3078 1910 3135 1948 se
3160 1895 3269 1964 ipsa
3294 1899 3434 1952 intus

1855 1954 2161 2037 considerat
2187 1970 2248 2010 ea
2275 1955 2342 2037 de
2370 1958 2566 2037 quibus
2590 1967 2810 2037 tracti“,
2841 1954 2904 2015 et
2922 1954 3050 2037 solis
3092 1954 3268 2037 lumen
3300 1970 3430 2033 nihil

1855 2025 1902 2099 ei
1933 2025 2182 2099 prodest,
2212 2026 2303 2080 sed
2330 2025 2495 2099 etiam?
2520 2028 2568 2082 ei
2612 2029 2677 2082 ad
2724 2031 2823 2084 hoc
2853 2034 3119 2099 negotium
3149 2036 3302 2090 obest
3332 2057 3345 2093 :
3378 2027 3434 2093 et

1852 2091 2136 2168 (iamalios
2164 2096 2422 2168 attendit,
2451 2098 2714 2153 elamosas
2741 2115 2899 2154 voces
2919 2091 3069 2168 juxta
3096 2120 3155 2159 se
3190 2123 3294 2161 non
3330 2091 3427 2162 an:

1852 2163 1947 2241 dit.
1993 2164 2153 2241 Igitur
2180 2167 2354 2241 a_nim_a
2382 2178 2540 2241 extra
2557 2184 2753 2238 corpus
2780 2163 3255 2241 nihil'corporeum
3286 2179 3430 2234 videt

1850 2235 1939 2356 vel]
1978 2237 2142 2356 eludit.
2188 2237 2339 2305 Quod
2369 2238 2412 2293 si
2443 2238 2603 2306 facit,
2648 2235 2772 2295 tunc
2798 2242 2978 2312 utique
3003 2235 3207 2301 aerium
3234 2264 3429 2320 corpus

1850 2319 1922 2356 IIN
1948 2323 1996 2356 ΙΙΙ
2028 2344 2041 2356 .

1850 2316 2041 2359 Induit.

1918 2374 2145 2451 CAP_U'I‘
2182 2377 2422 2451 XXXIX.
2472 2378 2573 2445 Qui
2610 2382 2773 2434 sancti
2812 2399 2983 2451 preces
3032 2396 3229 2441 nostras
3269 2404 3427 2443 exau-

1847 2446 2007 2499 diant.
2043 2448 2183 2523 Qisc.
2211 2448 2271 2523 _Si
2306 2450 2500 2503 anima:
2529 2446 2822 2521 corporeas'
2845 2469 3002 2508 voces
3027 2471 3131 2510 non
3162 2458 3421 2523 audiunt,

1847 2518 2113 2584 quomodo
2138 2520 2344 2575 animas
2367 2518 2671 2575 sanctorum
2692 2562 2709 2586 ,
2737 2523 2938 2577 scilicet
2966 2524 3108 2579 Petri
3153 2528 3233 2582 vel
3279 2518 3426 2583 Mar-1

1848 2586 2054 2711 tinilizel
2082 2589 2323 2658 alterius,
2358 2591 2505 2644 multi
2538 2606 2722 2661 preces
2750 2608 2875 2647 suas
2900 2595 3183 2654 exaudisse
3212 2601 3421 2670 esperti

1848 2669 1943 2711 sun

1845 2666 1967 2711 SUIII.

1917 2728 2053 2784 MAG.
2080 2727 2265 2784 Oratio
2303 2730 2480 2785 cordis
2501 2771 2517 2797 ,
2547 2745 2652 2785 non
2679 2732 2823 2798 oris,
2853 2735 3096 2791 ascendit
3122 2736 3175 2791 in
3200 2739 3421 2794 emtum.

1844 2797 2050 2873 Anima:
2064 2800 2210 2873 enim
2234 2815 2337 2873 non
2359 2802 2647 2873 clamorem
2674 2797 2836 2866 vocis,
2864 2805 2955 2858 Sed
2983 2808 3161 2862 cordis
3178 2810 3421 2873 audiunt,

1845 2878 1900 2950 et
1926 2884 1983 2924 se
2010 2868 2236 2924 ﬁdeliter
2263 2871 2627 2950 invocantibus
2653 2874 2991 2930 subveniunt.
3027 2876 3210 2947 Neque
3250 2868 3419 2950 magis

1845 2938 2107 3014 clamosas
2144 2955 2340 3014 preces
2369 2942 2623 3014 audiunt,
2655 2958 2813 3011 quam
2842 2959 2934 2997 eas
2959 2962 3077 3014 quae
3105 2938 3222 3004 sine
3248 2938 3380 3003 vocve
3404 2992 3420 3013 ,

1845 3010 1931 3087 vel
1956 3010 2007 3087 in
2039 3010 2239 3087 lingua,
2263 3013 2347 3087 vel
2376 3012 2425 3065 in
2452 3012 2612 3066 corde
2640 3010 2842 3067 tantum
2869 3010 3025 3087 ﬁunt;
3048 3019 3170 3087 quia
3195 3035 3367 3087 neque
3388 3010 3417 3074 a

1846 3080 2000 3153 nobis
2028 3081 2184 3134 verba
2207 3122 2221 3144 ,
2256 3083 2348 3153 sed
2390 3098 2545 3136 voces
2566 3091 2787 3153 tantum
2816 3080 3137 3153 audiuntur;
3166 3080 3418 3144 ueterum

1846 3150 2006 3224 verba
2038 3161 2216 3224 mente
2244 3152 2510 3224 videntur.
2552 3150 2690 3224 Cum
2721 3170 2848 3224 ergo
2877 3156 3067 3210 anima:
3093 3150 3291 3213 nostra:
3318 3162 3422 3213 ali-

1845 3220 1971 3289 quid
2009 3222 2299 3276 secundum
2352 3222 2519 3276 Deum
2547 3220 2883 3285 desiderant,
2914 3235 2969 3279 et
2996 3226 3098 3283 hoc
3122 3229 3221 3283 sibi
3247 3245 3278 3284 a
3311 3231 3422 3285 Deo

1848 3307 1947 3368 per
1966 3292 2332 3368 sanctosidari.
2358 3295 2469 3347 sive
2490 3294 2671 3359 corde,
2696 3296 3027 3368 siveliugua,
3050 3313 3143 3352 seu
3170 3314 3298 3353 voce
3324 3316 3421 3368 po-

1846 3362 2093 3434 stulant;
2117 3365 2307 3416 anima:
2351 3374 2653 3417 sanctorum
2702 3362 2927 3434 (quibus
2954 3376 3036 3420 est
3067 3368 3205 3423 idem
3234 3362 3422 3425 audire

1846 3432 1985 3501 quod
2012 3432 2212 3497 videre,
2234 3442 2295 3503 et
2324 3449 2354 3487 e
2383 3439 2665 3503 converso)
2694 3432 2796 3489 non
2827 3452 3002 3501 voces,
3030 3439 3122 3493 sed
3152 3439 3309 3494 verba
3338 3441 3419 3494 in-

1849 3511 2076 3573 tuentes,
2098 3502 2396 3573 desiderata
2418 3504 2494 3557 eis
2520 3520 2549 3558 a
2580 3506 2686 3558 Deo
2716 3506 3027 3573 impetrant;
3054 3509 3193 3563 unde
3215 3509 3419 3565 habetis

1846 3572 2503 3645 scriptum,WDesiderium
2546 3572 2827 3645 pauperum
2868 3578 3120 3631 exaudivit
3173 3579 3420 3634 Dominus

1847 3642 2028 3714 (Paul.
2048 3659 2104 3714 at,
2135 3644 2348 3714 17,7sec.
2380 3644 2582 3714 Ilebr.).

1915 3711 2142 3784 CAPUT
2181 3713 2291 3767 XL.
2338 3711 2601 3779 Quomodo
2643 3716 2988 3784 intelligantur
3014 3719 3198 3773 (mian
3237 3735 3269 3771 α
3302 3737 3417 3773 cor-

1848 3799 1969 3859 pore
2000 3782 2125 3835 solvi
2143 3825 2157 3848 ,
2189 3794 2234 3835 et
2262 3785 2441 3836 iterum
2470 3786 2677 3859 reverti,
2710 3802 2770 3859 oc
2796 3782 2900 3837 nisa
2926 3788 3128 3854 referre.
3174 3788 3419 3859 Inferam

1847 3864 1917 3925 est
1947 3854 2270 3925 incorporeus
2289 3895 2304 3918 ,
2347 3865 2434 3907 aut
2482 3856 2663 3908 animo:
2691 3857 2943 3908 dammth
2968 3874 3149 3925 corpus
3176 3854 3409 3912 induunt.

1850 3924 1990 3977 Disc.
2015 3924 2200 3977 Nonne
2221 3924 2429 3992 legitur,
2457 3925 2595 3992 quod
2619 3942 2760 3993 sa‘pe
2789 3926 2965 3979 multa:
2992 3924 3181 3980 animm
3202 3928 3269 3981 de
3291 3945 3414 3983 cor-

1850 4009 1975 4062 pore
2019 3994 2263 4058 cductaa,
2311 3996 2473 4047 nmlta
2524 3996 2632 4047 loca
2692 3997 2943 4063 pmoalia,
2983 4008 3037 4050 et
3082 4000 3205 4051 item
3254 4002 3417 4054 multa

1848 4080 2055 4118 amoena
2077 4074 2129 4118 et
2150 4062 2355 4135 ﬂorida,
2382 4074 2435 4118 et
2464 4065 2514 4118 in
2540 4062 2776 4135 utrisque
2799 4066 2990 4120 multas
3010 4068 3213 4122 animas
3237 4068 3290 4122 in
3320 4069 3420 4123 hu-

1851 4150 2002 4210 mana
2034 4136 2197 4210 forma
2226 4134 2455 4210 vidi-rint
2475 4177 2487 4198 ,
2519 4146 2675 4210 atque
2700 4136 2765 4210 ad
2791 4151 2985 4210 corpus
3016 4153 3265 4207 reversa},
3296 4141 3417 4210 plu-

1850 4205 1980 4258 rima
2009 4220 2068 4258 se
2096 4205 2162 4257 ab
2190 4204 2267 4259 eis
2293 4205 2504 4258 audisse
2539 4206 2853 4260 retuleriut?

1921 4276 2057 4329 MAG.
2102 4275 2383 4349 Sciendum
2424 4284 2537 4349 est,
2567 4277 2706 4346 quod
2747 4276 2829 4329 hae
2857 4277 3046 4331 animm
3075 4294 3180 4332 non
3214 4280 3425 4349 penitus

1852 4360 2041 4418 corpus
2070 4346 2412 4418 reliquerant.
2446 4347 2539 4400 sed
2569 4362 2756 4401 Sensus
2778 4356 2978 4401 tantum
3000 4346 3287 4418 corporeos
3307 4354 3420 4405 suis

1852 4416 2043 4469 ofﬁciis
2072 4415 2447 4480 destituerant,
2481 4432 2675 4485 c0rpus
2700 4428 2875 4471 autem
2906 4434 3011 4472 nou
3041 4415 3111 4473 ei
3139 4429 3249 4473 toto
3274 4422 3419 4475 vitali

1856 4487 2043 4554 Spiritu
2071 4487 2303 4557 carebat.
2336 4486 2485 4541 Unde
2507 4504 2567 4540 ea
2597 4505 2714 4557 qum
2739 4490 3035 4555 audierant,
3060 4506 3164 4543 non
3192 4505 3277 4545 res
3302 4506 3425 4546 cor-

1855 4571 2031 4625 porcae
2051 4597 2065 4621 ,
2093 4556 2415 4643 seclusimiles
2441 4556 2820 4640 corporearum
2860 4575 3034 4640 rerum
3079 4570 3265 4643 erant,
3294 4578 3427 4643 quas

1856 4642 2085 4699 reversae
2127 4628 2244 4681 aliis
2284 4628 2335 4680 in
2374 4642 2596 4699 corpore
2623 4630 2924 4683 constitutis
2960 4645 3054 4699 pro
3077 4628 3428 4686 mdiﬁcatioue

1855 4696 2059 4751 referre
2108 4707 2369 4769 poterant.
2425 4697 2707 4768 Postquam
2765 4715 2894 4754 vero
2944 4696 3137 4769 corpus
3192 4701 3427 4755 funditus

1857 4776 2137 4838 exuerant,
2156 4768 2309 4835 longe
2335 4782 2421 4821 res
2446 4769 2601 4822 aliter
2623 4778 2739 4823 erat
2758 4785 2913 4838 quam
2945 4768 3090 4838 prius
3110 4770 3293 4825 videré
3319 4789 3423 4825 non

1859 4837 2127 4910 valebant.
2156 4838 2320 4910 Sicuti
2352 4854 2447 4910 nos
2474 4839 2756 4908 aliquando
2779 4841 2926 4907 juxta
2951 4837 3208 4909 parietem
3241 4842 3423 4910 positi,

1858 4908 2101 4961 umbram
2132 4908 2391 4963 venientis
2418 4908 2645 4962 hominis
2665 4951 2680 4973 ,
2712 4924 2814 4963 non
2847 4910 3015 4978 ipsum
3039 4908 3306 4974 videmus;
3338 4927 3429 4965 re-

1861 4988 2005 5032 moto
2029 4986 2207 5032 autem
2234 4979 2509 5033 obstaculo
2539 4979 2695 5044 niuri,
2742 4979 2913 5047 ipsqu
2946 4988 3003 5032 ut
3030 4989 3113 5034 est
3135 4982 3426 5035 cerninms.

1863 5049 2065 5102 Animze
2095 5049 2253 5102 etiam
2285 5049 2651 5103 defunctormn
2678 5064 2795 5104 cum
2828 5051 3124 5103 viventibus
3150 5062 3427 5119 apparent,

1861 5133 2056 5186 corpus
2081 5120 2282 5172 aerium
2316 5120 2556 5183 induunt,
2588 5119 2637 5172 in
2670 5134 2774 5188 quo
2796 5134 3105 5188 corpoream
3136 5135 3321 5176 vocem
3348 5124 3431 5177 Vel

1861 5191 2019 5243 verba
2050 5189 2294 5242 audibilia
2316 5194 2637 5258 exprimunt.

1935 5258 2069 5313 Hinc
2090 5259 2370 5327 colligitur,
2394 5259 2531 5329 quod
2566 5259 2803 5313 infernus
2827 5260 2897 5313 sit
2922 5258 3287 5326 incorporeus,
3311 5263 3435 5315 sub-

1864 5330 2053 5382 stantia
2076 5329 2383 5397 spiritualis,
2407 5345 2676 5399 corporeae
2695 5330 2912 5391 similis;
2936 5330 3087 5399 cujus
3113 5346 3266 5399 paena
3290 5342 3436 5385 tanto

1865 5400 1933 5452 sit
1971 5399 2353 5453 intolerabilior
2373 5440 2388 5463 ,
2433 5409 2631 5469 quanto
2658 5400 2873 5469 Spiritus
2902 5411 2983 5454 est
3011 5415 3237 5469 corpore
3266 5405 3428 5456 subti~

1866 5469 1985 5523 lior.
2009 5470 2178 5523 Omne
2199 5470 2338 5523 enim
2362 5486 2555 5539 corpus
2582 5480 2841 5524 \etnstate
2870 5472 3068 5531 deﬁcit.
3089 5469 3437 5527 diuturnitate

1865 5541 2181 5593 dissolutum
2214 5540 2466 5597 interibit.
2502 5540 2651 5596 Unde
2678 5542 2721 5595 si
2751 5540 3026 5595 infernalis
3054 5543 3189 5609 ignis
3214 5552 3293 5595 est
3320 5559 3439 5597 cor-

1868 5623 2081 5679 porcus,
2113 5620 2279 5664 restat
2307 5620 2364 5663 ut
2391 5611 2753 5680 corporalibus
2782 5612 3047 5666 alimentis-
3075 5614 3354 5674 nutriatur,
3388 5624 3442 5667 et

1869 5680 2107 5751 sequitur
2127 5690 2185 5735 ut
2208 5680 2309 5734 illis
2328 5684 2660 5751 consumptis
2688 5682 2799 5751 ipse
2832 5682 3085 5744 intereat;
3115 5684 3206 5737 sed
3235 5694 3444 5737 constat

1871 5750 2045 5819 ignem
2072 5751 2334 5819 gehenna:
2365 5768 2470 5806 non
2497 5750 2757 5817 deﬁcere;
2787 5769 2913 5822 ergo
2939 5752 3225 5822 spiritualis
3254 5763 3355 5806 est.
3388 5754 3443 5807 Si

1877 5830 2053 5876 autem
2078 5831 2158 5877 est
2183 5835 2489 5893 corporeus,
2521 5825 2611 5879 sed
2644 5824 2950 5880 inde-ﬁciens
2977 5835 3187 5879 creatus
3205 5832 3314 5891 est;
3348 5839 3446 5878 nc-
