4016 6502
504 384 639 438 Illi?

503 507 649 545 cesse
687 496 766 541 est
808 494 864 540 ut
894 483 1085 538 animai
1115 491 1168 536 et
1203 480 1420 549 spiritus
1457 475 1844 549 qualecumque
1883 485 2078 542 corpus

505 561 742 618 induant,
770 557 820 612 in
843 572 948 615 cuo
977 555 1148 616 ignem
1175 548 1492 624 corporeum
1520 548 1773 600 sentiant.
1844 613 1855 624 .
1928 613 1939 624 .

570 613 795 684 CAPUT
818 613 950 680 XLI.
981 613 1378 678 lirsurrectionis
1405 628 1717 672 mortuorum
1745 613 1971 682 probatio
1993 629 2083 681 pe-

506 712 594 754 tita
635 713 696 752 er
734 697 997 768 promissis
1021 694 1151 768 Dei.
1185 693 1308 768 illia
1357 706 1432 768 e.1_:_
1461 685 2080 768 aitiinarunr(eternitate.

509 769 655 824 Nova
681 757 910 821 creatura
937 766 1132 833 trifarie
1161 764 1364 815 dicitur.
1403 763 1544 833 Disc.
1576 757 1845 811 Poteritne
1878 757 2085 808 ratione

507 840 714 912 probari
744 831 1062 912 resurrectio
1089 831 1452 912 mortuorum?
1493 900 1506 912 _
1607 907 1619 912 Δ
1909 910 1930 912 Ἀ
1950 894 2016 912 U9

577 911 714 965 MAG.
755 909 810 963 Si
851 924 911 962 ea
956 900 1657 976 ineoucussaconstabunt,
1691 912 1808 966 quae
1839 900 2086 976 superius

511 981 801 1035 verissimis
827 977 1157 1046 argumentis
1189 973 1404 1042 probata
1429 980 1581 1046 sunt;
1617 979 1739 1046 tunc
1761 973 1904 1018 omni
1937 981 2089 1032 repu-

507 1053 720 1122 gnantia
750 1039 1016 1122 ειιιιιιῆιιισι,
1040 1039 1288 1122 omnique
1308 1043 1622 1122 necessit'atc
1644 1039 1878 1103 admota,
1904 1051 2087 1122 resur-

513 1111 678 1176 Fectio
709 1122 808 1173 erit
835 1119 1029 1172 futura.
1057 1111 1308 1188 Constitit
1350 1113 1491 1166 enim
1528 1111 1698 1164 Deum
1734 1124 1854 1188 esse
1893 1111 2090 1188 verita-

514 1203 656 1247 tem:
691 1189 926 1244 veritatis
965 1197 1141 1241 autem
1184 1186 1344 1238 verba
1391 1196 1607 1235 necesse
1648 1188 1730 1232 est
1772 1178 2086 1244 adimpleri;

513 1262 651 1331 quod
695 1261 740 1313 si
789 1275 894 1312 non
941 1257 1320 1331 implebuntur,
1354 1254 1610 1330 sequitur,
1635 1248 1774 1331 qupd
1822 1258 1911 1331 aut
1950 1249 2090 1327 Dens

517 1320 782 1386 mutabilis
803 1331 891 1390 sit,
914 1320 1226 1384 aut'veritas
1249 1340 1352 1377 non
1385 1326 1484 1386 sit;
1517 1321 1656 1390 quod
1685 1322 1726 1373 si
1758 1320 1962 1392 impleri
1986 1334 2093 1371 non

517 1411 762 1472 puterunt
782 1443 796 1464 ,
821 1401 939 1472 jam
959 1398 1106 1472 Deus
1123 1399 1456 1472 omnipotens
1484 1409 1587 1445 non
1619 1401 1718 1472 est.
1747 1391 1875 1455 Quze
1901 1398 2091 1472 cttpcta

517 1459 680 1542 liquet
709 1459 864 1540 quani
896 1459 1281 1542 absurdissima
1308 1466 1598 1542 Densum.
1640 1459 2092 1542 liieoint'nutabilis

517 1532 693 1610 ita-que
721 1532 912 1594 veritas
945 1539 1079 1590 Deus
1106 1536 1351 1610 promisit
1373 1533 1483 1588 suis
1506 1532 1852 1610 (lilectt‘iribus
1874 1532 2088 1610 plenum

515 1601 762 1682 gaudium
786 1652 798 1670 ,
831 1610 941 1664 suis
984 1601 1436 1682 cotitemptorilnts
1490 1604 1702 1682 plenum
1736 1601 2089 1682 supplicium,

517 1672 658 1753 quod
689 1691 975 1748 utrumque
1004 1679 1104 1731 erit
1131 1672 1485 1745 impossibile,
1513 1675 1611 1726 nisi
1649 1673 1717 1725 sit
1755 1673 1805 1724 in
1837 1672 2012 1753 anima
2040 1680 2094 1752 et

518 1751 772 1821 corpore;
804 1766 1019 1804 necesse
1049 1759 1130 1802 est
1159 1763 1286 1815 ergo
1309 1754 1365 1799 ut
1393 1760 1616 1821 corpora
1645 1751 2092 1821 TCSllrgzttiI,'illll_-

519 1812 632 1877 nias
658 1812 940 1889 recipiant;
967 1812 1540 1888 qttatcnus'secuudnm
1565 1814 1824 1889 promissa
1846 1812 2094 1889 Veritatis

523 1895 573 1947 hi
609 1883 822 1964 plenum
847 1883 1099 1964 gaudium
1129 1890 1178 1941 in
1210 1889 1386 1964 anima
1412 1897 1466 1939 et
1494 1900 1717 1964 corpore
1745 1883 1998 1964 habeant,
2019 1883 2094 1936 illi

517 1955 704 2017 eodem
738 1955 896 2015 modo
925 1961 1133 2028 plenum
1164 1958 1480 2026 supplicium
1513 1955 1788 2028 recipiant.
1825 1955 2090 2028 Amplius,

517 2037 559 2089 si
589 2048 812 2102 corpora
844 2025 955 2102 non?
980 2025 1282 2102 resurgunt,
1318 2037 1441 2102 tunc
1468 2027 1660 2079 animm
1689 2033 1901 2102 teterna:
1933 2025 2093 2102 [uene

518 2121 622 2158 non
669 2093 794 2158 sunt
824 2121 836 2156 :
869 2101 961 2155 sed
1003 2093 1246 2168 supei'ius
1271 2093 1665 2168 probatttmiest
1691 2098 1896 2148 animas
1928 2093 2093 2148 factas

519 2186 766 2236 a-ternas,
790 2173 854 2226 ad
875 2173 976 2226 hoc
996 2170 1240 2224 videlicet
1261 2169 1445 2230 factas,
1471 2176 1528 2221 ut
1556 2167 1717 2220 Deum
1742 2181 1954 2235 semper
1973 2179 2093 2236 cum

519 2246 734 2312 Angelis
757 2235 988 2304 videant,
1016 2250 1068 2295 et
1100 2241 1150 2293 in
1182 2242 1282 2293 hac
1313 2240 1516 2312 visione
1537 2238 1661 2312 ‘siue
1693 2237 1796 2289 line
1827 2235 2091 2312 lie:ite_vi-

519 2307 664 2368 vant.
695 2315 852 2367 Beate
877 2322 1052 2366 autem
1083 2325 1185 2363 non
1218 2312 1436 2373 vivunt,
1466 2309 1509 2361 si
1536 2307 1863 2364 indumenta,
1891 2307 2095 2359 scilicet

515 2401 738 2453 corpora
768 2399 861 2437 sua
885 2425 900 2446 ,
942 2384 992 2436 in
1033 2381 1280 2453 sordibus
1314 2389 1746 2453 computa-scere
1770 2377 1971 2445 absque
2000 2391 2094 2444 spe

518 2449 936 2524 i-eeuperationis
962 2452 1315 2519 conspiciunt.
1348 2450 1596 2524 Sequitur
1624 2449 1801 2516 itaque
1825 2457 1879 2500 ut
1906 2463 2093 2524 neces—

517 2518 662 2578 sario
686 2526 1000 2579 vestimenta
1027 2518 1328 2576 sanctarum
1355 2522 1674 2579 animarum,
1699 2534 1815 2586 qttze
1837 2518 1986 2570 stulte
2009 2531 2097 2569 no-

519 2597 810 2655 minantur,
829 2611 924 2662 per
940 2594 1388 2647 resurrectionem
1415 2591 1825 2662 innoventur,_et
1853 2589 1909 2662 in_
1928 2588 2096 2662 incor-

517 2659 1056 2734 rnptibiletnglm‘iam
1083 2665 1456 2734 immutentur,_
1471 2660 1664 2730 quibus
1684 2660 1876 2711 anima:
1900 2659 2096 2712 induta:

516 2731 731 2805 semper
774 2731 942 2790 beata:
985 2735 1160 2805 Deum
1189 2731 1653 2805 contemplemur;
1685 2741 1738 2782 et
1767 2744 1797 2782 e
1827 2739 2009 2805 contra
2034 2737 2096 2805 ut

519 2798 754 2860 infelices
779 2817 956 2859 vestes
985 2803 1226 2857 sordidas
1258 2798 1540 2856 reinduant
1559 2841 1573 2864 ,
1597 2801 1664 2854 de
1690 2815 1914 2868 quarmu
1942 2798 2098 2852 foedi-

517 2887 622 2930 tate
652 2892 864 2944 semper
893 2876 1128 2929 doleant.
1162 2873 1325 2942 Igitur
1352 2888 1454 2925 non
1486 2873 1659 2925 solum
1687 2870 2095 2944 corpora_inno-

519 2947 651 3010 vari,
675 2941 947 3000 scd'etiam
974 2941 1310 2999 communem
1341 2951 1602 3006 naturam,
1626 2957 1742 3009 qua:
1765 2941 1963 2993 sanctis
1983 2955 2096 2994 ser-

516 3017 642 3069 \ivit
661 3058 675 3080 ,
710 3031 927 3071 necesse
957 3025 1038 3069 cst
1066 3017 1115 3067 in
1143 3014 1331 3067 melius
1355 3013 1668 3066 commutari
1691 3027 1705 3074 ;
1729 3012 1866 3064 unde
1889 3010 2097 3065 habetis

517 3089 797 3155 scriptum,
831 3086 963 3138 Ecce
987 3101 1114 3138 nova
1142 3085 1273 3151 facio
1303 3083 1472 3135 omnia
1503 3083 1688 3155 (glpoc.
1713 3096 1832 3144 XXI,
1856 3082 1934 3152 5).

593 3151 734 3211 Πιεσ.
766 3156 900 3210 Cum
933 3157 1071 3209 Deus
1099 3155 1166 3208 ab
1195 3155 1345 3207 initio
1375 3152 1556 3206 mundi
1589 3167 1757 3219 usque
1787 3151 1926 3204 nunc
1964 3151 2095 3205 nihil

517 3227 639 3279 novi
667 3227 946 3292 creaverit,
976 3223 1245 3296 quomodo
1272 3238 1465 3278 novam
1489 3231 1794 3277 creaturam
1820 3237 1940 3277 esse
1962 3237 2094 3276 con-

517 3297 708 3350 stabit?

591 3367 729 3422 MAG.
759 3365 982 3420 Trifarie
1011 3379 1142 3418 nova
1173 3373 1416 3418 creatura
1454 3363 1680 3428 dicitur,
1708 3377 1826 3431 qua:
1856 3378 1951 3430 per
1979 3362 2098 3417 Tri-

522 3438 740 3490 nitatem
766 3438 832 3489 ita
860 3437 1176 3504 disponitur.
1209 3435 1348 3488 Deus
1375 3435 1532 3488 Pater
1556 3450 1770 3486 omnem
1798 3443 2095 3487 creaturam

518 3524 580 3560 ex
611 3507 774 3560 nihilo
799 3506 1070 3570 condidit,
1099 3515 1153 3559 et
1183 3505 1295 3558 hinc
1323 3520 1457 3557 nova
1489 3513 1732 3557 creatura
1765 3505 2090 3556 nominatur.

525 3577 662 3630 Deus
689 3593 898 3646 quoque
941 3575 1106 3629 Filius
1145 3577 1446 3628 incarnatus
1482 3575 1774 3627 Ecclesiam
1805 3589 1938 3627 nova
1971 3575 2097 3646 reli-

516 3649 672 3710 gione
699 3645 940 3711 instituit,
970 3663 1088 3716 quin
1117 3662 1248 3700 nova
1278 3658 1521 3700 creatura
1551 3653 1919 3716 nuncupatur;
1954 3645 2096 3716 unde

521 3717 724 3771 habetis
752 3720 802 3771 in
831 3715 1106 3787 Apost’olo,
1135 3716 1244 3769 Nos
1266 3733 1440 3769 sumus
1468 3731 1594 3787 nova
1625 3725 1854 3787 creatura
1876 3715 1946 3785 (ll
1973 3715 2092 3769 Cor.

518 3803 573 3850 ν,
603 3790 668 3842 l7
690 3790 734 3854 );
768 3800 819 3843 ct
851 3785 900 3842 in
929 3789 1063 3849 alio,
1107 3787 1172 3841 Ut
1200 3790 1357 3840 simus
1386 3786 1587 3839 initium
1615 3785 1822 3853 aliquod
1852 3795 2098 3838 creatura:

516 3875 628 3926 ejus
658 3858 857 3928 (Jacobi
885 3876 919 3919 ι,
949 3859 1058 3926 18).
1091 3859 1229 3911 Deus
1255 3872 1466 3925 quoque
1489 3855 1716 3928 Spiritus
1738 3867 1951 3908 sanctus
1976 3871 2094 3928 cor-

519 3945 642 3997 pora
668 3926 845 3983 adhuc
875 3929 1177 3990 vivilicabit,
1208 3939 1260 3980 et
1296 3936 1461 3980 lotmn
1493 3926 1747 3979 tnundutn
1783 3926 2090 3989 innovabit;

515 4011 568 4052 et
605 4001 716 4054 lnec
744 4001 1086 4053 nihilotninus
1131 4014 1264 4052 nova
1304 4005 1547 4050 creatura
1587 3997 1919 4064 appellatur;
1955 3997 2093 4050 unde

517 4070 740 4132 habetis,
765 4071 956 4125 Caelum
978 4085 1161 4122 novum
1185 4079 1230 4122 et
1259 4079 1444 4121 terram
1468 4082 1648 4120 novant
1674 4068 1822 4137 faciet
1848 4065 2095 4121 Dominus

516 4139 667 4212 (Isai.
690 4157 809 4212 μιν,

588 4211 810 4264 (ΣΛΙἯΤ
849 4207 1006 4263 XLII.
1039 4209 1138 4273 Qui
1164 4207 1391 4262 Christus
1417 4216 1504 4258 aut
1528 4207 1689 4259 sancti
1714 4208 1765 4260 in
1790 4208 1934 4262 cwlo.
1960 4207 2096 4274 Quid

517 4281 625 4332 cieli
649 4281 848 4332 nomine
871 4281 1021 4348 vulgo
1040 4280 1369 4348 intelligatur.
1399 4277 1547 4341 Quod
1571 4279 1938 4342 ﬁrmamentum
1961 4280 2095 4331 oculi

518 4366 617 4402 non
647 4352 912 4419 attingant.
945 4351 1086 4403 Disc.
1119 4349 1232 4402 Jam
1277 4349 1407 4401 turri
1455 4349 1504 4400 in
1546 4363 1814 4399 summum
1847 4348 2095 4404 nobiliter

520 4421 769 4488 perducta
793 4462 806 4484 ,
848 4430 1011 4473 restat
1039 4435 1178 4472 nunc
1203 4428 1259 4471 ut
1299 4419 1713 4486 pr0pugnaculis
1743 4420 2004 4485 cingatur,
2041 4429 2095 4473 et

515 4493 595 4544 sic
624 4506 875 4543 cacumen
908 4492 957 4543 in
987 4504 1196 4543 snnnuo
1227 4492 1468 4556 polorum
1494 4499 1910 4541 consummetur.
1941 4488 2094 4557 Legi-

518 4569 604 4613 tur
647 4563 712 4612 de
757 4561 1014 4620 Domino,
1047 4560 1186 4626 qttod
1216 4559 1436 4612 elevatis
1469 4559 1712 4611 manibus
1745 4559 2014 4612 ferebatur
2041 4563 2090 4613 in

515 4633 708 4686 caelum
731 4674 744 4692 ,
777 4642 829 4684 et
853 4632 971 4700 quia
1000 4632 1150 4684 sedet
1185 4646 1213 4682 a
1252 4629 1455 4682 dextris
1507 4629 1599 4682 Dei
1631 4627 1778 4698 (Luc.
1808 4645 1952 4685 xxiv.
1987 4633 2088 4696 :30;

518 4702 682 4754 Marc.
713 4718 800 4755 xvt
821 4745 834 4763 ,
867 4702 1002 4771 l9);
1046 4712 1094 4752 et
1127 4701 1426 4768 Stephanus
1457 4699 1788 4771 ineoucione
1813 4701 1943 4752 vidit
1970 4716 2090 4754 eum

513 4783 737 4826 stantem
760 4789 789 4825 a
811 4769 1016 4826 dextris
1041 4772 1129 4824 Dei
1154 4772 1287 4838 (Act.
1306 4787 1374 4823 vn
1393 4811 1404 4830 ,
1435 4769 1546 4839 55).
1575 4770 1674 4834 Qui
1700 4772 1864 4824 l'ertur
1883 4771 2092 4824 deloco

511 4844 576 4897 ad
609 4846 802 4908 locum,
833 4853 1102 4903 movetur;
1137 4852 1188 4895 et
1212 4844 1298 4910 qui
1328 4840 1479 4895 sedet
1507 4842 1586 4893 vel
1619 4851 1742 4905 stat,
1770 4843 1886 4893 loco
1915 4843 2090 4894 conti-

512 4923 683 4967 netur.
717 4915 776 4967 Et
808 4931 926 4967 cum
961 4914 1213 4966 Dominus
1239 4911 1587 4978 corporaliter
1612 4913 1805 4964 coelum
1833 4912 2092 4964 ascende-

512 4986 598 5047 rit,
631 4987 856 5052 qualiter
887 5000 1025 5037 nnnc
1057 4985 1124 5036 ibi
1154 4984 1451 5037 credendus
1473 4983 1558 5040 sit,
1592 4983 1672 5035 vel
1698 4982 1924 5049 qualiter
1949 4999 2118 5037 nunc.

509 5056 698 5107 anima:
729 5068 1030 5109 sanctorum
1061 5055 1130 5107 ibi
1167 5056 1272 5105 sint
1292 5095 1304 5116 ,
1339 5065 1430 5106 :mt
1453 5053 1680 5120 qualiter
1708 5053 1938 5117 receptis
1965 5067 2088 5106 cor-

512 5127 726 5188 poribus
750 5128 817 5178 ibi
845 5126 1003 5178 l'nturi
1027 5127 1150 5183 sint,
1172 5138 1512 5190 mununqmre
1534 5123 1669 5175 scire
1697 5123 2084 5175 desideramus.

509 5197 560 5247 Si
604 5197 743 5248 enim
789 5198 979 5264 aliquis
1012 5198 1156 5247 locus
1188 5196 1460 5248 Christum
1491 5195 1569 5246 vel
1598 5201 1814 5245 sanctos
1841 5194 2088 5247 sedentes

509 5267 585 5316 vel
617 5275 815 5319 stantes
840 5276 1076 5320 continet
1105 5283 1171 5318 ne
1201 5266 1420 5326 cadant;
1454 5274 1578 5317 tunc
1609 5265 1694 5316 ille
1726 5265 1871 5318 locus
1901 5265 2089 5317 melior

507 5338 584 5387 eis
615 5337 1010 5403 comprobatur,
1048 5352 1076 5388 a
1104 5352 1210 5403 quo
1239 5346 1314 5388 tot
1352 5337 1488 5387 bona
1518 5337 1883 5389 continentur.
1937 5335 2003 5386 Et
2041 5337 2087 5388 si

505 5405 674 5456 sancti
714 5406 779 5457 de
820 5409 991 5473 aliqua
1023 5417 1266 5460 creatura
1297 5406 1492 5459 visibili
1531 5416 1581 5457 et
1625 5405 1906 5458 sensibili‘
1951 5421 2084 5470 gau-

505 5473 691 5525 dentes
717 5476 1028 5540 gloriantur,
1059 5486 1114 5528 ut
1155 5491 1250 5528 nos
1279 5476 1346 5528 de
1389 5477 1486 5528 bac
1513 5477 1705 5528 visibili
1747 5487 1800 5528 et
1838 5477 2080 5528 sensibili

508 5543 622 5594 luce
661 5543 1017 5603 delectamur;
1053 5556 1177 5598 tunc
1207 5547 1399 5599 iterum
1425 5563 1484 5598 ea
1514 5562 1598 5600 res
1624 5546 1814 5599 melior
1837 5547 2080 5599 rationali

505 5622 745 5664 creatura
779 5614 1060 5675 indicatur,
1085 5616 1151 5667 de
1178 5617 1330 5682 cujus
1361 5615 1696 5680 possessione
1738 5615 1847 5681 ipsa
1884 5615 2079 5678 jucun-

505 5682 678 5746 datur,
705 5691 760 5734 ut
787 5695 882 5734 nos
903 5683 970 5735 de
996 5683 1172 5736 habita
1201 5685 1420 5751 pecunia
1447 5683 1766 5753 gratulatum
1798 5699 1810 5735 :
1833 5696 1888 5737 et
1915 5685 2083 5739 mise-

543 5825 560 5856 ι
586 5823 672 5872 Ms.
702 5828 1046 5874 Audoeneusis
1069 5829 1145 5876 hic
1167 5839 1218 5880 et
1242 5846 1352 5881 mox
1383 5835 1666 5886 insensibili.

1950 356 2311 412 APPENDIX.

3651 365 3788 421 ιιιεθ

2200 484 2317 522 rum
2346 467 2594 537 gaudium
2625 469 2850 533 videtur,
2884 471 2927 525 si
2973 471 3342 529 intellectualis
3381 485 3634 534 creatura
3678 495 3785 536 non

2198 539 2298 592 nisi
2325 540 2392 593 de
2417 540 2606 594 stolida
2636 556 2694 594 re
2720 542 2948 595 ltrtatur.

2266 611 2403 682 MAG.
2436 611 2655 682 Apicem
2701 611 2855 680 hujus
2884 613 3043 667 turris
3073 615 3270 682 pariter
3295 616 3656 674 ascendamus
3678 663 3693 682 ,
3733 631 3786 676 et

2198 681 2405 758 ratione
2430 681 2734 758 indagante,
2760 684 2984 758 qualiter
3005 681 3321 758 se'habeant
3352 689 3466 742 lia-c
3499 681 3790 758 perspicia-

2199 765 2336 803 mus.
2367 750 2569 806 leum
2603 750 2796 830 usitato
2825 756 3035 830 nomine
3061 757 3421 823 appellamus,
3455 750 3596 826 quod
3627 750 3789 830 super

2197 831 2358 888 caput
2399 833 2638 876 nostrum
2680 823 2939 877 videmus.
2981 826 3151 893 Supra
3185 842 3280 880 nos
3307 823 3485 882 autem
3516 831 3643 883 nihil
3687 823 3785 887 nisi

2200 893 2385 954 nubes,
2412 893 2494 967 vel
2517 908 2695 946 aerem
2719 895 2830 967 sole
2855 896 3171 950 illustratum
3194 899 3575 967 conspicimus.
3599 900 3784 957 Solem

2199 977 2346 1036 vero,
2377 963 2456 1017 vel
2485 965 2682 1036 lunam,
2716 966 2798 1018 vel
2825 967 3008 1019 stellas
3031 967 3186 1036 longe
3213 983 3242 1020 a
3269 963 3422 1022 nobis
3450 982 3690 1026 remotas
3712 976 3787 1028 sic

2199 1033 2479 1111 videmus,
2526 1035 2663 1111 sicut
2694 1035 2883 1111 inlato
2914 1038 3046 1091 mari
3095 1033 3250 1111 positi
3293 1055 3322 1091 a
3371 1041 3528 1111 longe
3571 1054 3787 1097 montes

2199 1105 2558 1173 conspicimus
2577 1146 2591 1168 ,
2623 1106 2673 1158 in
2703 1107 2926 1160 circuitu
2953 1123 3080 1162 vero
3097 1105 3236 1162 nihil
3267 1111 3364 1164 nisi
3394 1105 3784 1168 circumfusum

2199 1187 2376 1248 aerem
2423 1175 2710 1248 cernimus.
2756 1176 2906 1230 Unde
2946 1179 3111 1247 liquet
3137 1180 3276 1248 quod
3310 1182 3504 1236 nullius
3547 1183 3785 1237 hominis

2201 1244 2344 1322 visus
2385 1255 2550 1322 totum
2596 1245 2752 1315 hujus
2795 1251 2934 1322 aeris
2975 1244 3533 1322 spatiumipeuetrct,
3560 1255 3651 1322 qui
3701 1257 3784 1309 vix

2200 1315 2360 1394 etiam
2389 1315 2720 1394 horizontem
2743 1315 3185 1394 attii_igerevalet.
3219 1315 3370 1376 Unde
3391 1339 3512 1376 cum
3537 1315 3784 1394 Apostoli

2203 1383 2482 1462 Don‘iimnn
2515 1387 2776 1462 sublatum
2811 1383 3030 1443 ulterius
3058 1391 3234 1445 videre
3258 1408 3360 1445 non
3390 1383 3630 1462 possen't,
3653 1397 3786 1450 dici-

2205 1463 2289 1537 tur
2324 1474 2344 1537 :_
2373 1455 2546 1510 Nubes
2575 1459 2792 1527 suscepit
2821 1477 2934 1512 eum
2962 1462 3022 1512 ab
3053 1464 3213 1537 oculis
3244 1455 3434 1537 eortin'r
3453 1466 3468 1533 (
3489 1455 3671 1529 Act/t,
3692 1466 3783 1537 9).

2201 1525 2503 1593 Stephanus
2535 1525 2749 1598 quoque
2776 1546 2878 1582 non
2907 1533 3179 1598 corporeis
3205 1534 3373 1586 oculis
3417 1525 3700 1589 Dominum
3735 1525 3784 1592 in

2200 1598 2335 1650 Caelo
2363 1599 2495 1650 ultra
2528 1599 2917 1654 ﬁrmamentum
2946 1603 3106 1663 vidit,
3137 1619 3257 1656 cum
3306 1605 3503 1659 nullius
3549 1606 3784 1662 hominis

2201 1666 2346 1747 visus
2385 1669 2692 1747 ullo‘modo
2735 1672 3003 1747 usquead
3048 1672 3437 1747 ﬁrmamentum
3482 1679 3786 1747 pertingere

2202 1739 2385 1813 possit.
2419 1739 2521 1793 Sed
2565 1751 2619 1794 et
2659 1739 2850 1813 concio
2891 1743 3011 1807 illa,
3049 1744 3098 1795 in
3140 1761 3239 1812 qua
3286 1739 3589 1813 Stephanus
3637 1739 3786 1804 sinus

2201 1809 2469 1888 Christum
2489 1813 2781 1888 conspexit
2801 1811 2910 1888 (Id.
2934 1829 3026 1875 vn,
3051 1809 3168 1883 55),
3193 1816 3242 1868 in
3265 1809 3425 1869 domo
3450 1819 3628 1888 aliqua
3650 1818 3780 1876 fuit:

2201 1879 2352 1956 Cujus
2379 1882 2501 1934 tecti
2530 1883 2739 1956 culmen
2772 1879 2937 1956 ipsius
2967 1879 3255 1952 oorporeus
3285 1889 3470 1941 oculus
3502 1879 3785 1956 pétietrare

2203 1950 2435 2030 minime
2455 1953 2642 2030 potuit.
2671 1953 2893 2030 constat
2916 1950 3076 2030 igitur
3095 1957 3233 2030 quod
3265 1973 3368 2030 non
3403 1950 3558 2030 oculo
3586 1974 3783 2030 corpo-

2202 2021 2310 2084 ris,
2343 2022 2438 2074 sed
2480 2023 2666 2076 intuitu
2706 2021 2973 2078 interioris
3020 2021 3249 2079 hominis
3288 2026 3558 2082 Christum
3592 2021 3701 2084 noti
3735 2034 3783 2087 in

2203 2105 2495 2159 corporeo,
2524 2093 2618 2146 sed
2658 2094 2708 2146 in
2751 2095 3096 2150 intellectuali
3131 2097 3268 2151 caelo
3295 2099 3507 2153 viderit.
3546 2099 3652 2155 Sed
3700 2103 3785 2157 hic

2204 2160 2446 2235 fortassis
2489 2163 2557 2217 ab
2595 2164 2859 2234 aliquibus
2902 2167 3244 2220 calumniosis
3285 2169 3555 2235 objicitnr,
3601 2173 3788 2227 stellas

2203 2247 2320 2285 esse
2348 2232 2915 2302 lirmamentoiulixas,
2939 2246 2992 2290 et
3014 2238 3181 2291 visum
3204 2232 3442 2292 nostrum
3477 2232 3788 2298 lirinainen-

2206 2311 2314 2355 tum
2341 2303 2602 2374 attingere
2632 2304 2756 2358 dum
2785 2322 2875 2360 cas
2908 2307 3169 2361 videmus.
3199 2309 3334 2362 Num
3369 2311 3486 2363 ideo
3516 2315 3656 2366 oculi
3688 2331 3787 2368 no-

2203 2375 2296 2451 stri
2330 2375 2722 2451 ﬁrmamentum
2758 2377 3067 2451 attingunt,
3093 2380 3214 2451 quia
3255 2380 3437 2434 stellas
3477 2385 3785 2451 aspiciunt?

2203 2443 2337 2520 Num
2390 2445 2511 2499 ideo
2557 2455 2722 2500 totum
2770 2443 2916 2501 aeris
2939 2443 3166 2520 spatium
3198 2450 3250 2503 in
3289 2453 3421 2504 mari
3469 2443 3782 2520 penetrant,

2203 2516 2324 2589 quia
2366 2525 2571 2589 montes
2595 2558 2610 2582 ,
2644 2527 2702 2570 ut
2741 2528 2862 2589 puta
2904 2519 3075 2573 solida
3120 2535 3378 2589 corpora,
3402 2516 3785 2580 considerant?

2205 2586 2351 2664 Sicut
2372 2587 2511 2638 enim
2541 2587 2589 2664 in
2619 2588 2751 2642 mari
2775 2591 2993 2664 remotis
3013 2591 3080 2644 ab
3099 2586 3314 2664 aspectu
3339 2595 3635 2660 montibus,
3653 2598 3785 2651 nihil

2205 2657 2305 2731 nisi
2328 2670 2425 2731 aer
2451 2657 2683 2731 undique
2712 2659 3063 2731 conspicitur;
3110 2657 3180 2714 ita
3224 2679 3436 2731 quoque
3479 2657 3780 2730 sideribus,

2205 2727 2389 2779 Solidis
2428 2727 2674 2781 videlicet
2714 2727 3064 2796 corporibus,
3110 2727 3366 2797 sublatis,
3401 2735 3530 2787 nihil
3567 2739 3666 2789 nisi
3695 2727 3785 2793 aer

2204 2798 2464 2850 cernitur.
2485 2799 2748 2873 Quidquid
2773 2809 2948 2873 antem
2976 2801 3042 2854 ab
3063 2817 3187 2856 aere
3208 2813 3480 2873 estusque
3507 2806 3574 2859 ad
3608 2808 3785 2862 ﬁrma-

2207 2877 2443 2947 mentum
2465 2908 2478 2932 ,
2509 2877 2562 2922 et
2594 2870 2764 2947 ipsum
2793 2870 3185 2947 firmamentum
3212 2870 3420 2947 anobis
3449 2892 3783 2947 nequaquam

2207 2936 2446 3001 videtur,
2483 2941 2888 3014 propteripsius
2917 2942 3076 3010 spatii
3121 2936 3606 3014 longinquitatem,
3636 2936 3692 3004 et
3719 2952 3785 3004 ob

2207 3018 2410 3062 natura:
2435 3025 2543 3061 stne
2568 3011 2929 3064 subtilitatem.

2277 3079 2499 3152 CAPUT
2530 3079 2707 3134 XLIII.
2730 3081 2928 3152 Caelum
2949 3082 3131 3152 triplex
3155 3085 3500 3140 historialiter.
3530 3088 3656 3142 Tres
3675 3092 3785 3143 arti

2207 3149 2535 3223 signi/icative
2565 3161 2662 3223 tres
2690 3151 2922 3206 visiones.
2971 3149 3198 3223 Apostoli
3241 3158 3309 3208 ad
3354 3159 3557 3211 tertium
3606 3163 3786 3215 caelum

2206 3230 2401 3289 raptus.
2438 3222 2613 3289 Angeli
2659 3231 2702 3274 et
2738 3223 2865 3291 justi
2902 3240 2992 3277 cur
3019 3222 3218 3290 oculi,”
3255 3227 3509 3284 «(temones
3550 3233 3784 3286 tenebra’.

2207 3291 2358 3363 Quod
2382 3293 2425 3344 si
2456 3292 2588 3343 forte
2611 3293 2858 3356 obiicitur
2877 3295 3014 3363 quod
3038 3296 3323 3362 Apostolus
3343 3299 3408 3352 ad
3435 3301 3650 3354 tertium
3674 3318 3786 3355 cu:-

2209 3361 2313 3414 lum
2347 3372 2526 3429 raptus
2557 3364 2825 3427 scribitur,
2861 3361 3134 3419 sciendum
3159 3377 3243 3420 est
3271 3377 3378 3422 tres
3402 3373 3576 3424 caelos
3617 3371 3783 3426 histo-

2208 3433 2411 3507 rialiter
2437 3433 2690 3507 appellari
2711 3475 2726 3499 ,
2759 3443 2813 3487 et
2839 3435 3029 3489 iterum
3061 3446 3166 3489 tres
3194 3439 3546 3507 signiﬁcative
3575 3459 3783 3496 nuncn-

2209 3503 2340 3570 pari.
2376 3503 2468 3554 llic
2493 3504 2684 3571 quippe
2711 3520 2802 3558 aer
2832 3507 3056 3573 primmu
3087 3503 3280 3561 caelum
3312 3511 3661 3566 historialiter
3689 3530 3782 3568 vo-

2206 3585 2376 3648 catur,
2400 3575 2537 3626 sicut
2567 3574 2772 3648 habctis
2792 3617 2816 3648 ,7
2845 3575 3084 3648 I’olucres
3119 3579 3259 3642 rwli,
3288 3581 3409 3648 quia
3438 3582 3491 3635 in
3515 3585 3691 3648 caelo,
3735 3586 3781 3638 id

2206 3653 2307 3706 est,
2343 3645 2391 3696 in
2424 3659 2545 3696 aere
2572 3646 2749 3698 volare
2773 3646 3034 3699 videntur.
3065 3645 3367 3703 Secundum
3391 3654 3588 3706 caelum
3618 3645 3785 3709 wther

2207 3715 2528 3776 nominatur,
2564 3723 2620 3766 ut
2648 3714 2872 3792 habetis,
2900 3718 3074 3792 Stella:
3102 3720 3234 3792 caeli,
3263 3721 3382 3792 quia
3415 3723 3469 3776 in
3499 3738 3568 3776 eo
3600 3725 3782 3792 plane-

2207 3795 2272 3863 ξε
2299 3800 2430 3850 vago
2472 3801 2629 3838 cursu
2670 3787 2930 3863 feruntur.
2971 3789 3209 3863 :l‘ertittnt
3247 3787 3444 3863 caelum
3483 3787 3784 3863 appellatur

2207 3853 2618 3932 ﬁrmamentum,
2644 3857 3032 3932 sicut_l_iabetis,
3057 3858 3204 3932 Astra
3225 3861 3356 3926 cceli,
3379 3865 3501 3932 quia
3522 3853 3709 3920 'sidera
3733 3869 3780 3920 in

2205 3939 2270 3976 co
2308 3928 2406 3976 lixa
2453 3926 2746 4002 traduntur.
2785 3926 3519 4002 SigniliCativequoque-tres
3547 3937 3673 3990 (ξωιὶ
3708 3941 3772 3991 le-

2203 3996 2589 4075 gunturaqnia
2611 4006 2715 4048 tres
2753 4000 3030 4075 visiones,_
3059 3996 3261 4075 scilicet
3296 3996 3592 4068 'sensualis,
3623 4009 3782 4075 Spiri-

2207 4065 2398 4137 tnalis,
2436 4065 2814 4137 intellectualis
2854 4086 2881 4120 a
2922 4071 3248 4137 sapientibus
3293 4089 3398 4127 non
3443 4065 3778 4131 nesciuiitur.

2205 4135 2477 4188 Sensualis
2502 4138 2695 4205 quippe
2722 4139 2854 4192 visio
2879 4135 3128 4202 est,‘cum
3157 4145 3362 4196 colores
3391 4153 3446 4199 et
3472 4147 3673 4200 formas
3699 4165 3782 4202 re-

2207 4222 2321 4284 rum
2349 4208 2580 4284 exterius
2608 4209 2895 4284 cernimus.
2925 4211 3017 4284 sed
3048 4212 3269 4284 interius
3296 4215 3494 4284 aliquid
3517 4220 3705 4280 celari,
3733 4229 3784 4272 ut

2206 4276 2480 4356 inlittcris
2505 4279 2906 4356 siguilicantimn
2935 4282 3298 4356 intelligimus.
3335 4276 3460 4339 Ila-ec.
3484 4301 3618 4356 ergo
3649 4276 3782 4342 visio

2207 4347 2431 4425 primum
2461 4350 2785 4425 et__seiiStialc
2811 4351 3039 4425 {cadum
3067 4355 3392 4425 nominatur,
3417 4347 3626 4425 qttiavin
3655 4361 3786 4412 scri-

2204 4419 2373 4485 pturis
2402 4418 2744 4486 intelligentia
2774 4421 2997 4474 celatur.
3037 4424 3238 4476 Caelum
3266 4418 3465 4479 etenim
3496 4443 3527 4480 a
3556 4431 3779 4483 celando

2202 4488 2608 4567 denotni_iiatur._
2628 4491 2871 4567 Secunda
2904 4493 3357 4567 visiospiritualis
3382 4507 3500 4559 est,
3533 4514 3637 4567 qua
3681 4517 3781 4553 non

2203 4574 2308 4635 res,
2334 4559 2425 4635 sed
2456 4560 2713 4635 imagines
2740 4563 2898 4635 rebus
2925 4559 3126 4616 similes
3149 4565 3494 4631 spiritualilcr
3517 4559 3782 4635 videmus,

2201 4629 2334 4706 sicut
2365 4631 2412 4682 in
2439 4632 2660 4706 somniis
2691 4633 2945 4706 solemus,
2970 4643 3022 4706 et
3042 4629 3187 4706 sicut
3209 4635 3470 4690 Joannem
3500 4639 3553 4691 in
3585 4629 3787 4706 Apoea;

2202 4698 2358 4768 lypsi,
2386 4710 2438 4753 et
2465 4701 2754 4768 Prophetas
2781 4705 2944 4756 multa
2973 4704 3163 4758 vidisse
3187 4707 3460 4760 novimus:
3484 4719 3539 4762 et
3572 4698 3691 4764 han:
3713 4713 3786 4764 vi-

2200 4773 2280 4845 sio
2327 4771 2856 4845 seciiiiiliti_it_cielunt_
2901 4785 3266 4842 nuncupatur,
3295 4777 3418 4845 quia
3449 4795 3580 4834 vere
3613 4798 3701 4833 res
3733 4785 3780 4834 iu

2202 4840 2283 4892 bis
2313 4841 2750 4894 similitudinibus
2780 4843 3040 4896 celantur.
3075 4840 3258 4899 Tertia
3286 4840 3420 4900 visio
3450 4862 3532 4902 est
3568 4853 3780 4905 intelle-

2198 4910 2406 4989 ctualis,
2439 4928 2558 4989 cum
2590 4928 2762 4989 neque
2792 4929 2874 4966 res
2909 4917 3173 4989 exterius,
3200 4933 3372 4986 neque
3404 4918 3665 4989 imagines
3699 4940 3784 4978 re-

2200 4997 2316 5055 rum
2349 4982 2599 5055 interius,
2630 4985 2721 5036 Sed
2752 4985 2893 5052 ipsas
2918 4988 3244 5038 substantias
3277 4982 3434 5055 prout
3465 4982 3591 5046 vevre
3622 5004 3744 5046 sunt
3765 5034 3780 5054 ,

2197 5051 2478 5126 abstractis
2503 5053 2772 5126 coloribus
2805 5055 3070 5108 intellectu
3101 5051 3482 5126 conSpiCitmis,
3513 5074 3569 5114 et
3602 5051 3785 5117 unius;

2197 5121 2453 5190 cujusque
2489 5124 2797 5190 qualitatem
2826 5127 2962 5178 inter
2990 5144 3047 5179 se
3070 5121 3404 5184 diileréntem
3438 5121 3649 5187 ratione
3676 5136 3785 5186 dis-

2197 5193 2465 5272 cernimus
2487 5211 2496 5243 :
2522 5204 2574 5245 ct
2598 5195 2716 5272 haec
2731 5195 2863 5248 visio
2892 5200 3100 5272 tertium
3125 5201 3319 5272 cujlunt
3352 5204 3640 5263 vocitatur.
3665 5207 3782 5272 quia

2196 5264 2391 5335 veritas
2419 5280 2596 5335 rerum
2626 5265 2674 5316 in
2705 5266 2823 5325 hac,
2859 5269 3006 5334 quasi
3037 5270 3083 5320 in
3107 5270 3268 5335 caelo,
3295 5285 3323 5322 a
3353 5273 3531 5327 stultis
3558 5264 3781 5328 celalur.

2195 5331 2358 5400 Igitur
2384 5334 2426 5385 si
2451 5335 2733 5401 Apostolus
2760 5337 2810 5388 in
2839 5331 3062 5403 corpore
3085 5350 3163 5392 est
3192 5331 3393 5408 raptus,
3420 5353 3545 5396 tunc
3577 5346 3643 5398 ad
3666 5361 3786 5399 eor-

2197 5419 2416 5483 pureum
2436 5409 2647 5467 coelum,
2676 5408 2874 5460 scilicet
2905 5410 3320 5483 ﬁrmamentum,
3344 5423 3426 5465 est
3453 5416 3780 5483 perductus:

2194 5473 2238 5526 si
2264 5486 2448 5549 autem
2469 5486 2616 5549 extra
2644 5491 2835 5543 corpus
2855 5519 2870 5540 ,
2899 5479 3040 5545 qttod
3069 5483 3236 5549 magis
3267 5473 3499 5548 videtur,
3531 5495 3659 5540 tunc
3686 5490 3786 5538 nti-

2192 5560 2295 5611 que
2330 5545 2392 5626 ad
2439 5546 2796 5626 intellectuali;
2834 5550 3028 5626 ctelum
3076 5545 3259 5618 rap'tus
3297 5545 3556 5626 creditur,
3590 5558 3641 5610 in
3679 5573 3783 5626 quo

2191 5616 2480 5668 essentiam
2506 5616 2720 5670 deitatis
2751 5618 2905 5691 sicuti
2933 5631 3042 5682 cst,
3075 5616 3426 5691 etaiigelicas
3453 5616 3782 5680 substantias

2193 5693 2348 5753 prout
2372 5698 2514 5749 sunt,
2545 5702 2650 5740 non
2677 5689 3015 5756 sensualitcr,
3047 5692 3186 5761 quod
3211 5689 3391 5764 nequit
3419 5698 3535 5750 lieri
3562 5699 3662 5752 nisi
3687 5715 3778 5768 per

2247 5847 2259 5875 ι
2288 5839 2434 5899 Ειιίιι,
2466 5833 2793 5886 substantiola.
