4016 6558
308 429 447 485 1029

299 566 533 619 corpus,
565 562 664 602 nec
705 547 1075 619 _spiritualite_r,
1109 546 1250 619 quod
1283 562 1384 598 nou
1420 546 1476 596 Iit
1505 542 1600 619 nisi
1636 558 1731 619 per
1759 543 1888 619 ima:

299 622 375 689 git
398 613 454 674 es
483 613 640 673 rebus
675 613 905 678 similes;
945 617 1040 670 sed
1070 613 1328 668 veraciter
1349 657 1362 680 ,
1400 615 1538 682 quod
1571 631 1673 689 non
1706 613 1892 689 fitnisi

303 685 424 748 ipso
464 691 768 747 intellectu.
801 689 998 740 vidisse
1025 690 1383 754 cognoscitur.
1426 687 1610 753 Augeli
1646 685 1726 737 vel
1766 685 1892 751 justi

300 762 534 827 quadam
549 759 895 812 similitudine
909 760 1026 810 ρωΙί
1048 768 1450 824 nuncupantur;
1475 759 1594 822 quia
1618 757 1668 807 in
1689 765 1896 808 secreto

306 833 400 886 Dei
435 833 682 885 Immanis
710 829 909 884 visibus
934 830 1198 890 celantur;
1241 838 1294 881 et
1339 844 1368 881 e
1405 836 1587 880 contra
1622 829 1895 879 dmmones

304 904 392 956 vel
438 903 581 970 impii
629 901 860 954 tenebrae
895 901 1252 969 appellantur,
1283 899 1402 968 quia
1449 899 1500 950 in
1544 897 1823 950 tormentis
1862 912 1892 951 a

305 973 464 1027 nobis
491 973 844 1025 occultantur.

377 1042 606 1098 CAPUT
648 1041 830 1110 XLIV.
881 1041 1014 1106 Quid
1041 1040 1106 1094 sit
1133 1056 1340 1110 regnum
1364 1038 1639 1110 cartorum,
1678 1046 1726 1110 et
1757 1037 1894 1110 quod

305 1115 490 1184 ubique
510 1114 596 1184 sit.
625 1109 728 1184 Cur
758 1130 850 1166 nos
878 1128 1014 1184 nunc
1036 1108 1219 1184 nonin
1244 1109 1390 1184 cutio.
1425 1109 1562 1172 Quid
1591 1110 1653 1161 sit
1682 1109 1733 1160 in
1763 1108 1894 1184 illud

303 1179 514 1238 intrare.
542 1183 677 1247 Quid
705 1183 903 1253 inferri.
939 1182 1015 1235 Ad
1029 1182 1150 1253 quid
1177 1183 1386 1234 visiones
1410 1196 1664 1253 corporea:
1687 1179 1894 1253 quibus?

301 1256 428 1307 dam
457 1249 782 1307 morientibus
826 1259 990 1322 factm.
1036 1249 1274 1321 liegnum
1317 1261 1492 1305 autem
1525 1251 1810 1322 etclorum,
1838 1249 1890 1303 id

301 1325 692 1395 cstjustorum,
731 1321 833 1377 non
865 1324 1071 1376 urbium
1102 1323 1317 1388 manda,
1351 1337 1456 1395 non
1493 1321 1888 1395 posscssionum

301 1391 528 1465 prtedia,
566 1411 671 1448 non
699 1396 812 1448 auri
852 1405 904 1448 et
928 1409 1256 1462 geunnarum
1298 1393 1446 1465 coliia
1468 1409 1621 1465 ,_nou
1651 1391 1888 1465 supellex

302 1461 474 1526 varia,
501 1466 593 1520 sed
620 1465 823 1534 justitia
849 1473 903 1519 et
924 1461 1023 1536 pax
1046 1473 1099 1517 et
1128 1464 1429 1517 onmimoda
1459 1463 1622 1536 gloria
1643 1461 1700 1536 in
1733 1462 1888 1536 pleno

300 1537 497 1606 gaudio
518 1532 770 1597 creditur,
799 1532 939 1604 quod
965 1535 1032 1589 de
1063 1536 1264 1588 visione
1296 1532 1803 1606 :nterna:elui-italis,
1834 1541 1886 1586 et

302 1603 376 1662 ile
405 1607 660 1661 societate
683 1603 1004 1675 Angelorum
1036 1615 1089 1660 et
1118 1614 1423 1660 sanctorum
1453 1603 1696 1658 habetur.
1741 1604 1884 1675 Deus

301 1685 487 1733 autem
526 1687 722 1731 :cterna
766 1673 852 1730 lux
881 1719 895 1741 ,
944 1679 1194 1746 probatus
1225 1686 1303 1730 est
1350 1691 1469 1729 esse
1512 1675 1560 1727 in
1595 1673 1790 1746 mundo
1835 1685 1887 1728 et

301 1757 455 1802 extra
485 1749 760 1814 mundum,
798 1748 932 1801 infra
948 1745 1013 1802 iet
1037 1764 1195 1816 supra
1224 1747 1356 1816 et.in
1385 1746 1629 1806 circuitu,
1656 1745 1886 1814 undique

300 1828 359 1872 et
388 1820 600 1888 ubique.
646 1819 805 1887 Igitur
832 1821 873 1872 si
914 1815 1135 1886 regnum
1164 1815 1418 1871 cauerunt
1460 1817 1642 1870 talium
1681 1815 1886 1888 ratione

299 1887 708 1944 demonstratae
739 1891 864 1943 nihil
897 1889 1140 1943 estaliud
1161 1905 1321 1958 quam
1351 1888 1482 1941 visio
1513 1888 1625 1951 Dei,
1657 1887 1776 1958 quii
1804 1897 1886 1940 est

303 1961 429 2014 fons
455 1962 690 2015 onmium
721 1961 1017 2024 bonorum;
1049 1957 1352 2015 necessario
1378 1959 1614 2028 sequitur
1636 1957 1774 2028 quod
1804 1974 1886 2012 re-

303 2046 468 2098 gnum
496 2031 750 2086 ccelorum
781 2032 850 2085 sit
881 2033 932 2085 in
958 2031 1055 2084 hoc
1085 2031 1302 2096 mundo,
1337 2041 1388 2084 et
1416 2027 1569 2082 extra
1603 2027 1879 2092 mundum,

299 2110 358 2154 et
387 2101 436 2154 in
464 2103 606 2154 omni
638 2111 898 2161 creatura,
927 2111 978 2153 et
1005 2111 1157 2156 extra
1184 2117 1394 2154 omnem
1423 2108 1720 2153 creaturam
1747 2115 1760 2152 :
1789 2116 1886 2152 un-

299 2171 620 2243 tilehabetis,
658 2172 888 2243 Regnum
914 2175 1153 2226 caelorum
1183 2173 1317 2224 intra
1350 2188 1435 2223 ros
1459 2179 1528 2224 est
1557 2168 1719 2243 (Luc.
1753 2185 1880 2243 xvii,

300 2242 428 2312 2|);
460 2244 582 2312 quia
615 2241 863 2298 nimirum
889 2244 938 2296 in
972 2247 1080 2296 Deo
1109 2243 1484 2302 ConsiSIentes,
1508 2256 1629 2294 eum
1654 2241 1703 2293 in
1731 2241 1882 2294 nobis

304 2314 456 2380 ipsis,
486 2325 539 2368 et
586 2316 636 2368 in
677 2316 820 2368 omni
850 2325 1089 2368 creatura
1112 2355 1126 2371 .
1160 2327 1210 2367 et
1242 2322 1389 2366 extra
1421 2329 1636 2364 omnetn
1667 2320 1880 2364 creatu-

303 2399 418 2436 ram
451 2385 605 2438 sicuti
645 2393 726 2440 est
755 2386 1042 2439 caruimus.
1093 2385 1292 2439 Idcirco
1327 2393 1503 2436 autem
1546 2397 1683 2434 nunc
1731 2390 1879 2434 extra

307 2455 496 2516 Ileutn,
531 2457 613 2509 vel
641 2467 786 2508 extra
821 2471 1039 2522 regnum
1071 2455 1325 2508 cmlorum
1351 2454 1596 2514 dicimur,
1628 2453 1746 2520 quia
1777 2451 1878 2505 hac

300 2524 506 2579 visnone
537 2528 824 2595 privamur.
865 2526 1064 2580 Eodem
1104 2526 1262 2579 modo
1287 2534 1338 2579 et
1367 2524 1546 2578 miseri
1579 2532 1702 2576 tunc
1730 2538 1768 2595 a_
1791 2539 1877 2574 re-

298 2612 406 2664 gno
426 2593 682 2650 caelorum
709 2597 914 2650 excludi
947 2598 1248 2650 referuntur
1268 2638 1282 2660 ,
1315 2598 1432 2662 quia
1463 2595 1646 2648 eadem
1678 2593 1878 2645 visione

303 2677 358 2718 ιιι
380 2670 504 2719 czrci
531 2668 646 2720 luce
669 2669 794 2720 solis
825 2668 1184 2733 privalmtttnr.
1213 2667 1322 2720 lloc
1345 2681 1564 2734 regutun
1593 2665 1873 2727 ('(Bitll‘tllll,

303 2737 390 2808 vel
421 2736 522 2792 hoc
545 2739 789 2805 gaudium
808 2738 936 2808 justi
961 2738 1158 2791 intrare
1183 2737 1516 2808 scribuntur;
1542 2737 1662 2803 quia
1696 2734 1877 2808 ineffa-

300 2806 405 2861 bile
432 2809 680 2876 gaudium
715 2805 822 2862 non
846 2809 1137 2876 capientes,
1169 2809 1218 2860 in
1247 2822 1311 2861 eo
1338 2806 1566 2876 quodam
1600 2805 1876 2876 modoolif

300 2874 602 2932 volvuntur.
632 2879 782 2946 Quod
806 2874 982 2933 autem
1005 2880 1194 2931 attinue
1217 2874 1424 2931 sursum
1447 2877 1511 2930 ad
1535 2877 1726 2930 malum
1753 2874 1874 2927 ferri

297 2949 650 3012 aliirmantur,
687 2953 763 3003 vel
796 2951 954 3003 etiam
987 2949 1162 3002 inferri
1189 2946 1560 3016 putautur;ad
1591 2947 1756 2998 visum
1783 2963 1876 2996 no.-

299 3028 467 3072 strmn
497 3021 707 3082 dicitur,
738 3021 928 3090 quibus
953 3021 1224 3086 snperiora
1258 3017 1542 3086 splendore
1584 3017 1711 3090 solis
1741 3016 1874 3069 luci-

297 3090 446 3142 diora
477 3087 801 3152 noscuntur,
834 3101 886 3144 et
917 3090 1056 3159 quod
1101 3091 1258 3144 aliter
1288 3107 1390 3142 non
1425 3097 1596 3157 potest
1636 3087 1750 3159 lucc.
1790 3101 1876 3159 res

296 3163 547 3229 cognosci
589 3163 655 3215 ab
696 3161 777 3214 his
803 3164 892 3231 qui
932 3157 1056 3215 sunt
1083 3159 1260 3216 adhuc
1297 3160 1350 3214 in
1378 3174 1540 3213 carne
1581 3157 1872 3231 constituti.

295 3228 434 3285 Sane
461 3233 651 3284 anima:
682 3228 840 3285 carne
867 3232 1052 3286 solutae
1083 3248 1186 3284 non
1221 3231 1337 3285 loco
1368 3239 1665 3293 moventur,
1698 3243 1794 3281 nec
1820 3228 1872 3281 iu

293 3303 526 3370 aliquem
555 3318 869 3371 corporeum
913 3304 1086 3356 locum
1116 3303 1396 3367 ducuntur,
1446 3310 1502 3354 ut
1545 3299 1666 3353 inde
1711 3299 1873 3352 [lcum

294 3374 760 3441 contemplemur;
791 3373 882 3427 sed
913 3389 1032 3426 mox
1061 3389 1089 3424 a
1129 3388 1353 3442 eoi-pore
1379 3380 1742 3440 sequestrata),
1762 3373 1878 3442 Au-

294 3442 432 3506 gelis
459 3453 511 3496 et
538 3446 735 3496 sam-tis
760 3445 1112 3509 associantur,
1143 3441 1306 3511 regno
1333 3443 1612 3503 caelorum,
1633 3441 1771 3508 quod
1795 3449 1878 3493 est

296 3513 431 3564 visio
481 3514 604 3576 Dei,
655 3516 793 3567 intra
845 3515 1096 3567 mundum
1116 3524 1178 3567 'et
1209 3524 1358 3568 extra
1407 3521 1458 3566 et
1489 3512 1718 3579 undique
1761 3512 1875 3563 sine

295 3598 447 3654 mora
479 3585 762 3641 fruuntur:
805 3586 957 3638 sicuti
993 3600 1164 3637 etecus
1189 3585 1238 3638 in
1268 3585 1379 3638 sole
1409 3583 1633 3654 positus,
1667 3581 1709 3634 si
1737 3581 1873 3634 oculi

295 3653 446 3724 ejus,
482 3657 839 3724 aperirentur,
898 3655 1178 3708 confestim
1235 3656 1350 3708 luce
1401 3652 1532 3706 solis
1586 3652 1870 3724 frueretur.

297 3723 455 3788 Quod
501 3722 675 3778 autem
721 3726 1035 3795 quihusdam
1075 3725 1422 3779 morientibus
1456 3725 1543 3778 lux
1575 3723 1657 3776 vel
1690 3722 1874 3774 fornae

295 3797 618 3863 Angelorum
651 3805 740 3849 aut
766 3806 1068 3850 sanctorum
1106 3795 1174 3848 ibi
1214 3797 1552 3861 videntur,ct
1585 3802 1874 3863 concentus

297 3862 590 3918 liartnonia:
631 3867 932 3930 audiuntur,
965 3876 1016 3921 et
1046 3867 1109 3919 ad
1143 3867 1243 3918 alla
1274 3867 1391 3919 duci
1424 3875 1742 3924 cernuntur;
1775 3862 1874 3915 hoc

295 3945 515 4004 propter
543 3937 780 3990 viventes
813 3941 922 3990 fieri
953 3953 1057 3990 non
1081 3937 1369 3999 dubitatur,
1403 3945 1461 3989 ut
1496 3937 1545 3988 in
1575 3934 1871 3987 Christiana

297 4007 557 4074 religione
599 4009 1029 4062 corroborentur.
1072 4009 1239 4062 Porro
1281 4008 1524 4060 frivolum
1565 4006 1796 4066 videtur,
1830 4005 1871 4056 si

294 4078 492 4130 anima!
536 4079 770 4132 illocales
813 4079 878 4132 de
924 4080 1024 4132 hoc
1070 4080 1265 4132 uutndo
1305 4087 1451 4130 extra
1483 4076 1871 4130 Iirmamentmu

295 4149 419 4220 duci
451 4159 774 4210 asseruntur,
807 4151 954 4220 quasi
989 4150 1055 4201 ibi
1099 4150 1168 4202 sit
1191 4149 1481 4217 pulchrius,
1510 4147 1590 4220 vel
1619 4147 1782 4215 magis
1805 4145 1871 4199 ibi

295 4219 368 4271 sit
399 4219 557 4281 Deus,
586 4234 704 4273 cum
738 4219 911 4287 potius
945 4221 1080 4274 Deus
1106 4236 1260 4289 supra
1292 4228 1346 4274 et
1368 4220 1519 4280 infra,
1552 4219 1683 4270 intra
1708 4227 1759 4289 et
1785 4233 1876 4270 ex-

295 4297 377 4340 tra
407 4291 679 4357 aequaliter
706 4307 826 4346 esse
857 4307 960 4344 non
990 4288 1276 4354 dubiletur,
1301 4301 1354 4343 et
1379 4289 1494 4358 ejus
1520 4290 1652 4340 visio
1682 4288 1874 4355 ubique

289 4360 451 4425 justis
475 4361 749 4428 azqualiter
786 4361 973 4416 δαρειδο
1013 4362 1410 4430 comprobetnr.
1451 4361 1832 4430 Animasvero
1856 4399 1870 4421 ,

294 4430 515 4500 Spiritus
541 4447 660 4484 cmn
690 4431 797 4484 sint
842 4429 1171 4499 incorporei,
1206 4431 1480 4500 corporeis
1521 4430 1651 4483 locis
1682 4429 1872 4480 includi

290 4499 736 4554 absurdissimum
772 4503 979 4556 videtur
1001 4544 1017 4564 .
1052 4499 1346 4570 praisertim
1379 4515 1500 4554 cum
1527 4502 1699 4553 (uultis
1727 4500 1876 4570 locus

291 4570 595 4636 altitudine,
628 4572 988 4639 longitudine,
1019 4569 1292 4627 latitudine
1319 4573 1644 4633 dimetiatur,
1690 4569 1876 4638 bisque

292 4642 544 4695 omnibus
567 4643 786 4711 Spiritus
812 4659 996 4697 carere
1024 4644 1156 4698 bene
1177 4646 1394 4698 sciatur.
1425 4642 1476 4694 In
1507 4658 1570 4695 eo
1591 4642 1785 4710 quippe
1810 4641 1874 4692 il-

293 4712 537 4766 localiter
559 4729 794 4776 manere,
821 4727 873 4767 et
900 4715 1014 4781 ejus
1044 4716 1247 4769 visione
1279 4715 1374 4767 frui
1399 4713 1747 4775 arslimantur,
1775 4712 1876 4764 sic—

293 4790 354 4836 ut
381 4783 598 4836 scientia
625 4785 673 4836 in
701 4785 874 4837 anima
905 4786 1181 4839 illocaliter
1207 4794 1464 4838 moratur.

368 4852 596 4908 CAPUT
639 4854 797 4924 XLV.
831 4854 1110 4924 Corporum
1153 4855 1410 4908 beatorum
1444 4852 1607 4924 gloria
1642 4862 1687 4905 et
1715 4852 1872 4904 locus.

295 4921 436 4976 Ictus
472 4925 625 4978 oculi.
655 4923 861 4994 Corpus
895 4921 1070 4980 autem
1114 4937 1415 4980 sanctorum
1445 4921 1690 4990 resurget
1718 4925 1876 4994 Spiri-

293 4995 460 5060 tuale,
491 4997 609 5063 quia
640 4992 875 5058 levitate,
896 4996 1196 5060 velocitate,
1214 4996 1587 5065 perspicuitate
1606 4992 1877 5065 spiritibus

291 5065 398 5119 erit
423 5068 646 5134 aequale,
673 5075 726 5120 et
745 5082 903 5119 oume
930 5068 1155 5121 Solidum
1178 5064 1279 5122 erit
1304 5067 1350 5120 ei
1384 5065 1741 5135 penetrabile;
1771 5064 1876 5135 sic-

292 5146 351 5189 ut
415 5145 470 5190 ct
490 5133 702 5203 icorpus
733 5137 937 5190 [)omini
971 5139 1142 5206 lapide
1171 5133 1408 5191 clausum
1439 5136 1688 5197 surrexit,
1718 5144 1771 5188 et
1795 5133 1878 5206 ja-

292 5207 413 5259 tmis
439 5207 633 5279 clausis
673 5207 908 5261 intravit.
943 5203 1094 5262 Sicut
1129 5209 1288 5279 igitur
1316 5223 1454 5260 nunc
1481 5207 1697 5274 spiritus
1730 5203 1876 5256 nullo

291 5279 557 5346 Corporali
589 5278 707 5331 IoCo
755 5288 1116 5342 sustentatur;
1159 5278 1234 5332 ita
1263 5295 1469 5347 quitquc
1521 5293 1628 5347 non
1670 5285 1752 5347 est
1783 5290 1878 5326 nc—

293 5363 445 5419 t'csse
476 5360 532 5401 ut
563 5349 838 5419 Spirituale
867 5366 1058 5418 Corpus
1092 5361 1215 5402 tttnc
1243 5346 1419 5418 aliquo
1463 5349 1580 5400 IoCo
1608 5346 1877 5419 fulciatur.

290 5417 408 5471 Non
450 5415 605 5472 enim'
635 5421 941 5473 msensibile
964 5415 1174 5486 corpus
1218 5415 1461 5487 spiritum
1483 5459 1496 5476 .
1528 5417 1620 5470 sed
1663 5415 1882 5483 spiritus

292 5505 488 5556 corpus
515 5500 742 5559 vegetat.
774 5490 936 5559 Igitur
975 5491 1150 5544 nullus
1197 5491 1344 5543 locus
1384 5487 1658 5559 Spirituale
1687 5501 1882 5559 corpus

293 5559 464 5624 fulcit,
494 5557 632 5628 quod
659 5557 815 5614 omni
835 5562 1099 5614 elemento
1129 5561 1372 5614 subtilius
1398 5559 1499 5613 erit
1519 5599 1534 5618 ,
1567 5557 1659 5610 sed
1689 5569 1736 5609 ut
1771 5557 1882 5628 διιιτ

297 5631 430 5700 ritus
459 5625 734 5685 illocaliter
770 5633 821 5683 in
847 5648 1054 5684 summo
1095 5632 1282 5700 spiritu
1323 5631 1446 5700 Deo
1471 5628 1745 5700 subsistit;
1781 5625 1878 5677 nisi

295 5699 432 5754 forte
460 5700 560 5754 hoc
590 5718 684 5768 pro
713 5702 829 5754 loco
856 5697 1165 5770 accipiatur,
1199 5701 1338 5771 quod
1374 5697 1792 5771 substantialiter
1821 5709 1884 5749 ac

295 5773 649 5841 personaliter
669 5769 1144 5826 (ῆι-ριιιιιδιψιυιιιιι’.
1169 5769 1434 5842 Amplius,
1457 5779 1546 5824 aut
1567 5769 1618 5822 in
1640 5769 1740 5821 lioc
1763 5783 1882 5822 cor-

370 5909 388 5942 ³
414 5909 550 5967 Alias.
578 5922 700 5972 qua.

1303 427 1499 480 LIBER
1544 427 1628 480 DE
1667 425 2077 483 COGNITIOML‘
2129 428 2327 482 \‘EI’I/E
2373 428 2569 484 VITAZ.

3461 443 3598 498 1030

2013 558 2172 608 poreo
2202 545 2401 625 mundo
2431 548 2598 599 Sancti
2644 559 2918 625 manentes
2969 551 3134 608 Deum
3177 555 3470 625 videbunt,
3502 572 3595 616 aut

2007 625 2156 691 extra
2188 617 2641 691 mundum__erunt.
2675 620 2728 691 Si
2759 632 2907 674 extra
2941 625 3193 679 mundum
3223 617 3592 691 fuerint,'tttnr.

2007 686 2147 737 nulla
2169 687 2469 739 eletneutali
2501 690 2717 743 materia
2749 701 2950 746 stantes
2978 696 3058 748 vel
3091 697 3340 751 sedentes
3372 686 3592 755 susten-i

2005 764 2202 819 tantur,
2231 756 2349 823 quia
2381 757 2580 810 tmllum
2609 760 2928 815 clementqu
2972 775 3119 820 extra
3152 770 3406 824 mundum
3435 787 3586 825 com-

2003 827 2278 907 probatur.
2309 827 2408 894 Qui
2434 831 2592 907 enini
2611 838 2804 907 terram
2831 834 3130 907 velaquam
3161 839 3228 892 ibi
3251 856 3371 894 esse
3391 844 3582 907 credit,

2003 897 2162 970 nimis
2195 907 2440 970 terrenus
2469 908 2518 951 et
2561 898 2732 952 fluxus
2761 897 3057 970 desipitzvsi
3087 918 3262 962 autem
3293 928 3472 965 aerem
3502 897 3582 967 vel

2001 966 2178 1035 ignem
2221 968 2289 1021 ibi
2313 984 2432 1021 esse
2459 971 2750 1024 arbitratur
2769 1014 2780 1032 ,
2810 966 3042 1038 graviter
3066 993 3093 1028 a
3123 981 3418 1036 mobilitate
3443 966 3582 1038 aeris

1998 1048 2051 1123 et
2081 1038 2216 1106 ignis
2247 1039 2358 1123 ipse
2392 1040 2671 1123 instabilis,
2705 1044 2890 1123 irrisus
2929 1060 3282 1123 computatur.
3325 1054 3464 1123 Ergo
3491 1071 3580 1108 ex-

1999 1116 2075 1186 tra
2108 1110 2530 1186 m_undum_nulla
2558 1115 2814 1186 niatcriali
2862 1130 2919 1170 re
2962 1110 3267 1186 fulciuntur,
3306 1110 3578 1179 ubivnulla

1998 1179 2280 1254 inve-uitur.
2323 1180 2376 1234 Si
2407 1191 2608 1254 autem,
2634 1184 2684 1236 in
2737 1184 2838 1237 hoc
2868 1187 3064 1241 mundo
3107 1179 3282 1254 erunt,
3334 1195 3578 1250 similiter

1998 1250 2127 1320 nulli
2159 1251 2424 1304 elemento
2463 1252 2702 1306 localiter
2731 1257 2922 1308 stando
2960 1258 3044 1312 vel
3076 1250 3314 1316 sedendo
3351 1264 3577 1320 inhmre—

1996 1319 2302 1404 bunttquia
2331 1324 2802 1404 :cquali’sAngelis
2840 1337 2995 1404 erunt
3024 1331 3039 1394 (
3065 1328 3250 1384 Matth.
3283 1349 3416 1399 xxu,
3445 1319 3572 1404 50).

1995 1391 2126 1473 Cum
2161 1393 2315 1460 igitur
2343 1393 2642 1473 Spirituales
2686 1397 2830 1473 sint,
2855 1398 2903 1449 iu
2944 1391 3154 1473 summo
3193 1404 3382 1470 Spiritu
3405 1391 3571 1473 ἐιιὶιῖ-

1995 1463 2226 1524 tualiter,
2260 1477 2360 1514 non
2393 1464 2631 1518 localiter
2661 1467 2966 1521 manelmnt.
3001 1469 3168 1523 Porro
3203 1463 3417 1528 illorum
3445 1463 3572 1530 cor-

1995 1548 2180 1600 porum
2209 1533 2398 1602 gloria,
2429 1549 2530 1587 non
2561 1537 2766 1589 ratione
2787 1579 2800 1599 ,
2830 1539 2922 1592 sed
2953 1541 3062 1593 sola
3097 1542 3196 1595 fide
3222 1554 3303 1597 est
3327 1555 3571 1601 contem-

1996 1603 2206 1684 planda.
2246 1602 2525 1684 (a)_l£runt
2547 1607 2744 1684 quippe
2775 1618 2898 1662 tunc
2926 1610 3010 1684 illa
3039 1627 3261 1684 corpora
3287 1625 3344 1669 ut
3363 1619 3571 1672 animus

1993 1675 2174 1748 agilia,
2199 1686 2254 1725 ut
2274 1674 2353 1748 sol
2381 1677 2680 1748 perSpicua.
2709 1678 2875 1744 Quam
2904 1681 3010 1733 cito
3031 1674 3170 1736 enim
3202 1702 3341 1739 nunc
3361 1689 3572 1742 animus

1993 1745 2059 1823 ab
2089 1745 2383 1823 0riente__i_u
2411 1746 2768 1823 _Occidenteu_i
2799 1750 3119 1819 cogitatione
3164 1757 3423 1823 pervenit,
3461 1767 3566 1812 tam

1991 1815 2096 1895 cito
2129 1825 2262 1895 tunc
2295 1815 2422 1895 illud
2462 1832 2655 1895 corpus
2707 1819 2827 1872 illuc
2871 1815 3422 1895 pervenire'poterit:
3459 1829 3569 1884 Hoc

1992 1885 2116 1956 hinc
2144 1888 2426 1956 Colligitur,
2460 1889 2601 1955 quod
2633 1885 2952 1944 resurrectio
2993 1894 3042 1946 in
3077 1885 3349 1952 ictuiocnli
3396 1900 3568 1956 ﬂenda

1991 1955 2183 2030 legitur
2211 1957 2254 2025 (I
2281 1955 2404 2011 Cor.
2438 1975 2523 2018 xv,
2571 1961 2685 2030 52).
2721 1962 2854 2014 Icltts
2895 1972 3070 2017 autem
3119 1969 3257 2020 oculi
3308 1977 3408 2030 est,
3459 1955 3566 2025 non

1989 2028 2128 2109 quod
2157 2030 2342 2109 oculos
2364 2031 2618 2109 aperitur,
2646 2028 2901 2109 sedquod
2931 2046 3117 2102 aperto
3147 2039 3304 2090 oculo
3325 2028 3564 2109 olijeetus

1989 2097 2122 2168 lucis
2145 2100 2325 2152 radius
2349 2101 2692 2168 con5picitttr.
2721 2097 2822 2155 Sed
2849 2097 3028 2157 revera
3059 2115 3260 2161 tantum
3284 2097 3457 2165 differt
3484 2127 3568 2165 ve-

1989 2167 2176 2223 locitas
2201 2171 2338 2245 i_l_|_ius
2369 2173 2705 2245 corporisab
2737 2173 2842 2226 ictu
2873 2176 3010 2228 oculi
3033 2216 3048 2240 ,
3091 2189 3345 2245 quantum
3373 2196 3401 2234 a
3440 2197 3564 2236 cor-

1989 2254 2116 2307 pore
2146 2241 2354 2309 agilitas
2381 2243 2563 2294 auimi.
2593 2242 2759 2317 llujus
2795 2245 2953 2297 etiam
2983 2241 3224 2317 corporis
3244 2251 3459 2306 claritas
3479 2262 3563 2307 est

1989 2319 2150 2390 tanta,
2191 2321 2384 2390 (planta
2431 2321 2479 2365 et
2529 2313 2779 2390 spiritus;
2823 2331 2926 2368 non
2949 2313 3120 2390 enim
3138 2331 3214 2371 est
3245 2321 3342 2374 hoc
3369 2337 3565 2390 eorpus

1985 2382 2175 2460 anima:
2229 2383 2397 2443 oneri,
2454 2384 2789 2460 sed_deco_ri,
2822 2386 2960 2460 quod
3015 2389 3156 2440 nulla
3203 2382 3564 2460 corruptibilis

1986 2453 2152 2531 moles
2177 2461 2446 2531 aggravat,
2476 2453 2568 2506 sed
2600 2456 2738 2531 quod
2769 2459 3020 2531 angelica:
3053 2468 3254 2512 natura:
3282 2453 3559 2531 aequalitas

1987 2520 2198 2591 Ievigat.
2234 2523 2399 2596 Ilujus
2426 2520 2636 2592 quoque
2662 2520 2875 2579 claritas
2904 2536 3105 2581 tantum
3127 2532 3295 2584 solem
3318 2520 3558 2596 e-xccllit,

1983 2602 2235 2670 quantum)
2291 2595 2367 2646 Sol
2403 2595 2450 2646 in
2491 2596 2730 2670 claritate
2767 2608 3006 2670 nostrum
3050 2614 3243 2667 corpus
3281 2595 3556 2670 prmeellit.

1983 2660 2070 2715 Sol
2100 2665 2239 2716 enim
2272 2673 2354 2717 est
2374 2681 2565 2733 corpus
2595 2666 2920 2738 insensibile,
2956 2679 3009 2721 et
3037 2660 3554 2738 quamvis-inutilite-

1985 2741 2093 2808 tur,
2141 2743 2316 2808 tamen
2352 2737 3030 2808 nunquam_viviiicabitur;
3057 2737 3256 2808 eorpns
3282 2752 3456 2797 autem
3498 2745 3562 2798 il-

1981 2802 2069 2883 lud
2101 2802 2490 2883 erit_sensih_ile,
2518 2806 2781 2883 vitaletet
2810 2802 3182 2883 intellectuale.
3206 2813 3367 2881 Igitur
3387 2830 3557 2883 quan-

1981 2882 2092 2927 tum
2123 2877 2548 2952 differt_spiritiis
2577 2879 2948 2952 intellectualis
2983 2883 3050 2952 ab
3085 2897 3209 2935 aere
3229 2877 3554 2952 insensibili,

1984 2953 2186 3022 tantum
2218 2947 2394 3022 differt
2437 2949 2686 3017 praeclara
2721 2950 2934 3004 claritas
2963 2951 3102 3006 iliins
3128 2955 3368 3022 corporis
3390 2971 3418 3009 a
3440 2947 3555 3011 clai-

1981 3018 2136 3070 ritate
2159 3018 2304 3068 solis.

2051 3086 2278 3162 CAPUT
2317 3087 2498 3141 XLVI.
2533 3087 2611 3162 De
2630 3089 2792 3159 gloria
2821 3093 3074 3145 communi
3105 3109 3166 3146 ac
3189 3095 3396 3162 speciali
3421 3095 3559 3150 San-

1981 3167 2193 3212 ctorum.
2239 3159 2372 3214 Iliuc
2417 3160 2643 3227 quatstio
2690 3177 2794 3214 non
2841 3163 3056 3216 minima
3115 3159 3365 3219 occurrit.
3415 3166 3554 3224 Cum

1980 3230 2120 3282 enim
2139 3230 2402 3308 Pontinas
2431 3231 2589 3308 dicat,
2639 3229 2926 3308 Fuigebuut
2936 3235 3067 3308 justi
3090 3236 3217 3308 sicut
3236 3237 3314 3290 sol
3340 3236 3552 3308 (Matth.

1981 3313 2095 3374 xtn,
2127 3301 2251 3374 437);
2283 3309 2334 3353 et
2362 3301 2671 3374 Apostolus,
2704 3301 2818 3355 Atia
2856 3301 3058 3357 claritas
3085 3307 3224 3368 solis,
3252 3301 3355 3360 alia
3394 3307 3548 3374 fume,

1981 3370 2084 3421 alia
2109 3372 2389 3422 stellarum.
2425 3373 2589 3424 Stella
2617 3373 2680 3425 ab
2704 3375 2849 3426 stella
2891 3374 3059 3440 differt
3097 3378 3149 3427 iu
3183 3379 3454 3443 claritate;
3483 3370 3556 3435 sit:

1981 3451 2027 3492 et
2055 3443 2350 3518 resurrectio
2375 3452 2684 3518 mortuorum
2707 3445 2750 3512 (l
2778 3443 2894 3497 Cor.
2914 3461 3006 3518 xv,
3033 3448 3121 3512 41)
3150 3465 3163 3500 :
3186 3449 3394 3503 videtur
3413 3452 3557 3518 Apu-

1981 3511 2148 3589 stolus
2181 3513 2402 3589 liomino
2430 3515 2758 3567 contrarium
2789 3517 3007 3589 sentire,
3041 3518 3287 3572 videlicet
3309 3535 3445 3589 quos
3465 3511 3555 3576 Itic

1982 3583 2122 3633 velut
2143 3583 2307 3655 solem
2334 3583 2534 3655 fulgere
2566 3592 2789 3646 asserat,
2821 3587 2906 3638 ille
2933 3589 3188 3655 quosdam
3213 3583 3353 3643 velut
3380 3590 3556 3645 diver-

1980 3666 2068 3731 sas
2090 3653 2288 3731 stellas,
2313 3653 2833 3731 :iliiisv'elttt_ltitiam,
2865 3653 2997 3710 alios
3022 3660 3352 3731 velutsolem
3376 3663 3556 3731 splen-

1979 3722 2107 3799 dere
2135 3722 2393 3775 adstruat.
2425 3724 2528 3776 Sed
2557 3725 2831 3801 sciendum
2859 3738 2961 3791 est,
2991 3729 3132 3801 quod
3166 3722 3420 3801 Dominus
3442 3734 3558 3801 glo-

1980 3795 2112 3846 riam
2147 3803 2449 3866 sanctornm
2479 3795 2798 3866 generalzter
2823 3795 3113 3864 expressit,
3148 3795 3557 3866 Apostolus'au-

1982 3872 2084 3915 tom
2123 3863 2449 3930 singulorum
2481 3865 2702 3932 gloriam
2747 3881 2842 3933 pro
2883 3863 3086 3920 meritis
3121 3863 3380 3924 dis—tinxit.
3414 3871 3552 3926 Ulti-

1980 3949 2246 4009 tnnscrgo
2275 3935 2325 4009 in
2357 3950 2519 4002 regno
2549 3936 2806 3989 caelorum
2841 3947 2896 4009 ut
2933 3938 3010 4009 sol
3040 3937 3275 4005 fulgebit,
3303 3943 3389 4009 qui
3423 3951 3552 3998 tunc

1980 4006 2178 4080 septies
2201 4006 2394 4080 clarior
2423 4019 2581 4074 quam
2623 4021 2761 4080 nunc
2791 4008 2898 4080 erit
2924 4006 3072 4080 (lsai.
3106 4025 3228 4069 xxx,
3260 4006 3374 4080 26).
3405 4011 3470 4065 Et
3499 4015 3550 4066 in

1982 4075 2078 4148 liae
2104 4075 2341 4128 claritate
2371 4084 2573 4148 tantum
2597 4077 2820 4148 quisque
2855 4075 3062 4131 abalio
3093 4095 3189 4148 pro
3218 4075 3422 4135 meritis
3447 4083 3552 4137 dif-

1984 4145 2125 4208 fert,
2165 4156 2418 4214 quantum
2460 4146 2610 4198 stella
2659 4145 2746 4199 ab
2772 4150 2922 4202 stella
2973 4151 3023 4202 in
3071 4145 3310 4206 claritate
3349 4152 3550 4208 differt.

1982 4217 2083 4270 Alii
2131 4227 2305 4288 autem
2365 4215 2461 4288 hos
2515 4218 2636 4288 item
2689 4217 2913 4271 diversa:
2961 4219 3218 4273 claritatis
3267 4224 3432 4288 gloria
3482 4226 3552 4278 ita

1982 4287 2310 4354 pra'CeIIttttt,
2337 4287 2468 4339 sicut
2500 4287 2684 4340 lucifer
2708 4289 2960 4356 pleiades,
2994 4291 3114 4343 luna
3148 4287 3443 4357 luciferum,
3472 4298 3554 4348 sol

1983 4360 2157 4410 lunam
2189 4360 2427 4411 claritate
2457 4359 2738 4410 excellunt.
2783 4359 2888 4414 Nos
2929 4371 3103 4415 autem
3139 4377 3327 4416 omnes
3354 4375 3554 4419 tantmn

1979 4443 2173 4498 corpus
2201 4428 2395 4481 (Zbristi
2426 4429 2474 4480 in
2515 4431 2754 4482 claritate
2781 4431 3011 4496 excedit,
3053 4444 3304 4500 quantum
3336 4435 3558 4490 Creator

1980 4512 2278 4552 creaturam
2304 4502 2627 4552 transcendit
2652 4515 2666 4563 ;
2701 4502 2838 4554 unde
2866 4513 2920 4556 et
2947 4504 2997 4555 iu
3023 4504 3236 4556 dextera
3269 4507 3357 4559 I)ei
3386 4506 3558 4560 Patris

1981 4571 2166 4624 sedere
2196 4570 2444 4622 scribitur
2469 4569 2684 4640 (Co/oss.
2716 4588 2788 4634 Ill,
2829 4571 2901 4694 If,
2933 4575 3052 4640 quia
3086 4574 3136 4626 in
3160 4575 3326 4644 gloria
3361 4576 3554 4630 divina:

1983 4641 2274 4694 maiestatis
2320 4640 2518 4694 fulgere
2559 4641 2812 4694 creditur.
2877 4644 3018 4694 gitur
3059 4645 3176 4694 talis
3205 4645 3336 4694 visio
3360 4658 3413 4694 et
3443 4649 3554 4694 talis

1983 4641 2274 4707 majestatis
2320 4640 2518 4706 fulgere
2559 4641 2812 4694 creditur.
2857 4640 3018 4710 Igitur
3059 4640 3182 4698 talis
3205 4645 3336 4698 visio
3360 4658 3413 4699 et
3443 4649 3562 4702 talis

1981 4713 2148 4784 gloria
2169 4726 2387 4784 regnum
2418 4711 2674 4784 caelorum
2703 4713 2916 4778 dicitur,
2944 4715 3065 4784 quia
3092 4717 3187 4768 soli
3210 4719 3350 4782 cmli,
3375 4717 3424 4770 id
3453 4729 3556 4781 est,

1978 4782 2104 4848 justi
2138 4782 2236 4834 hac
2267 4781 2479 4853 rvisionc
2512 4781 2792 4844 fruuntur;
2840 4781 3064 4851 quorum
3097 4787 3369 4853 prteminm
3415 4802 3562 4840 sum-

1984 4869 2126 4904 mmn
2154 4861 2236 4924 est
2261 4852 2488 4924 bonum,
2523 4853 2573 4904 in
2601 4869 2712 4924 quo
2745 4853 2940 4909 habent
2968 4852 3180 4924 plenum
3218 4855 3466 4924 gaudium
3493 4860 3562 4913 de

1985 4922 2310 4992 plenitudine
2334 4922 2574 4992 omnium
2599 4923 2876 4979 bonorum.

2053 4993 2279 5047 CAPUT
2301 4991 2507 5045 XLVII.
2542 4993 2691 5058 Quod
2709 4996 2869 5045 sancti
2897 5011 2996 5048 non
3027 4995 3089 5048 de
3115 4994 3452 5061 seusibilibus,
3473 4997 3564 5051 sed

1984 5063 2047 5116 de
2066 5080 2260 5117 summa
2282 5066 2410 5116 bono
2431 5063 2722 5116 delicientur
2735 5103 2746 5115 .
2770 5062 2963 5117 Galam
2981 5066 3236 5118 caelorum.
3261 5067 3448 5120 Catena
3465 5070 3564 5120 vir-

1987 5145 2167 5187 tutum.
2192 5133 2537 5186 Conclnditur
2560 5133 2754 5200 itaque,
2775 5137 2912 5200 quod
2936 5135 3106 5188 sancti
3129 5151 3233 5188 non
3251 5137 3316 5189 de
3336 5138 3568 5191 sensibi-

1987 5205 2123 5258 libus
2151 5204 2308 5256 rebus
2337 5203 2670 5263 delicientur,
2701 5204 2793 5256 sed
2825 5220 2883 5258 se
2915 5207 2965 5258 in
2996 5219 3206 5258 summo
3243 5207 3381 5259 bono
3409 5223 3528 5262 esse
3547 5249 3563 5268 ,

1985 5286 2039 5329 et
2083 5290 2295 5327 smmno
2346 5274 2482 5325 bono
2516 5275 2564 5325 in
2613 5275 2758 5326 omni
2805 5287 3046 5328 creatura
3085 5287 3140 5329 et
3172 5285 3320 5330 extra
3352 5293 3565 5332 omnem

1985 5355 2281 5398 creaturam
2303 5343 2531 5397 videndo
2553 5344 2650 5396 frtti
2679 5345 2992 5417 glorientur.
3026 5347 3079 5399 Si
3111 5348 3250 5400 enim
3279 5347 3566 5417 quidquam

1988 5417 2164 5488 minus
2193 5429 2348 5488 quam
2381 5431 2646 5466 summum
2676 5416 2870 5468 butum
2905 5417 2953 5468 in
2995 5418 3212 5486 przemio
3243 5416 3568 5488 acciperent,

1986 5487 2160 5559 adlmc
2200 5485 2316 5552 plus
2354 5494 2705 5559 appeterent;
2729 5495 2805 5559 _et
2845 5485 3182 5559 conséquens
3218 5485 3388 5551 esset]
3429 5493 3569 5559 quod

1989 5557 2202 5626 plenum
2234 5555 2479 5622 gaudium
2513 5571 2616 5626 non
2659 5555 2933 5609 baberent.
2965 5555 3070 5613 Sed
3096 5574 3214 5612 cum
3243 5555 3570 5614 coostet-eos

1993 5625 2201 5694 plenum
2251 5625 2780 5698 gutttlitllllihttltel'c,
2834 5631 3139 5683 necessario
3193 5632 3431 5698 sequitur
3480 5646 3576 5686 eos

1990 5713 2253 5769 suunnmn
2286 5698 2491 5769 bonum
2513 5697 2676 5750 Deum
2707 5698 2932 5758 habere,
2961 5709 3013 5752 et
3043 5701 3108 5753 de
3133 5701 3246 5769 ejus
3273 5697 3574 5764 affluentia,

1993 5768 2321 5837 plenitudine
2351 5767 2589 5819 omnium
2619 5769 2876 5820 bonorum
2901 5767 3191 5825 abundare.
3226 5772 3449 5838 Quando
3475 5787 3561 5824 au-

2062 5901 2134 5962 (a)
2173 5907 2236 5950 tta
2259 5899 2488 5948 Elucidar.
2518 5901 2598 5949 lib.
2627 5903 2674 5962 5,
2699 5916 2802 5965 cap.
2837 5904 2906 5952 I6.
