3986 6520
456 407 588 465 1031

458 533 562 575 tem
594 518 784 574 coelum
828 515 1085 570 caelorum
1112 512 1322 582 legitur.
1352 510 1463 582 ipse
1496 508 1637 582 Deus
1675 506 2020 576 intelligitur;

453 593 574 659 quia
604 588 725 659 ειυΙῇ
747 586 976 659 veljusti
1010 585 1060 639 in
1086 580 1397 659 abscondito
1423 580 1573 659 faciei
1607 585 2026 659 su:c_a‘cot_t'tur-

456 646 667 714 liatioue
706 646 976 709 hominum
1022 657 1263 709 celantur
1312 650 1499 722 (Psal.
1530 665 1655 722 xxx,
1700 650 1765 722 2!
1881 646 2029 722 Unde

455 726 979 791 ScribiturJIabentea
1005 726 1293 778 thesaurum
1316 715 1368 776 in
1397 721 1520 774 caelo
1544 719 1756 791 (Matth.
1780 715 1893 791 xIx,
1911 715 2027 787 21),

458 800 557 851 hoc
587 807 683 860 est,
708 788 771 850 'in
804 797 930 850 Deo.
980 795 1057 849 Ad
1086 796 1185 848 hoc
1214 807 1479 847 summum
1519 788 1713 844 bonum
1738 788 1866 860 juSti
1901 803 2030 860 qua-

455 870 576 922 dam
626 858 810 921 catena
858 865 1159 930 trahuntur,
1191 881 1309 933 quae
1337 862 1405 917 de
1433 860 1711 915 virtutibus
1741 858 1843 933 hoc
1872 858 2031 933 modo

454 939 805 992 connectitur.
856 936 913 990 In
962 928 1162 1007 primis"
1188 928 1316 1007 lides
1354 933 1583 985 animam
1623 930 1772 1007 quasi
1815 928 2029 1007 quidam

455 1009 686 1061 circulus
725 996 1115 1075 complectitur,
1146 1004 1264 1059 lidei
1291 1017 1415 1075 Spes
1439 996 1759 1075 anitectitur.
1788 996 1912 1068 spes
1939 996 2025 1051 di-

1888 393 2256 451 APPENDIX.

2128 506 2255 562 boni
2305 502 2697 575 perseverantia
2752 500 3056 575 clauditur,
3095 500 3532 575 perseverantia:
3582 501 3724 555 Deus

3590 390 3723 448 “13'!

2133 576 2253 631 fons
2274 572 2509 630 omnium
2538 576 2798 628 bonorum
2828 574 3061 627 dabitur.
3094 572 3255 639 Igitur
3284 573 3375 641 qui
3408 574 3509 627 hac
3539 582 3727 627 catena

2134 655 2358 711 tractus,
2392 646 2528 700 hanc
2558 644 2745 699 turrim
2785 643 3048 697 scandens
3074 643 3283 696 culmen
3317 642 3438 710 ejus
3468 643 3725 711 attigerit,

2135 732 2239 771 non
2263 718 2433 771 solum
2464 731 2522 770 se
2552 731 2731 771 veram
2761 714 2923 767 vitam
2950 728 3296 783 cognoscere,
3321 713 3416 766 sed
3450 722 3508 767 et
3537 729 3728 780 peren-

2138 790 2277 841 niter
2303 789 2353 841 in
2373 802 2435 842 ea
2470 786 2623 840 beate
2649 787 2830 840 vivere
2853 800 2913 839 se
2937 782 3190 855 gaudebit
3212 801 3227 849 ;
3260 785 3384 853 quia
3413 783 3467 837 in
3492 799 3557 837 ea
3583 782 3734 851 hujus

2137 858 2324 929 glorize
2348 872 2571 929 consors
2597 856 2722 929 erit.

2212 929 2351 983 Dtsc.
2391 928 2540 982 Vera:
2566 927 2686 981 vita:
2712 934 2765 981 ct
2791 926 3030 979 omnium
3058 923 3214 978 beate
3244 922 3541 978 viventium
3571 921 3725 975 faciat

2138 1004 2194 1053 te
2221 999 2360 1053 Deus
2386 998 2715 1067 participem,
2746 997 2835 1066 qui
2870 1010 2970 1051 nos
3009 1009 3197 1050 omnes
3225 993 3292 1048 ad
3322 1010 3595 1048 suunuutn
3641 993 3732 1046 bo-

461 1080 683 1132 Iectione
711 1069 939 1141 tenetur,
970 1069 1183 1130 dilectio
1210 1069 1521 1144 operatione
1549 1071 1817 1144 expletur,
1840 1083 2031 1144 opera-
2144 1084 2270 1123 num
2298 1070 2573 1140 perducat.
2606 1069 2802 1123 Amen.

459 1150 532 1201 tio
577 1149 869 1203 intentione
901 1138 951 1200 in
993 1138 1260 1200 summurn
1304 1146 1498 1199 bonum
1530 1140 1774 1207 trahitur,
1804 1138 2033 1193 intentio

487 1274 2574 1297 ._______________—___.____._______————————

482 1288 2574 1339 Μ...-
946 1269 3743 1337 -ῌ-Μῼ--ῌ
3058 1312 3397 1320 -.-.-.,ἢν
3432 1312 3587 1317 ,ιν-.-γ

1299 1406 1748 1472 ADMONITIO
1789 1406 1871 1467 IN
1914 1403 2535 1478 SUBSEQUENTEM
2573 1402 2898 1465 LIBRUM.

535 1577 693 1632 Liber
721 1578 788 1633 de
817 1578 931 1634 Vita
956 1578 1239 1632 christiana
1267 1576 1375 1646 jam
1402 1585 1526 1631 ante
1556 1575 1758 1646 parenti
1787 1589 1886 1629 suo
1911 1574 2187 1629 restitutus
2211 1572 2311 1628 fuit
2340 1588 2437 1643 per
2465 1574 2663 1628 Lucam
2694 1573 3048 1639 ilolsteuium,
3075 1573 3166 1643 qui
3197 1587 3390 1627 novam
3418 1586 3483 1627 ac
3513 1570 3748 1643 singula-

468 1685 580 1725 rem
621 1670 858 1739 ejusdem
890 1670 1008 1723 libri
1038 1670 1323 1723 editionem
1362 1668 1428 1721 ad
1470 1678 1619 1721 vetus
1644 1666 1916 1736 exemplar
1955 1664 2260 1720 Casinensis
2305 1665 2612 1721 monasterii
2643 1706 2657 1729 ,
2691 1666 2743 1720 in
2772 1681 2878 1736 quo
2914 1664 3131 1719 Fastidii
3174 1664 3392 1718 nomine
3430 1664 3745 1733 inscriptum

473 1763 709 1832 reperit,
757 1762 1128 1832 perliciendum
1171 1761 1377 1815 curavit
1416 1758 1667 1813 Romanis
1698 1758 1868 1829 typis,
1906 1772 2047 1812 anno
2078 1756 2234 1811 1665.
2267 1757 2539 1813 Casinensi
2569 1758 2859 1827 exemplari
2890 1756 3048 1811 [idem
3087 1757 3571 1827 auctoritatemque
3600 1756 3750 1810 all'ert

466 1853 774 1908 Gennadius
798 1894 811 1917 ,
839 1852 908 1908 de
937 1852 1169 1907 Fastidio
1193 1860 1247 1906 et
1272 1852 1391 1920 ejus
1422 1849 1871 1905 lucubrationibus
1899 1849 1952 1902 in
1978 1848 2112 1904 libro
2136 1848 2204 1902 de
2235 1847 2594 1919 Scriptoribus
2623 1849 3010 1904 Ecclesiasticis
3033 1891 3049 1917 ,
3076 1864 3195 1919 cap.
3228 1851 3298 1905 56
3322 1891 3339 1915 ,
3373 1850 3445 1903 ita
3479 1849 3708 1919 loquens
3732 1867 3745 1902 :

478 1962 496 1995 ε
526 1943 788 1999 Fastidius
818 1944 985 1997 Britto
1013 1943 1225 2013 scripsit
1249 1943 1315 1996 ad
1341 1942 1575 1997 Fatalem
1606 1941 1673 1995 de
1701 1941 1817 1995 Vita
1841 1939 2126 1994 christiana
2155 1940 2370 2007 librum,
2397 1950 2451 1996 et
2474 1941 2634 1996 alium
2660 1941 2728 1997 de
2750 1941 3015 1997 Viduitate
3036 1942 3324 2006 servanda,
3355 1957 3487 1997 sana
3514 1951 3571 1996 et
3596 1942 3748 2012 digna

462 2036 722 2089 doctrina.
769 2053 789 2087 ι
831 2035 1087 2091 Geunadii
1136 2034 1295 2088 verba
1336 2042 1459 2087 sunt
1506 2048 1572 2087 ex
1600 2031 1961 2087 vetustissimo
1989 2030 2295 2088 Corbeiensi
2325 2032 2506 2087 codice
2534 2031 2799 2101 descripta
2825 2050 2840 2099 ;
2872 2049 2991 2103 qua:
3018 2034 3229 2104 quidem
3262 2035 3313 2089 in
3344 2033 3506 2089 editis
3537 2048 3645 2087 non
3677 2034 3751 2087 sic

465 2143 595 2197 pura
627 2128 891 2194 leguntur,
932 2126 1025 2180 sed
1066 2126 1205 2179 male
1245 2124 1554 2194 interpolata
1584 2124 1792 2177 duobus
1831 2123 2066 2179 tribusve
2095 2124 2224 2179 locis
2254 2142 2267 2179 :
2295 2124 2498 2180 scilicet
2528 2143 2547 2177 ι
2580 2125 2646 2179 ad
2683 2124 2921 2182 Fatalem
2965 2126 3250 2196 quemdam
3288 2146 3306 2179 ι
3336 2127 3576 2196 scriptus
3618 2126 3751 2181 liber

462 2218 657 2271 dicitur
683 2218 732 2270 in
759 2216 1016 2272 Gennadii
1048 2216 1356 2285 impressis;
1387 2230 1545 2284 quem
1587 2223 1763 2268 tamen
1793 2228 1896 2267 non
1936 2214 2002 2268 ad
2030 2214 2201 2268 virum
2223 2255 2238 2280 ,
2271 2214 2365 2269 sed
2405 2215 2471 2269 ad
2511 2215 2722 2269 viduam
2762 2216 3047 2286 quamdam
3090 2218 3350 2273 directmu
3390 2233 3513 2273 esse
3544 2218 3747 2288 liquet;

465 2317 830 2377 prmlercaque
857 2308 909 2361 in
939 2307 1126 2361 iisdem
1154 2305 1424 2375 impressis
1449 2304 1597 2359 libris
1620 2303 1877 2373 judicium
1904 2303 2162 2359 Gennadii
2190 2320 2296 2361 uno
2321 2304 2529 2375 adjecto
2553 2305 2718 2361 verbo
2744 2306 3008 2363 illustrius
3037 2309 3210 2379 longe,
3238 2310 3320 2364 vel
3350 2310 3523 2380 magis
3551 2309 3750 2381 (dicere

463 2399 642 2471 liceat)
684 2401 911 2470 ineptius
941 2401 1180 2455 redditur
1209 2401 1259 2454 in
1293 2400 1433 2453 hunc
1459 2398 1673 2452 modum
1712 2413 1725 2450 :
1757 2416 1774 2449 ‹
1803 2395 1942 2451 Sana
1971 2404 2027 2451 et
2057 2396 2168 2451 Deo
2195 2396 2355 2466 digna
2383 2397 2647 2453 doctrina.
2682 2417 2701 2451 ι
2747 2398 3036 2456 Enitnvero
3068 2401 3359 2456 Fastidium
3393 2401 3599 2471 Pelagii
3626 2415 3749 2456 con-

471 2493 702 2546 terranei
727 2492 808 2545 sui
838 2491 1028 2545 hmresi
1060 2491 1325 2545 addictum
1355 2489 1516 2543 fuisse
1544 2504 1646 2542 nou
1676 2495 1879 2542 temere
1906 2488 2243 2556 suspicantur
2267 2488 2457 2542 eruditi
2498 2490 2615 2543 viri.
2647 2489 2778 2544 Nam
2806 2491 2873 2546 de
2907 2492 3113 2547 Adamo
3142 2494 3192 2547 in
3227 2491 3385 2562 hujus
3416 2493 3540 2548 libri
3580 2493 3750 2563 capite

464 2583 534 2637 15
558 2583 634 2636 sic
664 2583 893 2653 loquitur
918 2600 931 2635 :
961 2600 980 2633 ι
1010 2581 1065 2635 ln
1092 2597 1198 2652 quo
1228 2582 1355 2635 nihil
1387 2580 1548 2635 fuisse
1574 2579 1955 2634 incredulitatis
1981 2579 2213 2645 invenio,
2245 2588 2439 2649 pra-ter
2462 2581 2630 2634 solam
2660 2581 3099 2651 iuobedientiam,
3124 2585 3276 2653 cujus
3320 2600 3484 2639 causa
3532 2586 3625 2641 ille
3660 2587 3750 2639 da-

468 2684 676 2730 mnatus
701 2685 1072 2741 est,etomncs
1092 2690 1189 2728 suo
1204 2673 1519 2728 damnantur
1546 2671 1842 2741 exemplo.)
1871 2671 1988 2741 Ipse
2011 2680 2093 2726 est
2117 2671 2311 2742 Pelagii
2342 2688 2491 2728 error
2510 2673 2769 2742 docentis,
2797 2675 2926 2730 Ada:
2951 2685 3221 2746 peccatum
3250 2678 3481 2747 posteris
3504 2681 3748 2750 exemplo

468 2768 713 2822 nocuisse
735 2808 751 2831 ,
785 2782 888 2821 non
921 2768 1179 2830 transitu,
1211 2775 1267 2819 ut
1298 2766 1347 2819 in
1376 2764 1599 2834 epistola
1633 2764 1699 2818 ad
1739 2763 2127 2819 Demetriadem
2150 2806 2166 2832 ,
2197 2764 2247 2818 in
2271 2766 2577 2835 Appendice
2607 2783 2826 2837 operum
2856 2770 3133 2839 Augustini
3167 2787 3181 2823 :
3214 2785 3374 2839 quem
3406 2770 3745 2842 Pelagianum

473 2874 710 2913 errorem
742 2858 1061 2930 Augustinus
1091 2871 1231 2925 smpe
1260 2854 1625 2925 reprehendit.
1660 2855 1787 2921 Qua:
1814 2854 1973 2909 etiam
2000 2853 2087 2909 hic
2110 2854 2379 2909 habentur
2408 2856 2460 2910 in
2483 2857 2657 2926 capite
2684 2859 2770 2923 11,
2810 2877 2827 2910 ι
2862 2859 2954 2913 llle
2978 2859 3120 2913 enim
3148 2860 3339 2913 merito
3366 2860 3434 2913 ad
3466 2862 3635 2915 Deum
3657 2878 3747 2917 ex-

463 2950 599 3002 tollit
628 2962 834 3010 manus,
865 2948 951 3001 ille
982 2960 1165 3016 preces
1190 2947 1341 2999 bona:
1366 2944 1707 2999 conscientiae
1738 2943 1939 3010 l‘utidit,
1972 2944 2062 3013 qui
2095 2952 2270 3013 potest
2296 2945 2505 3011 dicere,
2539 2947 2619 3002 Tu
2651 2947 2823 3015 nosti,
2854 2947 3108 3015 Domine,
3139 2964 3298 3020 quam
3327 2962 3563 3017 sancta},
3596 2969 3746 3023 quam

466 3040 799 3103 innocentes,
851 3054 1009 3108 quam
1041 3052 1183 3107 pura:
1208 3045 1333 3090 sunt
1359 3037 1427 3090 ab
1455 3035 1599 3089 omni
1628 3034 1809 3089 fraude
1832 3044 1885 3089 et
1906 3034 2095 3104 injuria
2116 3044 2169 3089 et
2191 3037 2391 3105 rapina,
2419 3054 2551 3108 quas
2572 3040 2635 3093 ad
2661 3050 2709 3095 te
2729 3041 2971 3111 expando
2992 3058 3199 3108 manus,
3225 3058 3385 3113 quain
3409 3043 3747 3101 immaculata

474 3132 613 3185 labia
642 3140 696 3186 et
721 3130 790 3184 ab
816 3129 961 3183 omni
994 3127 1272 3183 mendacio
1310 3127 1501 3193 libera,
1528 3126 1720 3196 quibus
1750 3126 1862 3192 tibi,
1892 3134 1950 3180 ut
1975 3127 2105 3181 mihi
2135 3128 2454 3195 miserearis,
2490 3146 2676 3200 preces
2704 3130 2906 3199 fundo;
2942 3152 2961 3185 ι
2996 3134 3082 3187 illa
3114 3135 3226 3204 ipsa
3255 3136 3419 3190 verba
3448 3146 3609 3203 sunt,
3638 3155 3749 3209 qua:

482 3224 534 3275 in
562 3222 698 3275 libro
729 3222 921 3291 Pelagii
953 3221 1020 3275 ad
1051 3220 1259 3274 viduam
1290 3218 1579 3283 exstitisse,
1610 3227 1834 3273 testatur
1862 3219 2192 3290 Augustinus
2218 3220 2271 3275 in
2298 3222 2434 3277 libro
2462 3222 2529 3278 de
2554 3222 2730 3279 Gestis
2760 3225 2975 3296 Pelagii,
3004 3240 3122 3297 cap.
3155 3227 3209 3292 6,
3245 3243 3455 3284 necnon
3490 3230 3753 3304 Hierony-

472 3334 590 3371 mus
620 3317 675 3370 in
706 3315 861 3370 tertio
893 3315 1229 3385 Dialogorum
1258 3312 1393 3367 libro
1417 3353 1433 3379 ,
1475 3312 1564 3367 ubi
1598 3312 1661 3367 iis
1690 3312 1866 3367 verbis
1896 3313 2128 3368 recitatis
2154 3314 2457 3370 exclamat:
2489 3335 2507 3367 ι
2540 3316 2825 3372 Christiani
2855 3328 2936 3373 est
2964 3319 3080 3375 haec
3102 3362 3117 3385 ,
3154 3337 3222 3376 an
3266 3322 3531 3380 Pharisaei
3570 3342 3751 3396 super-

467 3409 663 3465 bientis
708 3408 920 3462 oratio?
956 3425 975 3459 ι
1012 3404 1301 3461 Fastidium
1350 3405 1725 3459 Britannorum
1771 3406 2077 3476 episcopum
2120 3407 2376 3463 claruisse
2412 3410 2511 3465 sub
2548 3411 2785 3467 Honorio
2811 3424 2865 3468 et
2895 3414 3198 3471 Theodosio
3240 3417 3580 3487 principibus
3618 3435 3751 3473 anno

470 3503 666 3557 Christi
709 3502 834 3566 420,
875 3502 1089 3571 scripsit
1130 3499 1473 3555 Trithemius.
1515 3498 1774 3555 Gennadii
1813 3510 1990 3555 autem
2029 3503 2303 3573 exemplar
2342 3502 2665 3561 Corbeiense
2699 3523 2856 3578 supra
2902 3508 3193 3578 laudatum,
3231 3512 3473 3583 episcopi
3523 3515 3747 3581 titulum,

472 3613 631 3665 quem
670 3596 795 3650 editi
825 3594 1056 3649 Fastidio
1088 3594 1356 3660 tribuunt,
1393 3592 1717 3662 adscriptum
1745 3608 1775 3647 a
1808 3594 1973 3663 prima
2004 3609 2162 3649 manu
2192 3612 2296 3650 non
2328 3598 2544 3665 habuit;
2577 3602 2670 3656 sed
2702 3613 2819 3672 post
2847 3620 3029 3660 vocem
3066 3624 3084 3658 ‹
3124 3607 3327 3672 Britto,
3371 3628 3392 3661 ι
3427 3609 3652 3666 additus
3675 3619 3749 3667 est

474 3689 756 3742 recentiori
794 3688 999 3741 calamo
1034 3704 1053 3738 ‹
1089 3685 1390 3755 episcopus.
1430 3703 1449 3737 ι
1480 3684 1694 3775 Librum
1726 3685 1881 3775 hunc
1918 3685 2239 3742 contulimus
2268 3704 2390 3744 cum
2431 3694 2595 3747 veteri
2626 3694 2810 3750 codice
2851 3696 3159 3755 Corbeiensi
3183 3741 3199 3768 ,
3232 3716 3358 3756 cum
3397 3702 3743 3775 Remigiano,

478 3776 813 3842 Micliaeliuo,
848 3776 1115 3831 Victorino
1142 3790 1205 3830 ac
1231 3775 1437 3829 duobus
1462 3774 1785 3839 Sorbonicis,
1816 3785 1870 3831 et
1894 3790 2015 3831 cum
2043 3775 2301 3833 Holstenii
2333 3780 2566 3838 editione
2592 3782 2853 3842 Romana.

1106 3997 1344 4108 DE
1434 3996 1907 4109 VITA
1980 3999 3120 4124 CHRISTIANA

1622 4183 2104 4292 LIBER
2195 4186 2310 4294 Π
2295 4190 2411 4295 Ν
2424 4193 2627 4305 US.

1833 4371 2399 4451 amem-—

556 4529 2069 4626 ῌηηξὶιὶεὲ(1ςέῗςέιςξςςοςξξλξξιιίρ..ἔρξςέῼερξξςτξξςξει
2163 4556 2257 4606 re;
2289 4542 2463 4626 adhuc
2493 4548 2794 4626 insuper_et
2831 4555 3066 4609 omnium
3111 4556 3385 4626 redarguit
3424 4566 3749 4622 conscientia

480 4612 701 4697 ultimus
2168 4624 2504 4697 peccatorum
2530 4660 2545 4684 ,
2579 4611 2632 4697 ut
2658 4622 2814 4697 etiam
2847 4626 2889 4678 si
2921 4628 3041 4695 quid
3072 4611 3299 4682 lumini;
3313 4611 3486 4697 possit

481 4694 533 4737 ιθ
562 4690 618 4768 ιμι
642 4686 937 4768 δεξιιεξξιθξιξριξ
961 4683 1252 4768 ςεξξξξξξξιξιξ
1282 4674 2065 4768 "'31'33.PE{gitizifﬁl’iif’ﬁ'.'.’fl§
2167 4684 2455 4768 abscondat
2525 4701 2576 4745 ει
2609 4692 2688 4768 ita
2710 4692 2766 4745 ru
2794 4704 2849 4747 ιιι
2878 4674 3228 4768 primm-am
3260 4674 3403 4768 ηιῖοιι

481 4753 706 4833 aude?!"
741 4748 929 4802 lillel‘is
968 4747 1433 4833 ilfl||lfflletcshlfflll
1463 4757 1560 4833 ριεῖ
1586 4747 2064 4833 ῐξῐξῼρτξξιίὶξιιείιίςὲίε
2168 4752 2458 4833 habemus,
2491 4760 2590 4815 hoc
2620 4764 2777 4819 etiam
2809 4747 2947 4833 quod
2976 4747 3407 4829 habemus

496 3911 3750 3950 ______________—____________

482 4821 672 4877 Iiducia
698 4861 712 4883 ,
759 4834 862 4872 non
902 4816 1176 4885 sapientia:
1205 4815 1388 4884 peritia
1415 4854 1431 4879 ,
1463 4829 1566 4885 non
1598 4815 1832 4867 scientia:
1861 4817 2022 4884 gloria
2044 4859 2059 4883 ,

478 4893 571 4946 Sed
603 4892 713 4945 sola
748 4904 904 4958 quam
937 4883 1224 4942 secundum
1252 4886 1413 4938 Deum
1437 4883 1616 4958 animo
1642 4899 1704 4936 ac
1733 4883 1908 4939 mente
1931 4901 2063 4941 con-
2087 4944 2091 4949 ,

478 4962 628 5030 cepi,
656 4954 932 5015 charitatis
960 4968 1061 5010 tua:
1088 4971 1245 5030 causa
1272 4954 1543 5030 compellit
1571 4968 1727 5030 :_qu:c
1755 4971 1838 5007 me
1869 4972 2061 5025 pecca-

482 5025 650 5086 torem
682 5042 735 5084 et
766 5031 1005 5099 ignarum
1033 5070 1047 5091 ,
1079 5025 1145 5099 ad
1176 5026 1454 5099 dicendum
1488 5025 1556 5077 ita
1586 5026 1823 5079 hortatur
1850 5037 1902 5080 et
1935 5043 2061 5096 pro-

482 5112 657 5166 vocat,
709 5096 926 5154 ut'eum
977 5096 1120 5167 loqui
1164 5098 1416 5161 nesciam,
1463 5104 1640 5149 tacere
1684 5110 1785 5149 non
1833 5100 2057 5167 possim.

481 5172 686 5226 Vellem
718 5172 891 5238 itaque
918 5177 970 5221 et
1008 5169 1231 5221 libenter
1256 5176 1494 5238 Optarent
1519 5206 1533 5227 ,
1568 5174 1617 5238 te
1646 5180 1829 5220 eorum
1862 5167 2061 5224 habere

480 5243 717 5295 notitiam
742 5235 967 5309 quorum
994 5246 1048 5291 et
1069 5235 1320 5307 sapientia
1344 5235 1645 5309 afﬂuentior
1669 5247 1769 5295 est.
1800 5248 1851 5291 et
1879 5238 2061 5291 facun-

480 5315 565 5365 dia
595 5307 779 5377 major,
808 5323 863 5364 et
890 5310 1105 5363 scientia
1136 5310 1368 5372 uberior,
1396 5320 1449 5361 et
1471 5307 1791 5361 conscientia
1820 5309 1888 5361 ab
1912 5312 2056 5363 omni

483 5391 816 5450 peccatorum
857 5379 1170 5450 contagione
1214 5380 1463 5450 liberior,
1496 5378 1585 5446 qui
1627 5386 1676 5430 te
1714 5380 1889 5432 verbis
1915 5382 2058 5447 jusle

485 5448 808 5503 instruerent
836 5458 889 5501 cl.
917 5449 1194 5516 exemplis.
1227 5448 1332 5501 Nos
1362 5450 1502 5501 enim
1535 5459 1881 5517 prtetcrquam
1914 5451 2056 5518 quod

483 5529 717 5574 mentem
749 5530 981 5589 nostram
1015 5518 1083 5570 ita
1117 5519 1429 5589 insipientia:
1460 5530 1506 5571 et
1546 5519 1853 5585 ignorantia:
1884 5520 2056 5589 caligo

478 5589 716 5653 ctecavit,
747 5597 805 5641 ut
829 5588 1062 5641 divinum
1098 5588 1294 5657 aliquid
1325 5599 1552 5657 nequeat
1574 5590 1771 5643 sentire
1798 5591 1879 5644 vel
1908 5588 2056 5645 dice-

544 5728 559 5758 ι
596 5724 810 5792 ﬁditihfe
833 5722 1030 5785 addunt,
1048 5722 1391 5786 primus,quod
1413 5724 1569 5788 abest,
1595 5739 1623 5776 a
1656 5733 1761 5777 Mss.
1787 5733 1838 5778 et
1862 5726 1925 5777 ab
1942 5725 2054 5777 Hol-

478 5785 627 5832 sleuii
647 5785 882 5837 editione.

2169 4827 2404 4911 proferre
2426 4834 2755 4911 conscientia
2788 4827 3099 4903 prohibente
3141 4827 3431 4906 possimus.

2166 4894 2289 4979 dum
2329 4900 2545 4979 peritior
2577 4904 2665 4956 tibi
2694 4894 2950 4979 apparere
2987 4894 3152 4975 possit
3182 4922 3235 4963 et
3266 4894 3751 4977 meum;'hfdiiiii';

2165 4965 2617 5048 admonitionibus
2648 4965 2842 5048 nostris
2870 4965 3076 5032 interitu
3104 4990 3217 5033 esto
3243 4965 3751 5048 eontenta.

2167 5039 2305 5127 {itali
2346 5039 2411 5127 da
2444 5043 2651 5127 veniam
2676 5062 2689 5106 ;
2717 5046 2877 5127 cujus
2896 5058 2977 5102 est
3003 5066 3106 5104 non
3138 5052 3489 5127 considerare
3510 5039 3749 5127 quid—ol-

2166 5105 2334 5198 {erat}
2367 5126 2465 5198 nec
2494 5105 2763 5198 quodnon
2782 5105 2983 5198 habet,
3013 5122 3247 5198 quaerit;
3281 5124 3373 5177 sed
3408 5105 3749 5198 mtiliti-quod

2388 5175 2611 5237 libenter
2642 5186 2876 5268 itnpct‘lit
2914 5207 2926 5240 :
2957 5175 3205 5268 adicujtts

2414 5260 3035 5339 ._qll-'Ill.t_ntt.i_u-Iirespice
3065 5266 3411 5339 voluntatem,
3445 5279 3499 5319 et
3528 5271 3745 5339 diligen-

2165 5326 2247 5405 her
2274 5320 2641 5405 adVel‘léqtlld
2682 5329 2773 5405 libi
2802 5330 2901 5405 illa
2922 5320 3359 5405 'negarcpoterit
3383 5320 3410 5401 ,I
3434 5320 3749 5405 qumvito’tinu

2162 5389 2290 5481 dare
2325 5389 2560 5481 lpotuliti‘
2609 5398 2748 5479 quod
2800 5389 3046 5481 habebat.
3094 5389 3749 5481 Oli-tulisset,

2163 5462 2551 5551 litt-llrlllttbcllill
2600 5462 2643 5520 si
2690 5480 2899 5551 posset,
2956 5489 3076 5551 qua:
3154 5483 3320 5551 totum
3379 5462 3582 5547 potuit,
3617 5462 3751 5551 quod

2162 5534 2389 5589 habebat
2454 5538 2647 5593 oll'erre
2690 5534 2731 5593 ί.
2774 5542 2897 5596 san
2966 5534 3142 5614 itaque
3196 5546 3321 5615 ille,
3375 5534 3469 5603 sed
3529 5534 3750 5621 parum,

2223 5665 2239 5695 ι
2343 5665 2353 5674 .
2381 5665 2391 5674 .
2553 5663 2564 5675 .

2224 5664 2494 5799 {331.5910
2495 5663 2846 5799 ῗῗςλοκίθρίιιε
2861 5735 3043 5799 dotem
3058 5731 3196 5799 άςάέε
3216 5733 3345 5795 quod
3379 5737 3532 5797 potuit
3553 5736 3737 5798 orem.

2162 5787 2280 5839 Editi
2302 5788 2381 5839 alii
2395 5823 2412 5851 ,
2441 5796 2591 5841 totum
2612 5790 2742 5854 quod
2758 5787 2906 5854 potuit
2926 5793 3198 5857 oﬂcrrebut.
