4016 6506
298 440 435 493 1055

292 554 525 608 imitatur
571 556 761 615 bonos,
806 546 899 603 sed
942 546 1123 602 irridet
1155 544 1425 615 potiuset
1461 542 1771 608 subsannat,
1818 553 1873 599 et

294 638 553 692 pauperes
579 614 824 692 persequi
864 633 969 671 non
996 614 1208 692 cessat?
1237 614 1386 692 Absit
1418 614 1519 668 hoc
1546 614 1874 692 amentibus

288 684 713 747 Christiamirum
738 684 998 752 «inminui,
1028 688 1165 740 absit
1195 694 1251 739 ut
1291 684 1593 753 hujusmodi
1620 685 1872 739 christia-

291 780 392 819 nus
418 765 643 827 dicatur,
670 763 808 815 absit
834 770 889 813 ut
918 760 1010 813 Dei
1040 759 1179 811 (ilius
1208 759 1373 827 possit
1398 756 1652 824 appellari
1677 756 1766 825 qui
1796 764 1874 810 ta-

292 838 357 888 l.s
384 844 483 887 est.
516 826 845 889 Christianus
870 830 957 884 ille
979 839 1081 894 est,
1110 828 1198 897 qui
1223 826 1420 882 Christi
1444 827 1581 880 viam
1607 828 1865 897 sequitur,

287 905 377 971 qui
417 906 685 959 Christum
738 904 789 956 in
837 900 1084 955 omnibus
1128 898 1362 971 imitatur
1394 914 1410 971 :_
1439 898 1577 971 sicut
1616 899 1871 971 scriptum

287 968 389 1037 est,
423 976 522 1041 Qui
549 975 670 1028 dicit
698 990 750 1027 se
776 974 826 1026 in
857 971 1295 1041 Christoimanere,
1323 968 1470 1041 debet
1494 968 1620 1041 sicut
1647 969 1733 1021 ille
1759 984 1872 1020 am-

286 1037 475 1099 bulauit
500 1055 545 1098 et
571 1048 677 1115 ipse
703 1044 959 1096 ambulare
986 1040 1203 1115 (ldoau2
1231 1054 1287 1115 tt,
1312 1037 1388 1109 6).
1413 1038 1744 1115 Christianus
1767 1050 1869 1104 est,

286 1118 377 1184 qui
424 1108 670 1170 omnibus
718 1108 1324 1184 Inisericiirdianrfacit,
1373 1112 1461 1178 qui
1506 1108 1724 1161 omnino
1764 1126 1870 1163 non

288 1181 532 1241 movetur
575 1188 783 1255 injuria,
821 1186 907 1255 qui
937 1181 1163 1255 opprimi
1194 1194 1477 1255 pauperem
1518 1190 1871 1255 _se_pra:se_ntc

288 1274 393 1311 non
435 1250 649 1326 patitur,
695 1257 782 1325 qui
820 1250 1026 1307 miseris
1072 1251 1338 1326 subvenit,
1382 1251 1471 1318 qui
1518 1250 1871 1326 indigentibus

286 1322 573 1392 succurrit,
614 1322 851 1396 qui'enm
886 1323 1234 1396 intercutibus
1276 1330 1488 1396 niteret1
1513 1322 1602 1389 qui
1629 1322 1869 1396 dolorem

287 1400 511 1453 alterius
535 1390 683 1469 quasi
714 1397 985 1469 proprium
1028 1395 1207 1469 sentit,
1235 1392 1325 1461 qui
1360 1392 1424 1444 ad
1456 1391 1636 1469 ﬂetum
1660 1390 1872 1469 ﬂetibus

286 1463 607 1537 provocatur
632 1463 843 1529 alienis,
883 1467 1033 1533 cujus
1058 1463 1292 1537 ninnium
1333 1463 1631 1537 communis
1665 1472 1745 1515 est
1771 1464 1869 1514 do-

287 1532 429 1599 inus,
469 1540 621 1607 cujus
658 1539 808 1606 ianua
854 1532 1050 1590 nemini
1080 1534 1386 1607 clauditur,
1436 1532 1587 1607 cujus
1630 1548 1867 1607 mgnsam

290 1625 487 1680 pauper
528 1602 706 1663 {utullus
749 1610 973 1677 ignorat,
1007 1606 1157 1673 cujus
1197 1605 1349 1657 cibus
1391 1604 1596 1680 cunctis
1625 1602 1865 1680 offertur,

286 1675 438 1747 cujus
462 1682 656 1733 bonum
680 1675 865 1732 omnes
894 1690 1107 1739 norunt,
1139 1685 1190 1729 et
1218 1690 1375 1728 nemo
1394 1676 1559 1747 sentit
1587 1675 1866 1741 injuriatn;

287 1744 377 1819 qui
426 1752 533 1804 Deo
576 1752 663 1803 die
711 1761 977 1817 noctuque
1020 1746 1272 1819 deservit,
1317 1746 1409 1819 qui
1451 1744 1566 1811 ejus
1608 1755 1869 1819 pra-cepta

288 1815 650 1875 indesinenter
681 1815 965 1873 meditatur
988 1826 1041 1871 et
1066 1817 1292 1885 cogitat;
1324 1815 1413 1884 qui
1444 1830 1643 1883 pauper
1673 1816 1869 1869 mundo

288 1891 541 1955 efficitur,
575 1902 630 1944 ut
662 1891 771 1944 Deo
799 1889 1037 1959 locuples
1068 1891 1191 1959 liat;
1221 1887 1309 1957 qui
1339 1887 1476 1940 inter
1502 1886 1746 1959 homines
1778 1887 1869 1938 ha-

291 1963 445 2016 betur
487 1962 763 2031 inglorius,
810 1971 865 2013 ut
895 1956 1073 2031 coram
1110 1956 1331 2031 Debet
1365 1958 1579 2031 Angelis
1608 1956 1869 2031 gloriosus

287 2027 569 2101 appareat}
600 2033 687 2101 qui
717 2033 767 2084 in
794 2030 954 2083 corde
974 2029 1225 2101 suoqnihil
1250 2027 1455 2101 videtur
1483 2028 1680 2101 habere
1706 2028 1869 2080 simu.

290 2048 569 2101 appareat;
640 2049 687 2084 lll
717 2050 767 2084 111
794 2048 954 2083 COI'UO
974 2048 1070 2082 SUO
1096 2048 1225 2081 Illllll
1250 2048 1455 2081 vnuetur
1483 2048 1680 2080 llaUL‘I'U
1706 2048 1869 2080 διιιιυο

290 2103 454 2157 latum
495 2103 574 2157 vel
600 2048 808 2165 (bonum,
857 2102 1007 2169 cujus
1047 2099 1269 2167 simplex
1316 2107 1369 2152 et.
1410 2098 1745 2151 immaculata
1789 2107 1869 2152 est

288 2174 486 2231 anima.
534 2175 686 2240 cujus
715 2172 1039 2226 conscientia
1086 2170 1257 2224 tidelis
1301 2178 1355 2223 et
1399 2176 1668 2240 puraest:
1717 2170 1869 2232 cujus

293 2254 399 2297 tota
428 2244 480 2297 in
526 2239 636 2297 Deo
666 2258 837 2305 mens,
868 2243 1021 2310 cujus
1062 2242 1235 2294 omnis
1261 2254 1385 2307 spes
1415 2239 1469 2292 in
1511 2239 1733 2310 Christo
1750 2247 1867 2310 est;

285 2316 373 2384 qui
404 2315 642 2370 cmlestia
684 2315 857 2383 potius
892 2308 1048 2384 quam
1078 2321 1293 2384 terrch
1316 2310 1605 2384 desiderat,
1648 2308 1736 2384 qui
1770 2309 1869 2384 hu-_-

288 2379 442 2438 mana
486 2379 708 2453 spernit,
736 2398 790 2438 ut
822 2379 987 2451 possit
1019 2382 1215 2435 habere
1242 2381 1441 2453 divina.
1482 2380 1610 2453 Nam
1656 2379 1740 2433 his
1778 2380 1866 2448 qui

278 2455 389 2511 Jioc
429 2452 684 2509 sreculnm
729 2455 973 2523 diligunt,
1014 2461 1069 2505 et
1112 2453 1199 2523 qui
1242 2452 1305 2523 in
1333 2452 1581 2523 praesenti
1626 2458 1869 2523 tempore

284 2526 583 2595 gloriantur
606 2536 659 2579 et
687 2520 1041 2593 complacent,
1072 2522 1347 2595 audiquid
1377 2523 1616 2595 dicitur_:
1650 2520 1869 2595 Nescitis

279 2590 404 2665 quia
432 2598 652 2649 amicitia
679 2590 831 2662 huius
860 2594 1035 2647 mundi
1066 2590 1270 2665 inimica
1293 2602 1363 2645 est
1387 2591 1537 2665 Deo?
1559 2590 1870 2665 ,Et‘quicuinf

279 2660 381 2738 que
422 2666 634 2720 voluerit
675 2660 1015 2738 essepaiiiicus
1058 2664 1209 2734 hujus
1256 2664 1447 2727 steculi,
1495 2662 1729 2715 inimicus
1772 2660 1867 2714 Dei

279 2735 605 2791 constituitur
642 2735 842 2803 (Jacobi
870 2751 940 2800 tv,
970 2736 1048 2803 4).

353 2807 577 2865 CAPUT
625 2798 738 2862 XV.
800 2798 1076 2858 Viduarum
1103 2804 1288 2871 triplex
1325 2819 1496 2873 genus.
1529 2802 1706 2865 Qualis
1732 2798 1871 2857 Chri-

278 2879 346 2934 sti
390 2879 542 2931 uidua
576 2879 750 2932 debeat
801 2893 925 2930 esse.
974 2877 1096 2930 HIL‘C
1136 2876 1264 2941 tibi,
1305 2889 1462 2928 soror
1503 2874 1867 2935 dilectissimo,

280 2949 411 3019 quid
435 2950 782 3003 christianum
810 2964 967 3015 agere
993 2947 1294 3012 conveniat,
1318 2944 1636 3019 ppoutpottii
1658 2986 1673 3009 ,
1704 2946 1871 3012 expli-

276 3013 416 3074 cavi.
450 3019 505 3074 Si
540 3034 668 3090 ergo
693 3013 879 3072 omnes
905 3019 1223 3088 generaliter
1242 3017 1328 3085 qui
1352 3013 1635 3090 Christiani
1663 3028 1870 3090 nuncn-

279 3099 511 3159 pantur,
556 3086 674 3144 es'se
720 3090 851 3143 tales
886 3086 1131 3157 oportet;
1165 3102 1305 3141 nunc
1336 3095 1438 3159 tua:
1469 3086 1760 3159 prudentiae
1787 3094 1871 3140 est

276 3156 584 3225 a‘stimare,
631 3162 838 3231 qualem
879 3156 933 3211 tu
974 3168 1025 3213 te
1067 3159 1276 3231 viduam
1327 3157 1523 3211 debeas
1575 3156 1867 3219 exhibere,

275 3249 438 3302 quam
460 3229 665 3286 cunctis
691 3232 824 3285 bene
852 3229 1289 3302 conversantibus
1319 3243 1439 3283 esse
1458 3236 1667 3302 oportet
1685 3242 1869 3280 excin-

278 3298 450 3372 plum.
476 3302 599 3357 Tria
632 3312 811 3372 autem
834 3317 961 3372 esse
978 3301 1250 3372 viduarum
1278 3314 1470 3372 genera
1495 3313 1599 3352 non
1624 3298 1870 3372 ignorare

277 3368 334 3427 ie
381 3373 563 3428 credo.
611 3371 785 3426 Unum
824 3371 965 3441 quod
1016 3369 1460 3441 perfectissimum
1493 3378 1623 3441 *ωειλ
1664 3368 1869 3441 cmlesti

277 3445 503 3512 prmtnio
539 3438 857 3497 destinatum
901 3460 913 3495 :
949 3441 1124 3512 quod,
1168 3444 1271 3494 ritu
1310 3440 1449 3493 illius
1474 3438 1541 3492 de
1586 3439 1871 3512 Evangelia

277 3510 476 3580 vidum,
506 3515 611 3568 Deo
638 3510 1039 3567 orationibuset
1056 3512 1270 3581 jejuniis
1296 3512 1381 3581 die
1402 3520 1665 3579 noctuque
1689 3510 1873 3563 deser-

276 3586 356 3638 vit
383 3584 531 3654 (Luc.
565 3601 619 3643 ιι,
645 3584 755 3655 57).
785 3582 938 3637 Aliud
971 3580 1117 3647 vero,
1151 3580 1549 3655 quod‘hliorum
1574 3595 1756 3635 curam
1788 3581 1873 3633 ha-

275 3650 408 3709 here
434 3655 626 3709 dicitur
653 3650 942 3715 ct'domus,
974 3669 1076 3705 non
1106 3650 1251 3707 tanto
1276 3650 1491 3717 dignum
1518 3692 1533 3715 ,
1568 3666 1665 3704 nec
1694 3660 1870 3705 tatnen

275 3727 516 3847 peccatis
539 3725 848 3778 obnoxium.
892 3725 1127 3777 'l'crtium
1154 3732 1329 3776 autem
1356 3736 1523 3789 genus
1548 3730 1630 3774 est
1658 3721 1708 3774 in
1738 3737 1873 3788 epit-

300 3798 347 3847 is
374 3806 427 3847 et
452 3797 687 3847 deliciis.
720 3795 860 3847 ouod
900 3805 1115 3847 mlerna:
1144 3793 1299 3846 morti
1328 3800 1569 3846 servatur
1593 3800 1646 3844 et
1675 3806 1869 3847 parum.

300 3798 347 3849 is
374 3806 427 3850 et
452 3797 687 3858 deliciis,
720 3795 860 3863 quod
900 3805 1115 3847 mterna:
1144 3793 1299 3846 morti
1328 3800 1569 3846 servatur
1593 3800 1646 3844 et
1675 3806 1869 3859 pmnau

273 3868 429 3920 Sicut
459 3868 720 3938 scriptum
753 3876 835 3938 est
856 3907 869 3926 ,
929 3864 1117 3918 Viduas
1146 3866 1338 3938 honora
1360 3902 1377 3928 ,
1421 3878 1533 3931 qua:
1558 3878 1683 3915 vera:
1710 3863 1875 3915 vidua:

272 3948 416 3990 sunt.
451 3934 712 3991 Istal'sunt
746 3937 962 4004 prince,
990 3946 1109 4003 quae
1139 3934 1386 3989 dicuntur
1406 3942 1457 3986 et
1479 3949 1653 4004 verat,
1684 3941 1735 3985 et
1755 3948 1871 4004 qua:

268 4008 530 4078 jubentnr
560 4023 588 4061 a
616 4002 761 4061 tanto
787 4002 1064 4078 sacerdote
1085 4048 1100 4069 ,
1136 4005 1234 4078 hoc
1262 4014 1369 4078 est,
1391 4019 1425 4078 _a
1460 4002 1741 4078 Timetheo
1774 4002 1870 4055 ho-

274 4073 479 4131 norari.
513 4079 773 4132 Secundae
804 4087 945 4137 sunt,
970 4077 1160 4145 quibus
1186 4076 1295 4143 jam
1319 4074 1503 4128 haberi
1524 4089 1638 4145 non
1658 4073 1874 4145 jubetur

274 4149 483 4211 honor,
527 4164 623 4202 nec
653 4160 827 4201 tamen
872 4144 999 4200 vita,
1024 4156 1245 4216 negatur
1286 4162 1298 4197 :
1332 4144 1397 4199 de
1425 4144 1617 4213 quibus
1642 4144 1869 4216 dicitur,

276 4218 410 4283 Quae
431 4229 598 4271 autem
635 4220 768 4287 ﬁlios
800 4218 982 4270 habent
1009 4215 1110 4269 aut,
1128 4226 1332 4285 nepotes
1353 4257 1366 4281 ,
1414 4216 1610 4287 discant
1655 4215 1874 4287 primum

272 4290 485 4341 domum
524 4284 667 4341 suam
715 4290 795 4357 pie
824 4290 839 4320 ‘
868 4298 1082 4341 tractare
1104 4328 1119 4353 ,
1158 4284 1204 4340 et
1233 4302 1403 4357 parem
1429 4286 1641 4354 gratiam
1668 4284 1875 4337 reddere

272 4360 588 4429 parentibus.
633 4356 739 4413 Iliae
769 4376 893 4413 vero
926 4358 1093 4413 tertiae
1117 4369 1239 4411 sunt
1260 4398 1273 4421 ,
1302 4356 1369 4411 de
1394 4357 1587 4426 quibus
1616 4357 1871 4425 scriptum

386 4498 433 4540 In
458 4491 706 4555 plerisque
726 4499 853 4551 Mss,
872 4490 1004 4541 bene.

1231 427 1599 485 ADMONlTIO
1637 427 1703 483 IN
1744 427 2291 498 SUBSEQUENTEM
2328 432 2608 490 LIBRUM.

3445 435 3579 489 1046

1984 556 2095 620 est_,
2138 547 2303 603 Vidua
2332 560 2497 602 autem
2527 565 2641 620 qua
2664 550 2713 603 in
2736 548 2926 603 deliciis
2953 558 3042 613 est,
3068 548 3233 602 vivens
3266 560 3461 602 mortua
3500 560 3575 603 est

1982 617 2027 687 (l
2052 618 2183 672 Tim.
2211 636 2265 681 v,
2300 622 2363 684 ‘5,
2392 621 2457 685 4,
2488 617 2565 689 6)’.
2602 620 2749 675 Unde
2780 620 2995 687 intelligi
3020 620 3205 685 datur,
3239 635 3345 673 non
3387 635 3577 674 omnes

1982 691 2165 743 viduas
2194 705 2314 744 esse
2350 692 2612 760 arqnalcs;
2643 707 2737 743 nec
2768 707 2858 744 eas
2892 693 2999 745 Deo
3024 691 3233 759 placere
3253 733 3267 755 ,
3298 706 3417 760 qua:
3444 706 3571 745 cor-

1982 775 2111 830 pore
2142 770 2345 815 tantum
2378 763 2550 832 vidua)
2580 762 2825 815 videntur
2844 778 2963 815 esse
2988 804 3003 828 ,
3038 778 3141 816 non
3169 777 3353 832 opere.

2050 832 2233 897 Qualis
2262 842 2438 886 autem
2467 831 2660 886 Christi
2687 832 2838 885 vidua
2866 832 3055 886 debeat
3098 831 3216 886 esse
3240 873 3254 897 ,
3286 834 3573 902 Apostolus

1979 900 2108 955 dicit
2138 920 2149 953 :
2183 902 2309 967 Quae
2336 913 2502 955 autem
2531 919 2641 955 vere
2662 904 2814 956 vidua
2843 913 2936 962 est,
2968 913 3136 972 sperat
3157 904 3209 956 in
3235 900 3454 957 Domino
3477 946 3492 970 ,
3523 917 3570 959 et

1979 972 2133 1026 instat
2168 972 2477 1027 orationibus
2514 974 2594 1026 die
2622 990 2681 1026 ac
2720 983 2877 1026 nocte.
2906 973 3015 1026 Nec
3045 973 3171 1028 illud
3215 976 3490 1043 praeterire
3520 984 3572 1030 te

1980 1044 2102 1097 volo
2125 1086 2138 1107 ,
2168 1044 2308 1113 quod
2340 1044 2551 1112 quando
2581 1058 2732 1097 veras
2760 1044 2945 1097 viduas
2972 1044 3257 1111 Apostolus
3284 1047 3523 1098 nominat
3549 1087 3565 1110 ,

1978 1130 2097 1168 esse
2123 1115 2455 1169 demonSIrat
2475 1123 2528 1168 et
2551 1114 2725 1179 falsas,
2755 1114 2853 1166 hoc
2880 1124 2979 1175 est,
3006 1124 3122 1167 actu
3150 1155 3163 1176 ,
3196 1124 3374 1169 mente
3395 1157 3409 1180 ,
3435 1130 3566 1169 con-

1978 1187 2298 1250 versatione,
2326 1201 2429 1238 non
2457 1200 2699 1253 corpore.
2729 1185 2793 1238 Et
2813 1185 2934 1238 alibi
2958 1185 3124 1237 vidum
3145 1200 3285 1239 vera:
3312 1192 3366 1239 et
3387 1186 3570 1240 electae

1979 1264 2153 1309 actum
2200 1256 2770 1325 conversationemque
2819 1256 3071 1309 describit
3108 1255 3247 1310 idem
3294 1256 3566 1325 apostolus

1977 1326 2162 1380 dicens
2186 1369 2200 1392 ,
2233 1325 2400 1379 Vidua
2424 1328 2639 1397 eligatur
2658 1342 2771 1395 qum
2807 1327 2956 1393 fuerit
2994 1327 3045 1378 in
3076 1325 3307 1395 operibus
3333 1327 3473 1397 bonis
3500 1336 3548 1380 te

1977 1398 2267 1452 stimonium
2288 1396 2503 1451 habens.
2523 1398 2583 1451 Si
2613 1398 2746 1465 ﬁlios
2772 1397 3032 1455 educavit,
3057 1396 3197 1465 quod
3226 1396 3567 1464 subintelligi-

1980 1477 2085 1533 tttr,
2118 1470 2256 1531 Deo;
2284 1471 2328 1522 si
2355 1468 2571 1535 hospitio
2600 1470 2816 1535 recepit,
2850 1468 2891 1519 si
2922 1477 3210 1519 sanctorum
3234 1466 3381 1536 pedes
3406 1467 3524 1519 lavit
3549 1507 3565 1529 ,

1977 1539 2021 1590 si
2046 1538 2415 1593 tribulationem
2444 1538 2743 1607 patientibus
2765 1538 3183 1602 subministravit,
3212 1538 3256 1590 si
3277 1553 3422 1589 omne
3442 1553 3570 1606 opus

1978 1609 2159 1663 bonum
2198 1610 2459 1664 subsecuta
2488 1618 2557 1663 est
2585 1608 2745 1679 (Ibid.
2788 1609 2820 1661 5
2844 1651 2858 1673 ,
2893 1608 2998 1677 10).
3041 1608 3189 1662 Hanc
3225 1623 3351 1679 esse,
3383 1623 3564 1661 verant

1978 1681 2188 1733 viduam
2226 1682 2518 1747 judicavit,
2572 1678 2722 1748 Cujus
2751 1680 2870 1731 talia
2902 1688 3026 1732 sunt
3066 1693 3249 1746 Opera.
3301 1678 3391 1731 Illa
3437 1693 3565 1748 vero

1976 1752 2245 1820 quomodo
2265 1767 2323 1806 se
2346 1750 2540 1805 Christi
2569 1747 2779 1803 viduam
2818 1750 2943 1803 dicit
2968 1790 2982 1814 ,
3024 1765 3142 1820 qua:
3171 1749 3303 1802 nihil
3335 1749 3439 1820 tale
3466 1747 3565 1820 ali-

1977 1819 2187 1891 quando
2211 1832 2425 1893 operata
2454 1821 2703 1893 est?78ed
2735 1829 2859 1893 sunt
2886 1821 3074 1893 aliquae
3100 1819 3289 1893 divites
3310 1860 3324 1881 ,
3359 1819 3563 1871 nobiles

1975 1890 2029 1947 et
2050 1890 2296 1961 potentes
2315 1936 2329 1959 ,
2353 1893 2544 1961 quibus
2574 1892 2790 1945 forsitan
2812 1891 3021 1944 videtur
3051 1890 3357 1961 indignum,
3387 1900 3445 1943 ut
3473 1899 3564 1941 aut

1977 1964 2115 2016 ﬁlios
2147 1965 2256 2017 Deo
2276 2007 2290 2026 ,
2332 1960 2385 2017 et
2415 1978 2517 2016 non
2550 1963 2746 2016 sa-culo
2773 1961 3020 2023 educent,
3052 1970 3141 2013 ant
3167 1960 3395 2027 hospitio
3423 1960 3561 2012 reci-

1976 2037 2124 2102 piant
2149 2036 2429 2099 advenam,
2453 2043 2544 2086 aut
2567 2042 2869 2087 sanctorum
2896 2033 3055 2100 pedes
3082 2030 3395 2102 laboriosos,
3420 2030 3563 2102 lutu-

1978 2101 2148 2159 lentos
2169 2113 2223 2159 et
2252 2106 2493 2158 horridos
2520 2105 2724 2167 lavent,
2754 2112 2807 2155 et
2834 2102 3072 2156 delicatis
3102 2109 3156 2155 et
3187 2101 3369 2156 nitidis
3391 2101 3562 2153 mani-

1977 2175 2075 2228 bus
2100 2185 2334 2245 tangant.
2368 2176 2445 2245 (a)
2472 2173 2575 2229 Sed
2621 2190 2719 2227 nec
2744 2173 2919 2243 digna:
2943 2182 3098 2227 erunt
3140 2171 3274 2245 tales
3304 2171 3354 2245 in
3387 2170 3564 2223 futuro

1975 2242 2216 2313 tempore
2254 2242 2559 2300 sanaturum
2588 2259 2705 2297 esse
2729 2242 3004 2299 eonsm-tes
3029 2285 3043 2308 ,
3070 2257 3205 2312 quos
3229 2242 3299 2295 ita
3335 2242 3386 2294 in
3427 2256 3564 2309 pra:-

1976 2318 2112 2370 senti
2152 2326 2498 2385 spreverunt;
2534 2331 2630 2368 nec
2672 2324 2875 2384 partem
2921 2314 3116 2367 habere
3158 2320 3409 2385 poterunt
3438 2326 3558 2364 cum

1975 2380 2223 2451 Christo,
2250 2402 2409 2457 quem
2438 2380 2711 2453 suscipere
2744 2386 3024 2457 noluerunt
3044 2425 3059 2447 ,
3092 2391 3146 2437 et
3164 2380 3331 2457 cujus
3338 2380 3562 2457 plantas

1976 2460 2085 2510 suis
2109 2450 2443 2513 contreclare
2479 2450 2719 2509 manibus
2745 2454 3067 2507 horruerunt
3098 2471 3111 2506 :
3142 2454 3263 2522 quia
3291 2450 3559 2506 Christum

1976 2530 2210 2603 spernit)
2249 2530 2579 2603 quicumque
2615 2526 2734 2591 ejus
2764 2524 3421 2603 famulos-spernit;sicut
3446 2522 3562 2603 ipse

1976 2592 2121 2662 dicit,
2158 2600 2259 2666 Qui
2277 2592 2372 2652 'ros
2394 2592 2607 2663 spernit,
2632 2613 2709 2649 me
2737 2596 2925 2666 spernit
2959 2593 3107 2665 (Luc.
3130 2610 3161 2647 ι
3181 2635 3195 2657 ,
3213 2596 3243 2666 1
3256 2592 3556 2666 6).ΑΜπίτιν,

1978 2672 2117 2723 unde
2163 2662 2362 2723 Christi
2418 2662 2578 2737 pedes
2617 2662 2847 2737 lavaret,
2891 2662 3140 2737 laeryma:
3176 2662 3557 2718 abundarunt:

1978 2741 2141 2794 nostri
2168 2749 2343 2794 autem
2370 2735 2620 2805 temporis
2645 2735 2855 2791 feminis
2878 2735 3016 2789 unde
3039 2737 3437 2805 peregrinorum
3464 2746 3559 2800 pe-

1976 2812 2071 2866 des
2117 2812 2293 2865 lavent
2320 2814 2429 2879 ipsa
2458 2804 2634 2863 delicit
2659 2822 2816 2876 aqua.
2847 2806 2924 2879 'I‘u
2951 2821 3080 2879 ergo
3100 2845 3114 2868 ,
3143 2804 3494 2879 sanctissima
3506 2811 3563 2879 et

1978 2872 2387 2950 prudentissima
2420 2879 2611 2933 femina
2634 2920 2648 2943 ,
2669 2872 2762 2950 pne
2792 2876 2929 2950 velis
2973 2872 3171 2950 imitari
3214 2872 3516 2950 huiusmodi
3542 2914 3558 2935 ,

1976 2944 2097 3022 quae
2134 2968 2254 3006 cum
2295 2952 2553 3005 audenter
2582 2947 2971 3022 malefecerint,
3007 2944 3323 3002 benefacere
3363 2945 3557 3000 erube-

1977 3018 2163 3088 scunt;
2195 3034 2248 3078 et
2271 3022 2669 3077 confunduntur
2701 3019 2844 3087 juste
2878 3018 3057 3073 vivere
3075 3057 3096 3088 ,ί
3131 3031 3261 3088 qua}
3292 3030 3401 3088 non
3441 3024 3564 3069 sunt

1979 3110 2202 3165 peccare
2236 3092 2498 3158 confuszc,
2543 3100 2597 3144 et
2637 3106 2756 3158 qua:
2782 3104 2840 3165 se
2863 3088 3021 3165 morti
3051 3087 3191 3141 ultro
3214 3087 3521 3165 obtulerunt
3545 3126 3560 3148 ,

1980 3156 2077 3222 inec
2123 3166 2357 3220 invitatze
2398 3156 2735 3218 revertuntur
2775 3159 2840 3213 ad
2889 3160 3050 3213 vitam
3087 3173 3251 3227 :quae
3288 3156 3563 3227 hominum

1978 3238 2146 3307 magis
2174 3237 2313 3290 risus
2342 3232 2785 3307 subsannationes
2805 3240 2858 3284 et
2881 3230 3086 3307 fabulas
3114 3226 3272 3299 quam
3292 3228 3410 3307 ,1)θί-
3426 3226 3565 3307 judi-

1977 3298 2119 3365 cium
2147 3308 2525 3377 pertimescunt
2552 3348 2566 3367 ,
2595 3301 2860 3377 etquibus
2888 3301 3103 3377 charius
3130 3298 3214 3354 est
3235 3298 3444 3377 miseris
3465 3299 3565 3377 bo-

1978 3368 2210 3435 minibits
2242 3379 2450 3447 placere
2471 3390 2625 3443 quam
2650 3368 2885 3447 Christo.
2914 3371 3018 3447 sed
3039 3380 3155 3447 esto
3183 3369 3326 3447 talis,
3357 3368 3566 3447 qualem

1981 3462 2033 3505 te
2073 3438 2326 3503 Domitius
2371 3438 2501 3501 esse
2526 3443 2810 3514 praecepit,
2844 3442 3052 3512 qualem
3093 3440 3383 3514 Apostolus
3409 3438 3569 3514 jubet

1979 3521 2216 3577 exhiberi
2271 3528 2325 3572 et
2371 3509 2567 3570 Christi
2617 3509 2806 3577 vidua,
2858 3509 2975 3568 esto
3016 3521 3234 3573 sancta,
3274 3509 3494 3563 humilis
3512 3520 3566 3561 et

1978 3594 2156 3662 quieta
2189 3610 2203 3647 :
2232 3587 2613 3662 misericordia:
2640 3595 2709 3662 _et
2747 3583 2969 3662 justitire
3003 3597 3175 3662 ope_ra_
3199 3579 3568 3661 indesinenter

1980 3651 2189 3718 exerce.
2217 3662 2282 3713 Et
2307 3660 2532 3727 quisque
2564 3666 2616 3709 te
2640 3657 2692 3709 in
2719 3651 3065 3727 opprobrium
3093 3652 3320 3727 habeat,
3348 3651 3572 3718 quisque

1981 3734 2271 3787 siihsannet
2297 3723 2351 3783 et
2382 3723 2599 3781 irrideat
2629 3744 2641 3779 :
2679 3735 2731 3777 tu
2756 3734 2957 3777 tantum
2988 3723 3099 3776 Deo
3121 3723 3352 3790 placeas,
3376 3730 3429 3773 et
3452 3735 3572 3790 qua:

1980 3802 2178 3859 Christi
2207 3810 2331 3855 sunt
2354 3811 2528 3869 geras.
2566 3801 2701 3850 Ante
2731 3795 2921 3869 omnia
2942 3788 3329 3869 incessabiliter
3355 3788 3568 3869 Domini

1983 3876 2053 3928 tui
2079 3872 2336 3925 meditare
2355 3861 2606 3922 inundata
2633 3908 2648 3931 ,
2678 3863 3010 3919 orationibus
3034 3874 3087 3916 et
3112 3861 3339 3916 Psalmis
3364 3861 3568 3931 instan-

1983 3955 2063 3998 ter
2089 3943 2333 3995 incumbe
2367 3958 2379 3994 :
2408 3948 2467 3992 ut
2505 3940 2547 3992 si
2578 3929 2830 4006 passibile
2858 3943 2975 3998 est,
3019 3948 3178 3987 nemo
3206 3940 3257 4006 te
3285 3929 3572 4006 aliquando

1984 4015 2083 4068 nisi
2106 4023 2193 4066 aut
2218 4012 2479 4080 legentem
2510 3998 2774 4067 inveniat,
2806 4016 2897 4080 aut
2920 4014 3185 4058 orantem.
3304 3998 3425 4080 cuin
3458 3998 3546 4053 fus

1981 4086 2055 4139 ris
2078 4085 2216 4147 talis,
2239 4072 2404 4135 nostri
2435 4086 2737 4142 memento,
2768 4076 2859 4146 qui
2890 4087 2940 4130 te
2967 4084 3170 4128 tantum
3200 4072 3487 4147 diligimus,
3517 4081 3568 4123 ut

1980 4156 2121 4225 quod
2152 4142 2440 4222 priesentes
2461 4160 2714 4220 praestare
2745 4142 2848 4201 non
2890 4160 3172 4216 possumus
3191 4183 3207 4210 ,
3235 4142 3571 4198 conferamus

1982 4229 2250 4281 absentes.

2047 4399 2121 4464 (a)
2156 4398 2256 4448 vid.
2280 4395 2553 4456 sermJlQ,
2580 4409 2630 4444 n.
2660 4394 2705 4453 1,
2724 4396 2773 4443 1η
2798 4390 3011 4456 Append.
3038 4391 3154 4443 torni
3171 4390 3219 4439 5.

298 4557 3571 4595 _____________________________________._.______-

1123 4641 1576 4703 ADMONITIO
1619 4642 1698 4702 IN
1744 4635 2369 4714 SUBSEQUENTEM
2399 4633 2724 4695 LIBRUM.

353 4789 577 4845 Paulino
620 4789 971 4859 Foroiuliensi
1005 4804 1099 4843 seu
1128 4785 1449 4857 Aquileiensi
1494 4784 1813 4855 patriarchae
1854 4783 1955 4838 erit
1984 4781 2197 4836 tandem
2224 4778 2512 4850 aliquando
2554 4778 2831 4832 restitutus
2870 4774 3021 4830 hicce
3058 4774 3223 4837 liber,
3262 4773 3579 4827 auctoritate

273 4881 571 4938 Colbcrtiui
598 4882 875 4953 cujusdam
914 4880 1131 4949 optimae
1160 4890 1297 4933 nota:
1324 4886 1379 4931 et
1403 4876 1788 4946 antiquissima:
1812 4868 2089 4943 scripturae
2117 4871 2339 4927 codicis.
2369 4869 2647 4925 Scribebat
2674 4867 2773 4922 sub
2800 4865 2975 4921 octavi
2996 4862 3175 4920 smculi
3207 4862 3366 4917 linem
3393 4860 3575 4916 Pauli-

274 4991 381 5028 nus
426 4974 808 5044 Forojuliensis
832 5012 846 5036 ,
878 4987 1020 5026 anno
1048 4970 1227 5024 saeculi
1272 4968 1397 5023 noni
1444 4967 1680 5023 secundo
1708 4967 1845 5022 forte
1873 4965 1958 5020 vel
1984 4968 2142 5021 tertio
2164 4964 2409 5019 denatus.
2442 4962 2559 5015 Mox
2598 4975 2729 5014 vero
2774 4958 2871 5028 ipsi
2900 4958 2951 5012 in
2991 4956 3189 5012 saeculo
3215 4952 3405 5010 eodem
3434 4967 3579 5008 nono

274 5068 588 5137 ademptum
612 5065 854 5121 videmus
878 5064 979 5118 hoc
1003 5077 1156 5132 opus,
1190 5070 1245 5114 ut
1265 5070 1658 5130 supponeretur
1687 5058 2001 5130 Augustino.
2030 5057 2162 5112 Nam
2193 5054 2620 5110 Theodericense
2645 5060 2821 5106 exstat
2847 5064 3110 5103 annorum
3129 5090 3145 5114 ,
3177 5048 3279 5102 nisi
3306 5044 3540 5102 fallimur
3561 5088 3576 5109 ,

276 5159 711 5227 octingentorum
756 5155 1065 5224 exemplar,
1114 5152 1322 5207 titulum
1367 5151 1559 5205 huuca
1593 5151 1761 5221 prima
1792 5166 1951 5204 manu
1981 5149 2237 5218 scriptum
2285 5146 2337 5200 in
2368 5144 2543 5199 fronte
2572 5143 2690 5197 libri
2736 5141 2982 5196 habens:
3026 5139 3174 5194 Liber
3213 5139 3580 5194 exhortationis

276 5254 442 5306 sancti
464 5252 735 5323 Augustini
760 5250 829 5304 ad
848 5248 1117 5320 quemdam
1142 5247 1375 5302 comitem
1399 5246 1753 5300 charissimam
1778 5245 1892 5299 sibi.
1919 5245 2127 5299 Citatur
2154 5257 2185 5296 a
2212 5241 2465 5297 Gratiano
2490 5281 2505 5303 ,
2537 5239 2605 5294 de
2632 5237 2826 5293 Poenit.
2856 5236 2981 5292 dist.
3024 5235 3061 5291 2
3084 5278 3099 5301 ,
3145 5251 3264 5306 cap.
3315 5233 3379 5291 Si
3424 5234 3574 5305 quis;

279 5347 479 5414 ibique,
505 5344 580 5399 uti
603 5352 656 5399 et
675 5343 814 5413 apud
841 5341 1215 5403 Tritbemium,
1249 5338 1520 5409 Augustini
1540 5340 1609 5390 ad
1626 5337 1894 5391 Julianum
1914 5337 2143 5391 comitem
2167 5332 2383 5405 epistola
2413 5340 2748 5401 nuncupatur
2772 5349 2785 5387 :
2817 5345 2925 5402 quo
2947 5330 3049 5385 sub
3076 5329 3230 5384 titulo
3246 5330 3408 5384 etiam
3440 5328 3579 5383 inter

280 5436 566 5507 Augustini
590 5435 847 5507 epistolas
875 5431 1049 5488 locum
1079 5432 1260 5486 habuit
1290 5430 1345 5484 in
1383 5430 1552 5499 prima
1582 5428 1816 5484 editione
1839 5443 2024 5483 earum
2055 5426 2497 5481 Amerbachiana.
2534 5424 2598 5478 Et
2627 5422 2840 5494 quidem
2872 5422 3007 5477 liber
3031 5421 3082 5475 in
3111 5421 3320 5476 caeteris
3340 5418 3456 5476 fere
3492 5434 3586 5475 co-

282 5531 490 5587 dicibus
515 5530 641 5585 Mss.
674 5544 810 5598 quos
843 5524 1258 5582 Theodericensi
1285 5522 1611 5593 posteriores
1640 5537 1827 5575 omnes
1856 5521 2154 5575 invenimus
2174 5561 2189 5583 ,
2221 5519 2288 5571 ad
2311 5517 2577 5588 quemdam
2602 5517 2832 5570 comitem
2857 5514 2952 5570 sibi
2975 5514 3336 5583 amicissimum
3366 5528 3580 5584 praeno-

225 5676 231 5683 .
284 5633 425 5679 tatur
449 5640 466 5677 ι
492 5622 575 5677 cui
619 5620 773 5675 titulo
801 5619 941 5674 favet
980 5615 1111 5672 illud
1159 5614 1300 5685 quod
1331 5614 1383 5668 in
1410 5613 1584 5682 capite
1614 5612 1684 5667 62
1731 5613 1951 5682 legitur,
1979 5610 2140 5682 Cujus
2169 5609 2379 5682 (judiris
2401 5607 2609 5678 Christi)
2639 5606 2888 5677 palatium
2915 5622 3042 5661 auro
3081 5616 3388 5677 argentoque
3412 5604 3584 5660 nullus

286 5716 573 5785 episcopus,
597 5730 687 5767 nec
726 5710 902 5776 abbas,
931 5727 1020 5766 nec
1049 5726 1213 5763 comes
1233 5721 1555 5775 corrumpere
1583 5714 1782 5772 poterit.
1813 5704 1881 5758 At
1908 5703 2102 5759 Juliani
2132 5703 2344 5757 comitis
2374 5718 2570 5757 nomen
2615 5700 2699 5754 vix
2743 5715 2879 5755 uinus
2908 5711 2963 5755 et
3009 5700 3145 5755 alter
3186 5700 3351 5757 codex
3385 5700 3437 5754 in
3465 5699 3584 5754 libri

287 5810 389 5861 line
416 5804 746 5875 adscriptum
775 5802 953 5867 habet.
996 5801 1065 5856 Et
1094 5814 1222 5855 vero
1251 5798 1587 5868 suspicamur
1614 5796 1836 5851 missum
1867 5798 2043 5867 potius
2073 5796 2263 5850 librum
2295 5796 2361 5850 ad
2393 5796 2635 5852 [Ericuin
2667 5795 2855 5849 ducem
2886 5793 2998 5850 sive
3037 5795 3323 5858 comitem,
3354 5808 3473 5863 qua:
3502 5792 3584 5846 div

282 5900 543 5969 animum
570 5910 789 5953 nomina
809 5896 878 5952 de
916 5892 1103 5951 eodem
1130 5890 1426 5964 promiscue
1452 5884 1705 5959 usurp’ata
1731 5888 1857 5948 olim
1885 5902 2004 5946 esse
2030 5888 2265 5957 reperies
2307 5886 2360 5941 in
2387 5886 2503 5943 Vita
2531 5887 2700 5943 sancti
2733 5884 2882 5958 Eligii
2907 5927 2921 5955 ,
2955 5886 3046 5941 lib.
3068 5885 3132 5953 2,
3160 5899 3277 5955 cap.
3307 5882 3377 5940 59
3399 5923 3415 5949 ,
3444 5892 3498 5939 ct
3527 5883 3578 5937 in
