4016 6510
289 403 420 460 1061

282 527 388 582 est,
421 515 580 571 debet
608 512 878 567 humiliter
904 511 1176 582 ambulare
1200 521 1254 565 et
1285 523 1627 582 perseverare
1658 508 1706 561 in
1736 508 1856 572 Spi-

283 589 391 640 ritu
428 595 614 640 Sancto
649 603 661 639 :
693 585 812 654 quia
857 582 982 654 nihil
1018 581 1233 651 prodest
1275 581 1622 654 christianum
1667 593 1725 631 se
1769 593 1859 632 rc-

281 655 551 726 Spondere
575 651 772 715 verbis,
802 663 856 726 et
891 652 1044 726 factis
1073 667 1286 726 negare,
1317 651 1441 726 dum
1474 657 1862 726 corruptusest

284 719 467 780 mente
490 734 543 779 et
577 726 786 793 spiritu.
814 724 885 776 De
914 723 1104 775 talibus
1128 719 1177 774 in
1209 721 1496 785 Evangelio
1521 721 1630 841 iBsa
1659 719 1860 793 Veritas

284 798 430 841 dicit-
466 795 582 841 Non
621 795 783 841 omnis
821 795 905 841 (mi
931 793 1049 841 dicit
1083 793 1226 841 milii-
1258 790 1490 841 Domine.
1577 790 1757 841 omine.
1782 805 1860 841 tn-

282 798 431 856 dicit,
462 795 582 848 Non
609 790 783 847 omnis
821 795 905 862 qui
931 793 1049 845 dicit
1083 793 1226 856 mihi,
1258 790 1860 862 Domiue,Dmnine,_in-

284 867 436 920 trabit
461 867 512 918 in
539 883 746 934 regnum
770 858 1039 926 caelorum;
1068 864 1156 914 δρα
1179 863 1264 929 qui
1277 861 1410 983 {acit
1432 861 1730 913 voluntatem
1757 858 1860 911 Ρα-

284 938 378 983 tris
408 937 504 983 mei
528 939 611 983 nni
640 937 690 983 in
721 935 856 983 (mli:
885 943 981 983 est.
1011 934 1116 983 inse
1142 933 1270 983 intra
1309 933 1343 982 it
1377 932 1428 983 in
1468 947 1674 983 remum:
1703 930 1854 981 corto-

284 938 378 990 tris
408 937 513 1006 mei
528 930 611 1006 qui
640 937 690 988 in
721 935 985 1006 (infirm,
1011 934 1116 1006 ipse
1142 930 1343 1006 intrabit
1377 932 1428 984 in
1468 930 1854 1006 regitunt_cmlo-

283 1000 650 1078 rumllla'ttli.
674 1022 768 1078 vn,
797 1004 913 1078 2|).
936 1004 1013 1078 ⁸Ιξι
1033 1000 1103 1078 in_
1119 1004 1223 1078 alio
1250 1002 1365 1078 loco
1402 1000 1656 1068 prepheta
1686 1000 1857 1052 incre-

283 1073 462 1146 pando
489 1077 636 1137 dicit,
668 1074 891 1142 Papulas
925 1073 1005 1146 hic
1035 1073 1178 1146 labiis
1222 1089 1297 1126 me
1319 1073 1557 1146 honorat,
1585 1087 1669 1122 cor
1690 1080 1856 1146 autem

284 1141 461 1200 Eorum
490 1147 638 1216 longe
661 1156 729 1199 est
754 1163 785 1197 a
811 1161 887 1196 me
933 1142 1104 1216 (lani,
1135 1158 1281 1207 xm,
1312 1141 1621 1216 l5).__Nai_n
1669 1141 1855 1195 civitas

281 1218 330 1271 si
373 1219 527 1270 fuerit
573 1211 623 1269 in
649 1231 749 1269 una
777 1224 922 1281 parte
943 1211 1145 1266 inunita
1171 1254 1184 1276 ,
1217 1223 1266 1264 et
1298 1227 1363 1265 ex
1409 1211 1508 1264 alia
1563 1211 1850 1281 dcslructa,

279 1286 484 1340 aditum
515 1287 579 1340 ad
608 1301 666 1340 se
699 1280 942 1338 hostibus
975 1285 1191 1350 praebet.
1228 1283 1293 1336 Et
1319 1283 1465 1334 navis
1494 1281 1537 1333 si
1570 1280 1724 1333 fuerit
1753 1282 1857 1332 for-

282 1357 409 1411 titer
428 1355 772 1426 compagibus
807 1353 1048 1426 solidata,
1077 1363 1132 1407 et
1159 1369 1315 1426 unam
1358 1352 1596 1426 habuerit
1616 1352 1855 1426 tabulam

289 1419 649 1496 perforatam:
691 1441 840 1495 aqum
878 1424 1124 1496 fluctibus
1153 1423 1406 1496 mergitur
1437 1422 1486 1496 in
1512 1419 1850 1496 profundum.

287 1492 548 1552 Omnibus
591 1492 952 1561 enim'laicis,
990 1494 1193 1547 clericis
1217 1535 1232 1557 ,
1282 1492 1554 1546 monachis
1584 1492 1856 1557 arqnaliter

281 1566 533 1622 convenit
575 1567 751 1628 fidem,
782 1579 953 1634 spem,
995 1564 1312 1617 cliaritatem
1333 1604 1346 1626 ,
1382 1562 1729 1634 humilitatem
1759 1562 1853 1634 ha-

281 1639 429 1700 bere,
457 1646 511 1690 et
538 1637 644 1691 Deo
671 1652 733 1689 ex
765 1631 874 1688 toto
901 1635 1060 1688 corde
1088 1635 1287 1687 servire
1307 1674 1322 1697 ,
1357 1649 1533 1686 veram
1564 1631 1852 1684 confessio-

282 1723 406 1762 nem
436 1707 628 1767 facere,
659 1715 712 1758 ct
741 1707 950 1774 dignam
983 1705 1345 1772 pmniteutiam
1376 1718 1532 1774 agere
1557 1720 1569 1754 :
1599 1704 1720 1774 quia
1741 1702 1853 1774 cle-

283 1777 647 1831 mentissimus
677 1771 932 1830 Dominus
958 1771 1382 1846 confugientibus
1404 1771 1466 1827 ad
1490 1771 1852 1842 paenitentiam

283 1848 524 1901 ignoscit.

302 1865 579 1972 gliiiicfiil'l‘
617 1914 860 1982 XXXIX.
897 1914 1067 1967 Dilata
1089 1914 1398 1982 paenitentia.
1427 1912 1532 1968 Sed
1560 1926 1627 1966 ne
1649 1911 1718 1966 de
1747 1912 1851 1965 mi-

282 1988 568 2042 sericordia
600 1981 807 2040 Douiini
837 1995 1036 2039 tantum
1082 1986 1251 2037 securi
1295 1985 1606 2045 existamus,
1640 1993 1695 2035 ut
1725 1998 1850 2050 pec-

281 2067 397 2112 cata
429 2057 656 2127 peccatis
695 2069 1015 2127 augeamus.
1048 2055 1229 2124 Neque
1255 2055 1525 2127 dicamus,
1568 2054 1742 2106 [)0ncc
1769 2054 1851 2106 vi-

281 2139 403 2198 geat
433 2125 587 2181 ictas
631 2137 828 2180 nostrae
877 2126 1050 2179 carnis
1074 2167 1094 2198 ,ξ
1135 2125 1593 2198 concupiscentias
1643 2132 1850 2176 nostras

282 2196 654 2259 exerceamus,
700 2206 752 2251 et
786 2206 1054 2265 postremo
1085 2196 1134 2248 in
1163 2204 1437 2249 senectute
1468 2197 1724 2248 malorum
1755 2209 1850 2246 no-

281 2278 512 2323 strorum
559 2267 916 2338 paenitentiam
952 2281 1168 2335 agamus
1198 2283 1210 2317 :
1246 2268 1361 2338 pius
1387 2275 1467 2319 est
1495 2267 1636 2318 enim
1669 2265 1849 2317 Domi-

282 2355 381 2392 nus
408 2349 461 2392 et
504 2337 838 2399 misericors,
885 2351 984 2390 nec
1028 2338 1160 2389 ultra
1208 2337 1496 2390 facinorum
1545 2344 1847 2388 nostrorum

282 2409 664 2463 recordabitur.
718 2408 816 2472 Ne,
877 2421 1079 2474 quaiso,
1141 2407 1314 2460 taliter
1359 2408 1674 2476 cogitemus,
1726 2407 1846 2473 quia

278 2496 482 2534 summa
515 2479 734 2534 stultitia
761 2487 841 2532 est
868 2476 982 2530 Ιιψο
1007 2478 1239 2542 cogitare
1265 2493 1278 2531 :
1307 2493 1426 2531 cum
1455 2487 1507 2531 et
1533 2477 1750 2543 impium
1781 2479 1850 2528 sit

281 2550 440 2604 talem
473 2549 735 2603 licentiam
765 2563 792 2600 a
821 2548 926 2601 Deo
959 2548 1226 2614 postulare
1250 2549 1550 2617 quempiam
1573 2548 1846 2617 velle,_cu-

273 2621 363 2690 jus
391 2621 592 2673 initium
622 2630 723 2690 est,
752 2634 780 2671 a
814 2619 920 2671 Deo
958 2633 1206 2685 separare
1227 2615 1313 2686 qui
1344 2615 1461 2690 haec
1483 2618 1696 2690 cogitat.
1738 2615 1846 2690 lm-

278 2687 380 2759 pia:
416 2690 556 2745 enim
587 2689 942 2758 Cogitationes
979 2697 1228 2756 separant
1254 2703 1350 2742 nos
1377 2704 1405 2740 a
1435 2687 1566 2741 Deo.
1593 2687 1734 2750 Ideo,
1767 2687 1849 2740 in-

275 2777 467 2830 quam,
507 2775 575 2814 ne
615 2759 737 2814 talia
779 2760 1100 2826 cogitemus,
1139 2773 1258 2830 cum
1298 2759 1597 2811 nesciamus
1625 2773 1736 2830 qua
1763 2759 1848 2811 die

275 2828 520 2884 morituri
567 2832 752 2884 simus.
800 2830 967 2884 Nemo
1012 2830 1152 2881 enim
1203 2828 1474 2882 hominum
1516 2828 1660 2882 novit
1706 2828 1844 2881 diem

275 2902 449 2956 exitus
478 2899 578 2954 sui.
614 2900 726 2954 Non
758 2915 945 2954 omnes
980 2900 1030 2953 in
1074 2909 1349 2953 senectute
1380 2899 1708 2954 moriuntur:
1754 2899 1846 2952 sed

276 2971 333 3024 in
360 2971 584 3026 diversis
611 2971 858 3025 aetatibus
900 2970 966 3024 de
1012 2969 1111 3022 hoc
1157 2969 1353 3022 mundo
1395 2971 1641 3036 migrant.
1689 2968 1754 3022 Et
1795 2971 1845 3022 in

274 3042 471 3110 quibus
496 3043 700 3095 actibus
731 3043 1089 3110 unusquisque
1119 3039 1280 3094 homo
1308 3039 1553 3093 inventus
1585 3039 1762 3105 fuerit,
1793 3040 1845 3092 in

271 3113 476 3166 eisdem
503 3111 843 3180 judicabitur,
869 3110 1080 3180 quando
1104 3111 1278 3163 anima
1303 3111 1492 3164 exierit
1511 3110 1578 3164 de
1601 3124 1843 3177 Corpore.

275 3182 412 3237 Dicit
438 3183 578 3237 enim
605 3179 902 3246 Psalmista,
937 3179 1100 3234 Nemo
1123 3181 1172 3232 in
1201 3182 1398 3250 inferno
1415 3180 1731 3248 conﬁtebitur
1761 3180 1848 3233 (ibi

273 3252 295 3323 (
324 3251 463 3306 Psal.
497 3268 576 3316 vr,
620 3253 708 3323 6).
736 3251 862 3306 Ideo
890 3251 1204 3306 festinemus
1229 3251 1294 3306 ad
1325 3251 1690 3321 ptenitentiam
1718 3264 1848 3305 con-

272 3324 429 3377 verti.
711 3359 716 3363 -

348 3391 572 3448 CAPUT
616 3391 732 3446 XL.
764 3391 942 3445 Mortis
969 3392 1222 3462 cogitatio.
1257 3390 1460 3445 Gaudia
1502 3395 1686 3462 futuro:
1711 3394 1842 3446 vitae.

272 3463 501 3532 Semper
539 3471 659 3516 ante
701 3463 884 3517 oculos
917 3473 1131 3516 nostros
1176 3471 1416 3517 versetur
1451 3463 1670 3517 ultimus
1693 3464 1804 3517 dies
1829 3505 1842 3526 ,

271 3544 332 3588 et
358 3549 478 3588 cum
506 3533 736 3587 diluculo
761 3535 1178 3598 surrexerimus,
1212 3549 1277 3586 ne
1301 3533 1367 3586 ad
1422 3548 1694 3601 vesperam
1751 3549 1848 3586 nos

271 3605 602 3657 confidamus
631 3603 904 3672 pervenire
928 3618 942 3666 ;
974 3612 1025 3655 et
1051 3618 1168 3656 eum
1198 3603 1247 3655 in
1281 3604 1472 3657 lectulo
1493 3605 1726 3656 membra
1755 3605 1847 3657 de-

275 3675 607 3741 posuerimus
628 3715 642 3735 ,
701 3674 767 3727 de
817 3673 949 3726 lucis
978 3687 1081 3726 non
1113 3674 1441 3726 conﬁdamus
1490 3675 1715 3726 adventu
1752 3693 1764 3727 :
1796 3684 1848 3728 ct

273 3744 523 3799 facillime
550 3745 840 3814 poterimus
860 3758 1052 3811 corpus
1078 3753 1314 3814 nostrum
1345 3761 1373 3796 a
1405 3745 1543 3797 vitiis
1570 3755 1622 3796 et
1653 3760 1848 3797 COHCII-

275 3812 722 3882 piscentiisunalis
747 3814 1034 3867 refrenare.
1071 3812 1294 3879 Semper
1335 3829 1428 3866 cor
1462 3824 1696 3866 nostrum
1729 3832 1850 3882 pro-

273 3891 432 3939 missa
462 3887 694 3938 caelestia
723 3884 1006 3937 meditetur
1029 3925 1042 3945 ,
1075 3885 1248 3936 omnia
1282 3895 1486 3938 terrena
1527 3901 1643 3952 qua:
1677 3887 1850 3953 possi-

271 3957 462 4008 demus
492 3956 541 4008 iu
574 3954 773 4008 futuras
801 3955 1032 4008 cmlestis
1063 3955 1206 4022 regni
1238 3961 1539 4008 mansiones
1572 3955 1849 4008 transfera-

271 4040 433 4079 mus:
465 4034 522 4079 ut
547 4041 666 4080 cum
709 4025 776 4077 ibi
825 4026 1054 4092 provecti
1094 4023 1383 4088 fuerimus,
1420 4024 1657 4078 fruamur
1697 4027 1848 4080 bonis

270 4096 598 4150 cmlestibus.
632 4095 761 4148 Nam
788 4093 1052 4148 credimus
1079 4096 1198 4163 quia
1226 4111 1347 4148 cum
1379 4113 1406 4146 a
1435 4096 1609 4148 carnis
1641 4097 1847 4151 vinculo

269 4169 446 4219 anima
481 4175 658 4219 nostra
692 4166 849 4219 fuerit
877 4165 1114 4218 absoluta
1140 4205 1155 4229 ,
1187 4167 1227 4217 si
1262 4167 1396 4219 bene
1424 4176 1475 4220 et
1500 4176 1644 4221 recte
1667 4183 1846 4222 coram

275 4237 382 4290 Deo
403 4237 689 4290 vixerimus
713 4278 726 4297 ,
757 4251 877 4289 mox
899 4237 948 4288 in
971 4252 1246 4289 occursum
1269 4247 1502 4290 nostrum
1527 4237 1846 4304 Augoloruui

269 4307 468 4360 chorus
495 4316 772 4370 occurret,
804 4307 1145 4370 omniumque
1189 4308 1502 4360 Sanctorum
1547 4310 1754 4375 agmina
1797 4313 1847 4363 iu

270 4387 483 4430 nostros
527 4377 886 4430 miscebuntur
923 4377 1238 4444 amplexus,
1299 4387 1351 4431 et
1400 4377 1464 4430 ad
1520 4379 1845 4433 adorandum

270 4463 454 4502 verum
474 4447 703 4515 judicent
725 4447 1034 4515 perducent.
1055 4448 1107 4501 Si
1127 4448 1249 4500 dum
1271 4449 1320 4500 in
1342 4464 1564 4515 eoi-pore
1589 4451 1809 4502 vivimus
1829 4493 1843 4514 ,

269 4519 406 4571 sicut
435 4518 541 4571 dixi
566 4558 580 4581 ,
614 4533 732 4586 qua:
764 4519 871 4571 Deo
899 4527 1020 4570 sunt
1050 4519 1237 4586 placita
1273 4519 1523 4572 faciamus
1549 4561 1562 4583 ,
1597 4528 1719 4573 tunc
1748 4522 1849 4573 erit

272 4590 424 4640 nobis
455 4605 552 4657 pax
581 4589 630 4640 in
659 4589 877 4641 circuitu
904 4629 916 4648 ,
947 4597 1002 4641 et
1021 4604 1224 4640 summa
1248 4591 1500 4642 securitas
1527 4607 1538 4641 :
1573 4608 1669 4644 nec
1696 4591 1850 4644 lime-

272 4659 446 4711 liimus
478 4658 612 4711 ultra
641 4658 836 4710 diaboli
867 4660 1024 4726 ignita
1049 4659 1220 4725 jacula
1247 4701 1260 4722 ,
1295 4675 1392 4713 nec
1422 4661 1582 4712 ullum
1621 4662 1848 4728 quemli-

270 4728 358 4783 bet
390 4729 661 4781 inimicum
685 4768 698 4793 ,
729 4730 815 4796 qui
849 4729 990 4795 cupit
1027 4729 1233 4782 animas
1276 4740 1486 4782 nostras
1525 4731 1759 4796 jaculare
1789 4733 1802 4762 ¹
1829 4749 1844 4796 ;

269 4815 376 4852 non
428 4799 663 4860 ferrum,
717 4815 819 4852 non
867 4800 1078 4865 ignem,
1125 4817 1226 4852 non
1268 4801 1450 4853 faciem
1497 4803 1845 4855 truculentam

270 4871 518 4932 tortoris,
555 4886 658 4922 non
693 4869 920 4929 famem,
953 4885 1054 4922 non
1101 4871 1240 4922 sitim
1269 4911 1281 4927 .
1327 4889 1428 4923 non
1472 4872 1630 4923 ullam
1671 4873 1847 4925 carnis

267 4941 658 5009 mgritudinem.
695 4940 805 4992 Non
849 4940 980 4993 ultra
1017 4939 1386 4993 adversabitur
1430 4957 1553 4994 caro
1597 4943 1844 5010 spiritui,

269 5027 365 5065 nec
391 5012 558 5065 ullum
590 5009 891 5063 timebimus
921 5011 1208 5078 periculum
1235 5026 1250 5062 :
1279 5012 1370 5065 sed
1398 5027 1515 5064 cum
1548 5009 1724 5066 eainis
1753 5014 1848 5066 ab-

263 5079 550 5150 jecerimus
591 5081 854 5133 sarcinam
879 5121 894 5141 ,
943 5093 1067 5134 tunc
1109 5080 1335 5148 Spiritus
1361 5089 1597 5135 sanctus
1651 5085 1847 5137 tribuet

266 5152 420 5206 nobis
445 5151 496 5204 in
524 5152 830 5205 caelestibus
859 5153 1189 5204 mansionem
1213 5192 1228 5215 ,
1257 5152 1340 5204 cui
1390 5169 1486 5204 nos
1527 5155 1684 5218 paulo
1722 5165 1846 5208 ante

264 5221 402 5275 intra
446 5221 688 5290 corporis
731 5222 897 5274 nostri
943 5223 1225 5290 hospitium
1276 5224 1571 5275 feret-anius
1615 5227 1845 5276 mansio-

264 5308 384 5345 nem
413 5308 426 5346 :
455 5303 508 5346 et
531 5293 632 5344 lani
655 5291 1050 5360 gaudentesque
1077 5293 1232 5344 futuri
1252 5292 1435 5360 judicii
1469 5291 1608 5346 diem
1657 5310 1845 5362 exspeo

262 5363 529 5416 etabimns
551 5402 566 5426 ,
598 5363 648 5414 in
676 5377 782 5430 quo
807 5362 1130 5432 singulorum
1158 5364 1348 5414 animae
1375 5378 1472 5432 pro
1491 5364 1601 5416 suis
1639 5365 1844 5418 actibus

262 5432 520 5500 recipient
549 5433 756 5485 merita.

332 5501 558 5557 CAPUT
609 5501 744 5556 XLI.
806 5502 962 5556 Parua
1010 5501 1433 5556 damnaudorum.
1467 5504 1532 5557 Et
1596 5519 1626 5558 e
1660 5513 1842 5558 contra

263 5583 572 5641 peccatores
594 5585 647 5627 et
669 5574 812 5641 impii
839 5575 1206 5641 ptenitebunt:
1237 5574 1330 5627 sed
1355 5573 1571 5627 frustra.
1608 5575 1844 5643 [inpares

261 5651 316 5694 et
355 5643 534 5705 avari,
581 5643 796 5711 superbi
841 5653 895 5696 et
939 5644 1200 5709 adulteri,
1249 5644 1486 5697 iracundi
1534 5654 1588 5698 et
1631 5646 1840 5712 cupidi,

262 5712 506 5768 maledici
533 5721 587 5768 et
608 5713 806 5782 perjuri
829 5717 1161 5770 amarissime
1188 5714 1388 5770 ﬂebunt
1415 5733 1429 5768 :
1460 5716 1551 5770 sed
1583 5715 1844 5770 malorum

367 5853 448 5896 Is.
467 5847 597 5897 Colb.
615 5859 642 5895 a
662 5849 876 5898 secunda
899 5863 1058 5912 mauu,
1073 5851 1322 5914 jugulare.

1191 397 1389 454 LIBER
1431 396 1516 452 ne
1557 393 2032 450 SALUTARIBUS
2075 381 2528 454 DOCUMENTIS.

3425 405 3561 462 ltiti?

1967 522 2188 589 suorum
2219 510 2428 565 veniam
2456 529 2560 567 non
2586 526 3000 589 consequentur.
3043 517 3096 572 lu
3139 518 3279 575 luctu
3322 524 3556 577 maximo

1967 577 2344 660 detinebuutur
2362 595 2549 637 omnes
2569 623 2584 648 ,
2610 586 2699 654 qui
2725 577 2903 660 carnis
2927 603 3037 641 sum
3065 589 3362 659 voluptates
3387 597 3554 648 secuti

1967 657 2090 733 sunt
2121 667 2134 704 :
2168 657 2218 733 in
2262 665 2494 733 maerore
2537 664 2591 708 et
2621 658 2822 733 gemitu
2861 657 3418 733 sempiternoierunt,
3461 681 3551 733 qui

1969 723 2116 801 vinis.
2136 729 2193 802 et
2221 723 2550 802 passionibus
2577 723 2898 802 servierunt.
2925 723 2994 802 Εἰ
3017 729 3215 802 ουιηγὶῖί
3243 723 3431 788 omnes
3455 723 3552 802 pro

1967 789 2285 872 criminibus
2303 792 2413 846 suis
2446 803 2500 847 et
2538 795 2828 872 sceleribus
2856 798 3112 872 gehennm
3144 801 3352 868 ignibus
3381 789 3550 872 depu-

1966 860 2108 939 tandi
2136 870 2327 939 erunt;
2358 877 2457 916 nos
2481 903 2494 926 ,
2524 865 2567 916 si
2601 865 2710 939 Deo
2736 860 2941 920 dum'in
2977 868 3075 922 hoc
3104 860 3330 939 corpore
3359 860 3546 930 sumus

1965 930 2319 1009 placuerimus
2342 948 2504 1009 ,_eum
2535 938 2733 988 sanctis
2767 939 3089 1004 sempiterna
3138 930 3351 1009 praemia
3389 961 3547 998 aere-

1965 1001 2100 1080 pturi
2129 1015 2332 1055 sumus.
2365 1002 2487 1056 ldeo
2526 1001 2933 1080 contemnamus
2963 1001 3150 1080 cuncta
3182 1027 3301 1080 qua:
3333 1028 3463 1068 vana
3495 1027 3548 1070 ct

1965 1069 2341 1152 caducasunt,
2376 1083 2432 1125 ut
2461 1083 2656 1128 tantam
2685 1076 2910 1146 gloriam
2935 1118 2949 1142 ,
2972 1077 3187 1134 Christo
3201 1069 3541 1152 'miserante,

1961 1138 2178 1204 adipisci
2211 1157 2532 1200 mereamur.

2004 1221 2006 1223 '
2032 1207 2450 1294 CANPUTXDIL.
2478 1213 2686 1294 Lingua:
2711 1217 2955 1294 custodia.
2986 1217 3318 1294 Declinemns
3331 1238 3546 1294 semper

1960 1292 1989 1331 a
2020 1281 2158 1333 vitiis
2180 1321 2194 1345 ,
2226 1291 2279 1334 et
2307 1283 2376 1359 ad
2402 1281 2627 1338 virtutes
2657 1287 2956 1342 tendamus.
3001 1287 3078 1342 Ne
3113 1292 3364 1359 superﬂui
3415 1281 3537 1349 ser-

1961 1365 2145 1403 mones
2186 1353 2607 1429 procedant__ex_
2637 1371 2731 1408 ore
2778 1367 3000 1422 nostro;
3049 1353 3305 1429 quia'pro
3355 1365 3543 1422 otiosis

1964 1423 2316 1503 sermbnibus
2356 1423 2608 1503 redditnri
2651 1439 2835 1503 sumus
2876 1423 3133 1482 rationem
3187 1423 3238 1484 in
3275 1431 3362 1488 die
3403 1435 3546 1503 judi-

1959 1490 2047 1542 cii.
2097 1490 2204 1566 Nec
2252 1491 2317 1546 ad
2372 1493 2791 1549 maledicendum
2843 1513 3159 1566 quemquam
3219 1490 3539 1559 consuesca-

1959 1574 2080 1634 mus
2134 1562 2364 1634 linguam
2406 1575 2640 1618 nostram
2669 1606 2686 1631 ,
2740 1562 2870 1634 quis
2898 1568 2963 1621 ad
3021 1562 3441 1630 benedicendum
3488 1586 3544 1631 et

1965 1629 2280 1702 laudandum
2311 1633 2474 1686 Deum
2505 1629 2681 1688 creata
2707 1629 2809 1689 est.
2840 1637 2948 1691 Nec
2972 1653 3384 1698 consuescamus
3412 1629 3540 1702 cori?

1959 1701 2268 1772 suetudines
2296 1705 2553 1772 pessimas
2583 1706 2634 1758 in
2661 1707 2804 1758 omni
2835 1715 2957 1762 actu
2984 1719 3167 1762 nostro
3187 1751 3201 1768 .
3241 1713 3354 1768 sive
3380 1701 3538 1771 etiam

1958 1771 2323 1854 cogitatione:
2344 1775 2471 1854 quia
2502 1776 2832 1854 consuetudo
2861 1793 2979 1846 qua:
3006 1780 3213 1854 longius
3239 1782 3395 1838 fuerit
3421 1802 3542 1854 pro-

1959 1846 2124 1918 tracta
2155 1843 2545 1918 et__confirniata
2571 1886 2584 1911 ,
2614 1861 2720 1900 non
2757 1843 2891 1901 cum’
2921 1863 3082 1918 parvo
3098 1843 3300 1908 'labore
3346 1843 3542 1911 vitatur

1957 1911 2039 1964 vel
2070 1913 2372 1978 expellitur.

2026 1980 2254 2061 C_APU'I_‘
2297 1983 2547 2061 -XLll_l.‘
2592 1984 2947 2061 conpunctio.
3019 1987 3270 2061 Perfectio
3337 2011 3440 2050 non
3484 1998 3539 2051 in

1955 2051 2137 2132 annis,
2162 2054 2250 2132 sed
2290 2054 2350 2132 in
2389 2056 2590 2109 animis.
2623 2051 2902 2132 Simtis__in
2937 2051 3143 2132 malitia
3193 2067 3437 2132 parvuli,
3484 2079 3536 2122 et

1955 2121 2052 2172 viri
2088 2122 2389 2196 perfectiin
2422 2140 2603 2196 sensu.
2639 2126 2692 2180 In
2723 2129 3036 2196 quihusdam
3067 2147 3164 2184 nos
3193 2121 3539 2192 exhibeamus

1954 2205 2112 2270 senes
2131 2193 2219 2270 ,Ain
2242 2194 2554 2270 quibusdam
2569 2193 2793 2270 juvenes
2813 2215 2826 2250 :
2850 2199 2969 2268 quia
2995 2203 3195 2268 parvuli
3215 2215 3296 2259 est
3319 2205 3501 2262 ludere
3519 2251 3533 2270 ,

1956 2262 2172 2328 perfecti
2199 2273 2376 2336 autem
2401 2262 2598 2333 lugere.
2626 2265 2757 2336 Nam
2803 2262 3037 2336 prieseiis
3080 2271 3250 2328 luctus
3295 2262 3530 2331 laetitiam

1953 2342 2171 2412 generat
2201 2333 2816 2412 senipiternam._0inne
2843 2350 3018 2412 autem
3058 2343 3314 2412 quidquid
3349 2347 3536 2400 immo-

1952 2401 2194 2486 deratum
2223 2401 2341 2466 est,
2373 2405 2778 2486 dissolutionem
2827 2408 2990 2462 efficit
3024 2401 3249 2486 animai,
3280 2425 3334 2468 et
3363 2419 3531 2486 negli-

1952 2482 2163 2539 gentem
2212 2489 2334 2546 erga
2385 2476 2476 2528 Dei
2516 2487 2780 2546 praecepta
2815 2496 2827 2531 :
2867 2494 2967 2533 nec
3004 2481 3194 2535 delicta
3236 2476 3338 2538 ‘sua
3379 2476 3535 2542 facile

1955 2552 2128 2609 potest
2173 2543 2238 2622 ad
2279 2543 2588 2622 memoriam
2633 2543 2930 2622 revocare,
2979 2560 3034 2604 et
3079 2552 3400 2610 obliviscens
3430 2572 3530 2622 ea,

1955 2626 2056 2664 non
2083 2628 2142 2690 se
2174 2614 2387 2690 instigat
2410 2615 2912 2690 ad_pae_nit_entiain,
2963 2630 3016 2674 et
3061 2622 3128 2675 ita
3173 2626 3422 2690 paulatim
3466 2614 3535 2682 ali

1952 2683 2198 2736 omnibus
2227 2685 2378 2738 bouis
2399 2687 2556 2740 cadit.
2581 2685 2793 2741 Nullum
2827 2690 3038 2744 habebit
3057 2683 3330 2748 accessum
3353 2699 3532 2751 cordis

1953 2755 2289 2820 eompunctio
2312 2795 2327 2820 ,
2359 2756 2444 2809 tibi
2476 2755 2670 2811 fuerint
2699 2759 3044 2814 immoderata
3086 2763 3208 2816 vitia
3248 2776 3302 2819 et
3334 2782 3532 2823 concu-

1953 2823 2223 2907 piscentia:
2251 2825 2422 2906 malm.
2580 2838 2755 2882 autem
2779 2829 2975 2907 fuerint
3004 2831 3256 2907 lacrymai
3278 2875 3294 2901 ,
3328 2837 3396 2890 ibi
3423 2841 3532 2907 spi-

1951 2893 2157 2968 ritualis
2178 2895 2319 2968 ignis
2343 2898 2650 2951 accenditur
2673 2938 2688 2963 ,
2721 2899 2810 2968 qui
2846 2909 3050 2954 secreta
3098 2893 3293 2959 uirentis
3331 2893 3530 2962 illumi-

1953 2974 2062 3047 net.
2093 2963 2277 3047 Nullus
2302 2980 2398 3019 nos
2423 2968 2600 3021 saeculi
2628 2963 2869 3047 amorab
2897 2987 3077 3047 amore
3115 2973 3311 3047 Christi
3351 2992 3533 3047 segre-

1951 3042 2040 3102 get
2058 3075 2083 3111 ,_
2102 3043 2156 3088 et
2187 3044 2310 3111 tota:
2353 3039 2938 3111 nostr.e_cogitaliones
2978 3042 3043 3094 ad
3085 3045 3300 3111 prtemia
3343 3039 3532 3102 futurae

1952 3105 2135 3186 patria:
2166 3106 2383 3186 tendant
2405 3149 2428 3186 ,_
2463 3116 2519 3161 et
2553 3109 2622 3164 de
2663 3105 2971 3186 cmlestibus
3017 3105 3355 3170 méditentur.
3403 3119 3529 3174 Hazc

1951 3184 2029 3256 est
2057 3177 2223 3256 gloria
2256 3184 2342 3230 tua
2367 3217 2380 3240 ,
2417 3177 2530 3256 lifcc
2570 3188 2654 3256 est
2691 3181 2944 3247 perfectio
2987 3197 3176 3256 cursus
3222 3189 3530 3244 certaminis

1953 3245 2049 3325 tui.
2081 3245 2354 3325 Perfectus
2383 3248 2525 3325 enim
2552 3245 2786 3313 dicitur,
2831 3267 2936 3325 non
2976 3254 3065 3321 qui
3112 3255 3161 3308 in
3202 3264 3388 3322 mtate,
3433 3262 3528 3325 sed

1952 3315 2043 3382 qui
2185 3332 2343 3371 sensu
2393 3319 2654 3397 perfectus
2699 3329 2799 3374 est.
2833 3315 3079 3397 Nec‘ulli
3118 3325 3336 3382 cuilibet
3376 3315 3534 3385 obest

1953 3386 2170 3460 puerilis
2197 3397 2324 3442 aetas
2349 3427 2362 3450 ,
2393 3388 2626 3460 sifuerit
2651 3399 2828 3446 mente.
2854 3392 3122 3460 perfectus
3160 3413 3173 3448 :
3212 3413 3310 3452 nec
3347 3401 3533 3454 senilis

1955 3457 2189 3530 proderit
2219 3467 2382 3523 aetas,
2415 3459 2459 3512 si
2501 3458 2656 3514 fuerit
2698 3457 2945 3530 parvulus
2984 3478 3163 3518 sensu.
3197 3467 3326 3522 Nam
3352 3480 3408 3523 et
3434 3471 3534 3524 Da-

1951 3524 2036 3599 vid
2063 3539 2362 3599 cumrpuer
2404 3539 2545 3599 esset
2595 3538 2650 3583 et
2697 3524 2996 3599 perfectus,
3047 3549 3142 3588 cor
3191 3547 3246 3592 et
3297 3549 3530 3596 mentem

1953 3593 2178 3677 habebat
2208 3593 2264 3677 in
2279 3598 2511 3677 Domino
2535 3593 2805 3677 defixam,
2831 3612 2885 3656 et
2910 3593 2992 3656 ob
3009 3603 3110 3658 hoc
3133 3606 3182 3659 in
3213 3623 3390 3677 regem
3417 3593 3529 3665 elo:

1951 3673 2070 3746 ctus
2093 3677 2196 3719 est.
2228 3668 2290 3719 Et
2317 3667 2592 3746 Saufcuin
2617 3671 2770 3746 senili
2803 3681 2960 3746 esset
2995 3682 3185 3746 aetate,
3227 3667 3349 3746 quia
3384 3680 3435 3734 in
3472 3699 3532 3734 se

1952 3735 2233 3819 malignam
2264 3738 2548 3819 nequitiam
2575 3739 2762 3819 babuit
2784 3741 2851 3796 de
2879 3743 3114 3819 culmine
3143 3735 3303 3819 regali
3343 3754 3530 3819 expul-

1951 3820 2043 3857 sus
2071 3815 2152 3857 est
2178 3807 2193 3872 (
2216 3805 2230 3856 Ι
2263 3807 2388 3876 Reg.
2415 3822 2545 3862 xvi).
2575 3810 2823 3864 Dominus
2853 3827 2980 3865 vero
3001 3824 3054 3866 et
3082 3805 3326 3870 Salvator
3349 3805 3532 3874 noster

1951 3890 1978 3924 a
2007 3876 2300 3929 senioribus
2330 3877 2685 3947 crucifigitur,
2719 3891 2771 3933 et
2795 3882 3063 3946 ingressus
3087 3884 3471 3944 Jerosolvmam
3498 3907 3528 3945 a

1955 3947 2186 4012 parvulis
2207 3947 2553 4001 collaudatur.
2580 3950 2708 4002 Nam
2731 3960 2783 4004 et
2803 3953 2962 4004 arbor
2982 3954 3025 4006 si
3046 3948 3332 4011 multorum
3361 3955 3530 4014 ando-

1954 4031 2069 4068 rum
2104 4014 2260 4069 fuerit
2301 4018 2622 4072 infructuosa
2646 4061 2662 4085 ,
2713 4023 3014 4075 exciditur:
3066 4025 3110 4078 si
3149 4037 3324 4081 autem
3375 4031 3532 4086 fuerit.

1954 4087 2156 4170 novella
2185 4098 2236 4139 et
2264 4086 2451 4170 fertilis
2476 4131 2490 4153 ,
2524 4092 2752 4170 colitur,
2782 4102 2835 4170 ut
2868 4094 3032 4170 magis
3062 4098 3372 4162 ampliorem
3401 4115 3526 4170 pro-

1955 4156 2089 4235 ferat
2115 4155 2359 4235 fructum.
2390 4158 2640 4235 ldeo‘lias
2679 4155 3053 4219 similitudines
3094 4155 3270 4235 pono,
3325 4155 3530 4226 ut'nec

1947 4226 2282 4307 juvenisnee
2315 4244 2478 4307 senex
2519 4231 2894 4307 ireromoctua
2943 4235 3009 4304 de
3047 4226 3216 4307 salute
3259 4226 3398 4307 sua,
3444 4246 3529 4298 vt‘l

1952 4299 2108 4380 etiam
2139 4298 2205 4378 de
2237 4301 2487 4380 operibus
2524 4306 2634 4380 suis
2650 4305 2935 4380 ceiifidarg
2963 4298 3072 4380 ised
3115 4309 3202 4378 qui
3237 4298 3488 4380 gloriatur
3509 4355 3524 4378 ,

1952 4369 2003 4420 ίιι
2030 4367 2252 4445 Ρρίηὶτξρ
2282 4371 2610 4445 θίριῖὲςιιινμ
2641 4372 2757 4427 (οπο
2793 4390 2804 4426 ι
2831 4415 2846 4438 ν
2879 4367 2939 4428 δι
2971 4376 3013 4445 )ο

2023 4439 2248 4517 CAPUT
2283 4441 2463 4517 XLIY.
2513 4439 2828 4517 (lentortium
2881 4439 3124 4500 bonorum
3176 4466 3383 4517 nutare,
3418 4471 3530 4506 nm-

1955 4507 2115 4589 loriqn
2169 4511 2357 4580 fugere.
2413 4512 2775 4589 Perfectorum
2827 4524 3005 4571 autem
3045 4520 3274 4574 virorum
3303 4507 3525 4577 consor-

1955 4580 2026 4660 tio
2057 4580 2232 4660 fruere
2252 4623 2266 4643 ,
2288 4592 2340 4634 et
2365 4597 2392 4634 a
2422 4583 2597 4660 verbis
2615 4600 2798 4660 eorum
2824 4603 2889 4639 ne
2909 4598 3118 4642 avertas
3143 4607 3325 4646 aurem
3351 4604 3490 4648 tuam
3507 4637 3522 4657 ,

1953 4658 2005 4702 et
2055 4655 2106 4702 in
2146 4666 2328 4704 eorum
2376 4655 2600 4706 consilio
2640 4655 2935 4710 delectetur
2976 4661 3151 4712 anima
3193 4671 3321 4715 tua:
3369 4655 3525 4718 verba

1952 4720 2092 4798 enim
2124 4721 2246 4798 vita:
2275 4725 2880 4798 suntverbaﬂhominum
2912 4729 3074 4782 Deum
3109 4732 3403 4786 tiu'ientium
3429 4775 3444 4798 ,
3473 4745 3529 4787 et

1953 4790 2302 4865 incolumitas“
2331 4794 2522 4847 anima:
2579 4796 2644 4848 iis
2689 4797 2775 4865 qui
2823 4813 2882 4850 ea
2936 4799 3161 4853 libenter
3208 4790 3442 4857 audiunt
3473 4814 3526 4858 et

1951 4861 2248 4938 attendunt.
2279 4863 2423 4938 Sicut
2446 4866 2522 4918 sol
2551 4861 2729 4938 oriens
2749 4865 2942 4934 efl‘ogat
2965 4869 3244 4938 caliginem
3269 4912 3285 4935 ,
3315 4873 3381 4924 ita
3403 4889 3528 4927 san-

1951 4940 2158 5007 (iturum
2190 4933 2426 4987 doctrina
2451 4950 2485 5007 a
2515 4937 2760 5007 sensibus
2791 4933 2986 4990 nostris
3015 4933 3228 5007 ex'pellit
3259 4933 3523 4998 tenebras.

1953 4999 2137 5078 Evita_,
2166 5019 2348 5071 qllmso
2373 5045 2386 5065 ,
2406 5006 2552 5078 viros
2575 5006 2832 5078 superbos
2851 5047 2864 5068 ,
2891 4999 3133 5071 invidos,
3159 5009 3488 5067 detractores
3509 5057 3524 5078 ,

1952 5073 2274 5151 utendaces,
2310 5074 2547 5151 perjuros
2571 5117 2585 5138 ,
2617 5073 2672 5151 et
2710 5077 2929 5151 salutem
2966 5093 3116 5131 suam
3157 5073 3526 5151 negligentes,

1950 5143 2036 5222 qui
2068 5145 2261 5222 mortui
2303 5155 2425 5197 sunt
2467 5145 2781 5222 virtutibus,
2823 5156 2878 5202 et
2914 5148 3159 5222 laetantur
3300 5143 3528 5222 propriis

1950 5214 2306 5288 voluptatibus
2329 5255 2342 5276 ,
2379 5222 2435 5288 ut
2467 5215 2672 5288 gaudiis
2709 5227 2926 5270 careant
2965 5218 3176 5272 divinis.
3222 5214 3336 5276 Non
3369 5214 3525 5288 dico,

1951 5292 2005 5334 ut
2035 5283 2115 5336 vel
2142 5299 2302 5336 unum
2332 5284 2489 5338 talem
2516 5284 2566 5337 in
2611 5285 2772 5338 domo
2821 5297 2906 5340 tua
2952 5289 3184 5346 habeas:
3225 5292 3318 5346 sed
3362 5283 3526 5349 etiam

1952 5352 2267 5420 ubicumque
2312 5355 2440 5406 tales
2487 5370 2606 5407 esse
2653 5356 2924 5422 audieris,
3005 5357 3102 5412 hos
3152 5362 3348 5417 devita.
3396 5366 3530 5418 Cum

1948 5423 2208 5488 ejusmodi
2237 5423 2538 5478 hominibus
2564 5427 2704 5478 nulla
2733 5426 2826 5480 tibi
2855 5431 3164 5486 eommixtio
3189 5433 3271 5487 vel
3299 5433 3524 5490 familia-

1950 5494 2078 5568 ritas
2122 5495 2230 5568 sith:
2281 5509 2377 5568 nec
2423 5494 2554 5568 velis
2597 5512 2716 5549 cum
2765 5498 2843 5551 eis
2890 5503 3274 5568 sermocinari;
3327 5505 3373 5560 si
3419 5523 3524 5560 non

1949 5564 2126 5617 Valeas
2145 5605 2160 5626 ,
2195 5563 2417 5618 Domino
2439 5566 2726 5621 miserante
2749 5607 2766 5632 ,
2808 5583 2902 5622 eos
2941 5572 3010 5624 ab
3041 5587 3226 5628 errore
3251 5563 3348 5631 suo
3378 5591 3533 5629 revo-

1947 5648 2091 5686 care.
2123 5633 2254 5687 Nam
2281 5647 2424 5703 smpe
2452 5649 2546 5712 per
2577 5651 2730 5691 ovem
2759 5653 2916 5712 unam
2947 5643 3242 5697 morbidam
3276 5647 3532 5712 polluitur

1951 5712 2090 5784 totus
2115 5719 2242 5784 grex
2272 5720 2287 5756 :
2319 5715 2373 5784 er
2398 5705 2603 5784 modica
2635 5723 2757 5784 pars
2792 5710 2932 5784 fellis
2971 5728 3218 5784 magnum
3259 5705 3533 5771 dulcorem

1949 5775 2102 5826 vertit
2131 5775 2180 5828 iu
2209 5775 2648 5831 amaritudinem.
2667 5778 2797 5834 Nam
2827 5782 2944 5835 talis
2971 5784 3012 5835 si
3045 5775 3093 5837 in
3129 5783 3311 5838 habitu
3353 5787 3533 5841 videas

1951 5854 2033 5898 tur
2061 5847 2150 5900 tibi
2177 5847 2350 5904 clarus
2380 5866 2440 5904 ac
2470 5853 2658 5907 nobilis
2684 5896 2698 5920 ,
2728 5863 2782 5908 et
2808 5851 2982 5907 dulcia
3026 5854 3116 5907 tibi
3163 5855 3321 5912 verba
3353 5858 3532 5926 profe-
