4016 6510
490 362 629 418 I063

487 484 609 537 rat;
635 472 886 543 operibus
914 479 1089 543 tamen
1116 468 1161 523 si
1196 477 1316 540 agat
1347 475 1520 523 tecum
1551 465 1832 543 contrariis
1851 508 1867 535 ,
1909 469 2077 543 magis

487 538 831 599 nocet'illius
878 542 997 596 talis
1046 538 1286 606 factura,
1329 555 1490 609 quam
1537 538 1746 608 placeat
1785 554 1851 593 ex
1897 540 2077 592 verbis

486 616 652 683 ﬁgura
678 630 692 676 ;
724 628 828 667 non
856 615 998 668 enim
1022 627 1087 667 ex
1117 611 1293 666 verbis
1312 652 1328 677 ,
1358 609 1454 665 sed
1479 625 1547 665 ex
1588 609 1874 664 virtutibus
1916 609 2077 664 homo

504 685 761 738 )robatttr.

487 701 784 808 “(ﬁliiﬁlii
845 751 1008 807 XLV.
1064 750 1286 805 Intentio
1321 760 1476 803 recta.
1528 748 1620 803 Sic
1666 758 1719 803 et
1750 758 1803 803 tu
1835 749 1909 803 sis
1933 748 2075 817 apud

493 825 658 878 Deum
692 824 943 892 proba'us
967 865 982 887 ,
1006 832 1059 877 et
1080 823 1257 875 omnia
1286 837 1383 890 pro
1411 820 1609 875 Christi
1637 835 1822 892 amore
1848 820 2077 892 libenter

490 890 712 947 sull'eras
732 934 748 955 ,
780 904 835 947 et
865 908 961 963 pro
992 892 1467 963 tribulationibus}
1497 890 1832 956 carnalibus,
1861 890 2076 963 quando

485 965 577 1018 tibi
604 962 895 1029 eveniunt,
925 979 1029 1017 non
1058 966 1325 1031 frangatur
1353 962 1559 1015 animus
1591 969 1714 1015 tuus
1738 1001 1753 1025 ,
1785 976 1883 1014 nec
1914 962 2063 1030 vigo-

486 1051 600 1089 rem
631 1036 899 1103 patienti:e
930 1044 1034 1087 tua:
1060 1048 1149 1087 res
1174 1033 1331 1099 hujus
1362 1032 1543 1086 saeculi
1570 1031 1784 1085 caducae
1809 1032 2070 1103 molliant.

488 1106 595 1158 Sed
626 1102 752 1160 time
780 1108 953 1173 potius
985 1105 1149 1157 Deum
1176 1145 1190 1168 ,
1220 1103 1264 1155 si
1292 1118 1319 1155 a
1351 1103 1622 1173 proposito
1649 1113 1740 1156 tuo
1765 1102 2072 1173 retardavef

484 1176 599 1229 ris:
650 1185 703 1228 et
743 1171 957 1244 quando
1006 1184 1057 1229 te
1102 1173 1303 1242 peccati
1349 1171 1639 1244 obnoxium
1687 1172 1956 1244 senseris,
2005 1172 2073 1226 ad

487 1242 855 1313 pmnitentiatn
887 1245 1123 1297 converti
1153 1259 1256 1298 non
1283 1242 1663 1298 conl‘uadaris:
1694 1242 1817 1312 quia
1843 1243 1931 1311 qui
1961 1258 2072 1310 pm-

488 1312 677 1369 nitcbit
706 1316 792 1370 hic
812 1356 826 1378 ,
858 1316 910 1369 in
938 1313 1228 1368 novissimo
1259 1328 1363 1367 non
1394 1312 1689 1381 paenitebit.
1727 1313 1781 1365 ln
1822 1314 2071 1366 omnibus

486 1386 696 1439 actibus
723 1396 777 1439 et
803 1386 1213 1454 cogitationibus
1245 1384 1347 1437 tuis
1378 1384 1587 1452 placeas
1620 1384 1765 1450 Deo,
1808 1398 1908 1436 nec
1954 1393 2069 1454 stu-

486 1456 615 1509 deas
647 1457 858 1524 placere
877 1453 1037 1508 alteri
1069 1496 1082 1517 ,
1108 1455 1210 1508 nisi
1241 1454 1306 1507 ad
1333 1454 1735 1508 aediﬁcationem
1761 1454 1972 1506 animie.
2007 1453 2073 1507 Et

486 1528 537 1578 in
566 1523 711 1580 omni
750 1542 913 1597 opere
947 1524 1088 1597 quod
1129 1525 1328 1594 cogitas
1366 1523 1540 1578 facere
1567 1565 1582 1590 ,
1629 1525 1858 1597 primum
1896 1525 2069 1597 cogita

486 1597 652 1649 Deum
684 1615 696 1648 :
730 1594 850 1649 et'si
881 1595 1175 1650 secundum
1208 1597 1372 1648 Deum
1405 1596 1652 1663 estquod
1679 1594 1881 1662 COgitas
1904 1635 1919 1659 ,
1947 1596 2069 1646 dili-

485 1677 673 1735 genter
694 1669 936 1722 examina
960 1683 975 1718 :
1008 1674 1063 1720 et
1088 1667 1131 1719 si
1160 1674 1242 1719 est
1263 1676 1464 1735 rectum
1488 1680 1667 1719 coram
1696 1664 1809 1718 Deo
1833 1706 1848 1729 ,
1875 1667 2069 1733 pertire

486 1734 655 1799 illud;
700 1738 744 1790 si
789 1752 916 1791 vero
965 1735 1247 1789 adversum
1292 1734 1451 1789 fuerit
1497 1744 1806 1803 repertum,
1853 1746 2068 1801 amputa

488 1808 615 1861 illud
646 1808 713 1861 ab
736 1808 912 1860 anima
942 1815 1050 1860 tua.
1088 1806 1152 1859 Et
1177 1807 1356 1859 omnia
1401 1821 1496 1873 per
1535 1806 1817 1859 consilium
1857 1806 2068 1872 sapien-

484 1886 595 1930 tum
628 1878 823 1931 lacito:
874 1887 928 1930 ut
970 1892 1131 1946 Opera
1179 1885 1266 1930 tua
1305 1885 1361 1930 et
1400 1889 1614 1946 gressus
1658 1875 1730 1946 tui
1776 1876 2066 1929 secundum

487 1949 692 2002 Domini
723 1945 1047 2001 voluntatem
1091 1946 1406 2016 dirigantur.
1454 1945 1511 1999 ln
1554 1945 1700 1999 omni
1746 1946 1988 2000 oratione
2013 1954 2068 2000 et

484 2018 853 2073 obsecratione
897 2018 1103 2071 Domini
1143 2019 1466 2071 voluntatem
1514 2017 1566 2069 in
1612 2026 1702 2082 te,
1729 2030 1834 2069 non
1879 2023 2022 2070 tuam
2049 2057 2063 2083 ,

483 2089 771 2157 deprecare
798 2090 911 2143 tieri
943 2105 955 2141 :
984 2097 1037 2142 et
1078 2088 1369 2142 secundum
1413 2086 1656 2157 Apostoli
1701 2095 2023 2157 praeceptum
2047 2126 2064 2150 ,

481 2154 637 2214 orare
662 2159 776 2213 sine
805 2159 1197 2213 intermissione
1226 2166 1437 2227 Oportet
1465 2154 1485 2227 ζ
1516 2156 1533 2208 l
1562 2154 1737 2210 Thess.
1765 2171 1817 2221 v,
1854 2156 1918 2211 17
1941 2154 1984 2225 ),
2012 2166 2068 2211 et

479 2241 692 2351 isanctas
746 2246 933 2284 manus
981 2230 1097 2284 sine
1138 2229 1214 2283 ira
1259 2226 1315 2284 et
1355 2226 1741 2297 disceptatione
1784 2226 1852 2281 ad
1898 2227 2066 2282 Deum

498 2314 676 2351 evare.

498 2314 676 2354 evare.

552 2369 780 2425 CAPUT
806 2368 987 2423 XLVI.
1016 2368 1307 2438 Bene/lcum
1332 2384 1440 2422 esse
1463 2368 1515 2421 in
1543 2383 1734 2422 omnes.
1764 2365 2067 2438 Misericors

481 2450 563 2494 est
616 2440 911 2503 Dominus;
955 2450 1010 2494 et
1048 2440 1466 2494 misericordiam
1523 2439 1576 2492 in
1622 2453 1681 2493 se
1727 2437 2066 2506 sperantibus

519 2520 717 2566 restat.
747 2510 861 2567 Non
892 2511 965 2565 illi
993 2510 1355 2565 misisricordia
1384 2523 1519 2576 Opus
1546 2516 1696 2572 erat,
1730 2509 1820 2577 qui
1853 2508 2060 2562 nullum

480 2524 662 2635 Iiabnit
690 2592 966 2635 peccatum
991 2622 1006 2635 .
1032 2583 1119 2635 nui
1155 2580 1387 2635 Angelos
1412 2579 1534 2633 fecit
1555 2620 1569 2635 .
1612 2588 1668 2633 et
1702 2577 2060 2635 Archanttelos

500 2584 662 2638 tabuit
690 2592 966 2653 peccatum
991 2622 1006 2647 ,
1032 2583 1119 2647 qui
1155 2580 1387 2650 Angelos
1412 2579 1534 2653 fecit
1555 2620 1569 2642 ,
1612 2588 1676 2653 et_
1702 2577 2065 2653 Archangelos

481 2648 769 2723 pra'pos'uit
797 2672 809 2705 :
844 2653 935 2706 sed
964 2662 1021 2705 ut
1051 2667 1147 2705 nos
1171 2648 1592 2723 misericordiam
1629 2648 1698 2723 ab
1745 2649 1834 2702 illo
1868 2663 2062 2703 conse-

477 2720 705 2791 quamur
726 2765 743 2790 ,
776 2725 1142 2793 eleetnnsynas
1168 2721 1338 2776 dedit.
1366 2720 1479 2793 Non
1510 2720 1583 2773 illi
1611 2720 1946 2793 eleemosyna
1973 2735 2067 2793 ne?

478 2790 709 2847 cessaria
740 2793 837 2846 fuit
860 2835 875 2855 ,
904 2790 1056 2861 cujus
1081 2801 1205 2845 sunt
1238 2792 1414 2845 omnia
1456 2804 1617 2858 regna
1644 2790 1904 2861 caelorum
1930 2790 2063 2861 ,_qni

476 2866 753 2918 constituit
778 2859 1178 2917 Dominationes
1204 2905 1218 2925 .
1248 2862 1582 2929 Principatus
1605 2901 1621 2923 ,
1655 2860 1891 2914 Virtutes
1912 2900 1927 2922 ,
1955 2859 2062 2914 Po-

482 2946 700 2988 testates
725 2976 739 2997 ,
778 2934 870 2987 sed
916 2943 971 2987 ut
1011 2948 1109 2987 nos
1143 2931 1498 3002 eleemosynis
1542 2931 1739 3002 nostris
1780 2929 2063 3002 participes

477 3006 626 3073 regni
653 3005 909 3059 cmlorum
941 3002 1198 3058 elliceret.
1229 3001 1439 3056 Patiens
1464 3011 1520 3056 et
1548 3001 1798 3073 pacificus
1835 3010 1919 3057 est

480 3071 656 3128 minus
681 3117 693 3136 ,
724 3086 780 3128 ttt
804 3075 1053 3142 patientia
1079 3083 1133 3127 et
1158 3087 1284 3141 pace
1316 3086 1411 3126 sua
1442 3071 1698 3142 mundum
1718 3078 1884 3125 totum
1910 3112 1927 3139 ,
1971 3071 2060 3140 qui

476 3147 527 3197 in
577 3141 817 3215 maligno,
853 3145 1057 3215 positus
1097 3154 1243 3215 erat,
1282 3142 1650 3215 reconciliaret
1684 3141 1814 3215 Deo.
1857 3143 1923 3215 Et
1961 3156 2062 3197 nos

476 3211 739 3284 patientes
766 3223 819 3268 ct
845 3211 1048 3285 pacifici
1076 3214 1191 3267 sine
1226 3214 1311 3285 ira,
1340 3222 1393 3266 et
1427 3211 1825 3285 disceptatione
1854 3212 2021 3285 simus
2041 3254 2057 3278 ,

474 3281 516 3338 si
545 3286 609 3339 ad
640 3287 804 3341 Deum
830 3281 1073 3339 volumus
1100 3284 1399 3352 pervenire.
1425 3283 1495 3336 Et
1514 3282 1580 3335 ad
1602 3296 1789 3335 omnes
1815 3281 2058 3336 homines

473 3356 728 3409 faciamus
756 3358 988 3409 bonum:
1022 3354 1086 3407 ad
1123 3368 1310 3407 omnes
1349 3354 1505 3417 dico,
1551 3366 1657 3406 non
1702 3367 1799 3421 per
1840 3360 2056 3420 partes,

476 3442 583 3479 non
610 3426 675 3479 ad
707 3441 868 3479 unum
894 3425 978 3478 vel
1004 3424 1068 3477 ad
1096 3423 1231 3478 duos
1257 3432 1347 3476 aut
1369 3424 1436 3477 ad
1463 3435 1569 3476 tres
1594 3463 1608 3487 ,
1634 3424 1727 3476 sed
1766 3421 1832 3475 ad
1869 3438 2059 3477 omnes

477 3496 741 3550 homines.
769 3495 1014 3549 Christus
1043 3495 1185 3549 enim
1214 3510 1322 3549 non
1355 3510 1449 3562 pro
1478 3494 1676 3545 sanctis
1706 3500 1907 3546 tantum
1931 3507 2057 3563 pas-

472 3580 568 3620 sus
597 3577 715 3630 cst;
745 3566 837 3619 sed
868 3581 963 3635 pro
988 3567 1355 3635 peccatoribus
1379 3574 1433 3619 et
1479 3564 1653 3632 impiis
1691 3571 1746 3618 et
1782 3563 2058 3617 sceleratis

471 3638 713 3690 ascendit
736 3652 950 3690 crucem
980 3678 993 3699 ,
1025 3646 1080 3689 et
1110 3637 1354 3703 passione
1389 3652 1482 3687 stta
1528 3648 1715 3687 omnes
1769 3648 1867 3687 nos
1896 3648 2056 3686 revo-

470 3708 612 3760 cavit
638 3708 702 3761 ad
736 3708 922 3761 vitam.
955 3707 1069 3760 Non
1096 3707 1294 3759 sanctis
1317 3715 1517 3759 tantum
1541 3704 1687 3758 dedit
1718 3704 1858 3758 Deus
1887 3704 2055 3758 solem

468 3787 522 3830 et
554 3778 729 3831 lunam
754 3787 805 3831 et
834 3779 1064 3847 pluviam
1084 3818 1097 3837 .
1129 3786 1184 3832 et
1226 3777 1402 3829 omnia
1455 3775 1729 3847 nascentia
1770 3784 1927 3829 terra:
1952 3816 1967 3839 ,
2000 3782 2057 3829 et

467 3864 653 3917 omnes
685 3845 887 3903 fructus
907 3849 993 3917 qui
1015 3847 1258 3902 oriuntur
1282 3848 1332 3900 in
1354 3846 1510 3900 terris
1535 3863 1547 3898 :
1573 3845 1667 3899 sed
1696 3846 1746 3898 in
1767 3860 2055 3917 commune

468 3908 717 3974 otn'hibus
749 3908 1053 3972 hominibus
1085 3918 1229 3972 dedit
1255 3919 1373 3982 illa,
1406 3918 1493 3984 qui
1532 3917 1700 3971 solem
1738 3931 1891 3969 suum
1929 3914 2055 3969 facit

467 3991 595 4043 oriri
624 4004 785 4059 super
810 3991 978 4044 bonos
1004 3997 1058 4043 et
1086 3990 1254 4043 malos
1278 4029 1297 4059 ,ί
1327 3998 1380 4042 et
1410 3988 1541 4057 pluit
1581 4002 1759 4059 super,
1779 3986 1964 4059 justus
1999 3995 2054 4041 et

466 4056 952 4129 injustosKMatth.
1004 4076 1055 4123 v,
1107 4061 1242 4128 45).
1287 4056 1419 4111 Ideo
1450 4057 1696 4111 omnibus
1748 4056 2052 4129 hominibus

464 4127 612 4184 dedit
636 4127 806 4184 illa'in
834 4145 1156 4192 commune,
1203 4127 1264 4183 ut
1304 4130 1502 4183 bonum
1537 4139 1776 4182 nostrum
1818 4137 1873 4181 et
1910 4127 2052 4182 elee-

465 4216 706 4270 mosyna:
734 4210 929 4254 nostra:
952 4242 965 4263 ,
997 4210 1051 4255 et
1071 4200 1302 4253 Charitas
1326 4209 1503 4252 nostra
1527 4239 1541 4262 ,
1585 4208 1638 4251 et
1672 4198 1923 4270 patientia
1954 4214 2052 4251 no-

462 4268 613 4335 stra,
644 4280 697 4322 et
720 4271 989 4324 humilitas
1013 4280 1194 4324 nostra
1223 4271 1273 4322 in
1295 4284 1578 4323 commune
1599 4268 1846 4322 omnibus
1877 4268 2051 4322 homi-

466 4340 623 4393 nibus
644 4340 1012 4394 distribuatur.
1040 4339 1301 4408 Qttamtliu
1329 4339 1584 4393 fuerimus
1607 4340 1656 4391 itt
1683 4338 1785 4391 hoc
1808 4338 2006 4393 mundo
2029 4381 2044 4404 ,

465 4411 720 4464 faciamus
747 4412 941 4463 bonum
969 4411 1035 4465 ad
1063 4427 1249 4464 onmes
1270 4451 1285 4475 ,
1313 4411 1542 4464 maxime
1568 4418 1743 4462 autem
1772 4409 1835 4462 ad
1864 4410 2046 4463 dome-

465 4482 629 4535 sticos
661 4481 782 4535 ﬁdei
810 4491 823 4547 (
854 4480 1026 4535 Colat.
1056 4497 1103 4534 Vl
1130 4523 1145 4547 ,
1176 4480 1242 4535 10
1272 4482 1310 4550 ),
1345 4488 1398 4535 et
1434 4495 1647 4534 oremus
1689 4494 1784 4547 pro
1819 4479 2046 4536 inimicis

462 4552 660 4606 nostris
686 4593 699 4607 .
727 4563 779 4604 et
808 4552 1004 4604 bonum
1040 4566 1133 4618 pro
1163 4553 1302 4605 malo
1327 4553 1686 4605 reslituamus.

532 4622 759 4677 CAPUT
785 4621 992 4677 XLVII.
1022 4621 1290 4675 Justorum
1320 4622 1528 4690 praemia
1567 4630 1613 4674 et
1658 4620 1873 4673 labores.
1903 4620 2043 4675 Pau-

460 4709 616 4763 pcres
648 4693 970 4746 honorentus
995 4736 1009 4757 ,
1042 4702 1095 4745 et
1119 4693 1469 4760 suscipiamus
1503 4691 1769 4763 Christum
1798 4692 1847 4763 in
1878 4691 2040 4762 ipsis,

459 4761 549 4834 qui
578 4765 750 4829 dixit,
781 4765 1036 4828 Quamdiu
1066 4765 1253 4833 fecistis
1278 4764 1366 4815 uni
1409 4778 1472 4816 ex
1519 4762 1597 4834 his
1624 4761 1904 4834 fratribus
1922 4764 2043 4834 meis

462 4832 682 4888 minimis
704 4876 719 4896 ,
749 4837 873 4887 milii
900 4832 1086 4903 fecistis
1110 4834 1127 4905 (
1154 4834 1340 4887 Matt/1.
1368 4848 1501 4905 xxv,
1532 4832 1641 4903 40)
1670 4850 1682 4885 :
1714 4842 1768 4886 et
1810 4833 1921 4905 ﬁlii,
1946 4833 2040 4889 Dei

456 4907 657 4960 erimus
681 4948 695 4972 ,
726 4917 780 4960 et
812 4907 1052 4961 lueredes
1103 4903 1228 4970 Dei,
1261 4903 1569 4958 cohzeredes
1597 4912 1773 4957 autem
1803 4904 2034 4969 Christi,

456 4986 510 5029 ct
538 4977 825 5046 participes
853 4979 1000 5056 regni
1028 4976 1145 5045 ejus
1168 4977 1366 5029 erimus
1400 4976 1416 5045 (
1446 4975 1595 5028 Itoni.
1626 4989 1715 5027 vnt
1742 5015 1755 5038 ,
1784 4975 1850 5056 li
1873 4975 1917 5056 j;
1950 4975 2037 5028 ubi

455 5045 723 5116 nunquam
756 5050 1079 5108 morientur,
1124 5056 1179 5102 et
1222 5061 1328 5100 non
1375 5058 1756 5108 senescemus;
1800 5045 1887 5098 ubi
1930 5060 2036 5099 non

454 5129 536 5170 est
563 5119 789 5171 humana
818 5116 894 5190 (ιι)
924 5130 1109 5173 natura
1135 5158 1150 5181 ,
1180 5133 1277 5171 nec
1301 5118 1453 5171 dolor
1475 5116 1613 5190 ullus
1636 5156 1652 5180 ,
1687 5130 1786 5171 nec
1822 5116 2034 5190 tristitia

452 5200 571 5256 post
598 5187 883 5256 gaudium,
912 5205 1007 5244 nec
1032 5191 1119 5243 lux
1148 5190 1309 5249 solis.
1342 5203 1438 5241 nec
1483 5187 1621 5240 luna:
1662 5196 1715 5240 et
1761 5187 2033 5240 stellarum

449 5259 739 5325 splendor,
786 5262 878 5314 Sed
928 5261 1183 5314 Dominus
1220 5271 1399 5313 noster
1446 5257 1602 5312 Jesus
1647 5256 1893 5311 Christus
1945 5257 2032 5311 lux

450 5328 545 5379 eril
570 5369 583 5392 ,
612 5341 665 5382 et
690 5332 888 5384 sanitas
911 5372 924 5390 .
953 5342 1006 5385 et
1036 5332 1139 5383 vita
1164 5371 1180 5396 ,
1210 5340 1263 5384 et
1291 5330 1522 5383 cltaritas
1542 5370 1556 5393 ,
1588 5337 1642 5381 et
1670 5344 1766 5394 pax
1793 5368 1809 5392 ,
1834 5338 1884 5381 et
1912 5343 2034 5396 gau-

447 5397 593 5450 dium
615 5439 627 5457 ,
659 5410 713 5452 et
742 5417 897 5453 omne
926 5403 1119 5453 bonum
1151 5402 1399 5455 omnibus
1421 5398 1759 5454 credentibus
1781 5399 1831 5452 in
1854 5413 1933 5453 se.
1957 5398 2030 5452 Ibi

450 5477 587 5540 terra
612 5471 895 5522 viventium
919 5512 934 5536 ,
952 5487 1108 5540 quant
1130 5471 1381 5539 propheta
1398 5471 1773 5524 tlecautaverat
1791 5510 1806 5533 ,
1824 5468 2027 5540 dicens,

446 5536 605 5589 Credo
644 5540 810 5593 videre
852 5536 984 5592 bona
1022 5536 1241 5594 Domini
1268 5543 1319 5593 in
1371 5551 1502 5594 terra
1540 5540 1806 5593 viventium
1836 5537 2025 5605 (Psal.

446 5622 568 5660 xxvt
594 5648 609 5673 ,
642 5610 707 5661 15
732 5610 777 5678 );
817 5612 867 5663 id
913 5622 1029 5672 est,
1079 5612 1353 5680 prmtnium
1398 5612 1617 5667 caeleste
1661 5612 1894 5665 visurum
1923 5612 1942 5641 ’
1970 5626 2029 5667 se

510 5704 522 5730 ί
555 5707 600 5748 tn
756 5702 915 5761 deest,
942 5700 1344 5754 tribulationibus.

506 5765 524 5791 ¹
552 5771 611 5811 tta
640 5772 739 5811 uss.
769 5770 925 5816 Forte.
952 5763 1179 5812 l‘il‘Ot'ilnl.

505 5825 581 5888 (ιι)
614 5825 663 5874 td
690 5833 783 5884 est,
806 5824 995 5887 fragilis
1019 5833 1062 5874 et
1086 5824 1277 5873 tttt'sera.

1942 355 2307 413 APPENDIX.

3639 369 3776 429 ωσι

2184 469 2447 541 signiﬁcat
2469 470 2647 550 videre
2671 513 2688 539 ,
2716 482 2912 528 etcum
2940 473 3154 550 Christo
3179 476 3230 531 in
3253 486 3570 550 perpetuum
3600 484 3777 543 vivam

2183 550 2517 617 et_regnare,
2551 544 2637 598 ubi
2666 559 2765 617 nec
2806 560 2910 617 nox
2955 547 3059 600 ulla
3101 544 3363 617 inspirat;
3395 566 3493 611 nec
3520 553 3640 609 dies
3668 568 3773 609 ter-

2183 611 2502 695 minabitur,
2538 628 2710 695 neque
2736 615 2911 685 inepia
2948 611 3250 695 videbitur,
3296 611 3486 691 neque,
3512 625 3776 695 cupiditas

2182 683 2460 761 apparebit
2479 725 2493 747 ,
2523 684 2616 738 sed
2646 683 2877 761 perenne
2901 686 3152 761 gaudium
3196 683 3248 744 et
3277 683 3603 761 sempiterna
3636 696 3773 750 la-ti-

2184 753 2275 833 tia.
2312 753 2434 833 inec
2463 763 2586 809 sunt
2616 753 2874 823 promissa
2898 753 3161 833 justorum
3186 801 3203 833 ,
3229 773 3283 814 et
3313 753 3428 817 [nec
3475 774 3602 818 sunt
3649 782 3771 833 pro-

2181 822 2464 879 missiones
2491 822 2677 879 eorum
2706 868 2723 893 ,
2753 822 2968 896 propter
2991 845 3111 898 quae
3142 822 3516 887 laboraverunt
3542 845 3597 889 et
3621 822 3771 891 festi-

2180 903 2478 976 paverunt,
2507 905 2560 976 et
2583 913 2685 976 non
2715 910 3057 976 cessaverunt
3080 915 3301 976 currere
3329 904 3381 976 in
3411 904 3567 976 bonis
3596 910 3772 976 operi-

2180 962 2280 1044 bus
2304 1006 2319 1029 ,
2346 966 2834 1044 qn:nn_diu_l'uerun_t
2864 969 2915 1022 in
2943 970 3044 1023 hoc
3066 972 3264 1044 mundo
3287 1015 3301 1037 ,
3343 974 3392 1026 in
3428 962 3650 1044 jejuntis
3675 1020 3689 1039 ,
3721 982 3771 1032 in

2180 1033 2571 1117 eleemt’tsynis,
2606 1039 2930 1117 in_cas_titat_e
2959 1081 2974 1105 ,
3007 1044 3057 1094 in
3080 1033 3448 1117 continentia:
3482 1033 3539 1099 in
3583 1033 3771 1117 longa-

2181 1106 2429 1187 inimitate
2449 1148 2462 1169 ,
2493 1107 2545 1161 in
2570 1109 2821 1187 patientia
2846 1150 2862 1175 ,
2894 1110 2943 1187 in
2968 1112 3226 1187 suavitate
3249 1154 3265 1178 ,
3294 1115 3344 1167 itt
3371 1106 3768 1187 bettevolettiia,

2179 1175 2233 1255 in
2261 1175 2449 1256 labore
2479 1175 2685 1256 multo,
2710 1179 3155 1256 morationibus,
3183 1175 3726 1256 iit—persecutionibus

2178 1244 2230 1325 in
2259 1244 2396 1301 fame
2410 1256 2474 1325 et
2499 1250 2624 1325 s_iti_,
2653 1250 2703 1303 itt
2734 1250 2928 1320 frigore
2949 1262 3000 1305 et
3028 1244 3302 1318 nuditate',
3334 1255 3387 1307 in
3416 1257 3605 1325 vigiliis
3635 1244 3770 1314 ηιιιΙῙ

2178 1318 2245 1399 tis
2278 1332 2372 1399 pro
2402 1318 2843 1399 Cltristiamore',
2872 1330 2923 1375 et
2957 1325 3255 1399 peremnia
3294 1318 3506 1382 inutiles
3558 1331 3767 1399 vigilias

2177 1386 2566 1469 devitaverint}.
2609 1389 2813 1469 Vigiliae
2855 1386 3031 1469 autem
3063 1393 3275 1469 inutiles
3303 1406 3466 1459 sunt,
3494 1386 3767 1469 cuntvqois

2174 1457 2468 1537 vigilav_erit
2486 1461 2627 1514 circa
2655 1457 3003 1537 cogitationes
3020 1464 3300 1537 _multas_et
3326 1457 3506 1537 turpes
3530 1509 3545 1533 ,
3575 1457 3679 1526 vel'
3699 1473 3767 1527 ad

2173 1528 2464 1608 gerettduttt
2490 1528 2811 1608 contrarium
2837 1532 3068 1608 aliquid,
3096 1536 3177 1589 vel
3217 1528 3426 1591 facinus
3446 1528 3765 1608 perpetran-

2174 1598 2320 1678 dum.
2351 1599 2506 1654 Tales
2534 1602 2746 1681 vigilias
2765 1598 3131 1681 devitaveruut
3153 1648 3168 1671 ,
3220 1615 3272 1662 et
3311 1598 3764 1681 saucias-vigilias

2174 1672 2532 1747 arripuerunt.
2565 1672 2628 1726 lli
2679 1674 2815 1727 tales
2854 1674 3193 1747 calcaverunt
3233 1691 3551 1747 praesentem
3602 1672 3762 1736 mutt-

2172 1737 2298 1821 duni
2326 1779 2339 1821 τ
2364 1751 2431 1820 .ut
2459 1740 2690 1821 futurum
2722 1759 2943 1821 regnum
2970 1737 3340 1821 lucrarenittr.
3378 1749 3494 1805 Non
3538 1767 3763 1821 accepe-

2174 1819 2302 1890 runt
2325 1810 2409 1865 hic
2440 1810 2820 1890 prontissiottes
2848 1816 2928 1869 vel
2952 1815 3161 1890 divitias
3184 1817 3341 1887 hujus
3377 1821 3560 1876 saeculi
3601 1810 3765 1879 mise—

2173 1880 2367 1951 rabiles
2389 1923 2403 1945 ,
2436 1880 2554 1950 qua:
2580 1883 2824 1940 homines
2862 1887 3001 1941 male
3037 1888 3114 1943 eis
3136 1888 3154 1919 ⁸
3196 1880 3404 1946 utentes
3439 1892 3504 1947 ad
3551 1892 3759 1951 inferna

2178 1950 2475 2033 perducunt
2500 1971 2513 2007 :
2539 1965 2593 2010 et
2622 1956 2755 2033 hanc
2776 1966 3091 2033 praesentem
3118 1960 3338 2033 patriam
3368 1950 3753 2033 relinquentes,

2171 2019 2237 2098 ad
2268 2022 2534 2098 civitatem
2564 2019 2838 2080 caelestem
2862 2067 2878 2093 ,
2928 2028 3083 2098 cujus
3107 2019 3298 2085 artifex
3324 2040 3378 2085 et
3400 2019 3649 2088 conditor
3676 2019 3761 2093 esi.

2174 2089 2314 2145 Deus
2336 2132 2351 2155 ,
2385 2093 2629 2169 intuitum
2656 2098 2829 2169 animi
2864 2089 2955 2169 sui
2992 2089 3393 2169 praemiserunt.
3444 2089 3760 2161 Vitaveruui

2173 2171 2448 2245 peceatum
2478 2166 2531 2220 in
2560 2166 2760 2245 verbo,
2793 2168 2843 2221 in
2865 2166 3125 2245 facto',_in
3145 2172 3466 2245 cogitatione
3488 2216 3503 2235 ,
3532 2175 3585 2229 in
3612 2181 3752 2245 visu,

2170 2236 2223 2312 in
2257 2236 2407 2314 risu”,
2435 2236 2486 2289 in
2517 2246 2662 2314 motu
2688 2278 2703 2301 ,
2739 2238 2791 2314 i_n
2817 2240 3101 2314 annuendo
3130 2236 3334 2309 oculis,
3374 2244 3425 2298 in
3466 2236 3751 2314 manibus,

2172 2304 2224 2383 in
2252 2304 2474 2384 pedibus
2498 2308 2587 2384 ,_in
2616 2309 2723 2384 ira,
2748 2310 2800 2363 itt
2828 2310 2943 2384 rixa
2967 2352 2983 2377 ,
3008 2312 3059 2384 in
3083 2313 3287 2384 furore.
3317 2304 3367 2368 in
3394 2304 3755 2384 dissensione,

2169 2378 2378 2459 in‘vana
2402 2378 2567 2459 gloria
2592 2419 2608 2445 ,
2634 2378 2684 2431 itt
2713 2380 2959 2449 superbia
2982 2422 2998 2447 ,
3027 2383 3080 2437 in
3129 2383 3359 2459 elatione
3381 2426 3397 2449 ,
3444 2387 3496 2440 in
3541 2378 3754 2459 cupidi-1

2169 2450 2278 2520 tate
2300 2486 2315 2520 _,
2335 2451 2696 2520 custodientes
2724 2466 2919 2520 corpus
2944 2467 3099 2507 suum
3122 2463 3175 2507 et
3200 2456 3405 2509 animas
3432 2472 3577 2511 suas.

2241 2515 2723 2596 CAPUT_X_LV_III_.
2752 2515 3027 2596 Jejunium
3058 2534 3103 2578 et
3128 2524 3264 2596 cibus
3290 2526 3501 2596 duplex.
3547 2528 3756 2586 Pariter

2169 2587 2310 2665 enim
2341 2587 2446 2642 duo
2467 2587 3064 2665 jejuniagjejunaverunt
3084 2637 3098 2660 ,
3124 2594 3174 2649 id
3198 2604 3279 2650 est
3300 2637 3316 2661 ,
3340 2587 3599 2665 jejunium
3630 2616 3752 2656 cor-

2170 2661 2314 2735 poris
2340 2668 2394 2712 et
2414 2661 2607 2735 anima:
2632 2662 2880 2735 ,_ltocest
2902 2705 2916 2727 ,
2944 2666 3011 2718 ab
3038 2665 3112 2719 ira
3139 2708 3154 2731 ,
3182 2677 3236 2720 et
3258 2661 3437 2721 furore
3454 2710 3469 2733 ,
3494 2679 3553 2725 et
3573 2670 3752 2726 detra-

2168 2732 2346 2810 ctione
2373 2769 2389 2793 ,
2417 2741 2472 2785 et
2501 2732 2829 2810 blasphemia
2857 2776 2872 2800 ,
2902 2744 2957 2810 e_t
2981 2736 3092 2790 rixa
3118 2732 3526 2810 abstinentesse
3550 2758 3563 2794 :
3586 2743 3748 2810 quia,

2168 2804 2305 2878 sicut
2319 2804 2429 2868 jam
2448 2804 2690 2878 superius
2704 2804 3064 2878 intimavimus
3086 2847 3109 2878 ,ν
3126 2809 3209 2863 isti
3227 2819 3351 2862 sunt
3368 2804 3625 2866 mortiferi
3646 2804 3749 2869 cibi

2165 2875 2395 2936 animae;
2426 2875 2512 2941 qui
2541 2884 2762 2941 pascunt
2784 2890 2900 2930 eam
2927 2876 2979 2930 in
3011 2877 3207 2931 malum
3231 2919 3248 2943 ,
3287 2889 3340 2934 et
3364 2882 3616 2936 occidunt
3631 2900 3746 2938 eam

2166 2950 2340 3020 morte
2356 2956 2466 2998 sem
2474 2945 2698 3020 piterna.
2714 2945 2905 3001 lterum
2920 2947 3020 3020 cibi
3038 2951 3277 3017 corporis
3301 2951 3455 3004 simul
3482 2961 3540 3007 et
3556 2954 3749 3009 anima:

2168 3016 2406 3092 istiﬁsunt
2432 3054 2447 3078 ,
2479 3016 2744 3092 voracitas
2768 3057 2784 3081 ,
2817 3016 3169 3092 somnolentis
3196 3060 3215 3092 ,γ
3239 3021 3517 3092 fornicatio
3541 3066 3556 3087 ,
3589 3025 3747 3079 vino-

2166 3078 2367 3163 lentia,
2415 3087 2713 3163 securitas,
2755 3078 2986 3163 suavitas
3012 3130 3028 3155 ,
3076 3078 3443 3163 homicidium.
3493 3078 3586 3149 Isti
3626 3107 3748 3150 sunt

2165 3151 2276 3233 cibi.
2294 3156 2534 3234 corporis
2559 3151 2714 3211 simul
2738 3167 2792 3212 et
2814 3151 3041 3234 animae,
3057 3161 3154 3234 (qui
3186 3172 3409 3234 pascunt
3425 3179 3630 3234 (corpus
3654 3208 3671 3232 ,
3694 3178 3747 3221 et

2164 3224 2413 3280 occidunt
2442 3237 2495 3280 et
2520 3236 2740 3297 gravant
2764 3224 3253 3285 animam.Cibaria
3281 3234 3379 3287 ista
3404 3224 3704 3292 deviiemus
3727 3255 3743 3292 :

2164 3306 2318 3349 escas
2365 3307 2541 3372 autem
2578 3301 2827 3372 ctBlestes
2872 3310 3227 3369 appetamns,
3277 3319 3395 3372 qua:
3440 3304 3506 3359 ad
3549 3310 3746 3363 celum

2164 3378 2262 3445 nos
2285 3367 2494 3445 trahant
2514 3378 2566 3422 et
2587 3369 2852 3445 deducant
2874 3411 2893 3445 ,_
2909 3367 3225 3445 sapientiam
3248 3367 3450 3445 scilicet
3484 3376 3743 3445 divinam,

2163 3432 2323 3512 iidem
2367 3440 2638 3512 robustam
2676 3441 2729 3494 in
2771 3432 3019 3505 Chr'isto',
3056 3442 3434 3512 benignitatem
3457 3487 3471 3510 ,
3507 3432 3745 3505 benevo;

2164 3503 2418 3586 lentia_nt,_
2451 3511 2794 3586 patientiam,
2838 3503 3228 3581 humilitatem",
3279 3503 3524 3572 virtutem
3550 3560 3567 3586 ,
3612 3503 3749 3575 divi-

2162 3589 2282 3629 nam
2315 3577 2573 3634 laetitiam.

2233 3644 2457 3724 CAPUT
2519 3651 2707 3707 XLIX.
2772 3650 3072 3722 Iniquorum
3123 3656 3389 3724 supplicia.
3454 3656 3747 3717 Sermones

2158 3717 2368 3793 boniuct
2396 3723 2578 3789 optimi
2612 3717 2899 3793 procedant
2927 3739 2993 3778 ex
3034 3741 3125 3779 ore
3169 3717 3352 3780 nostro
3374 3770 3388 3793 ,
3420 3730 3534 3784 sale
3562 3730 3746 3787 divino

2160 3790 2382 3857 conditi,
2409 3793 2473 3845 ad
2498 3790 2900 3849 mdiﬁcationem
2912 3795 3259 3849 audientium.
3280 3790 3627 3855 Dilectionem
3652 3803 3745 3857 Dei

2158 3868 2211 3915 et
2228 3863 2474 3941 proximi,
2495 3864 2545 3918 itt
2563 3881 2669 3934 quo
2688 3875 2792 3920 tota
2817 3864 2923 3919 Lex
2944 3866 3206 3941 pendetet
3228 3868 3506 3938 Propheta:
3529 3872 3745 3941 (Μαιώ.

2156 3946 2291 3997 xxn,
2312 3933 2425 4010 illi),
2447 3933 2660 4004 semper
2682 3945 2858 4010 mente
2879 3933 3215 4010 meditemur,
3240 3946 3294 3992 ct
3311 3933 3473 4008 opere
3502 3933 3747 4010 perﬁcia-

2157 4017 2294 4083 inus.
2320 4003 2446 4083 Hinc
2468 4003 2590 4060 sunt
2611 4007 2854 4083 mandata
2880 4006 3097 4083 Christi,
3120 4024 3237 4077 qum
3262 4003 3363 4083 nos
3373 4003 3526 4079 jubet
3546 4013 3742 4070 facere.

2231 4075 2517 4131 fecerimus
2536 4093 2619 4140 ea,
2638 4079 2837 4154 erimus
2856 4072 3304 4154 participes—regni
3322 4072 3460 4152 ejus,
3476 4092 3535 4137 et
3550 4100 3744 4154 regna-

2153 4142 2330 4223 bimus
2359 4160 2479 4223 cum
2506 4162 2573 4201 eo
2601 4164 2615 4200 :
2647 4148 2691 4202 si
2732 4142 2909 4202 autem
2938 4142 3386 4223 non-fecerimus,
3414 4142 3467 4208 et
3496 4142 3742 4223 ipsevnon

2153 4213 2304 4292 dabit
2330 4216 2482 4292 nobis
2511 4234 2730 4292 regnum
2759 4234 2935 4292 suum.
2963 4219 3017 4274 Si
3043 4213 3389 4292 denegamus,
3418 4234 3473 4278 et
3500 4213 3614 4292 ipse
3642 4228 3740 4279 de-

2152 4285 2367 4363 negabit
2384 4285 2711 4363 nos._Si'no_n
2734 4289 3021 4363 credimus,
3043 4292 3155 4359 ipse
3179 4285 3349 4347 [idolis
3369 4285 3699 4363 permanebit
3725 4316 3739 4352 :
3812 4302 3817 4307 ’

2152 4357 2276 4438 quia
2302 4359 2477 4438 omnis
2506 4357 3130 4438 incredulusinl‘tdeliter
3157 4368 3283 4431 agit,
3314 4357 3439 4438 dum
3468 4375 3522 4419 et
3556 4365 3631 4438 (ιι)
3664 4370 3741 4421 vi-

2153 4430 2283 4479 tium
2310 4438 2393 4482 est
2430 4430 2663 4485 hominis
2688 4432 2867 4485 omnia
2908 4433 3128 4487 credere
3147 4476 3162 4496 ,
3189 4430 3246 4488 et
3286 4437 3468 4489 vitium
3497 4430 3581 4491 est
3610 4430 3740 4493 nihil

2150 4498 2369 4552 credere
2395 4500 2689 4575 '.‘Sttmmo
2719 4501 3249 4575 studiosummaque
3276 4507 3546 4575 vigilantia
3587 4511 3744 4565 nobis

2149 4577 2232 4647 est
2256 4570 2666 4647 cu-ran_dum,_ut_
2677 4589 2783 4647 non
2814 4574 3091 4647 audiamus
3118 4591 3145 4626 a
3167 4570 3385 4630 Cltrislo
3408 4578 3591 4646 judice
3621 4597 3740 4632 om-

2150 4640 2294 4712 niutn
2319 4640 2369 4693 in
2395 4641 2481 4694 die
2507 4643 2688 4709 judicii
2713 4684 2726 4701 .
2756 4644 2895 4712 quod
2942 4656 3251 4711 peccatores
3294 4640 3544 4708 audient,
3576 4650 3660 4702 lle
3688 4653 3739 4702 in

2147 4710 3125 4790 ignemfeteruum_,_qui_‘_pra:porotus_
3147 4728 3215 4790 est
3245 4718 3447 4771 diabolo
3471 4730 3519 4772 et
3548 4723 3742 4790 angelis

2148 4780 2257 4859 ejus
2284 4780 2406 4849 (Id.
2436 4800 2562 4850 xxv,
2594 4780 2719 4854 4-1).
2758 4784 2894 4859 vere
2924 4786 3070 4859 enim
3096 4786 3309 4859 diabolo
3331 4799 3412 4842 est
3438 4780 3737 4859 pra‘parata

2145 4855 2411 4923 geltemta,
2442 4863 2496 4907 et
2523 4870 2626 4908 non
2654 4856 2899 4908 omnith
2932 4856 3234 4911 hominibus
3258 4900 3272 4922 ,
3305 4860 3349 4912 si
3380 4855 3485 4914 non
3516 4855 3739 4916 facimus

2146 4940 2309 4993 opera
2337 4924 2553 4996 diaboli.
2577 4925 2666 4978 Va:
2689 4926 2770 4979 his
2790 4927 2981 4995 quibus
3004 4940 3330 4996 praeparatus
3346 4942 3427 4983 est
3442 4931 3599 4985 dolor
3618 4949 3739 4986 vcr-

2146 4997 2309 5050 mium
2334 5035 2349 5057 ,
2377 4994 2538 5049 ardor
2564 4994 2825 5061 ﬂammas,
2861 4998 2976 5051 sitis
3005 4994 3128 5051 'sine’
3161 5002 3428 5054 exstinctu
3452 5044 3467 5064 ,
3500 5002 3659 5057 fletus
3686 5016 3739 5058 et

2143 5068 2341 5139 stridor
2374 5065 2613 5139 dentium
2634 5108 2649 5133 ,
2677 5069 2953 5122 oculorum
2997 5070 3242 5139 lacrynta:
3263 5111 3277 5133 ,
3308 5073 3544 5127 tenebrat
3589 5087 3741 5129 exte-

2143 5138 2313 5191 riores
2341 5135 2458 5191 sine
2486 5138 2621 5200 luce,
2656 5153 2810 5207 postia
2844 5135 3320 5196 inexterutittahilis
3354 5161 3366 5194 :
3400 5144 3486 5196 ubi
3524 5157 3740 5199 nonest

2143 5208 2281 5261 ullus
2304 5210 2493 5273 honor,
2521 5209 2633 5263 sive
2659 5211 2859 5280 agnitio
2883 5210 3131 5279 proximi,
3162 5213 3254 5265 sed
3277 5213 3563 5270 continuus
3585 5217 3741 5271 dolor

2204 5387 2220 5417 ι
2395 5397 2496 5434 eas.
3696 5403 3736 5443 ρ

2202 5450 2222 5479 ²
2247 5451 2327 5496 llic
2348 5448 2530 5509 addunt
2553 5445 2688 5509 aliti,
2712 5452 2757 5509 et
2780 5443 2992 5509 maxime
3025 5446 3365 5509 semper,an
3399 5446 3462 5498 de
3496 5448 3693 5501 inimico
3718 5466 3737 5501 :

2137 5508 2276 5573 cujus
2298 5507 2509 5573 alioquin
2547 5508 2590 5558 si
2623 5507 2689 5557 ad
2727 5508 2811 5573 bos
2844 5507 2971 5556 dura
2999 5515 3105 5558 sunt
3128 5507 3292 5567 uerba,
3339 5515 3499 5560 tamen
3530 5512 3736 5573 forsitan

2136 5571 2453 5635 christianum
2481 5583 2532 5620 se
2570 5571 2855 5635 recordatur
2890 5576 2935 5619 et
3048 5583 3369 5635 renuit-orant
3416 5581 3518 5635 Deo
3532 5571 3539 5573 ⁷
3555 5575 3732 5635 plorat.

2135 5633 2332 5685 Susurri
2351 5639 2509 5683 autem
2530 5633 2672 5682 verba
2692 5644 2881 5693 semper
2904 5632 3033 5681 mala
3052 5633 3114 5682 de
3135 5632 3345 5692 inimico,
3368 5636 3454 5683 sed
3478 5634 3521 5684 si
3543 5632 3595 5685 tu
3614 5638 3735 5686 bam

2134 5694 2362 5764 tenueris,
2378 5694 2607 5764 continuo
2626 5693 2764 5764 illum
2785 5693 3037 5764 conﬂatilis
3060 5707 3076 5743 :
3101 5708 3343 5764 nunqutmt
3376 5695 3507 5764 enim
3533 5711 3733 5750 caecor-

2134 5754 2267 5809 dium
2288 5758 2487 5821 faciwtt,
2512 5756 2597 5807 sed
2621 5754 2944 5821 discordirnu;
2969 5756 3098 5821 ligmt
3122 5754 3171 5807 in
3203 5754 3358 5821 ignem
3394 5759 3602 5811 mittunt.

2198 5821 2272 5883 (α)
2289 5819 2513 5881 ⁷5θιιεω,
2544 5828 2671 5882 epist
2710 5819 2758 5867 5.
