4016 6512
281 378 422 434 1065

271 502 336 546 .et
357 489 620 561 gemitus;
671 488 760 544 ubi
807 502 954 561 mors
991 494 1204 561 optatur
1241 494 1297 540 et
1338 484 1730 561 nondabitur;
1781 483 1867 537 ubi

281 555 386 615 ιιοῆ
416 569 500 615 est
541 561 712 616 honor
740 558 965 613 senioris
989 555 1045 612 et
1081 557 1219 625 regis
1243 595 1261 622 ,
1293 571 1392 609 nec
1433 555 1681 610 dominus
1709 568 1870 625 super

278 647 513 694 servum,
546 645 646 686 nec
672 639 842 684 mater
864 628 1035 699 diligit
1066 627 1230 699 ﬁlium
1256 638 1348 680 aut
1384 625 1569 699 tiliam,
1601 624 1869 699 necutilius

278 692 509 756 honorat
534 709 774 767 patrem;
808 699 896 753 ubi
920 692 1079 752 omne
1103 698 1322 767 malum.
1344 703 1399 750 et
1427 692 1869 767 gnnnisindigna-

281 772 354 822 tio
374 812 388 833 ,
423 781 478 825 et
507 765 663 834 fetor,
689 779 744 825 et
780 769 1081 823 amaritudo
1124 765 1377 821 abundat.
1425 765 1550 820 “me
1578 766 1871 818 timuerunt

273 840 438 907 justi,
490 849 544 895 et
600 839 716 894 ltaic
769 839 1036 904 fugerunt.
1091 837 1277 904 Rogo,
1317 837 1597 904 supplico,
1649 834 1870 907 iterum-

275 905 382 977 que
428 910 707 984 deprecor,
759 909 924 964 frater
975 907 1328 984 cliarissitnet
1358 915 1414 960 ut
1461 913 1515 960 et
1559 919 1658 984 nos
1702 905 1866 958 Demn

277 975 522 1034 amemus
551 989 604 1034 et
634 981 949 1043 timeamus,
1000 986 1054 1033 et
1084 978 1197 1031 haec
1227 975 1487 1045 fugiamus
1518 992 1531 1026 ε
1574 975 1695 1044 quia
1725 989 1866 1029 mors

279 1061 535 1119 perpetua
574 1059 658 1104 est
698 1051 890 1104 anima:
933 1057 1152 1114 nostrai,
1181 1046 1226 1101 si
1255 1047 1307 1100 iu
1337 1045 1418 1100 his
1444 1045 1868 1116 perseveraveri-

271 1135 418 1174 mus.

353 1188 582 1245 CAPUT
621 1188 682 1244 L.
723 1189 847 1243 Tria
875 1188 957 1241 hic
983 1187 1220 1254 pessima,
1252 1185 1458 1240 totidem
1483 1185 1696 1254 optima.
1739 1184 1862 1239 Tria

265 1259 420 1314 enim
446 1270 571 1313 sunt
595 1258 647 1313 in
671 1259 774 1314 hoc
799 1258 998 1313 mundo
1023 1257 1286 1311 deteriora
1313 1256 1458 1310 omni
1485 1256 1626 1311 malo
1652 1272 1667 1309 :
1688 1256 1862 1309 anima

274 1330 575 1397 peccatoris
625 1345 744 1384 cum
800 1337 1017 1396 peccato
1064 1341 1452 1396 perseverans,
1496 1341 1615 1394 quae
1665 1326 1866 1395 nigrior

272 1413 444 1453 corvo
471 1407 586 1463 est;
617 1409 670 1454 et
697 1397 822 1452 mali
849 1398 1017 1467 angeli
1039 1438 1054 1458 ,
1083 1398 1172 1465 qui
1199 1411 1316 1450 eam
1347 1397 1594 1467 rapiunt;
1623 1404 1676 1449 et
1704 1397 1864 1449 infer-

263 1484 380 1523 .nus
409 1469 462 1523 in
492 1485 649 1538 quem
695 1466 934 1523 ducitur.
968 1467 1082 1522 Non
1127 1476 1252 1520 sunt
1298 1468 1451 1538 etaim,
1486 1466 1747 1538 deteriora
1782 1467 1862 1521 his

273 1540 470 1595 tribus.
511 1536 708 1593 Eadem
739 1539 879 1592 enim
919 1538 1093 1591 anima
1123 1547 1268 1591 metu
1301 1537 1456 1596 futuri
1481 1536 1665 1604 judicii
1695 1551 1862 1604 expa-

273 1623 522 1672 vescens,
545 1618 597 1663 et
619 1608 949 1678 putredinem
973 1622 1121 1661 suam
1145 1607 1452 1675 inspiciens,
1477 1607 1624 1668 dicit,
1649 1605 1865 1678 Patrue-

271 1688 394 1733 runt
421 1690 468 1733 et
493 1676 744 1746 corrupta:
761 1688 877 1732 sunt
898 1679 1154 1747 cicatrices
1183 1692 1324 1741 mea,
1355 1694 1387 1730 a
1412 1678 1541 1747 facie
1560 1676 1863 1747 insipientia:

269 1765 401 1802 mea:
425 1749 604 1820 (Psal.
634 1764 838 1813 xxxvn,
865 1746 1168 1820 6).Vlternm
1199 1749 1298 1820 tria
1325 1746 1449 1802 sunt
1469 1748 1660 1820 quibus
1684 1748 1734 1820 in
1759 1746 1860 1820 hoc

270 1817 476 1874 mundo
519 1834 626 1873 non
671 1830 794 1873 sunt
840 1817 1060 1872 meliora
1091 1818 1107 1849 ¹
1144 1818 1364 1872 :anima
1405 1817 1575 1871 sancti
1619 1817 1669 1871 in
1705 1817 1859 1872 bonis

269 1890 528 1958 aper-ibus
573 1903 957 1957 perseverans,
997 1903 1117 1958 quae
1165 1889 1457 1957 Speciosior
1485 1896 1567 1940 est
1616 1887 1763 1958 sole;
1805 1896 1860 1941 et

269 1957 444 2013 sancti
473 1958 661 2028 Angeli
688 2001 703 2026 ,
744 1960 830 2030 qui
876 1975 992 2012 eam
1016 1957 1327 2026 suscipiunt
1352 1974 1367 2022 ;
1390 1966 1468 2030 et
1497 1957 1782 2030 paradisus
1789 1959 1854 2030 in

269 2043 437 2098 quem
483 2027 726 2094 ducitur,
760 2027 1209 2098 'exspeetatioque
1253 2028 1402 2098 regni
1452 2029 1708 2082 cwlestis.
1763 2027 1856 2083 His

272 2100 445 2154 tribus
473 2115 576 2154 non
606 2108 731 2154 sunt
758 2100 978 2154 meliora
1023 2100 1074 2154 in
1106 2099 1209 2153 hoc
1236 2099 1454 2168 mundo.
1497 2099 1681 2168 Angeli
1711 2099 1853 2152 enim

265 2170 442 2224 sancti
462 2170 728 2225 delectant
753 2169 984 2224 animam
1011 2167 1272 2237 Spirituali
1298 2169 1526 2232 cantico,
1549 2169 1685 2222 sicut
1711 2168 1856 2222 Psal-

267 2241 428 2310 mista
454 2242 527 2294 ait
551 2258 564 2294 :
585 2239 773 2294 Beatus
795 2255 942 2309 quem
967 2239 1160 2310 elegisti
1176 2249 1235 2310 iet
1259 2239 1606 2310 assumpsisti,
1621 2237 1852 2310 Domine,

266 2308 513 2363 habitabit
543 2311 597 2363 in
631 2308 964 2364 tabernaculis
1002 2308 1120 2363 tuis.
1161 2309 1484 2380 Replebimur
1512 2309 1732 2380 inbonis
1757 2309 1854 2380 do-

269 2395 384 2433 mus
409 2390 528 2447 tute,
553 2389 783 2435 sanctum
811 2390 882 2435 est
911 2380 1154 2450 templum
1183 2378 1346 2446 tuum,
1375 2378 1604 2433 mirabile
1622 2379 1676 2432 in
1697 2379 1855 2450 arqui-

265 2459 394 2502 tate.

341 2519 566 2576 CAPUT
604 2520 690 2575 ιι.
733 2519 834 2574 Hic
870 2519 1222 2574 laborandum.
1265 2519 1425 2584 Haec,
1457 2517 1620 2574 frater
1647 2517 1852 2574 charis-

265 2589 428 2655 sime,
461 2591 796 2645 meditemur.
840 2590 966 2645 ﬂare
993 2590 1045 2644 iu
1076 2591 1255 2643 animo
1286 2590 1508 2644 firmiter
1537 2596 1850 2656 teneamus,

265 2668 324 2713 et
349 2675 636 2715 caveamus
665 2676 763 2716 nos
799 2661 866 2716 ab
906 2660 1053 2714 omni
1101 2669 1319 2728 peccato
1357 2669 1411 2713 et
1453 2660 1763 2729 iniquitate.
1797 2660 1849 2714 ιιι

264 2731 454 2802 verbo,
475 2731 526 2784 in
549 2731 708 2795 facto,
733 2730 786 2784 in
807 2732 1145 2802 cogitatione,
1169 2730 1218 2783 iu
1242 2730 1504 2796 manibus,
1529 2730 1580 2783 in
1605 2729 1846 2798 pedibus,

265 2801 324 2854 in
349 2802 487 2867 visu,
513 2801 564 2855 in
591 2802 790 2867 auditu,
823 2801 1290 2869 custodiamusque
1313 2815 1508 2870 corpus
1533 2811 1772 2854 nostrum
1796 2809 1850 2855 et

264 2871 521 2930 animam.
548 2870 790 2926 Christus
816 2872 958 2926 enim
984 2871 1241 2925 Dominus
1265 2879 1465 2936 noster,
1493 2870 1586 2940 qui
1607 2879 1686 2924 est
1709 2870 1850 2925 Deus

263 2951 322 2996 et
354 2943 443 2997 Dei
472 2941 659 3006 Filius,
688 2942 966 2997 descendit
992 2941 1060 2996 de
1085 2941 1222 2996 caelo
1249 2941 1299 2994 in
1329 2949 1545 3004 terram,
1573 2951 1632 2995 ut
1658 2955 1755 2995 nos
1783 2941 1850 2997 de

270 3021 416 3066 terra
445 3013 509 3066 ad
535 3013 728 3068 ctelum
751 3027 932 3067 secum
963 3021 1230 3080 portaret;
1260 3025 1356 3080 pro
1383 3013 1536 3066 nobis
1555 3013 1850 3080 peccatori-

266 3081 372 3136 bus
398 3098 609 3138 crucem
636 3083 895 3148 ascendit,
926 3090 982 3136 ut
1013 3096 1110 3136 nos
1136 3081 1204 3136 de
1228 3081 1466 3136 cruciatu
1491 3081 1687 3135 diaboli
1719 3082 1852 3136 libe-

264 3161 450 3216 raret;
482 3155 550 3208 ab
577 3153 803 3208 inimicis
843 3166 1055 3223 pinnam
1092 3153 1362 3221 suscepit,
1392 3159 1449 3206 ut
1477 3166 1574 3206 nos
1599 3151 1667 3206 de
1695 3166 1850 3223 paena

264 3224 593 3292 sempiterna
643 3221 920 3286 liberaret;
968 3232 1194 3276 mortem
1241 3223 1511 3290 suscepit,
1543 3229 1601 3275 ut
1641 3237 1739 3276 nos
1783 3221 1851 3277 de

265 3302 446 3348 morte
485 3295 748 3361 eriperet;
780 3309 808 3346 a
853 3292 1076 3346 mortuis
1107 3293 1432 3358 resurrexit,
1461 3302 1519 3346 ut
1549 3307 1646 3346 nos
1672 3307 1851 3346 resur-

264 3377 458 3432 gamus
485 3366 660 3417 anima
703 3371 759 3417 et
795 3379 1022 3432 corpore
1052 3364 1102 3417 in
1151 3365 1238 3417 die
1278 3378 1469 3432 magno
1493 3362 1696 3428 judicii.
1727 3362 1852 3417 Ideo

265 3433 398 3488 dum
452 3443 660 3503 tempus
702 3433 990 3499 habemus,
1024 3433 1364 3503 laboremus,
1409 3441 1462 3486 et
1498 3433 1636 3487 bona
1685 3447 1851 3503 opera

267 3500 491 3573 Deoque
524 3500 712 3574 placita
733 3519 836 3558 una
863 3519 984 3557 cum
1014 3504 1105 3557 Dei
1145 3502 1413 3574 adjutorio
1441 3517 1654 3570 semper
1676 3500 1852 3558 facere

267 3572 584 3629 Studeamus
612 3592 626 3626 :
651 3590 718 3629 ne
746 3574 920 3628 subito
945 3572 1299 3642 prmoecupati
1325 3573 1412 3627 die
1438 3574 1624 3626 mortis
1645 3587 1852 3641 qutera-

268 3659 390 3697 mus
415 3646 646 3714 spatium
675 3643 1001 3712 pmniteutize
1024 3684 1039 3707 ,
1069 3653 1123 3697 et
1162 3642 1404 3698 invenire
1430 3657 1534 3696 non
1565 3642 1847 3711 possimus.

272 3714 409 3768 Dum
437 3713 622 3768 sumus
650 3716 700 3769 in
733 3718 833 3768 hoc
859 3723 1130 3781 tempore,
1163 3713 1430 3768 seminare
1471 3727 1569 3766 nos
1591 3722 1805 3781 oportet
1834 3730 1848 3766 :

270 3792 514 3851 tempore
538 3785 680 3838 enim
711 3799 809 3838 suo
830 3825 844 3848 ,
880 3783 931 3837 id
960 3790 1079 3850 est,
1125 3793 1246 3851 post
1288 3791 1514 3837 mortem
1542 3782 1653 3836 sive
1683 3783 1733 3835 iu
1765 3782 1852 3838 die

265 3853 455 3924 judieii
496 3866 757 3908 metemus
780 3895 795 3920 ,
839 3853 978 3924 quod
1009 3854 1062 3908 in
1100 3854 1206 3907 vita
1236 3861 1436 3907 (eterna
1465 3852 1662 3906 habere
1689 3851 1854 3906 debe-

270 3939 414 3978 mus.
444 3924 540 3978 l-lic
567 3926 708 3980 enim
750 3925 1084 3989 laboremus,
1113 3932 1168 3978 et
1211 3924 1436 3977 invicem
1477 3937 1639 3976 onera
1671 3932 1852 3976 nostra

272 4002 568 4063 portemus.
621 3995 738 4062 Quo
791 3995 932 4048 enim
986 3993 1260 4062 praecessit
1306 4001 1502 4063 caput,
1558 4002 1613 4046 et
1659 4002 1854 4048 caetera

271 4066 511 4118 membra
541 4075 785 4119 secutura
821 4073 998 4118 erunt.

345 4133 571 4204 CAPUT
609 4134 717 4189 Lll.
758 4133 836 4188 De
860 4134 982 4202 ﬁde,
1009 4149 1117 4204 spe.
1144 4141 1193 4204 et
1223 4133 1500 4204 prtcsertim
1523 4141 1698 4186 mutua
1731 4134 1855 4187 cha-

271 4205 439 4258 ritate.
479 4203 694 4258 Peccata
719 4206 963 4258 redimere
991 4202 1080 4274 per
1103 4203 1416 4258 charitatem.
1452 4202 1556 4256 Per
1582 4204 1856 4271 confessio-

274 4291 390 4327 nem
433 4291 494 4327 ac
538 4291 736 4343 poenam
781 4291 812 4327 ιι
861 4275 1120 4328 sacerdote
1170 4283 1472 4341 susceptam.
1514 4274 1814 4328 Teneamus
1836 4315 1851 4340 ,

275 4345 413 4399 sicut
435 4345 542 4413 jam
570 4345 812 4413 superius
840 4344 1096 4398 insertum
1127 4353 1228 4411 est,
1263 4346 1418 4398 fidem
1448 4354 1668 4405 rectam,
1702 4359 1850 4413 spem

275 4424 476 4468 certam
503 4456 516 4480 ,
547 4414 857 4469 charitatem
906 4413 1195 4482 perfectam
1241 4432 1253 4467 :
1296 4414 1418 4482 quia
1449 4414 1524 4484 (a)
1559 4414 1688 4469 tides
1735 4425 1848 4468 tan-

276 4499 436 4554 quam
473 4499 662 4538 sensus
692 4493 872 4538 nostcr
900 4493 981 4538 est
1003 4526 1018 4545 .
1051 4493 1104 4537 et
1129 4484 1361 4538 eharitas
1389 4493 1638 4554 tanquam
1673 4494 1854 4539 nostra

277 4560 497 4609 sanitas.
541 4555 698 4610 Fides
745 4555 950 4617 credit,
992 4555 1222 4607 Charitas
1279 4564 1561 4624 operatur,
1591 4569 1713 4623 spes
1770 4572 1858 4608 ro-

279 4624 470 4678 borat:
503 4634 556 4679 et
581 4625 824 4695 quamvis
866 4626 1073 4678 diversa
1119 4624 1356 4680 membra
1391 4625 1596 4679 diversa
1627 4625 1858 4680 habeant

277 4695 449 4749 oflicia
469 4736 484 4760 ,
515 4696 558 4750 si
589 4695 862 4750 charitatis
903 4705 1079 4748 tamen
1128 4695 1330 4750 unitate
1372 4704 1654 4750 teneantur
1677 4697 1855 4749 omnia

275 4767 540 4831 membra,
566 4775 688 4819 tunc
711 4767 1054 4820 merebuntur
1076 4766 1152 4819 ire
1179 4775 1299 4834 post
1318 4774 1494 4835 caput.
1525 4765 1694 4835 Caput
1712 4770 1854 4820 enim

277 4845 518 4892 nostrum
544 4837 594 4889 in
621 4836 760 4892 ctelo
787 4845 887 4890 est.
919 4836 985 4889 Et
1014 4836 1123 4904 ipsa
1157 4835 1364 4889 Veritas
1393 4838 1648 4889 Dominus
1672 4847 1855 4891 noster

275 4904 434 4960 Jesns
458 4906 701 4960 Christus
728 4907 794 4960 de
823 4906 935 4960 suis
966 4905 1209 4960 ﬁdelibus
1233 4907 1307 4959 ait
1331 4948 1344 4970 ,
1380 4907 1439 4961 Si
1468 4907 1577 4976 quis
1605 4907 1727 4958 milii
1757 4907 1855 4959 mi-

277 4977 496 5043 nistrat,
526 4993 603 5029 me
624 4987 896 5044 sequatur;
938 4986 1002 5046 et
1024 4977 1130 5046 ubi
1145 4993 1235 5046 ego
1259 4992 1372 5030 sum
1393 5018 1407 5043 ,
1432 4977 1537 5029 illic
1557 4987 1604 5030 et
1634 4977 1860 5030 minister

276 5062 419 5099 meus
447 5048 538 5099 erit
559 5047 749 5114 (Joan.
793 5063 862 5101 xu
885 5087 899 5111 ,
945 5044 1071 5117 ‘26).
1103 5044 1396 5117 caveamus
1418 5088 1455 5117 ,ί
1479 5055 1528 5099 et
1559 5063 1656 5117 per
1682 5048 1857 5101 omnia

275 5131 562 5170 caveamus
586 5159 600 5183 ,
631 5132 697 5171 ne
730 5132 824 5186 per
862 5116 1112 5170 invidiam
1136 5157 1150 5180 ,
1182 5116 1362 5170 odium
1386 5157 1401 5181 ,
1429 5116 1814 5171 detractionem
1841 5158 1853 5182 ,

277 5187 412 5240 iram
439 5227 454 5248 ,
484 5187 651 5240 rixam
677 5229 692 5254 ,
724 5185 754 5241 a
781 5188 954 5256 capite
987 5197 1169 5240 nostro
1197 5187 1326 5241 Jesu
1351 5185 1566 5240 Christo
1597 5187 1851 5256 praecida-

275 5273 400 5313 mur
424 5274 437 5310 :
462 5265 517 5310 et
544 5257 798 5326 quidquid
829 5257 955 5310 mali
984 5272 1080 5326 pro
1109 5272 1290 5311 amore
1313 5257 1510 5326 Christi
1543 5272 1642 5312 nos
1668 5257 1861 5310 nostri-

273 5343 380 5396 que
415 5328 642 5396 proximi
667 5325 1016 5398 pertulerint,
1048 5325 1538 5398 charitatisali'ectu
1568 5329 1863 5396 compatia-

274 5413 402 5450 mur
447 5414 461 5450 :
509 5407 564 5452 et
599 5397 855 5478 quidquid
897 5397 1020 5454 boni
1071 5397 1206 5451 alius
1257 5397 1509 5520 quislibet
1553 5399 1858 5478 acceperit,

274 5470 428 5520 euasi
457 5483 559 5520 nos
587 5482 953 5520 acceperimus
977 5507 993 5520 .
1039 5468 1109 5520 ita
1156 5481 1258 5520 tzau
1297 5482 1480 5520 eamus
1505 5508 1520 5520 .
1550 5477 1605 5520 et
1649 5483 1744 5520 oro
1774 5468 1858 5520 illu

272 5470 428 5538 quasi
457 5483 559 5532 nos
587 5469 953 5540 acceperimus
977 5507 993 5533 ,
1039 5468 1109 5523 ita
1156 5468 1480 5538 gaudeamus
1505 5508 1520 5533 ,
1550 5477 1605 5522 et
1649 5483 1744 5538 pro
1774 5468 1865 5522 illo

339 5725 356 5760 ί
383 5733 512 5784 κη,
534 5731 630 5775 tres
655 5721 708 5774 in
742 5721 1035 5773 [imminuto
1064 5734 1158 5772 non
1193 5727 1302 5773 sunt
1327 5703 1548 5772 mlieres
1582 5732 1728 5786 quam
1765 5719 1870 5772 ani-

339 5801 374 5836 ι.
401 5793 576 5836 etc.t?t
596 5799 730 5836 mor.
765 5785 840 5836 his
871 5783 1023 5835 tribus
1051 5797 1144 5835 non
1165 5788 1274 5833 sunt
1295 5781 1536 5833 molita-es.

271 5800 374 5844 ma,
401 5795 576 5849 etc,tft
596 5799 730 5845 mox,
765 5795 840 5836 ms
871 5795 1023 5835 tribus
1051 5797 1144 5835 non
1165 5795 1274 5833 sunt
1295 5795 1536 5833 maneres.

247 5913 259 5936 Ι
343 5849 414 5912 (a)
451 5855 518 5898 tta
539 5861 688 5896 scrin.
713 5847 818 5905 105,
863 5847 1076 5908 Append.
1101 5847 1216 5898 tomi
1237 5848 1287 5908 5,
1313 5859 1393 5896 ιω.
1420 5847 1469 5911 4,
1493 5848 1542 5898 5.

555 5941 820 6003 Damon.
858 5941 980 6000 XL.

1348 373 1438 428 DE
1476 367 1951 428 SALUTARIBUS
1992 367 2449 427 DOCUIIENTIS.

3393 373 3558 436 .1066

1977 478 2076 551 qui
2094 488 2297 551 accepit
2320 480 2516 551 gratias
2541 480 2856 551 referamus.
2890 477 3033 551 Ecce
3053 496 3184 550 3am,
3215 490 3271 536 ut
3300 482 3549 551 diximus,

1974 550 2169 622 patitur
2197 549 2387 618 aliquis
2417 548 2832 622 tribulationem,
2863 559 2956 603 aut
2985 548 3235 622 damnum
3268 551 3424 622 hujus
3455 548 3562 608 smi-

1972 619 2108 692 cu_|i;_
2141 627 2228 692 aut
2257 633 2354 688 pro
2397 619 2568 692 culpis
2605 620 2715 672 suis
2753 634 2975 692 carcere
3022 620 3242 689 jubente
3287 619 3550 692 imperiali

1972 687 2298 742 sublimitate
2328 689 2650 753 retruditur;
2702 691 2938 743 tristatur
2967 687 3242 758 parentum
3274 687 3386 748 sive
3414 699 3551 748 arni-

1971 772 2156 830 cornm
2187 768 2358 830 morte
2390 777 2402 811 :
2431 760 2473 830 si
2501 758 2740 812 dolemus
2762 775 2877 830 pro
2917 759 3010 814 illo
3034 802 3049 826 ,
3096 761 3146 816 in
3177 778 3403 830 corpore
3447 765 3552 819 Ee-

1969 828 2148 883 clesire
2177 829 2447 899 constituti
2479 844 2700 899 sumus;
2729 829 2770 899 si
2803 844 2905 882 non
2935 830 3201 893 dolemus,
3227 828 3336 899 jam
3369 849 3398 887 a
3425 850 3548 888 cor-

1970 912 2100 966 pore
2120 898 2324 970 przecisi
2346 912 2530 970 sumus
2553 899 2590 951 ί.
2614 897 2859 970 Charitas
2880 915 2998 968 quae
3019 897 3297 970 Colligit—et
3319 906 3550 958 viviticat

1970 970 2148 1022 omnia
2192 968 2447 1022 Ecclesia:
2490 968 2726 1022 membra
2755 1009 2768 1032 ,
2803 969 2845 1022 si
2888 984 2984 1022 nos
3013 968 3188 1025 videat
3234 973 3301 1026 de
3328 974 3549 1029 alterius

1968 1039 2123 1109 ruina
2152 1037 2383 1109 gaudere
2404 1078 2416 1102 ,
2449 1040 2627 1093 statim
2660 1053 2756 1092 nos
2783 1039 3024 1107 prwcidit
3051 1056 3080 1094 a
3111 1057 3352 1109 corpore.
3387 1044 3428 1096 F
3431 1055 3549 1099 orte

1968 1107 2130 1177 igitur
2151 1123 2255 1162 non
2284 1108 2528 1163 dolemus
2552 1109 2622 1164 de
2647 1109 2797 1163 ruina
2827 1109 3186 1176 proximorum
3211 1107 3539 1179 nostrorum,

1951 1178 2098 1248 quia
2130 1178 2333 1249 prtecisi
2362 1193 2545 1249 sumus
2573 1194 2601 1231 a
2629 1193 2874 1249 corpore.
2907 1179 2960 1233 Si
2991 1181 3131 1233 enim
3164 1182 3232 1235 ibi
3262 1178 3542 1249 essemus,

1965 1249 2082 1318 sine
2127 1248 2289 1304 dubio
2331 1248 2707 1304 deluissemus.
2759 1248 2842 1318 (a)
2887 1249 3334 1318 Considerentus,
3384 1255 3546 1309 frater

1965 1317 2318 1391 charissima,
2351 1327 2403 1374 et
2441 1319 2723 1391 diligenter
2763 1318 3100 1391 attendamus
3124 1360 3139 1386 ,
3178 1323 3298 1391 quia
3323 1317 3545 1378 tamdiu

1965 1387 2109 1443 dolet
2138 1389 2435 1442 membrum
2463 1431 2484 1459 ,ν
2508 1387 2758 1459 quamdiu
2789 1388 2841 1442 in
2872 1404 3097 1459 corpore
3122 1387 3423 1447 continetur
3454 1414 3466 1449 :
3499 1395 3543 1448 si

1963 1467 2139 1513 autem
2159 1459 2436 1528 abscisum
2468 1458 2659 1526 fuerit,
2694 1473 2792 1514 nec
2821 1458 3004 1513 dolere
3045 1461 3268 1528 poterit,
3299 1479 3396 1518 nec
3422 1480 3545 1520 sen-

1968 1529 2089 1583 tire.
2139 1527 2269 1584 Cum
2295 1531 2437 1583 enim
2469 1545 2655 1583 manus
2697 1537 2789 1582 aut
2813 1529 3025 1598 aliquod
3048 1527 3351 1587 membrum
3384 1535 3542 1589 fuerit

1962 1598 2226 1652 abscisum
2255 1614 2283 1652 a
2325 1614 2550 1668 corpore
2574 1642 2589 1667 ,
2621 1599 2666 1653 si
2713 1608 2879 1654 totum
2908 1615 3103 1669 corpus
3130 1611 3254 1657 tunc
3280 1603 3332 1656 iu
3361 1605 3542 1659 multis

1963 1669 2204 1744 partibus
2229 1669 2733 1744 dividatur,_manus
2761 1669 2851 1723 illa
2877 1685 2982 1744 non
3009 1672 3205 1744 sentit,
3237 1689 3357 1744 qua:
3386 1676 3405 1705 ²
3427 1677 3539 1743 jam

1959 1753 1988 1790 a
2019 1739 2344 1808 reliquorum
2377 1740 2737 1794 membrorum
2783 1741 3036 1794 societate
3063 1741 3229 1795 divisa
3254 1739 3360 1797 est.
3392 1739 3539 1800 Talis

1959 1816 2044 1862 est
2070 1810 2244 1864 omnis
2267 1809 2611 1874 Christianus,
2638 1811 2726 1878 qui
2757 1809 2823 1863 de
2848 1811 3065 1864 alterius
3091 1821 3183 1866 aut
3204 1813 3420 1877 damno,
3448 1826 3542 1871 aut

1959 1879 2254 1952 aﬂiietione
2279 1921 2292 1944 ,
2323 1889 2416 1934 aut
2442 1881 2609 1952 etiam
2651 1889 2823 1952 morte
2870 1896 2976 1934 non
3005 1882 3172 1952 solum
3207 1899 3311 1938 non
3353 1885 3497 1940 dolet
3520 1928 3536 1952 ,

1959 1947 2076 2014 sed,
2097 1949 2248 2026 quod
2274 1952 2427 2020 pejus
2453 1959 2554 2015 est,
2588 1949 2723 2026 forte
2751 1950 2914 2026 etiarn
2938 1951 3169 2026 gaudet._
3193 1954 3403 2026 thuia
3427 1947 3538 2026 jam

1957 2028 2040 2072 est
2063 2019 2326 2073 alienus’a
2373 2036 2600 2090 corpore
2624 2062 2638 2085 ,
2672 2020 2793 2074 ideo
2837 2020 3082 2075 affectum
3123 2019 3399 2080 eliaritatis
3427 2019 3534 2081 non

1958 2095 2105 2143 tenet
2144 2090 2195 2143 in
2223 2089 2388 2160 corde
2426 2107 2439 2144 :
2468 2089 2594 2144 dum
2626 2091 2913 2160 Apostolus
2946 2093 3247 2159 praecipiat,
3305 2095 3538 2151 Gaudere

1955 2173 2082 2232 cum
2093 2159 2447 2232 gaudentibus,
2476 2162 2599 2230 flere
2625 2159 2738 2232 cum
2763 2161 2997 2232 ﬂentibus
3016 2203 3032 2224 ,
3062 2163 3283 2232 idipsum
3323 2167 3534 2220 invicem

1954 2229 2222 2300 sentientes
2252 2230 2441 2297 (Rom.
2492 2247 2606 2294 stt,
2640 2231 2728 2297 15,
2764 2229 2897 2300 ⁷16).
2945 2231 3012 2286 Et
3060 2229 3311 2289 Salomon
3358 2253 3425 2292 ne
3469 2240 3537 2293 de

1955 2298 2104 2371 ruina
2137 2298 2356 2371 fratrnm
2389 2308 2704 2371 nostrorum
2723 2298 3065 2371 gaudeamus,
3101 2304 3535 2363 manifestissime

1953 2367 2208 2425 admonet
2238 2367 2426 2442 (Prov.
2471 2387 2614 2435 χιιι,
2645 2367 2748 2442 5)ξ
2777 2371 2883 2426 Nos
2924 2387 3052 2426 vero
3079 2372 3129 2437 ³,
3165 2375 3236 2428 ιιιὶ
3281 2375 3465 2442 frater,
3488 2378 3533 2432 si

1953 2453 2132 2491 veram
2164 2450 2218 2514 et
2249 2439 2550 2514 perfectam
2599 2439 2912 2514 charitatem
2957 2442 3199 2498 volumus
3227 2439 3531 2514 custodire,

1953 2521 2141 2564 omnes
2197 2509 2440 2564 homines
2494 2511 2633 2564 sicut
2675 2511 3031 2571 nosmetipsos
3067 2514 3377 2571 studeamus
3409 2509 3533 2571 diti;

1952 2593 2078 2658 gere
2110 2595 2122 2631 :
2157 2589 2214 2634 ut
2240 2581 2361 2649 quia
2402 2591 2560 2648 caput
2587 2589 2824 2634 nostrum
2869 2575 3122 2658 Christus
3140 2593 3218 2638 est
3245 2627 3260 2651 ,
3295 2589 3535 2642 membra
3627 2575 3636 2592 ’

1952 2648 2219 2725 illius_no_s
2245 2648 2363 2704 esse
2389 2665 2691 2706 mereamur
2721 2667 2733 2704 :
2763 2660 2821 2705 ut
2849 2666 2968 2705 cum
3001 2648 3531 2725 Chﬂstus'apparue-

1954 2717 2030 2792 rit
2062 2719 2228 2792 gloria
2269 2728 2446 2792 nostra
2473 2762 2487 2784 ,
2521 2730 2574 2792 et
2601 2735 2699 2792 nos
2728 2736 2824 2790 per
2847 2723 3188 2778 concordiam
3215 2717 3490 2781 etiaritatis
3509 2768 3529 2792 ,

1952 2787 2292 2865 dilectionem
2315 2791 2518 2865 scilicet
2543 2791 2636 2865 Dei
2661 2799 2714 2844 et
2729 2787 2992 2865 proximi,
3011 2796 3158 2863 quasi
3190 2811 3310 2849 vera
3336 2807 3389 2852 et
3415 2787 3535 2865 per;

1952 2857 2088 2930 [ecta
2118 2861 2354 2930 membra
2387 2861 2526 2915 illius
2551 2857 2753 2930 absque
2779 2861 2886 2915 ullo
2911 2857 3041 2916 dulo'
3059 2866 3274 2919 malitiae
3295 2867 3376 2921 vel
3399 2857 3534 2922 invi-

1951 2928 2075 3004 βίω,
2102 2945 2288 2985 omnes
2333 2929 2574 2985 homines
2619 2928 2757 3004 sicut
2799 2933 3079 3004 nosipsos
3125 2944 3385 3004 amantes,
3413 2953 3532 2993 cum

1952 2999 2069 3072 ipso
2093 3015 2353 3072 apparere
2381 3016 2680 3056 mereamur
2707 3000 2758 3054 in
2788 2999 2976 3071 gloria.
3012 3004 3126 3072 Ipse
3152 3007 3349 3060 etenim
3371 2999 3450 3062 ait
3480 3009 3530 3062 in

1949 3068 2241 3145 Evangelia
2263 3068 2499 3145 ,‘lnultoc
2543 3068 2842 3145 cognoscent
2883 3068 3093 3145 omnes,
3138 3077 3256 3145 quia
3296 3078 3393 3130 mei
3419 3079 3535 3132 estis

1951 3141 2222 3217 discipuii.
2249 3142 2662 3217 s_i_dilcctionent_
2687 3141 2958 3217 habueritis
2978 3144 3062 3217 _ad
3104 3141 3312 3217 invicem
3354 3147 3532 3217 (Joan.

1951 3226 2078 3275 xm,
2107 3211 2232 3282 55).
2266 3211 2485 3266 Dilectio
2525 3212 2720 3266 etenim
2762 3213 2992 3282 proximi
3040 3215 3235 3270 malum
3266 3211 3372 3272 non
3402 3233 3534 3289 Ope—

1951 3291 2117 3335 ratur.

2021 3350 2067 3405 Ο
2095 3351 2166 3405 mi
2195 3349 2357 3424 frater
2382 3350 2694 3424 eharissime
2717 3392 2732 3414 ,
2761 3349 2836 3424 (b)
2863 3353 2907 3407 si
2938 3353 3191 3410 Dominus
3216 3368 3267 3411 et
3290 3357 3536 3414 Salvator

1953 3430 2154 3484 noster,
2187 3422 2276 3490 qui
2308 3423 2512 3477 nullum
2555 3422 2829 3490 peccatum
2879 3424 3096 3490 habuit,
3150 3435 3296 3481 tanto
3339 3428 3530 3485 affectu

1951 3502 2003 3545 et
2031 3500 2174 3569 tanta_
2218 3491 2503 3569 dilectione
2537 3508 2636 3547 nos
2678 3501 2989 3569 peccatores
3029 3510 3212 3569 atnare
3249 3497 3533 3569 dignatur,

1951 3569 2010 3614 ut
2036 3561 2177 3638 quod
2223 3577 2320 3638 nos
2359 3563 2622 3631 patimur,
2655 3577 2714 3617 se
2744 3563 2915 3631 ipsum
2944 3565 3050 3634 pati
3083 3561 3344 3621 testetur':
3373 3561 3539 3638 quare

1953 3646 2051 3685 nos
2085 3632 2173 3700 qui
2218 3633 2335 3686 sine
2375 3639 2596 3707 peccato
2650 3646 2757 3686 non
2792 3632 3028 3707 sumus,
3085 3646 3139 3690 et
3184 3639 3273 3705 qui
3325 3632 3536 3707 peccata

1953 3711 2134 3755 nostra
2190 3717 2285 3775 per
2341 3701 2652 3757 charitatem
2714 3701 2978 3775 redimere
3039 3701 3372 3775 possumus',
3427 3726 3534 3764 nun

1953 3779 2058 3824 tam
2092 3773 2350 3842 Aperl'eeto
2407 3787 2589 3826 amore
2624 3785 2746 3826 eum
2797 3772 3064 3842 diligimus
3097 3816 3111 3839 ,
3163 3777 3288 3831 dum
3334 3786 3536 3835 tantum

1954 3855 2053 3893 nos
2071 3840 2276 3915 dilexit,
2303 3849 2362 3895 ut
2379 3843 2538 3915 etiam
2569 3840 3057 3915 proprium_Filium
3087 3859 3239 3899 suum
3266 3863 3359 3915 pro
3381 3850 3537 3904 nobis

1954 3912 2324 3988 peccatoribus
2345 3911 2502 3988 inerti
2519 3911 2804 3988 _t_raderet?
2825 3911 2894 3966 Et
2919 3914 3056 3988 dunt
3068 3911 3276 3988 tantam
3298 3917 3541 3988 benigni—

1956 3989 2116 4034 tatem
2141 3991 2195 4057 e_t
2221 3981 2640 4057 misericordiam
2663 3996 2787 4057 erga
2817 3999 2914 4057 nos
2939 3983 3206 4057 exhibuit;
3235 3981 3536 4057 vigilemus,

1954 4066 2022 4105 ne
2053 4050 2336 4120 perdamus
2364 4052 2559 4106 bonum
2589 4051 2728 4121 quod
2755 4053 2910 4107 nobis
2938 4053 3112 4120 dedit,
3144 4066 3200 4109 et
3229 4050 3540 4114 Sacramen;

1957 4128 2068 4192 tum
2096 4121 2346 4190 Baptismi
2373 4122 2559 4186 nostri,
2591 4121 2641 4174 in
2669 4139 2774 4192 quo
2803 4122 2824 4154 "
2845 4125 3145 4191 juravimus
3165 4127 3542 4183 abrenuntiare

1954 4190 2168 4244 diabolo
2205 4200 2259 4262 et
2302 4192 2510 4262 pompis
2552 4190 2768 4260 ejus-ct
2815 4190 3048 4262 peccatis
3094 4197 3357 4252 onmihus.
3401 4198 3469 4253 Et
3497 4200 3542 4254 si

1956 4261 2384 4336 transgreditnur
2423 4261 2476 4315 in
2520 4263 2698 4336 aliqua
2742 4261 2963 4336 peCcato
3016 4273 3136 4334 post
3181 4267 3497 4336 baptismum
3525 4309 3541 4333 ,

1995 4332 2075 4385 ius
2102 4332 2242 4385 Dens
2265 4333 2412 4387 dedit
2435 4332 2726 4404 secundum
2745 4332 3102 4403 Baptisntum,
3136 4337 3184 4390 id
3212 4332 3316 4404 est,
3342 4332 3543 4396 fontem

1977 4417 2335 4479 acrxmarum,
2365 4415 2418 4457 et
2444 4403 2713 4479 ordinavit
2741 4405 2895 4479 nobis
2926 4403 3545 4479 pmuitentiantpropter

1955 4471 2292 4541 fragilitatem
2335 4483 2598 4527 nostram.
2638 4475 2760 4530 Ideo
2801 4471 3058 4531 debemus
3088 4487 3299 4532 nostras
3327 4471 3547 4536 'con'fcs-

1955 4542 2135 4620 siones
2172 4544 2452 4620 veraciter!
2477 4545 2758 4620 confiteri,
2791 4555 2846 4600 et
2892 4546 3092 4620 fruetus
3137 4548 3327 4619 dignos
3373 4552 3544 4620 paeni-

1959 4613 2155 4688 tentite
2193 4613 2365 4688 facere
2395 4631 2408 4667 :
2437 4614 2490 4688 id
2518 4623 2620 4680 est,
2677 4625 2731 4688 ut
2766 4619 3032 4688 przeterita
3061 4633 3164 4672 non
3195 4613 3536 4688 reiteréuius,

1957 4683 2250 4738 secundum
2313 4684 2612 4752 jussionem
2685 4683 2846 4740 Deum
2924 4687 3158 4742 timentis
3223 4683 3540 4744 saeerdoris.

1958 4752 2059 4820 Qui
2088 4753 2338 4828 sacerdos
2362 4796 2376 4817 ,
2417 4763 2475 4808 ut
2503 4755 2715 4825 sapiens
2747 4767 2800 4810 et
2841 4757 3406 4826 perfectusmedicus,
3437 4760 3546 4828 pri-

1959 4839 2107 4896 mum
2159 4824 2295 4896 sciat
2341 4839 2530 4879 curare
2567 4824 2793 4894 peccata
2845 4824 2980 4888 Sua,
3033 4837 3087 4880 et
3139 4838 3322 4896 postea
3375 4824 3547 4884 aliena

1959 4895 2177 4971 y_ulnera_
2207 4895 2482 4971 detergere
2523 4904 2576 4949 et
2623 4910 2813 4971 sanare
2838 4937 2852 4958 ,
2896 4909 2949 4949 et
2994 4913 3098 4950 non
3141 4895 3427 4971 publicare.
3477 4901 3548 4971 (ε)

1959 4963 2103 5029 Hos,
2135 4965 2178 5018 si
2210 4963 2452 5034 quimus,
2487 4966 2858 5033 perquiramus
2879 5007 2892 5030 ,
2920 4975 2974 5019 et
3000 4982 3119 5019 cum
3143 4963 3340 5020 talibus
3371 4963 3549 5024 couéil

1961 5034 2092 5088 lium
2124 5035 2309 5090 salutis
2349 5045 2548 5090 nostra:
2579 5036 2818 5088 ineamus
2851 5053 2862 5087 :
2895 5045 2950 5088 ιιι
2979 5051 3080 5090 non
3123 5037 3407 5106 perdamus
3437 5040 3548 5094 ha:-

2027 5172 2043 5202 ί
2071 5169 2188 5240 Editi
2210 5167 2624 5240 bicnaddunt,_se.d
2661 5165 2780 5236 proh
2805 5166 2982 5240 dolor!
3010 5181 3095 5218 nos
3128 5166 3389 5240 nliguando
3424 5171 3554 5240 rigo-

1963 5244 2067 5304 rem
2087 5229 2381 5304 simulantes,
2709 5227 2761 5279 in
2795 5227 3040 5294 ﬂammam
3079 5227 3325 5291 mittimus,
3363 5241 3408 5283 et
3447 5227 3501 5283 ei.
3516 5249 3563 5284 ιη

1962 5291 2087 5357 ignis
2109 5293 2329 5342 incensus
2349 5290 2510 5353 fuerit,
2541 5289 2768 5355 fugitiuus.
2795 5289 2804 5294 ”

2028 5356 2050 5424 ξ
2072 5359 2247 5424 t_n_uno_
2268 5359 2352 5423 tes.
2375 5360 2596 5424 etserm.
2624 5352 2731 5421 ιρδ,
2758 5352 2971 5424 ᾼρρςιιιιιἔ
2998 5360 3033 5424 ι.
3059 5353 3110 5413 5,
3133 5351 3263 5410 quia.

2031 5416 2052 5447 ³
2075 5415 2192 5463 Editi
2235 5414 2314 5463 hic
2352 5413 2534 5462 addunt
2564 5425 2576 5460 :
2611 5413 2808 5472 miseri,
2827 5413 2905 5463 ’de
2949 5413 3252 5465 initmcorum
3289 5423 3562 5468 nostrarum

1967 5473 2877 5547 ruutagaudemusnsubsannamusaet
2909 5475 2949 5527 si
2965 5487 3058 5526 non
3083 5477 3232 5547 cadit,
3258 5479 3432 5530 cadere
3450 5493 3560 5533 eum

1968 5537 2021 5588 in
2033 5537 2436 5646 μὲἒδόιιειέιιυιὲίῇινὶ
2459 5543 2676 5600 optamus
2704 5548 2722 5586 :
2746 5537 2830 5587 sed
2861 5549 3052 5588 oremus
3075 5546 3247 5589 Deum.

2035 5609 2056 5629 ι
2078 5609 2206 5656 ιιεε.,
2231 5609 2378 5658 quoa.

2059 5673 2088 5708 a
2147 5660 2246 5707 vid.
2272 5671 2422 5707 serm.
2451 5658 2556 5715 105,
2581 5659 2797 5723 Append.
2825 5661 2940 5710 tomi
2961 5661 3011 5722 5,
3036 5675 3070 5710 ιι
3109 5663 3161 5712 5.

2062 5722 2089 5768 b
2145 5726 2208 5768 Ex
2242 5732 2392 5768 serm.
2417 5722 2580 5778 citato,
2609 5733 2658 5769 ιι.
2683 5722 2732 5771 5.

2060 5795 2084 5831 c
2144 5782 2312 5831 tsthaec
2333 5781 2392 5830 ad
2417 5782 2735 5834 imitationem
2773 5782 2969 5843 Regulae
3006 5785 3161 5837 Bened

2062 5722 2111 5778 b)
2145 5726 2208 5768 Ex
2242 5732 2392 5768 serm.
2417 5722 2580 5778 citato,
2609 5722 2660 5769 n.
2683 5722 2732 5771 5.

2060 5781 2107 5843 c)
2144 5782 2312 5831 tsthaec
2333 5781 2392 5830 ad
2417 5782 2735 5834 imitationem
2773 5782 2969 5848 Regulae
3006 5785 3330 5837 Benedictinte
3367 5791 3570 5850 capts,

1974 5858 2209 5912 expressa
2227 5853 2360 5898 suat.

2653 5930 3234 6012 (Trente-quatre.)
