4016 6510
489 365 639 423 ’1067

500 485 776 540 reditatem
805 476 1073 531 cmlestem
1101 517 1113 534 ,
1143 487 1297 542 quam
1341 473 1492 526 nobis
1537 469 1791 524 Dominus
1830 470 1894 523 ab
1922 470 2070 526 initio

499 553 680 609 :mmdi
709 547 1040 619 prtrparavil,
1071 545 1114 598 si
1143 541 1434 619 serviamus
1463 541 1510 619 ei
1535 542 1839 619 injustitia,
1874 551 2073 619 elusan.

497 611 720 682 etitate;
755 611 1074 686 et'pnrilate
1118 613 1294 686 cordis
1315 654 1349 686 ,_
1373 621 1425 664 et
1465 611 1738 686 cltaritate‘
1765 627 1880 686 non
1917 613 2031 686 ficta
2053 652 2067 673 ,

497 681 787 746 clamantes
807 681 926 740 cum
952 691 987 738 Α
1000 685 1226 753 postolo,
1254 682 1377 746 Quis
1401 698 1489 733 nos
1509 681 1759 753 separabit
1780 699 1809 732 τι
1832 682 2076 734 c/taritate

429 764 436 780 '
497 762 717 816 Christi?
738 752 1036 820 Tribulutio,
1057 771 1122 806 an
1144 753 1396 822 angustia.
1418 769 1481 803 an
1500 752 1791 818 persecutio,
1809 769 1873 803 an
1894 755 2069 822 futues,

494 850 560 884 an
586 829 824 902 gladius?
861 837 914 882 et
955 836 1147 880 ett-tera
1191 838 1309 902 qua:
1350 831 1642 902 sequuntur
1669 823 1850 902 isicut
1875 823 2071 902 dictum

493 890 609 962 est:
628 901 804 968 Neque
831 914 985 968 mors,
1009 890 1310 968 nequevitu,
1338 909 1496 968 neque
1523 893 1716 959 Angeli,
1745 908 1900 959 neque
1922 890 2074 968 [irin-

493 961 731 1042 cipatus,
770 985 925 1033 neque
972 961 1244 1027 instantia,
1279 978 1431 1030 neque
1462 961 1640 1042 futura
1666 1001 1678 1020 ,
1705 977 1867 1042 neque
1904 964 2073 1030 aliqua

493 1029 726 1095 creatura
757 1029 936 1107 poterit
956 1053 1054 1107 nos
1084 1048 1318 1107 separare
1353 1049 1401 1107 an
1421 1032 1666 1107 gnaritate
1810 1071 1822 1093 ,
1839 1043 2072 1107 iudicat

491 1114 545 1164 in
567 1099 767 1166 Christo
786 1107 911 1160 Jesu
944 1099 1158 1157 Domino
1189 1112 1359 1154 nostra
1386 1099 1539 1169 (Rom
1584 1116 1696 1163 vm,
1722 1100 1810 1164 '55,
1838 1102 1922 1164 58,
1955 1103 2069 1169 59).

491 1181 702 1234 Dictum
743 1187 824 1231 est
867 1177 1007 1230 enim
1049 1175 1115 1226 de
1163 1172 1396 1226 Ecclesia
1448 1171 1706 1238 primitiva
1733 1211 1746 1229 ,
1778 1171 1921 1240 quod
1960 1180 2072 1224 erat

493 1252 599 1304 illis
620 1265 710 1304 cor
736 1262 898 1301 unum
926 1254 980 1299 et
1007 1245 1179 1296 anima
1213 1257 1312 1294 una
1345 1241 1396 1293 in
1427 1241 1649 1293 Domino
1681 1240 1814 1306 (Act.
1845 1256 1914 1303 tv,
1947 1241 2066 1308 52);

485 1329 549 1375 et
579 1331 691 1373 erat
723 1319 824 1371 illis
853 1330 1016 1369 unum
1052 1313 1188 1366 velle
1228 1327 1289 1365 ac
1327 1311 1464 1364 nolle
1495 1327 1507 1362 :
1537 1311 1657 1380 quia
1697 1310 1748 1362 in
1785 1327 1944 1363 unum
1979 1326 2070 1364 eos

485 1391 688 1445 Christi
720 1387 950 1441 charit-ts
978 1385 1332 1449 copulaverat.

566 1458 788 1513 (‘Al‘ll'l‘
841 1455 968 1508 Llll.
1030 1447 1309 1505 Pravorunt
1363 1450 1569 1520 placita.
1634 1447 1963 1519 Eleemosyna
2011 1467 2072 1504 ea:

488 1530 650 1582 'lucris
676 1529 897 1597 injustis.
939 1525 984 1578 E
1014 1522 1295 1597 contra_rio_
1311 1537 1434 1574 vero
1461 1521 1701 1573 carnales
1729 1528 1781 1572 et
1806 1531 2070 1597 amatores

495 1600 654 1668 hujus
683 1590 862 1650 niundi
891 1604 1072 1668 contra
1101 1592 1417 1668 se_iuvicem
1448 1598 1762 1668 separantur
1789 1599 1841 1642 et
1867 1590 2070 1668 disjuno

493 1658 691 1738 guhtur
715 1686 726 1719 :
754 1675 1029 1738 moventes
1049 1665 1109 1738 in
1137 1662 1447 1738 alterutrum
1468 1658 1742 1738 scandala,
1772 1662 2069 1738 contentio—

497 1729 593 1793 nes
615 1781 628 1803 ,
657 1740 762 1791 iras
787 1780 798 1797 ,
831 1737 971 1790 rixas
991 1775 1005 1799 ,
1030 1733 1390 1803 dissensiones
1417 1771 1430 1792 ,
1467 1729 1744 1783 homicidia
1769 1731 2065 1803 ,‘perjuria,

496 1799 656 1870 furta,
687 1807 919 1874 rapinas,
949 1819 999 1857 et
1029 1803 1206 1856 omnia
1233 1817 1350 1874 qua:
1381 1801 1480 1852 iste
1505 1809 1675 1874 amat;
1705 1809 1757 1853 et
1778 1799 2070 1874 delectatur

495 1867 677 1932 dicens
709 1867 1071 1943 umquam
1100 1874 1151 1926 in
1183 1867 1342 1925 eui-de
1377 1885 1474 1943 suo
1496 1911 1510 1933 ,
1542 1867 1750 1924 Faciam
1777 1870 1916 1943 quod
1950 1871 2068 1924 volo

494 1960 546 2000 et
579 1963 791 2016 possum
824 1940 878 2006 ¹.“
898 1945 1146 2016 impleant
1176 1940 1524 2016 cogitationes
1555 1954 1732 2016 meas,
1757 1949 1809 1992 et
1837 1940 2068 2016 delecta-

497 2009 670 2072 tiones
698 2016 936 2084 corporis
968 2009 990 2068 ς’
1011 2013 1363 2077 sutl'ragantur
1393 2009 1520 2062 mihi
1547 2011 1766 2062 causilia
1796 2025 1931 2084 mea,
1959 2012 2068 2084 sive

494 2081 1077 2145 amicorum'nieornm,
1112 2085 1190 2134 vel
1227 2090 1500 2148 parentum
1536 2087 1806 2147 potentum
1835 2082 1888 2139 ’ς
1919 2081 2068 2133 adest

494 2159 620 2212 mihi
652 2173 869 2209 aurum.
901 2152 1293 2222 superahutnlat
1329 2160 1603 2222 argentum
1633 2149 1681 2213 ³;
1711 2151 1899 2203 adsunt
1939 2151 2066 2222 mihi

493 2229 630 2281 servi
660 2238 713 2280 et
746 2221 988 2289 ancilla},
1017 2223 1141 2289 ψει-ἱ
1188 2231 1234 2273 et
1287 2221 1464 2272 multa:
1519 2223 1881 2286 possessiones
1915 2221 2068 2289 hujus

495 2297 672 2350 mtmdi
697 2339 709 2356 ,
751 2297 903 2364 pallia
929 2335 945 2359 ,
973 2302 1146 2346 vestes
1198 2291 1439 2364 pretiosze
1462 2330 1476 2353 ,
1509 2290 1649 2342 unde
1690 2305 1777 2364 me
1806 2291 2068 2364 redimere

496 2382 706 2434 possum
740 2361 1102 2432 {adimpleam
1133 2363 1454 2434 voluntatem
1504 2374 1674 2434 meam
1703 2400 1717 2422 ,
1750 2361 1887 2413 Deus
1923 2361 2070 2434 dabit

494 2429 622 2492 inihi
649 2438 875 2505 spatium
899 2429 1028 2505 vitm
1055 2430 1490 2505 etdpumitentim.
1526 2429 1635 2505 llen
1673 2445 1838 2496 quare
1866 2447 1970 2505 non
2001 2433 2066 2484 ti-

494 2499 698 2562 memus
722 2506 861 2574 quod
887 2499 1229 2572 Evangelium
1267 2499 1572 2574 terribiliter
1610 2499 1837 2564 insonat,
1861 2501 2062 2562 dicens,

489 2577 659 2632 Stulte
682 2619 694 2640 ,
733 2571 826 2628 ltac
853 2583 994 2628 nocte
1022 2571 1286 2637 exposcent
1330 2587 1360 2621 a
1405 2579 1452 2622 te
1488 2571 1708 2640 animam
1748 2580 1884 2623 tuam
1911 2586 1930 2623 ,ο
1957 2587 2069 2640 qua:

487 2638 786 2720 prqrparasti
804 2687 818 2711 ,
851 2647 996 2717 cujus
1024 2652 1165 2696 erunt
1196 2641 1356 2712 (Luc.
1378 2656 1470 2698 xu,
1498 2641 1568 2692 ‘20
1586 2638 1642 2720 )2
1808 2710 1818 2720 _

567 2719 818 2771 Homines
868 2730 964 2768 nos
990 2729 1106 2768 esse
1136 2725 1515 2781 cognoscamus
1537 2751 1549 2773 ,
1583 2719 1637 2762 et
1685 2724 1751 2764 ne
1779 2719 1854 2762 sic
1879 2724 2064 2778 snper-

483 2788 698 2842 liiamus
723 2796 904 2839 contra
935 2786 1101 2838 Deum
1138 2794 1190 2836 et
1223 2782 1517 2849 proxinnnn
1560 2789 1836 2841 nostrum,
1891 2790 1946 2833 ut
1976 2796 2067 2834 vo-

491 2857 720 2911 luntates
743 2868 951 2910 nostras
982 2855 1145 2907 tnalas
1173 2852 1506 2920 perficiamus
1529 2891 1542 2914 ,
1573 2860 1625 2902 et
1657 2850 1820 2902 Deum
1853 2859 2066 2919 postpo-

483 2943 722 2990 ‘namus;
773 2941 833 2978 ac
863 2925 1115 2991 deinceps
1167 2921 1372 2976 Domini
1403 2920 1594 2972 bonam
1619 2921 1952 2991 voluntatem
2000 2921 2064 2974 ad

489 2989 894 3051 nostrasmalas
936 2989 1212 3048 reflectere
1258 3006 1378 3044 cum
1407 2989 1714 3042 muneribus
1747 3004 1900 3056 posse
1930 2991 2066 3044 nita-

489 3083 643 3133 mur,
700 3077 1042 3132 nostramque,
1097 3076 1310 3129 pravam
1363 3060 1806 3133 voluntatemuad
1859 3061 2062 3133 Domini

486 3127 704 3205 semper
733 3146 928 3188 rectam
959 3127 1285 3205 voluntatem
1305 3131 1570 3205 corrigere
1599 3129 1939 3205 negligamus.
1959 3127 2064 3184 Sed

481 3199 807 3275 ubicumque
849 3219 948 3257 nos
999 3203 1264 3275 delectat_.
1315 3199 1532 3275 injurias
1579 3209 1794 3275 _nus_tras
1824 3201 2064 3275 volumus

485 3268 757 3330 vindicare
782 3316 794 3333 ,
826 3275 1062 3327 dit-entes
1093 3271 1114 3302 ’⁵
1134 3313 1146 3333 ,
1205 3270 1415 3324 Fat-iatn
1449 3268 1788 3321 homicidium
1815 3310 1829 3331 ,
1885 3269 2065 3339 perju-

485 3347 662 3410 rium,
693 3346 1043 3405 adulterium,
1103 3340 1545 3410 fornicationem;
1603 3348 1656 3391 et
1706 3350 1884 3408 postea
1925 3340 2064 3395 dabo

490 3409 714 3469 Domino
744 3415 1159 3482 redemptionem
1207 3425 1401 3464 meam.
1456 3409 1776 3482 Quarenon
1811 3411 2062 3480 intelligi-

481 3501 606 3540 mus
626 3526 638 3549 ,
672 3485 796 3538 dum
825 3485 900 3538 sic
926 3480 1175 3536 audacter
1203 3493 1482 3549 peccamus
1502 3519 1515 3539 ,
1543 3480 1864 3533 aestimantes
1887 3496 2067 3535 mune-

487 3557 634 3610 ribus
668 3556 830 3609 Deutn
861 3569 1015 3621 posse
1046 3553 1261 3621 placari,
1284 3549 1421 3619 quod
1455 3558 1577 3601 tunc
1604 3550 1768 3602 multo
1800 3551 1914 3618 plus
1939 3566 2061 3605 eum

483 3627 551 3680 ad
581 3627 748 3692 iram,
779 3640 935 3692 quam
957 3623 1022 3676 ad
1055 3621 1470 3692 misericordiam
1502 3633 1848 3686 provocamus
1883 3638 1897 3674 :
1937 3623 2058 3688 quia

487 3697 626 3750 Deus
649 3690 750 3748 non
779 3690 1076 3748 delectatur
1105 3693 1154 3744 in
1181 3705 1312 3744 auro
1338 3690 1418 3742 vel
1448 3691 1496 3742 in
1526 3699 1766 3757 argento,
1793 3706 1890 3744 nec
1919 3692 2060 3744 aliud

481 3782 510 3820 a
565 3767 716 3821 nobis
745 3765 964 3833 qnmrit,
1022 3778 1180 3832 quam
1216 3763 1425 3833 animus
1481 3770 1689 3833 nostras
1735 3761 1960 3833 mandas
2008 3763 2061 3815 in

482 3830 774 3905 conSpectu
792 3849 888 3887 suo
921 3830 1266 3905 praisentari?
1305 3830 1411 3905 Nec
1438 3830 1577 3882 enim
1615 3831 1851 3883 consiliis
1878 3846 2062 3898 pecca-

483 3901 654 3959 torum
682 3923 739 3959 se
763 3901 1057 3966 immiScet;
1091 3903 1181 3955 sed
1207 3918 1270 3956 ex
1303 3901 1470 3953 salute
1515 3910 1696 3952 nostra
1725 3916 1823 3954 nos
1851 3915 2062 3970 semper

478 3977 766 4037 admonet,
801 3983 854 4028 ct
903 3973 1114 4027 salubre
1142 3972 1232 4024 dat
1279 3971 1556 4024 consilium
1584 4011 1597 4032 ,
1647 3970 1768 4036 quia
1825 3971 1938 4038 ipse
1979 3980 2063 4025 est

477 4047 815 4102 consiliarius
842 4045 1025 4096 salutis
1076 4052 1271 4096 nostra:
1296 4082 1309 4102 ,
1365 4041 1500 4092 sicut
1547 4039 1804 4108 propheta
1844 4041 1918 4093 ait
1950 4059 1962 4094 :
1997 4041 2061 4093 Et

478 4116 735 4168 vocabitur
764 4131 940 4167 nomen
981 4114 1088 4183 ejus
1132 4111 1478 4183 admirabilis,
1531 4111 1855 4183 consiliarius
1885 4109 2056 4183 __(Isai.

481 4201 534 4239 ιχ
561 4227 575 4248 ,
609 4186 683 4252 ϋ).
716 4187 779 4238 Et
807 4179 1211 4236 iterum'dictum
1242 4191 1319 4233 est
1344 4181 1408 4252 de
1438 4196 1501 4232 eo
1530 4179 1842 4252 in_Psalmo,
1875 4180 2060 4252 Beatus

478 4256 555 4308 vir
575 4247 659 4324 qui
681 4272 777 4324 non
800 4254 918 4306 abiit
941 4254 990 4305 in
1019 4253 1226 4324 consilio
1248 4251 1520 4324 impiorum
1553 4247 1724 4324 (Psal.
1769 4265 1826 4316 ι,
1889 4250 1961 4324 l).
1994 4253 2060 4324 lflt

481 4318 672 4378 iterum
700 4363 714 4384 ,
748 4323 878 4390 Quia
922 4339 1020 4375 non
1046 4331 1117 4373 est
1144 4321 1383 4391 iniquitas
1413 4319 1465 4371 in
1494 4335 1550 4371 eo
1581 4318 1765 4391 (Rom._
1807 4336 1856 4373 Ix
1883 4318 2056 4391 ,V'M).

478 4395 550 4448 Et
605 4394 740 4448 forte
773 4389 941 4460 ipsam
996 4407 1152 4459 quam
1182 4389 1203 4422 '
1235 4401 1478 4460 putamus
1533 4404 1628 4456 pro
1683 4389 1836 4443 nobis
1885 4389 2059 4446 facere

479 4459 875 4534 eleemosynam
909 4463 990 4515 vel
1018 4461 1084 4514 de
1114 4459 1326 4534 prmdiis
1351 4468 1681 4512 mortuorum
1699 4501 1724 4534 ,_
1741 4461 1851 4534 sive
1880 4461 1946 4515 de
1970 4477 2055 4515 ra-

480 4535 618 4603 pinis
674 4530 968 4604 pauperum
985 4571 1016 4604 ,_
1047 4531 1263 4584 nomine
1297 4545 1420 4604 Δῐιοιι
1449 4543 1625 4604 Δορθνθ
1677 4530 1886 4584 videtur
1939 4546 2058 4587 esse

476 4599 1049 4676 eleetnosyna._Qttalis
1099 4600 1365 4676 CSl_t2ltilll
1411 4599 1794 4676 eleemosyna,
1837 4611 1892 4654 ιιι
1922 4618 2058 4656 unus

475 4675 674 4744 injuste
717 4670 1014 4737 vestiatur,
1070 4679 1125 4725 et
1170 4670 1315 4744 alius
1351 4670 1544 4744 injuste
1591 4671 1954 4744 exspolietur;
2004 4682 2058 4727 et

476 4739 615 4799 unus
640 4744 838 4812 injuste
866 4749 1111 4812 pascatur
1129 4749 1225 4812 ,et
1250 4741 1384 4794 alius
1411 4739 1604 4812 injuste
1647 4739 1785 4812 fame
1813 4751 2059 4812 torquea-

475 4816 598 4869 tur?
623 4809 958 4883 No'n-quaérit
997 4811 1277 4883 istaiDeus
1298 4826 1331 4883 _a
1387 4809 1537 4864 nobis
1570 4827 1595 4883 :_
1609 4811 1788 4883 audeo
1832 4809 2011 4867 dicere
2039 4854 2054 4877 ,

473 4887 588 4940 odit
616 4886 714 4939 ista
744 4880 1081 4951 omnipotens
1109 4882 1270 4935 Deus.
1297 4880 1471 4948 lpsnm
1499 4881 1618 4932 audi
1644 4921 1658 4942 ,
1704 4897 1797 4948 per
1823 4883 2056 4951 prophe-

476 4967 582 5010 tam
606 4956 732 5020 quid
758 4955 937 5016 dicat,
973 4952 1074 5016 Qui
1099 4951 1246 5017 οΙῙενι
1293 4951 1596 5018 sacri/icium
1625 4967 1688 5003 ea:
1728 4955 1927 5020 rapina,
1957 4954 2058 5006 sive

473 5043 536 5081 ex
560 5021 839 5081 substantia
880 5039 1159 5093 pauperum
1184 5022 1374 5093 ._quasi
1423 5021 1520 5093 qui
1540 5022 1761 5093 victitant
1811 5021 1977 5089 ﬁlium
2003 5025 2054 5076 in

474 5107 741 5166 conspectu
772 5089 929 5166 patris
953 5089 1032 5148 sui
1057 5089 1250 5166 (Eccli.
1285 5089 1468 5166 χχχιιι,
1497 5090 1608 5158 24).
1641 5089 1760 5144 Non
1775 5093 2053 5166 accipiam,

474 5161 646 5237 inquit
674 5208 689 5233 ,
717 5167 814 5220 ista
861 5165 923 5220 de
953 5161 1182 5217 manibus
1210 5161 1386 5215 vestris
1416 5176 1433 5214 :
1478 5177 1657 5230 manus
1705 5163 1837 5214 enim
1884 5174 2058 5217 vestrae

535 5386 552 5415 ι
578 5382 717 5446 editi,
738 5383 1002 5446 dominum
1039 5394 1205 5446 meum
1228 5379 1435 5446 amicum
1477 5387 1522 5446 et
1560 5381 1858 5443 defensorem
1889 5381 2054 5446 habeo,

473 5456 609 5494 nemo
631 5442 750 5504 mihi
770 5445 936 5498 obstat.
963 5442 1153 5494 interim
1177 5440 1354 5504 faciam
1378 5441 1504 5503 quod
1530 5440 1736 5504 possunt.

535 5508 554 5536 ε
583 5505 699 5552 tzttiti
731 5503 808 5552 hic
836 5505 1032 5562 addunt,
1056 5501 1324 5564 Oppt'ittuun
1355 5501 1496 5564 quem
1530 5501 1811 5560 'volo,astem
1834 5503 1912 5553 cui
1936 5504 2054 5554 volo.

498 5567 557 5656 ’,³
581 5565 698 5613 Editi
725 5567 1012 5656 [11321119th
1035 5563 1229 5622 addunt,
1255 5563 1520 5624 eloquentia
1544 5576 1652 5614 mea
1673 5577 1834 5614 omnes
1858 5567 2058 5630 prwcel-

498 5641 508 5656 .
538 5640 549 5650 .
567 5637 706 5656 ηηοη.
725 5637 833 5656 ..οη
863 5638 886 5656 ς.

538 5640 549 5650 ¹
565 5639 706 5660 num
725 5639 750 5660 ΙΙ

471 5629 549 5687 tit;
565 5637 708 5689 quem
725 5637 886 5674 vereor
905 5629 930 5674 εν
1149 5682 1160 5692 ο
1348 5682 1357 5692 ,

477 5746 488 5754 _
535 5687 718 5754 ‘Alrllill,
742 5684 991 5754 neefratri
1021 5684 1516 5754 parcunusndu'entes
1543 5697 1560 5734 :
1588 5686 1780 5737 Faciant
1804 5686 2059 5739 vindictam

464 5746 518 5796 in
547 5751 748 5809 fratrem
772 5744 1042 5809 velipatrem
1065 5757 1241 5803 meum,
1265 5746 1457 5809 faciam,
1487 5755 1582 5797 etc.

529 5806 555 5846 ί
576 5819 708 5868 διεδ..
731 5806 877 5870 quod.

1962 347 2322 406 API‘ENDIX.

3628 362 3764 418 {(108

2185 471 2428 546 s_ang_uine
2458 469 2618 546 plena:
2637 480 2751 546 sunt
2781 471 2930 543 (Isai.
2962 489 3015 539 ι,
3043 475 3154 545 '15).
3185 475 3253 530 Et
3290 475 3422 530 alius
3449 476 3712 546 propheta
3745 521 3761 541 ,

2186 541 2343 617 [’anis
2369 543 2657 617 egentium,
2687 541 3089 617 vita‘paupfrum
3113 541 3185 600 est
3222 563 3239 599 :
3270 547 3356 616 qui
3384 541 3657 617 defrutidat
3695 551 3762 600 il-

2182 610 2284 662 lum
2305 651 2318 673 ,
2351 610 2424 686 vir
2453 613 2753 686 sanguinum
2781 610 2852 666 est
2883 610 3086 686 ‘(Ecclh
3123 610 3324 677 xxxnv,
3353 610 3471 686 25):
3504 620 3762 673 (lentem-

2181 695 2367 757 namus
2399 681 2571 736 facere
2602 683 2822 757 injustas
2849 681 3219 757 eleemosynas
3243 727 3258 752 ,
3303 687 3390 755 qui
3414 681 3663 741 volumus
3689 690 3765 740 t’a-

2179 765 2302 827 cere
2325 752 2501 827 justas
2536 761 2590 827 et
2633 752 2935 820 spirituales
2954 752 3376 827 eleemosynas;
3411 765 3471 810 ut
3493 758 3564 827 de
3601 759 3761 826 justis

2181 820 2449 896 latioribus
2481 822 2731 896 faciamus
2752 861 2766 885 ,
2800 839 2907 896 non
2936 823 3002 896 de
3051 820 3252 896 rapinis
3272 867 3288 892 ,
3337 826 3450 880 sive
3488 826 3557 882 de
3586 820 3764 880 mutti-

2181 890 2727 966 plicationefrugum,
2763 894 2944 966 autde
2986 890 3179 964 iuepiis
3208 890 3432 966 negotiis
3462 914 3475 948 :
3509 913 3577 952 ne
3619 896 3761 951 forte

2181 961 2231 1011 in
2251 963 2359 1034 hoc
2382 961 2542 1014 multa
2571 963 2842 1034 sacrilegia
2871 961 3207 1020 incurra'ntur
3229 961 3382 1032 1[vel
3406 967 3592 1033 etiam,
3615 968 3761 1034 quod

2179 1030 2329 1105 pejus
2359 1041 2440 1105 est
2461 1072 2474 1092 ,
2529 1047 2622 1098 pro
2650 1032 2938 1100 cupiditate
2964 1035 3047 1088 vel
3077 1030 3332 1090 ebrietate
3360 1030 3586 1105 sanguis
3629 1030 3762 1089 fun-

2179 1101 2332 1152 datur
2350 1141 2364 1163 ,
2397 1102 2727 1170 clamentque
2753 1117 2938 1156 eorum
2966 1119 3122 1159 voces
3144 1105 3209 1159 ad
3232 1106 3394 1160 Deum
3417 1101 3600 1160 contra
3630 1122 3756 1170 nos,

2178 1170 2343 1244 multo
2371 1170 2551 1225 labore
2578 1171 2777 1244 afflicti.
2813 1171 2962 1228 Unde
2993 1183 3045 1227 et
3087 1175 3400 1241 Psalmista,
3445 1175 3544 1241 Qui
3596 1192 3761 1244 pecu-

2177 1240 2312 1292 niam
2337 1257 2479 1292 suant
2505 1259 2604 1294 non
2634 1242 2770 1294 dedit
2809 1243 2876 1294 ad
2915 1259 3119 1295 usuram
3146 1285 3158 1306 ,
3189 1255 3235 1298 et
3263 1240 3476 1299 munera
3497 1240 3653 1313 super
3684 1248 3763 1297 in-

2176 1321 2407 1383 nocentes
2429 1327 2532 1383 non
2558 1313 2748 1383 accepit
2784 1328 2802 1364 :
2829 1320 2882 1365 et
2910 1323 3100 1366 ett-tera
3131 1330 3249 1383 qua:
3294 1316 3536 1382 superius
3579 1316 3632 1368 in
3662 1333 3752 1368 eo-

2175 1379 2295 1432 dem
2328 1381 2530 1447 psalmo
2551 1382 2853 1436 audientem
2877 1422 2890 1444 ,
2916 1379 3220 1437 credentem
3250 1394 3298 1437 et
3325 1379 3602 1440 caventem
3629 1385 3759 1437 bea-

2176 1457 2286 1503 tum
2315 1452 2528 1504 el'ticere
2561 1459 2781 1518 possunt
2812 1468 2824 1503 :
2859 1453 2994 1505 sicut
3023 1453 3162 1508 idem
3197 1455 3433 1521 psalmus
3457 1455 3756 1516 concludit.

2177 1521 2276 1581 Qui
2325 1522 2448 1656 [330“
2499 1521 2602 1573 hazc
2631 1561 2646 1585 ,
2701 1539 2800 1574 non
2853 1522 3126 1576 movebitur
3175 1525 3228 1577 in
3265 1535 3510 1578 wlernum
3557 1525 3757 1596 (l’sal.

2177 1604 2265 1642 inv
2285 1631 2300 1653 ,
2333 1607 2365 1642 θ
2396 1629 2407 1641 .
3067 1636 3072 1643 .

2173 1604 2300 1653 nv,
2333 1604 2407 1653 θ).
3067 1636 3072 1643 .

2245 1659 2660 1733 CAPUT__L|V._
2690 1659 2990 1733 Christiana
3036 1665 3247 1733 felicitas
3299 1681 3400 1716 non
3438 1674 3510 1718 est
3539 1674 3754 1717 terrena.

2175 1727 2242 1782 Et
2271 1731 2390 1798 quia
2424 1730 2542 1783 talia
2571 1740 2622 1784 et
2651 1730 2730 1784 his
2760 1734 2950 1786 similia
2981 1727 3202 1788 creator
3222 1736 3456 1787 omnium
3490 1748 3754 1788 creaturae

2173 1813 2284 1874 sine
2305 1799 2571 1874 _rationali
2623 1804 2984 1874 annuntiando
3015 1805 3244 1856 insinuat
3267 1844 3282 1866 ,
3316 1804 3601 1857 credamus
3631 1808 3756 1874 quia

2173 1868 2343 1942 diligit
2371 1871 2596 1942 creator
2619 1873 2758 1939 quod
2786 1874 2984 1927 creavit
3016 1891 3028 1927 :
3071 1875 3336 1927 nemiuem
3370 1868 3710 1942 persequitur
3736 1916 3753 1936 ,

2173 1939 2215 2012 si
2264 1939 2378 2012 ipse
2410 1939 2568 1995 homo
2614 1957 2670 1994 se
2715 1958 2818 1996 non
2847 1951 3232 2012 persequatur;
3282 1959 3310 1995 a
3341 1939 3481 1996 nullo
3513 1939 3755 2010 quolibet

2175 2008 2390 2064 homine
2419 2012 2645 2072 recedit,
2676 2013 2773 2065 nisi
2801 2008 2942 2080 prius
2980 2008 3090 2079 ipse
3118 2014 3277 2066 homo
3299 2014 3366 2064 ah
3395 2029 3458 2065 eo
3487 2008 3706 2067 recedat
3737 2032 3752 2066 :

2175 2095 2270 2151 nec
2305 2090 2547 2151 naturam
2578 2082 2627 2134 in
2671 2082 2853 2147 nobis,
2884 2082 2976 2135 sed
3004 2085 3185 2136 vitium
3216 2083 3354 2151 quod
3385 2085 3756 2136 contraximus

2173 2149 2302 2201 odit.
2325 2150 2391 2203 Et
2437 2167 2540 2203 non
2571 2153 2784 2218 prodest
2830 2153 3012 2217 nobis,
3044 2154 3149 2206 imo
3177 2149 3335 2206 etiam
3376 2154 3528 2206 obest
3555 2153 3758 2207 Christi

2173 2220 2428 2286 sanguine
2454 2235 2572 2274 esse
2602 2222 2904 2289 redemptos
2925 2265 2939 2287 ,
2968 2233 3020 2276 et
3041 2224 3335 2276 voluntarie
3373 2222 3587 2277 diabolo
3634 2238 3757 2277 esse

2174 2289 2616 2361 ειιιιλοςιυεηιιΙρο
2642 2292 2933 2360 cogitemus
2959 2301 3012 2344 et
3039 2295 3417 2360 recogitemus,
3450 2292 3590 2361 quod
3644 2308 3754 2346 non

2177 2369 2394 2428 propter
2423 2360 2722 2413 felicitatem
2754 2372 3015 2414 terrenam
3045 2363 3329 2416 Christiani
3353 2360 3526 2416 effecti
3546 2379 3753 2416 smnus.

2172 2428 2286 2482 Non
2319 2441 2530 2497 propter
2554 2433 2573 2461 ²
2603 2431 2814 2484 divitias
2861 2431 3016 2500 hujus
3062 2435 3276 2496 511300“,
3309 2434 3389 2486 vel
3424 2442 3640 2500 propter
3680 2435 3753 2487 is-

2177 2507 2283 2570 tam
2312 2501 2474 2554 vitam
2501 2500 2765 2553 Christum
2811 2503 3035 2555 colimus
3068 2519 3080 2554 :
3131 2503 3266 2556 sicut
3307 2505 3592 2570 Apostolus
3633 2503 3706 2554 ait
3737 2544 3754 2569 ,

2175 2569 2238 2640 Si
2258 2568 2312 2620 in
2340 2571 2436 2622 hac
2462 2580 2556 2622 vita
2584 2581 2777 2624 tantum
2797 2588 3059 2640 speramus
3098 2573 3150 2625 in
3198 2568 3414 2625 Domino
3436 2613 3450 2633 ,
3494 2568 3758 2625 miserabi¥

2174 2635 2322 2691 liores
2347 2655 2518 2691 sumus
2542 2641 2770 2694 erunibus
2794 2635 3076 2713 hominibus
3098 2641 3138 2713 (Ι
3169 2641 3284 2696 Cor.
3339 2657 3430 2713 xv,
3456 2643 3568 2710 l9).
3601 2642 3756 2696 Chri-

2172 2718 2285 2760 stus
2316 2723 2496 2773 enmt,
2555 2725 2618 2780 ne
2673 2727 2860 2764 aurum
2909 2711 3482 2780 diligeremus,oblata
3531 2728 3754 2766 munera

2170 2787 2514 2852 contemnere
2552 2779 2764 2852 docuit;
2816 2797 2882 2835 ne
2924 2779 3114 2836 famem
3149 2782 3492 2846 timeremus,
3523 2784 3752 2852 quadra-

2169 2847 2310 2917 ginta
2342 2847 2530 2902 diebus
2574 2850 2868 2919 jejunavit;
2917 2867 2982 2905 ne
3013 2852 3302 2905 nuditatem
3349 2847 3752 2917 pertimescere-

2171 2933 2289 2990 mus
2309 2960 2323 2982 ,
2358 2929 2551 2984 praster
2577 2937 2732 2973 unam
2763 2923 2990 2974 tunicam
3012 2963 3026 2986 ,
3052 2923 3207 2976 aliam
3230 2922 3501 2990 discipulis
3527 2923 3638 2975 suis
3662 2923 3754 2974 ha-

2173 2986 2297 3042 bere
2327 2989 2524 3052 vetuit;
2558 3006 2624 3043 ne
2657 2991 3018 3044 lribulationes
3045 2986 3542 3058 expavescet-emus,
3573 2997 3751 3045 omnia

2172 3059 2286 3126 ipse
2317 3059 2602 3123 sustinuit;
2638 3078 2702 3112 ne
2751 3071 2974 3114 mortem
3030 3061 3439 3115 formidaremns
3463 3103 3478 3126 ,
3510 3071 3563 3115 et
3613 3061 3752 3116 hanc

2171 3129 2284 3196 ipse
2319 3131 2570 3197 suscepit.
2597 3131 2808 3184 Etcum
2852 3132 2952 3184 ista
2975 3133 3153 3185 omnia
3209 3147 3308 3184 nos
3334 3132 3610 3196 docuerit,
3644 3148 3751 3187 non

2171 3206 2372 3270 tantum
2397 3200 2560 3253 verbo
2583 3242 2598 3266 ,
2628 3216 2809 3254 verum
2838 3201 2995 3254 etiam
3028 3203 3277 3270 exemplo
3309 3203 3420 3270 ipse
3455 3204 3748 3269 praecessit.

2169 3267 2281 3340 Hoc
2301 3270 2934 3340 enimsuaviter'flagret
2980 3271 3030 3324 in
3080 3267 3340 3326 cordibus
3364 3267 3599 3334 nostris,
3649 3271 3751 3326 hoc

2171 3338 2306 3406 ignis
2325 3339 2552 3406 Spiritus
2577 3342 2742 3395 sancti
2773 3338 2838 3394 in
2855 3341 3009 3395 nobis
3039 3342 3240 3396 fervere
3263 3341 3415 3394 faciat
3441 3384 3454 3404 ,
3482 3352 3540 3394 ut
3567 3356 3752 3464 δθἫιτι-

2174 3425 2295 3462 mur
2323 3410 2540 3464 vestigia
2568 3412 2712 3464 eius:
2738 3427 2805 3464 ne
2831 3411 3196 3464 desideremus
3236 3427 3515 3464 remanere
3548 3413 3601 3464 in
3685 3426 3752 3464 oc

2174 3425 2295 3462 mur
2323 3410 2540 3474 vestigia
2568 3412 2712 3478 ejus;
2738 3427 2805 3466 ne
2831 3411 3196 3466 desideremus
3236 3427 3515 3465 remanere
3548 3413 3601 3464 in
3649 3410 3752 3464 hoc

2169 3478 2399 3550 mundo,
2432 3489 2484 3533 et
2513 3495 2790 3548 pereamus
2809 3497 2930 3536 cum
2955 3481 3054 3534 hoc
3082 3482 3299 3535 mundo.
3325 3482 3434 3535 Heu
3456 3497 3619 3550 quam
3660 3483 3751 3535 mi-

2168 3549 2272 3602 seri
2297 3563 2514 3608 sumus.
2547 3552 2590 3604 si
2639 3552 2737 3604 hoc
2767 3551 2986 3605 credere
3025 3553 3272 3605 nolumus
3296 3593 3311 3616 ,
3357 3563 3412 3606 et
3449 3549 3516 3605 ab
3563 3567 3752 3606 amore

2167 3617 2326 3686 hujus
2349 3620 2526 3672 sa~culi
2555 3629 2787 3674 mentem
2833 3631 3068 3675 nostram
3111 3638 3214 3675 non
3238 3637 3552 3676 revocemus
3571 3663 3587 3684 ,
3621 3622 3748 3675 dum

2169 3690 2544 3756 perpetualiter
2572 3692 2667 3742 ista
2702 3701 2883 3745 tenere
2912 3707 3013 3743 non
3048 3707 3364 3760 possumus,
3417 3701 3468 3743 et
3511 3692 3600 3745 illa
3650 3707 3746 3760 per

2166 3759 2502 3830 securitatem
2522 3761 2844 3815 amittimus!
2868 3761 3002 3828 Quid
3027 3759 3318 3816 faciemus?
3340 3762 3462 3828 quid
3491 3759 3751 3830 agemus?

2168 3827 2472 3896 Lugendum
2504 3830 2656 3883 nobis
2689 3840 2770 3886 est
2794 3871 2808 3894 ,
2841 3827 2908 3884 si,
2935 3847 3152 3899 regnum
3191 3827 3750 3956 (promissum—perda—

2168 3913 2286 3951 mus
2314 3939 2329 3956 .
2387 3909 2441 3952 et
2482 3900 2656 3953 subito
2699 3901 2904 3954 dicatur
2952 3902 3138 3956 nobis.
3288 3917 3382 3955 vos
3407 3943 3421 3956 .
3477 3913 3750 3956 amatores

2165 3913 2329 3964 mus,
2387 3909 2441 3952 et
2482 3900 2656 3953 subito
2699 3901 2904 3954 dicatur
2952 3902 3138 3966 nobis,
3191 3900 3236 3956 Ο
3288 3917 3421 3964 vos.
3477 3913 3752 3956 amatores

2166 3969 2384 4033 mundi,
2427 3970 2570 4040 exite
2612 3969 2822 4023 obviam
2865 3985 3100 4040 sponso,
3151 3982 3205 4026 et
3249 3971 3315 4024 ad
3352 3973 3496 4025 illum
3520 3974 3701 4026 venite
3729 4013 3744 4031 .

2163 4054 2322 4110 quem
2353 4039 2530 4110 videre
2553 4055 2655 4092 non
2689 4041 2878 4105 vultis,
2901 4039 3029 4109 quia
3076 4051 3339 4110 praecepta
3378 4044 3495 4108 ejus
3527 4055 3749 4110 postpo-

2164 4108 2365 4161 suistis.
2401 4109 2656 4162 V'idehitis
2681 4112 2822 4164 enim
2855 4108 3033 4177 plagas
3061 4112 3200 4178 ipsas
3223 4108 3408 4180 {quas
3433 4113 3486 4164 in
3517 4108 3750 4180 corpore

2164 4193 2262 4230 suo
2290 4193 2387 4247 pro
2413 4180 2562 4232 vobis
2595 4181 2827 4243 pertulit.
2854 4180 2990 4245 Quid
3018 4189 3142 4234 tunc
3167 4193 3436 4244 gementes
3463 4191 3518 4234 et
3555 4182 3749 4235 dolen-

2165 4255 2244 4320 tes
2265 4249 2503 4302 dicemus
2529 4250 2550 4300 ?
2578 4249 2645 4302 Et
2670 4250 2795 4318 quid
2828 4251 3030 4303 meritis
3060 4252 3256 4304 nostris
3289 4251 3339 4304 in
3381 4267 3502 4304 eum
3532 4253 3753 4320 exigen-

2165 4317 2304 4372 tibus
2331 4320 2636 4389 responSuri
2664 4317 2863 4373 erimus
2882 4361 2896 4382 ,
2925 4321 3049 4373 dum
3080 4321 3388 4389 frequenter
3419 4317 3748 4384 audivimus,

2162 4395 2215 4457 et
2236 4388 2568 4457 negleximus
2594 4389 2733 4457 quod
2763 4389 3042 4444 Psalmista
3060 4388 3272 4453 cecinit,
3301 4391 3435 4456 Quid
3476 4393 3750 4445 retribuam

2163 4456 2382 4529 Domino
2409 4475 2500 4527 pro
2528 4456 2757 4512 omnibus
2785 4475 2899 4529 qua:
2921 4460 3144 4513 retribuit
3191 4461 3314 4512 mihi
3340 4461 3365 4513 ?
3393 4459 3614 4515 Calicem
3663 4479 3750 4514 sa-

2164 4526 2342 4580 lutaris
2367 4526 2654 4598 accipiam,
2701 4540 2749 4584 et
2798 4526 2983 4583 nomen
3031 4530 3235 4583 Domini
3281 4532 3522 4586 invocabo
3573 4531 3749 4598 (Psal.

2163 4613 2264 4670 cxv
2283 4639 2298 4661 ,
2333 4598 2399 4652 l9.
2423 4639 2436 4661 ,
2470 4599 2577 4670 15).
2611 4598 2858 4653 Firmiter
2886 4609 3163 4654 teneamus
3183 4602 3306 4670 quia
3332 4616 3456 4668 Spes
3484 4602 3751 4656 bonorum

2165 4669 2217 4722 in
2247 4669 2347 4740 isto
2379 4669 2578 4722 mundo
2607 4684 2713 4723 non
2739 4671 3037 4740 estposita.
3071 4669 3324 4738 Quamvis
3350 4671 3596 4725 videatur
3625 4686 3753 4740 spes

2163 4738 2428 4792 mundana
2473 4755 2626 4804 esse,
2671 4755 2790 4808 qua:
2830 4739 2881 4792 in
2930 4740 3335 4794 amaritudinem
3385 4743 3613 4794 vertitur
3634 4738 3667 4805 ;“
3693 4750 3754 4795 ct

2162 4823 2404 4880 amaram
2431 4811 2697 4876 potionem
2724 4811 2836 4878 ipse
2866 4809 3095 4863 mundus
3122 4811 3447 4865 amatoribus
3470 4812 3584 4864 suis
3627 4825 3754 4880 pro-

2163 4879 2327 4946 pinat.
2371 4879 2434 4931 Et
2477 4881 2586 4948 ipsa
2622 4880 2814 4932 veritas
2843 4896 2935 4933 cos
2984 4880 3310 4947 alloquitur,
3368 4882 3588 4944 dicens,
3632 4879 3746 4938 Ubi

2163 4949 2406 5056 pitvquod
2440 4949 2739 5002 amabatis?
2767 4949 2854 5002 ubi
2889 4958 2971 5004 est
2997 4950 3137 5019 quod
3171 4967 3265 5020 pro
3297 4967 3488 5021 magno
3519 4953 3753 5009 teneba-

2163 5018 2229 5072 tis
2247 5018 2264 5071 ἲ

2261 5089 2484 5163 εΑιζυΤ
2517 5160 2526 5163 _
2556 5089 2661 5163 L_V.
2743 5087 2909 5156 Quam
2979 5090 3197 5163 lugenda
3265 5092 3550 5145 animarum
3637 5113 3757 5163 per-

2162 5159 2305 5210 ditio.
2362 5158 2406 5212 Ο
2461 5160 2529 5211 mi
2590 5159 2790 5222 frater,
2843 5158 3093 5228 numquid
3145 5162 3330 5214 ferreae
3383 5173 3512 5216 sunt
3555 5158 3764 5218 carttes

2171 5239 2364 5281 nostrae
2385 5271 2399 5290 ,
2436 5238 2490 5282 ut
2517 5244 2620 5282 neu
2644 5231 3086 5291 contremiscam;
3121 5232 3197 5284 vel
3225 5233 3384 5285 etiam
3410 5248 3604 5288 sensus
3659 5250 3756 5288 ιιυ-

2162 5309 2274 5351 stt-r
2301 5299 2704 5358 adamantiuus,
2747 5308 2803 5352 ut
2829 5315 2931 5351 non
2971 5301 3280 5365 mollescat,
3307 5312 3398 5354 ant
3447 5304 3608 5357 etiam
3654 5320 3761 5357 nou

2165 5369 2378 5438 evigilet
2414 5369 2478 5422 ad
2512 5370 2634 5423 talia
2665 5371 2752 5424 Dei
2783 5368 2984 5424 verba?
3013 5369 3188 5437 Quare
3234 5387 3338 5425 non
3368 5373 3599 5428 dicimus
3638 5387 3762 5428 cum

2226 5629 2244 5661 ι
2270 5635 2373 5678 uss.
2401 5631 2614 5687 mtiorcs
2636 5668 2649 5687 ,
2677 5637 2977 5680 sacramenta
3000 5630 3265 5683 incurrant.

2227 5692 2384 5771 {ardui
2406 5688 2486 5741 hic
2507 5691 2854 5771 addunt,.en’im
2875 5705 3035 5742 omnes
3056 5691 3139 5756 qui
3174 5692 3224 5742 in
3247 5688 3334 5771 hoc
3372 5699 3554 5771 swculo
3584 5702 3758 5771 felices

2156 5764 2264 5806 sunt
2287 5755 2616 5830 [elices‘erunt
2636 5766 2679 5810 et
2703 5759 2752 5830 in
2771 5764 2974 5830 futuro;
2998 5777 3084 5814 nec
3118 5779 3282 5815 omnes
3315 5765 3541 5830 infelices
3584 5755 3637 5826 in
3664 5778 3761 5829 hoc

2156 5821 2334 5871 arcula
2358 5821 2574 5884 infelices
2604 5829 2744 5874 erunt
2765 5821 2813 5874 itt
2843 5821 3027 5890 futuro.
3054 5831 3160 5879 Nec
3179 5821 3397 5892 propter.
