3986 6498
275 425 412 481 1077

271 538 419 603 dem,
453 538 506 592 in
549 536 764 607 vigiliis,
797 547 851 592 tn
887 535 1104 605 jejuuiis
1125 577 1138 600 ,
1171 535 1220 589 in
1253 533 1580 607 orationibus
1602 541 1848 607 constan-

272 619 355 661 ter
384 604 680 662 strenuam.
717 608 785 658 Da
814 604 980 659 etiam
1013 609 1063 659 iu
1094 605 1494 660 mansuetudine
1521 604 1846 657 moderatum

270 692 578 732 sermonem
606 718 622 741 ,
653 676 872 745 adipisci
902 679 1200 741 silentium;
1236 684 1292 729 ut
1334 679 1516 742 loquar
1553 673 1692 742 quod
1707 689 1847 745 cou-_-

271 748 454 811 decet,
489 755 694 802 taceam
724 743 864 815 quod
895 747 1036 816 loqui
1066 762 1168 799 non
1197 754 1406 816 oportet
1432 763 1445 799 :
1477 745 1557 816 vel
1592 743 1846 816 quidquid

271 833 338 870 ex
368 819 622 870 virtutum
670 813 926 870 fructibus
966 813 1209 870 conferre
1235 813 1571 883 dignaberis.
1617 813 1694 866 Da
1732 813 1849 868 sine

270 887 457 956 aliquo
486 902 672 941 errore
715 885 1104 940 immaculatum
1149 885 1242 939 tibi
1290 883 1702 956 scrvare‘ﬁdem
1728 925 1742 944 ,
1797 892 1848 937 et

264 954 421 1024 juxta
451 957 608 1012 ﬁdem
633 956 790 1024 digna
822 957 838 988 ¹
861 971 981 1010 esse
1019 970 1176 1023 opera
1208 970 1323 1008 mea
1355 973 1367 1007 :
1396 965 1450 1006 ut
1473 954 1626 1007 ﬁdem
1651 965 1847 1024 rectam

269 1023 439 1094 opere
462 1041 630 1094 pravo
656 1023 760 1080 neu
792 1026 1056 1094 polluant;
1085 1036 1137 1079 et
1162 1034 1212 1079 te
1231 1067 1245 1088 ,
1278 1040 1433 1094 quem
1466 1025 1601 1077 bene
1626 1023 1849 1077 credeu~

269 1096 345 1149 do
396 1096 686 1162 conﬁteor,
726 1097 865 1150 male
920 1095 1148 1149 vivendo
1195 1110 1300 1148 non
1357 1095 1652 1162 denegem;
1703 1103 1756 1146 et
1799 1103 1848 1146 te

269 1181 434 1234 quem
461 1177 677 1220 strenua
712 1165 814 1220 ﬁde
843 1181 1039 1233 sequor
1064 1174 1186 1219 actu
1208 1206 1220 1226 ,
1245 1165 1576 1234 negligentia:
1600 1164 1848 1230 Operihus

271 1251 382 1288 non
411 1235 696 1292 offendam.
734 1235 836 1288 Fac
883 1251 965 1288 me
997 1236 1047 1289 in
1087 1242 1272 1288 sancto
1296 1242 1696 1303 conversantem
1719 1248 1848 1303 pro-

272 1307 487 1373 posito,
555 1307 703 1374 sequi
753 1305 1051 1375 justitiam,
1114 1304 1336 1373 diligere
1384 1302 1842 1375 misericordiam,

269 1372 461 1429 amare
492 1372 790 1436 veriL'itetii,
822 1375 1052 1430 refutare
1099 1372 1454 1436 mendacium,
1483 1373 1672 1426 falsum
1718 1372 1848 1425 nihil

269 1445 520 1499 meditari
545 1445 625 1498 vel
659 1445 834 1514 loqui;
866 1454 917 1499 te
945 1445 1305 1498 indesinenter
1328 1445 1534 1508 timere,
1568 1452 1618 1496 te
1647 1457 1845 1514 auare,

274 1524 328 1567 te
362 1515 607 1582 diligere.
634 1513 1017 1582 tuaprzecepta
1047 1530 1282 1579 servare,
1322 1529 1504 1582 pacem
1530 1527 1648 1565 cum
1677 1513 1847 1565 omni-

270 1584 377 1637 bus
405 1585 522 1638 sine
562 1585 686 1650 do_lo
737 1585 968 1638 retinere
994 1587 1038 1650 ’,
1066 1584 1340 1638 discordes
1376 1585 1491 1638 sine
1516 1582 1850 1635 simulatione

267 1654 336 1724 ad
370 1655 711 1724 concordiam
731 1669 1022 1724 provocare
1039 1695 1054 1721 ,
1075 1653 1384 1724 charitatem
1407 1652 1610 1724 cunctis
1633 1653 1852 1704 insimu-

270 1721 440 1777 latam
469 1723 663 1777 offerre
693 1766 708 1789 ,
734 1721 950 1777 'uullum
1003 1722 1380 1787 scandalizare,
1439 1722 1567 1776 nulli
1601 1737 1685 1775 me
1711 1738 1845 1788 pra:-

266 1792 441 1856 ft-rre,
473 1793 566 1847 sed
595 1795 840 1848 omnibus
866 1792 1175 1847 inferiorem
1203 1793 1463 1862 judicare,
1492 1794 1842 1862 reverentiam

265 1873 324 1917 et
365 1863 619 1917 honorem
664 1879 767 1916 non
802 1873 1017 1932 propter
1043 1861 1284 1917 timorem
1311 1871 1580 1931 potentum
1602 1902 1616 1922 ,
1659 1861 1753 1915 sed
1780 1862 1848 1915 oh

265 1933 603 1987 Altissimum
654 1931 946 1998 exhibere;
1001 1933 1301 1986 senioribus
1359 1933 1756 1992 obedientiam,
1793 1942 1849 1985 et

267 2003 593 2057 charitatem
642 2003 932 2064 aequalibus
968 2002 1160 2056 offerre
1185 2002 1243 2072 ';
1268 2003 1488 2072 gratiam
1538 2010 1848 2072 Opportuna:

264 2073 578 2126 dilectionis
598 2072 899 2142 junioribus
927 2071 1208 2126 ostendere
1234 2071 1283 2134 δέ
1301 2072 1528 2126 fraterna
1551 2087 1711 2125 onera
1734 2071 1848 2125 sive

267 2143 510 2210 pericula
541 2142 908 2211 aequanimiter
935 2143 1197 2195 sustinere
1228 2142 1270 2196 ἐ
1301 2144 1507 2196 ουιιοιίε
1545 2142 1701 2194 simul
1731 2158 1849 2208 pro-

265 2213 472 2278 desse,
528 2229 632 2265 nou
675 2212 900 2276 obesse;
933 2213 1062 2265 nulli
1113 2227 1336 2273 nocere,
1387 2213 1511 2266 nulli
1539 2211 1843 2274 adversari,

263 2283 484 2336 nullum
516 2283 849 2344 calumniari,
881 2283 1006 2334 nulli
1035 2281 1410 2336 oﬂ'endiculum
1443 2297 1638 2349 ponere
1662 2322 1676 2347 ,
1726 2282 1844 2333 titil-

268 2351 387 2404 lum
411 2351 670 2420 judicare,
706 2353 832 2405 nulli
859 2351 1164 2416 detrahere,
1189 2352 1315 2405 nulli
1349 2351 1652 2420 injuriosam
1685 2366 1802 2403 esse
1829 2392 1843 2416 ,

266 2421 476 2475 nullius
533 2437 753 2489 carpere
795 2423 992 2487 vitam,
1027 2422 1220 2475 nullius
1251 2423 1527 2488 explorare
1556 2422 1798 2475 semitam
1830 2437 1842 2481 ;

267 2491 369 2544 sed
403 2491 470 2546 de
501 2507 586 2546 me
613 2491 722 2560 ipsa
779 2501 976 2544 tantum
1031 2507 1147 2546 esse
1178 2492 1454 2544 sollicitam
1483 2509 1495 2543 :
1530 2493 1723 2544 malum
1752 2506 1847 2558 pro

265 2561 420 2614 malo
446 2576 775 2630 nequaquam
802 2562 1116 2629 rependere,
1148 2562 1453 2628 iujuriarmn
1487 2577 1720 2614 mearum
1753 2575 1848 2614 nec

265 2646 570 2686 memorem
595 2646 712 2685 esse
740 2632 1020 2694 ullatenus,
1054 2647 1148 2684 nec
1180 2631 1474 2693 vindicem;
1505 2631 1595 2684 sed
1626 2632 1675 2683 in
1703 2631 1844 2682 omni

265 2699 512 2754 bonitate
551 2715 803 2769 superare
827 2702 1080 2754 malitiam
1116 2701 1486 2755 :malcdiceuti
1521 2700 1846 2754 benedictio—

266 2785 397 2824 nem
429 2786 616 2838 parare
640 2812 655 2834 ,
685 2771 955 2824 inimicum
988 2780 1042 2824 ut
1068 2772 1297 2824 amicum
1339 2771 1580 2839 diligere,
1612 2771 1847 2824 convicia

265 2848 324 2894 et
353 2841 706 2894 contumelias
725 2841 1066 2895 irascentium
1093 2841 1376 2901 sustinere,
1401 2855 1506 2894 non
1533 2839 1846 2908 rependere,

266 2909 502 2978 injurias
542 2911 648 2964 cito
677 2910 915 2964 oblivisci
936 2951 952 2975 ,
980 2910 1229 2964 offensori
1261 2926 1380 2964 meo
1419 2911 1694 2980 ignoscere
1719 2951 1732 2972 ,
1783 2909 1848 2963 ad

267 2981 486 3032 veniam
537 2980 932 3034 concedendam
966 2995 1178 3047 semper
1207 2990 1442 3048 paratam
1493 2995 1647 3034 esse:
1680 2981 1850 3033 aliena

265 3063 384 3102 non
428 3051 830 3118 concupiscere,
883 3064 981 3102 nec
1033 3050 1316 3104 occasione
1342 3050 1576 3118 qualibet
1603 3051 1850 3114 auferre;

265 3133 552 3188 meavero
605 3135 709 3173 non
761 3119 1078 3173 habentibus
1123 3121 1536 3174 misericorditer
1580 3135 1803 3188 erogare
1839 3137 1851 3172 :

264 3187 416 3256 apud
445 3205 530 3244 me
559 3199 774 3259 propter
802 3198 873 3252 te,
905 3190 994 3258 qui
1023 3189 1292 3243 redemisti
1318 3205 1404 3243 me
1430 3232 1444 3254 ,
1473 3187 1705 3244 retinere
1730 3204 1852 3259 esu-

263 3263 501 3312 rientem
521 3301 535 3321 ,
563 3258 638 3312 et
685 3259 878 3313 deinde
908 3259 1130 3314 reﬁcere
1150 3300 1162 3318 .
1197 3259 1462 3313 sitientem
1509 3268 1711 3328 potare,
1761 3258 1856 3312 ho-

264 3328 468 3395 spitem
494 3330 770 3398 Colligere,
797 3329 992 3382 nudum
1025 3330 1256 3395 operire,
1291 3331 1501 3383 visitare
1527 3331 1850 3398 languidum,

265 3398 549 3466 requirere
578 3408 916 3453 cat-ceratum
940 3441 952 3458 .
984 3400 1250 3452 consolari
1280 3400 1482 3453 tristem
1509 3440 1524 3462 ,
1557 3399 1753 3454 afﬂicto
1803 3406 1856 3452 et

265 3468 475 3535 lugenti
525 3470 786 3536 compati,
817 3485 920 3522 non
964 3468 1176 3523 habenti
1222 3469 1458 3536 praebere
1506 3470 1804 3522 necessaria
1837 3509 1850 3525 .

266 3537 474 3607 victum
520 3547 576 3593 et
621 3540 870 3592 vestitum
909 3538 1150 3592 dividere
1202 3553 1322 3592 cum
1369 3553 1577 3607 egeno:
1607 3539 1854 3606 ampiecti

266 3606 604 3678 indigenam,
635 3608 817 3662 fovere
845 3609 1219 3673 domesticum,
1252 3606 1431 3662 amare
1468 3611 1802 3678 peregrinum
1836 3649 1848 3670 ,

271 3677 543 3746 redimere
571 3680 859 3746 captivum,
897 3679 1169 3745 SuSt-ipcrc
1189 3677 1480 3742 advenam,
1516 3680 1646 3730 tueri
1682 3679 1853 3746 pupil-

265 3744 384 3799 lum
415 3755 468 3799 ct
495 3744 792 3816 orphanum
827 3789 840 3811 ,
871 3744 1148 3815 suffragari
1197 3748 1365 3800 vidu:c
1388 3789 1403 3813 ,
1437 3744 1718 3801 subvenire
1756 3744 1852 3814 op-

307 3830 485 3880 resso,
530 3828 786 3886 praestare
815 3818 1068 3871 auxilium
1099 3817 1360 3884 desolato,
1388 3818 1720 3886 «Ιίειηυιιιρρνιξ
1747 3818 1858 3870 eul-

291 3885 556 3956 igatioues
599 3887 884 3958 impietatis
918 3905 930 3941 :
965 3887 1046 3943 vel
1086 3902 1430 3957 quaecumque
1472 3885 1853 3956 prazceptorum

335 4061 355 4135 1
392 4068 470 4135 ts-
496 4061 816 4135 αριρβτιίρυεν
840 4063 1056 4135 sianum,-

332 4123 355 4154 ³
390 4124 474 4196 ῃὶο
493 4124 682 4196 additur
705 4126 755 4173 in
792 4123 953 4196 editis,
975 4124 1186 4175 subditos
1209 4138 1300 4174 non
1320 4125 1606 4190 opprimere,
1639 4138 1714 4176 me
1751 4140 1855 4189 prae

259 4183 808 4248 atytibtts‘peccatorem
828 4183 1080 4248 ἐηδρὶσενε.

333 4244 735 4317 ᾗωιιὶξιιιιᾱιωι,
771 4244 1061 4317 principique
1095 4253 1140 4297 et
1158 4247 1478 4317 potestatibus
1512 4247 1782 4299 christiam's
1803 4247 1855 4300 in

263 4303 407 4371 nullo
429 4305 666 4371 resistere,
700 4303 788 4358 sed
812 4307 862 4357 in
882 4303 1094 4358 euntibus
1121 4303 1462 4371 obtemperare.

336 4367 356 4432 ξ
397 4373 594 4432 Rursum
617 4369 698 4432 hic,
719 4371 854 4432 editi,
878 4375 1128 4432 paternum
1149 4367 1366 4432 e/ﬂ'clum
1387 4377 1667 4422 maturare.

332 4429 355 4460 ⁵
391 4435 508 4498 Tum
529 4430 673 4498 etiam
685 4431 847 4498 isthic,
871 4429 1078 4498 amicum
1095 4429 1215 4479 velut
1230 4431 1441 4481 animam
1462 4446 1615 4483 meam
1633 4431 1852 4496 diligere,

263 4489 549 4550 proximrmt
570 4489 692 4540 sicut
713 4490 1041 4552 memetipsum
1059 4506 1238 4542 anuu'e.

1136 422 1506 480 ADMONITIO
1545 421 1609 478 IN
1648 420 2192 492 SUBSEQUENTEM
2231 424 2671 484 TRACTATUM.

1943 1373 2372 1441 corporeumorlis
2413 1371 2824 1441 liujusTGralia
2885 1371 2998 1428 Dei.
3044 1375 3140 1427 l’cr

3390 430 3522 485 1078

1952 540 2158 606 tuorum
2187 533 2499 606 documenta
2545 535 2850 602 declarant,
2883 537 3162 606 diligenter.
3187 537 3409 592 credere
3460 549 3515 592 et

1953 603 2154 666 audire,
2185 605 2430 659 ardenter
2467 607 2778 677 investigare
2801 649 2814 670 ,
2849 603 3138 677 prudenter
3176 610 3334 668 scire,
3365 607 3505 661 festi-

1953 683 2437 744 nanter'exerccre,
2469 675 3096 744 desideranterimplere
3116 717 3132 744 ,
3163 688 3214 731 et
3243 692 3421 731 coram
3468 687 3526 730 te

1963 742 2214 815 humilem
2236 759 2447 812 semper
2475 747 2703 799 existere
2736 771 2749 800 ι
2780 756 2836 799 ιιι
2864 742 3096 815 surgam,
3117 742 3231 800 'uon
3263 747 3482 815 dejiciar
3509 763 3522 808 ;

1952 812 2162 881 erigar,
2206 829 2308 866 non
2338 815 2594 878 subruar;
2627 817 2906 870 ascendam
2933 812 2979 878 ,'
3002 833 3103 870 nou
3144 812 3462 870 descendam
3511 832 3527 870 .'

1951 883 2071 955 quia
2100 898 2244 948 caro,
2268 899 2386 937 cum
2435 901 2536 952 qua
2563 884 2817 949 inhabile,
2851 902 3057 955 semper
3083 886 3276 940 ducere
3299 900 3383 940 me
3403 887 3523 939 vul't

1952 951 2017 1003 ad
2043 963 2310 1019 peccatum
2334 969 2348 1016 ;
2377 951 2723 1008 mecumvult
2745 951 2986 1008 coronari
3009 998 3022 1020 ,
3053 956 3146 1010 sed
3166 971 3268 1009 non
3297 970 3520 1010 mecum

1951 1021 2241 1075 decertare.
2273 1023 2729 1094 Nullumpejorem
2753 1025 2921 1093 patior
2942 1026 3142 1079 hostem
3163 1066 3178 1090 ,
3207 1040 3362 1094 quam
3391 1041 3511 1079 cor-

1953 1107 2058 1162 pus
2085 1093 2134 1144 in
2188 1108 2294 1161 quo
2326 1093 2580 1147 inhabito.
2614 1095 2706 1148 Est
2734 1096 2873 1148 enim
2914 1097 3060 1162 quasi
3093 1095 3176 1150 leo
3224 1093 3514 1149 SubverSor

1953 1161 2004 1213 iu
2032 1161 2189 1233 domo
2221 1178 2356 1225 mea,
2393 1164 2623 1233 undique
2664 1179 2748 1219 me
2795 1161 3044 1233 pestifero
3094 1180 3271 1218 morsu
3316 1163 3510 1218 dilace-

1952 1231 2117 1303 rando
2137 1246 2472 1303 consumens.
2501 1232 2624 1288 Ideo
2654 1231 2808 1303 longa
2839 1233 3052 1288 trahens
3078 1234 3300 1303 suspiria
3322 1233 3513 1288 clami—

1954 1301 2114 1354 tando
2147 1302 2318 1354 dicam
2348 1319 2360 1354 :
2394 1301 2588 1373 Infelix
2605 1319 2694 1373 ego
2715 1301 2884 1366 homo,
2907 1305 3033 1373 quis
3072 1320 3150 1356 me
3174 1301 3509 1373 Vliberabilgde

3183 1381 3338 1440 quem
3361 1373 3384 1424 Ἰ
3415 1371 3513 1425 Per

1950 1438 2124 1512 ._l_esum
2149 1439 2398 1512 Christum
2429 1438 2698 1496 Dominum
2720 1453 2944 1497 nostrum
2966 1443 3140 1512 (Rom.
3164 1438 3257 1507 vit,
3278 1441 3370 1508 ῆι,
3399 1441 3513 1501 95).

1953 1508 2281 1580 Hmc_velim,
2313 1526 2345 1564 ο
2374 1511 2498 1566 Jesu
2544 1512 2784 1567 Salvator
2828 1508 2984 1577 bone,
3016 1513 3340 1580 Redemptor
3367 1512 3504 1580 opti-

1951 1593 2058 1641 me,
2090 1578 2202 1633 haec
2232 1582 2386 1635 velim
2417 1598 2532 1650 qua!
2561 1583 2665 1637 huc
2697 1597 2860 1650 usque
2885 1599 3025 1638 nunc
3049 1578 3392 1652 supplicando
3409 1578 3510 1636 dc-

1951 1657 2160 1722 prccata
2182 1664 2337 1722 sum:
2364 1652 2476 1706 hazc
2524 1662 2579 1706 et
2618 1653 2731 1707 haec
2755 1653 3033 1720 deprecor,
3079 1654 3199 1722 quia
3231 1652 3510 1720 pretiosis-
3553 1715 3556 1717 ι

1953 1718 2090 1771 simo
2126 1721 2382 1791 sanguine
2413 1730 2502 1775 tuo
2529 1722 2799 1791 redempta
2829 1718 2944 1776 sum
2974 1743 2987 1778 :
3020 1732 3074 1776 ut
3097 1718 3314 1791 propter
3340 1724 3514 1775 carnis

1950 1789 2340 1858 corruptionem
2369 1807 2473 1845 non
2495 1807 2704 1861 peream
2717 1789 2780 1845 in
2801 1803 3076 1854 aeternum,
3101 1789 3214 1846 non
3229 1793 3434 1846 veniam
3462 1793 3511 1844 in

1951 1869 2178 1912 tnortem
2205 1863 2524 1924 secundam,
2555 1879 2724 1931 neque
2755 1863 2804 1915 in
2834 1873 3027 1916 terram
3054 1863 3359 1916 oblivionis.
3392 1861 3514 1915 Ihec

1954 1944 2054 1981 vox
2074 1945 2190 1982 mea
2222 1931 2271 1983 in
2298 1931 2516 1986 auribus
2532 1932 2907 1986 misericordia:
2929 1942 3031 1986 tua:
3059 1940 3232 1995 sonet,
3263 1939 3319 1984 ut
3347 1940 3511 1990 tuam,

1951 2013 2057 2051 non
2088 2001 2262 2053 carnis
2292 1999 2476 2054 faciam
2519 2003 2878 2066 voluntatem,
2912 2012 2963 2055 et
2992 2003 3166 2055 omnis
3197 2015 3348 2055 mens
3395 2017 3512 2054 mea

1953 2075 2004 2121 te
2034 2069 2336 2131 meditetur,
2370 2080 2421 2124 te
2443 2071 2756 2137 delectetur,
2791 2081 2840 2125 te
2874 2083 3152 2139 sequatur,
3184 2081 3232 2125 te
3258 2073 3514 2124 conﬁtea-

1954 2147 2057 2201 tur,
2081 2140 2201 2207 quia
2233 2141 2542 2195 rcdimcndo
2572 2158 2655 2195 me
2683 2143 2735 2194 in
2763 2153 3018 2195 aeternum
3044 2140 3401 2194 misericordia
3429 2150 3519 2192 tua

1951 2216 2129 2279 est,iet
2158 2209 2208 2261 in
2247 2220 2332 2262 tua
2361 2211 2722 2265 misericordia
2776 2212 2938 2266 revixi
2988 2211 3189 2279 perdita
3233 2209 3464 2278 peccatis
3496 2211 3511 2240 ⁸

1950 2277 2320 2350 adolescentia:
2351 2297 2504 2346 meai,
2533 2289 2586 2334 ct
2604 2281 2684 2350 egi
2711 2277 3070 2350 paenitentiam
3097 2277 3272 2334 coram
3293 2280 3513 2350 tezquia

1951 2349 2170 2400 servasti
2203 2350 2328 2402 mihi
2375 2360 2581 2418 tempus
2609 2349 2994 2415 conversionis,
3021 2365 3138 2418 qum
3169 2349 3516 2404 considerans

1952 2427 2165 2488 peccata
2189 2435 2302 2473 mea
2324 2430 2636 2488 eompuncta
2663 2437 2798 2481 sum,
2825 2431 2877 2474 et
2902 2431 2950 2472 te
2975 2419 3262 2485 inSpirantc
3289 2420 3369 2488 egi
3396 2433 3511 2487 pm-

1951 2487 2223 2559 nitentiam
2254 2487 2531 2544 coram’tc.
2559 2491 2825 2559 Laetajam
2858 2489 2979 2544 inde
3003 2489 3094 2542 tihi
3134 2506 3270 2542 nunc
3296 2487 3348 2542 et
3373 2504 3513 2542 sem-

1952 2572 2046 2624 per
2075 2558 2374 2630 innumeras
2408 2561 2602 2629 gratias
2635 2558 2805 2614 refero
2831 2579 2842 2612 :
2876 2561 2996 2630 quia
3027 2567 3085 2630 ut
3113 2560 3406 2612 invenirem
3435 2569 3504 2622 te,

1952 2635 2003 2678 tu
2038 2628 2179 2696 prius
2207 2628 2438 2697 qumsisti
2482 2646 2603 2695 me;
2637 2640 2691 2683 ut
2735 2628 2963 2684 rcdircm
2989 2629 3053 2682 ad
3086 2639 3157 2694 te,
3205 2637 3256 2682 tu
3293 2643 3514 2696 compu—

1952 2697 2081 2769 listi,
2108 2706 2162 2750 ut
2189 2699 2499 2754 verberarer
2519 2701 2538 2730 ²
2561 2709 2612 2752 ιιι
2642 2700 2777 2753 sicut
2801 2702 2911 2768 pius
2936 2709 3087 2769 pater
3115 2699 3389 2766 reSpcxisti
3416 2715 3429 2763 ;
3462 2708 3518 2751 ut

1951 2767 2232 2850 conﬁterer
2257 2809 2271 2832 ,
2328 2767 2812 2850 tu_es.opera_tus
2842 2779 2891 2823 et
2925 2767 3521 2850 utnmefccognosceus

1954 2837 2276 2905 plangerem,
2303 2846 2355 2890 tu
2383 2837 2571 2893 dedisti
2599 2840 2747 2909 mihi.
2776 2840 2938 2906 Pone,
2985 2838 3223 2909 Domine,
3260 2839 3519 2909 lacrymas

1956 2922 2100 2980 meas
2130 2909 2179 2960 in
2207 2920 2494 2980 conspectu
2518 2919 2606 2961 tuo
2640 2908 2806 2980 (Psal.
2839 2925 2920 2980 μ’,
2955 2908 3035 2978 9),
3065 2917 3119 2962 et
3154 2908 3423 2975 perveniat
3453 2909 3518 2980 ad

1958 2985 2008 3028 te
2033 2977 2082 3029 in
2119 2979 2308 3030 malum
2338 2977 2800 3046 tleprecatio'mea.
2839 2977 3056 3042 Adesto,
3085 2993 3288 3045 precor,
3321 2987 3374 3030 et
3395 2978 3518 3030 sab-

1960 3047 2115 3109 veui,
2149 3059 2304 3115 atque
2347 3049 2396 3101 iu
2429 3051 2670 3102 manibus
2709 3049 2810 3102 tuis
2857 3048 3275 3102 commendatam
3306 3047 3396 3100 tibi
3439 3064 3524 3100 tne

1964 3116 2128 3182 ipsam
2153 3119 2378 3185 suscipe,
2413 3117 2644 3172 liberans
2675 3133 2757 3171 me
2797 3118 2861 3171 dc
2887 3134 2978 3171 ore
3005 3117 3278 3172 smvissimi
3326 3117 3516 3170 draCo-

1963 3186 2064 3250 nis,
2099 3194 2151 3238 et
2179 3187 2251 3256 de
2276 3203 2431 3240 manu
2472 3189 2786 3242 atrocissimi
2835 3188 3044 3241 inferni.
3091 3189 3223 3240 Cum
3256 3187 3524 3256 acceperis

1962 3271 2065 3320 me,
2090 3264 2143 3309 ct
2163 3255 2371 3311 auferes
2396 3257 2460 3311 de
2483 3258 2655 3311 medio
2683 3259 2879 3311 Ulltltrtl‘.
2908 3257 3091 3311 mortis
3117 3275 3129 3311 :
3161 3258 3266 3310 imo
3293 3255 3526 3312 dedoces

1961 3327 2010 3380 ili
2043 3329 2284 3380 semitam
2322 3328 2480 3390 lucis,
2525 3329 2576 3381 in
2629 3329 2993 3381 clarissimam
3025 3327 3290 3396 regionem
3340 3328 3525 3380 viven-

1961 3398 2108 3449 tium.
2147 3397 2357 3450 Colloca
2400 3413 2484 3451 me
2523 3398 2574 3450 in
2620 3399 2784 3450 caulis
2837 3398 3112 3450 tutissimis
3149 3412 3366 3466 gregum
3411 3407 3526 3450 tuo.

1959 3483 2074 3519 rum
2098 3483 2110 3526 ;
2143 3468 2260 3534 quia
2287 3476 2336 3518 tu
2360 3482 2418 3519 es
2446 3477 2623 3535 pastor
2652 3468 2840 3527 bonus.
2873 3468 2960 3536 qui
2989 3468 3212 3536 requiris
3241 3476 3292 3520 et
3314 3467 3526 3521 reducis

1961 3537 2184 3604 perdita,
2221 3538 2381 3590 tueris
2409 3546 2464 3590 et
2491 3539 2664 3590 salvas
2697 3540 2906 3591 inventa
2933 3579 2948 3602 ,
2978 3537 3122 3591 foves
3151 3545 3204 3590 et
3230 3552 3388 3590 sanas
3414 3537 3515 3588 Ian-

1958 3606 2191 3674 guentia.
2221 3606 2284 3658 Et
2319 3617 2368 3658 tu
2401 3621 2460 3660 es
2501 3608 2770 3660 miseriors
2803 3609 3054 3660 Dominus
3079 3650 3093 3674 ,
3134 3608 3220 3674 qui
3249 3617 3526 3674 sperantes

1960 3677 2011 3728 iu
2045 3684 2094 3728 te
2122 3691 2224 3728 non
2257 3675 2554 3741 confundis,
2585 3678 2916 3746 requirentes
2947 3687 2996 3731 te
3036 3692 3138 3730 non
3165 3676 3488 3744 derelinquis
3511 3717 3525 3739 ,

1960 3754 2287 3800 revertentes
2318 3746 2383 3798 ad
2424 3755 2473 3799 te
2505 3762 2607 3798 non
2636 3747 2877 3814 respuis;
2905 3747 2996 3800 sed
3028 3747 3313 3799 cxnltando
3339 3756 3391 3798 et
3421 3747 3521 3798 lau-

1960 3815 2135 3869 dando
2163 3816 2406 3883 suscipis,
2437 3825 2594 3884 atque
2621 3819 2670 3869 iu
2699 3826 2896 3869 aeterna
2923 3815 3245 3870 beatitudine
3270 3831 3369 3867 una
3399 3830 3520 3868 cum

1959 3886 2156 3939 sanctis
2199 3895 2250 3940 et
2286 3886 2467 3939 electis
2508 3887 2610 3940 tuis
2631 3887 2957 3940 :cternalitcr
2990 3901 3210 3954 regnare
3239 3885 3520 3945 concedis;

1959 3957 2078 4024 quia
2111 3966 2189 4008 est
2223 3955 2310 4007 tibi
2341 3972 2457 4007 cum
2483 3965 2684 4009 a-terno
2719 3957 2874 4010 Patre
2903 3965 2954 4010 et
2988 3957 3184 4024 Spiritu
3213 3965 3397 4008 sancto
3421 3971 3520 4005 uua

1961 3972 2078 4007 tuta
2111 3972 2189 4008 est
2223 3972 2310 4007 ιιυι
2341 3972 2457 4007 cum
2483 3972 2684 4009 a-terno
2719 3972 2874 4010 t'atre
2903 3972 2954 4010 et
2989 3972 3184 4024 Spiritu
3213 3972 3397 4008 saneto
3421 3972 3520 4005 uua

1961 3972 2151 4087 deitas,
2185 4027 2372 4094 gloria,
2398 4026 2580 4092 virtus,
2617 4027 2894 4095 imperium
2923 4034 2974 4080 ct
2997 4033 3232 4095 potestas
3260 4027 3309 4078 iu
3334 4025 3524 4079 διυςυιίι

1961 4096 2294 4150 smeulorum.
2321 4099 2508 4149 Amen.

2025 4376 2038 4403 ι
2078 4373 2190 4442 ιξιιιιι
2217 4380 2267 4422 et
2290 4381 2367 4421 iis.
2397 4375 2532 4444 \‘iet.,
2561 4373 2712 4422 revixi
2737 4371 2940 4444 perdita.
2963 4380 3007 4423 et
3031 4372 3226 4423 surrexi
3252 4386 3282 4423 a
3318 4377 3533 4436 mortuis,

1960 4445 2180 4496 quamam
2203 4441 2459 4498 segregostt
2482 4448 2556 4483 me
2576 4449 2605 4482 (ι
2630 4441 2852 4496 pecudis.

2023 4498 2042 4526 ¹
2077 4501 2142 4543 tta
2162 4503 2268 4545 Mss.
2294 4497 2353 4545 At
2371 4497 2727 4555 editi,vererer.

538 4671 714 4748 erased
728 4673 1058 4748 gingsuperiore
1081 4674 1204 4748 libro
1226 4679 1382 4726 minus
1399 4678 1622 4728 dissentit
1643 4692 1672 4728 a
1698 4687 1822 4738 Mss,
1857 4693 2017 4743 neque
2042 4681 2118 4729 hie
2140 4681 2406 4732 iudicantur
2425 4695 2454 4732 a
2474 4685 2614 4733 nobis
2637 4685 2876 4734 editiones
2896 4683 3001 4733 alia:
3018 4697 3159 4747 quam
3179 4699 3288 4748 quae
3309 4699 3371 4735 ex
3397 4692 3538 4735 Lora-

263 4731 517 4780 niensium
539 4731 877 4796 recognitione
897 4735 1194 4797 prodierunt.

263 4926 3382 4964 .____________________________________________

1035 5087 1486 5149 ADMONITIO
1529 5089 1608 5149 IN
1637 5089 2259 5165 SUBSEQUENTEM
2302 5091 2812 5156 TRACTATUM.

345 5278 496 5332 Inter
515 5274 767 5347 Cypriani
795 5291 1007 5345 quoque
1036 5291 1200 5345 Opera
1230 5278 1467 5346 vulgatus
1487 5285 1568 5332 est
1595 5278 1696 5333 iste
1721 5287 1972 5333 tractatus
1991 5319 2006 5342 ,
2029 5278 2340 5332 auctoritate
2361 5287 2594 5334 veterum
2625 5281 2824 5351 aliquot
2849 5283 3123 5349 librorum,
3151 5301 3374 5355 quorum
3406 5291 3537 5343 falsa

271 5369 629 5439 inscriptione
655 5367 862 5436 decepti
892 5377 1016 5422 sunt
1043 5371 1329 5438 scriptores
1355 5369 1577 5438 antiqui,
1603 5369 1691 5438 qui
1719 5384 1839 5422 eum
1869 5369 2082 5423 nomine
2107 5368 2353 5439 Cypriani
2376 5369 2557 5434 citant,
2593 5369 2755 5425 Jonas
2786 5373 3182 5430 Aurelianensis
3223 5378 3271 5432 in
3304 5377 3438 5434 libro
3487 5381 3548 5436 de

274 5460 616 5516 Institutione
642 5459 807 5528 regia,
831 5474 948 5528 cap.
979 5459 1029 5516 5.
1052 5459 1102 5513 ἰιι
1132 5458 1399 5529 Spicilegii
1429 5468 1571 5512 tonio
1614 5460 1682 5524 5;
1727 5458 1836 5524 lvo,
1873 5461 1962 5514 lib.
1994 5458 2047 5523 8,
2080 5468 2132 5513 et
2156 5459 2439 5513 Gratianus
2467 5460 2561 5514 lib.
2602 5462 2674 5516 2'5
2699 5504 2712 5526 ,
2745 5473 2933 5532 qurest.
2966 5465 3019 5528 5,
3051 5482 3169 5536 cap.
3203 5468 3333 5522 Rex.
3367 5471 3549 5539 Augu-

272 5551 417 5605 stino
453 5557 637 5605 autem
679 5550 957 5617 pauciores
1003 5549 1126 5604 Mss.
1161 5551 1435 5614 tribuunt,
1492 5559 1549 5603 ut
1581 5549 1845 5604 recentior
1886 5550 2098 5619 quidam
2160 5549 2479 5605 Victorinus.
2525 5551 2776 5621 Ejusdem
2805 5559 3100 5625 argumenti
3152 5560 3340 5614 librum
3371 5561 3550 5624 edidit,

278 5639 624 5707 llincmarus,
660 5637 910 5693 latentem
940 5639 1132 5704 adhuc,
1165 5637 1262 5694 sed
1283 5639 1347 5694 ab
1376 5638 1478 5694 hoc
1521 5647 1742 5694 tractatu
1779 5639 1934 5709 longe
1973 5639 2326 5694 όίῐΐιξιυιιιιιιιι.
2364 5641 2514 5696 Patet
2551 5659 2614 5699 ex
2644 5645 2744 5699 illis
2769 5646 2835 5702 de
2871 5649 2982 5718 ipso
3007 5649 3286 5707 Flodoardi
3318 5655 3531 5718 verbis.

278 5733 369 5790 lib.
398 5735 453 5803 ὅ,
501 5748 624 5803 cap.
661 5732 766 5789 £8:
799 5749 818 5783 ι
855 5731 1076 5803 Scripsit
1096 5731 1254 5787 etiarn
1284 5730 1349 5786 ad
1399 5731 1794 5788 instructionem
1824 5732 1989 5801 ipsius
2014 5733 2148 5802 regis
2180 5732 2244 5788 de
2266 5732 2541 5789 duodecim
2572 5737 2838 5806 Abusivis,
2867 5749 3170 5799 sanctorum
3205 5745 3454 5816 colligens
3482 5753 3548 5806 de
