4016 6516
556 435 694 490 1085

557 546 684 622 tutis
713 545 968 622 rigorem_._
1005 542 1113 599 Sed
1154 543 1240 599 hic
1267 543 1478 622 virtutis
1507 542 1669 611 rigor
1682 555 1793 622 non
1837 547 1943 622 tam
1989 550 2137 622 exta.

557 615 685 670 riori
734 609 1072 680 fortitudine,
1117 630 1232 684 quin
1275 623 1330 670 et
1375 614 1487 682 ipsa
1531 609 2137 684 Astaculariluisdpminis

558 685 855 761 necessaria
890 693 992 748 est,
1025 678 1244 761 indiget,
1271 678 1429 761 quam
1459 681 1620 761 animi
1651 680 1888 736 interiori
1924 678 2140 761 forti-tu-

557 753 683 808 dine
724 754 878 809 bouis
919 749 1160 808 moribus
1183 749 1420 809 exerceri
1445 754 1602 807 debet
1635 769 1646 806 :
1680 766 1822 820 saepe
1851 750 1993 805 enim
2034 749 2135 820 do-

560 823 798 902 minandi
824 825 991 902 virtus
1019 841 1113 893 per
1131 825 1292 902 animi
1323 823 1695 902 negligentiam
1728 819 1979 902 perditur,
2001 819 2138 902 sicut

560 894 612 948 in
643 893 761 948 Heli
809 891 1086 948 sacerdote
1141 897 1332 948 l‘actum
1381 894 1541 947 fuisse
1591 891 2000 959 comprobatur;
2047 892 2136 958 qui

559 964 686 1017 dum
711 979 805 1033 per
824 965 1160 1019 severitatem
1184 964 1364 1033 judicii
1397 974 1676 1032 peccantes
1703 961 1837 1014 ltlios
1859 975 1964 1014 non
1986 974 2140 1033 c_oer-_-

559 1030 784 1099 cuit,'in
810 1049 994 1088 eorum
1025 1030 1305 1088 vindictam
1340 1030 1592 1086 Dominus
1618 1033 1760 1085 velut
1785 1030 2139 1085 consentienti

561 1118 665 1180 non
695 1105 936 1180 pepercit
969 1103 1022 1176 (ι
1054 1104 1178 1180 Reg:
1209 1121 1264 1180 n,
1291 1102 1498 1174 27-56).
1527 1103 1648 1156 Tria
1687 1116 1814 1169 ergo
1843 1101 2140 1180 necessaria

561 1174 660 1228 hos
683 1171 776 1242 qui
796 1171 1144 1228 dominantur
1165 1175 1362 1227 habere
1408 1171 1653 1242 oportet;
1699 1181 1953 1242 terrorem
1999 1171 2142 1224 scili-

560 1252 667 1320 (ζει,
692 1240 752 1320 et
780 1244 1189 1307 ordinationem,
1221 1253 1274 1297 et
1301 1240 1711 1320 amor’einni‘iisi
1752 1240 1893 1320 enim
1935 1250 2142 1320 ametur

562 1313 812 1368 dominus
837 1322 890 1367 et
938 1324 1224 1378 metuatur,
1256 1315 1520 1368 ordinatio
1564 1313 1700 1366 illius
1743 1318 1990 1365 constare
2039 1313 2140 1363 mi—

563 1383 708 1437 nime
741 1384 951 1452 poterit.
983 1385 1084 1438 Per
1105 1384 1357 1438 beneﬁcia
1385 1399 1510 1452 ergo
1537 1392 1592 1436 et
1624 1381 1983 1435 aﬁ'abilitatem
2017 1395 2139 1448 pro-

561 1463 709 1507 curet
744 1462 799 1505 ut
827 1453 1073 1521 diligatur
1099 1471 1112 1507 :
1140 1464 1192 1507 et
1224 1470 1316 1522 per
1349 1454 1516 1521 justas
1556 1453 1834 1518 vindictas,
1863 1467 1966 1503 non
2016 1466 2142 1518 pro-

601 1524 692 1576 riae
745 1523 972 1590 injuriae,
1017 1525 1108 1577 sed
1163 1524 1292 1592 legis
1343 1524 1455 1587 Dei,
1499 1522 1707 1576 studeat
1747 1529 1802 1574 ut
1855 1529 2138 1592 metuatur.

601 1538 692 1576 me
745 1538 972 1590 injuriae,
1017 1538 1108 1577 seu
1164 1538 1292 1592 tegis
1343 1538 1455 1587 vet,
1499 1538 1707 1576 studeat
1747 1538 1802 1574 ιιι
1855 1538 2138 1574 metuatur.

561 1538 847 1671 Bropterea
875 1609 1085 1671 quoque
1110 1593 1412 1671 dtun__tnult_i
1441 1592 1674 1671 pendent
1698 1593 1748 1644 in
1775 1606 1858 1653 eo,
1877 1591 2003 1671 ipse
2032 1590 2142 1671 Deo

563 1662 839 1738 adhzerere
865 1660 1056 1738 debet:
1090 1664 1178 1738 qui
1208 1664 1354 1717 illum
1383 1660 1706 1738 iit—ducatum
1737 1660 2028 1738 constituit,
2051 1660 2143 1738 qui

561 1733 628 1785 ad
661 1733 973 1800 portandum
1015 1728 1300 1787 multorum
1346 1749 1508 1787 onera
1542 1734 1712 1799 ipsum
1742 1731 1904 1784 veluti
1950 1728 2141 1784 fortio-

562 1817 676 1856 rem
706 1803 970 1857 solidavit.
1003 1804 1231 1857 Paxillus
1252 1804 1392 1857 enim
1425 1804 1524 1856 nisi
1552 1804 1686 1856 bene
1719 1802 1850 1854 ﬁxus
1882 1800 2137 1862 ﬁrmetur,

562 1882 616 1950 et
644 1873 798 1950 alicui
832 1873 1052 1950 fortiori
1075 1874 1364 1950 adltmreat,
1393 1888 1552 1950 omne
1582 1872 1720 1941 quod
1771 1871 1821 1924 in
1854 1887 1917 1950 eo
1948 1872 2143 1950 pendet

561 1941 669 1997 cito
696 1943 914 2008 labitur;
947 1953 1000 1998 et
1041 1944 1155 2008 ipse
1198 1944 1404 1998 solutus
1443 1959 1471 1995 a
1510 1945 1683 2011 rigore
1709 1957 1818 1994 sua:
1857 1941 2136 2011 ﬁrmitatis,

560 2027 683 2091 cum
712 2014 979 2091 oneribus
1010 2014 1086 2091 ad.
1124 2022 1318 2091 terram
1360 2010 1637 2091 delabitur.
1673 2011 1770 2091 Sic
1797 2020 1849 2065 et
1871 2010 2142 2091 princeps

562 2082 662 2135 nisi
694 2099 790 2136 suo
815 2081 1088 2137 Couditori
1126 2084 1467 2152 pertinaciter
1494 2082 1799 2146 adltaeserit,
1832 2088 1886 2135 et
1930 2081 2063 2148 ipse,
2089 2090 2142 2136 et

561 2166 720 2205 omne
765 2153 905 2220 quod
943 2151 1201 2218 continet,
1232 2154 1337 2208 cito
1365 2153 1590 2220 deperit.
1637 2151 1860 2218 Quidam
1913 2165 2139 2219 namque

562 2236 659 2291 per
681 2221 986 2276 dominandi
1012 2223 1244 2276 ofﬁcium
1271 2223 1387 2291 plus
1417 2224 1526 2277 Deo
1553 2221 2140 2291 appropinquant,qui-

559 2289 682 2362 dam
715 2291 960 2359 imposito
985 2293 1086 2348 sibi
1116 2289 1385 2362 dignitatis
1416 2289 1641 2347 honore
1661 2289 1957 2362 deteriores
1985 2290 2136 2362 ﬁunt.

559 2359 768 2431 Moyses
794 2362 934 2415 enim
977 2359 1197 2430 accepto
1242 2363 1416 2431 populi
1443 2363 1656 2424 ducatu,
1689 2360 2002 2431 l‘an‘tiliarius
2047 2360 2140 2414 Dei

561 2430 918 2503 locationibus
945 2433 1191 2487 utebatur
1239 2430 1430 2503 (Exod.
1464 2448 1657 2496 χχχιιι,
1688 2431 1798 2503 117).
1840 2430 1968 2503 Saul
2013 2445 2140 2503 vero

561 2500 700 2571 ﬁlius
719 2500 810 2554 Cis
838 2512 1110 2570 postquam
1142 2500 1347 2571 sceptra
1373 2504 1519 2568 regni
1551 2502 1804 2569 suscepit,
1835 2515 1928 2568 per
1959 2500 2140 2571 inobe-

559 2570 771 2625 dientiaz
812 2568 1110 2640 superbiam
1159 2568 1322 2625 Deum
1368 2571 1588 2626 oﬁ'endit
1636 2568 1990 2640 (l’Reg.xv,
2023 2568 2135 2639 1|).

560 2641 671 2710 Rex
700 2639 948 2695 SalomOn
977 2653 1251 2710 postquam
1281 2644 1445 2710 patris
1475 2643 1557 2695 sui
1593 2641 1754 2694 David
1795 2639 1974 2694 sedem
2002 2641 2141 2710 obti-

560 2709 694 2771 nuit,
722 2711 862 2764 Deus
901 2709 1048 2764 illum
1079 2709 1216 2766 ultra
1255 2709 1440 2767 omnes
1473 2711 1723 2765 mortales
1762 2710 1904 2763 velut
1961 2709 2025 2762 ad
2058 2709 2141 2763 in-

561 2781 830 2850 numero~i
887 2783 1067 2849 populi
1117 2783 1550 2849 gubernationem
1601 2782 1875 2850 sapientia;
1919 2796 2140 2850 munere

557 2847 902 2921 douavit_(lll
932 2847 1054 2920 Reg.
1090 2847 1164 2907 tu.
1198 2852 1284 2921 12)
1313 2870 1325 2904 :
1358 2868 1388 2905 e
1412 2847 1679 2905 contrario
1708 2849 2137 2921 veroiJeroboatu

556 2934 745 2974 servus
772 2919 1090 2986 Salomonis,
1122 2919 1398 2990 postquam
1428 2922 1574 2987 regni
1599 2921 1787 2990 domus
1828 2919 1990 2973 David
2021 2935 2138 2987 par-

559 2998 667 3058 iem
715 2994 1013 3058 occupavit,
1058 2989 1134 3043 adi
1157 2993 1414 3046 idolorum
1446 2993 1704 3046 culturam
1735 2989 1919 3043 decem
1969 2991 2139 3058 tribus

556 3056 742 3123 Israel,
790 3056 906 3126 quia
952 3071 1104 3113 erant
1150 3061 1199 3114 in
1249 3070 1397 3129 parte
1451 3061 1724 3122 Samarizn,
1769 3056 2134 3129 divertitild.

557 3143 653 3192 xu,
688 3129 905 3200 27.30).
937 3130 1038 3183 l’er
1081 3147 1198 3198 quae
1241 3128 1481 3200 exempla
1522 3129 1794 3184 evidenter
1818 3128 2134 3200 ostenditur,

557 3197 816 3266 quosdam
852 3197 903 3252 in
943 3197 1233 3253 sublimiori
1279 3197 1417 3253 statu
1460 3200 1526 3253 ad
1570 3199 1824 3267 majorem
1857 3199 2136 3266 perfectio-

557 3282 680 3338 nem
714 3283 973 3332 crescere,
1006 3270 1260 3337 quosdam
1293 3287 1418 3323 vero
1463 3287 1557 3338 per
1597 3269 1934 3338 supercilium
1963 3268 2137 3321 domi-

558 3337 789 3390 nationis
825 3339 894 3392 ad
933 3340 1194 3392 deteriora
1227 3337 1481 3394 deﬂuere.
1532 3341 1633 3395 Per
1666 3337 1813 3407 quod
1858 3354 2138 3407 ttirumque

558 3407 887 3476 intelligitur,
935 3423 1030 3462 eos
1079 3410 1170 3477 qui
1220 3413 1284 3462 ad
1337 3411 1555 3463 meliora
1605 3408 1990 3472 conscendunt,
2041 3424 2138 3477 per

557 3477 807 3549 virtutem
847 3479 1010 3549 animi
1053 3489 1105 3531 et
1135 3481 1224 3533 Dei
1255 3481 1512 3533 auxilium
1553 3496 1706 3549 posse
1737 3479 1785 3532 id
1835 3480 2035 3541 facere;
2085 3487 2138 3532 ct

558 3561 661 3618 eos
681 3548 770 3616 qui
815 3549 880 3602 ad
921 3548 1185 3602 deteriora
1215 3548 1567 3612 divcrtuntur,
1606 3566 1698 3618 per
1742 3549 1934 3603 mentis
1971 3549 2136 3603 imbe-

557 3617 828 3689 eillitatem
881 3619 1079 3688 pariter
1126 3629 1180 3672 et
1221 3617 1840 3689 ncgligcutiatncrrare.
1889 3617 2041 3673 Unde
2083 3627 2138 3672 et

557 3685 834 3745 dominum
873 3685 1073 3757 abSque
1107 3685 1313 3744 virtute'
1341 3685 1451 3744 ﬁeri
1491 3707 1596 3744 non
1632 3689 1804 3753 decet,
1837 3704 1992 3758 quam
2025 3689 2135 3741 vir-

558 3766 721 3810 tutcm
751 3759 1053 3813 nullatenus
1101 3761 1214 3813 sine
1255 3760 1348 3814 Dei
1397 3761 1591 3814 auxilio
1623 3759 1798 3813 habet.
1845 3759 1942 3824 Qui
1992 3759 2134 3812 enim

555 3827 700 3880 nulla
728 3835 921 3893 tuetur,
953 3830 998 3882 si
1049 3846 1152 3883 non
1200 3829 1356 3883 habet
1403 3830 1760 3884 fortitudinem
1804 3829 1988 3891 animi,
2024 3843 2128 3882 non

557 3897 696 3970 _valet
725 3897 775 3970 id
804 3913 960 3967 agere
990 3916 1001 3950 :
1030 3900 1279 3968 quoniam
1313 3915 1497 3970 magna
1540 3900 1743 3970 magnis
1764 3899 2133 3970 infestationi-

555 3965 654 4038 hus
683 3969 766 4022 vel
806 3965 1212 4023 adversitatibns
1242 3965 1423 4024 solent
1456 3965 1716 4024 laborare.
1750 3969 1934 4023 Omnis
1979 3969 2136 4038 igitur

555 4037 644 4104 qtti
677 4046 886 4105 praeest,
929 4038 1028 4093 hoc
1070 4041 1309 4108 primitus
1351 4049 1454 4093 tota
1486 4041 1646 4094 animi
1690 4040 1983 4093 intentione
2010 4037 2135 4106 pro-

555 4114 815 4178 curet,_ut
841 4123 934 4176 per
958 4115 1134 4162 omnia
1164 4109 1232 4163 de
1260 4111 1352 4163 Dei
1382 4111 1643 4178 adjutorio
1669 4111 1884 4162 omnino
1908 4124 2010 4160 non
2038 4108 2137 4161 du-

554 4174 705 4248 iiitet.
733 4174 1046 4248 Siuamque
1066 4181 1289 4248 cmperit
1312 4180 1363 4232 in
1393 4174 1596 4233 actibus
1627 4181 1735 4232 suis
1761 4180 2129 4232 auxiliatorem

557 4243 756 4300 habere
797 4243 1074 4300 Dominum
1105 4243 1465 4313 dominorum,
1499 4251 1674 4303 nullus
1707 4249 1975 4302 hominum
2007 4264 2134 4302 con-

557 4317 778 4383 temptui
809 4319 1001 4383 poterit
1043 4318 1238 4371 habere
1287 4319 1401 4386 ejus
1428 4320 1753 4372 dominatum
1786 4336 1799 4370 :
1852 4317 1975 4370 Non
2001 4320 2132 4372 enim

553 4391 629 4436 est
655 4393 872 4458 potestas
901 4387 998 4439 nisi
1025 4403 1055 4438 a
1093 4386 1201 4439 Deo
1233 4388 1405 4458 (Rom.
1448 4405 1559 4453 xui,
1590 4390 1664 4456 1).
1696 4389 1810 4456 Ipse
1850 4389 1989 4442 enim
2015 4389 2128 4442 ele—

555 4453 739 4525 vat’de
776 4463 1010 4510 stercore
1038 4453 1285 4524 egenum,
1311 4469 1358 4510 et
1405 4459 1589 4512 sedere
1620 4453 1742 4511 facit
1769 4473 1888 4511 cum
1933 4458 2133 4525 princi-

556 4523 712 4597 pibus
735 4525 909 4597 populi
951 4525 1031 4578 sui
1065 4523 1230 4597 (Psal.
1259 4543 1385 4591 cxu,
1417 4529 1472 4596 7)
1502 4545 1514 4578 :
1546 4537 1600 4582 et
1624 4529 1842 4597 deponit
1885 4523 2134 4596 potentes

556 4593 624 4646 de
665 4594 813 4668 sede,
847 4603 899 4648 et
937 4593 1136 4668 exaltat
1170 4595 1404 4668 humiles
1446 4593 1592 4668 (Luc.
1632 4614 1670 4662 1,
1695 4593 1829 4668 ⁷5Ξ),
1863 4593 1919 4650 tit
1949 4598 2133 4668 subdi-

555 4671 648 4786 διε
687 4663 778 4718 ﬁat
804 4666 977 4719 omnis
1021 4665 1248 4721 mundus
1279 4667 1408 4733 Deo,
1439 4663 1493 4722 et
1530 4677 1681 4737 egeat
1721 4663 1892 4722 omnis
1935 4667 2131 4738 gloria‘

602 4748 671 4786 et.

602 4748 671 4787 el.

625 4803 900 4859 GBADUS
963 4803 1072 4858 VII.
1138 4803 1453 4861 Christianus
1508 4808 1860 4861 contentiosus.
1918 4805 2135 4862 Conten-

555 4873 704 4927 tionis
730 4891 925 4949 εαιιεαξ.Δ
946 4876 1024 4949 An
1061 4878 1111 4928 in
1142 4877 1329 4949 mutulo
1370 4878 1563 4949 aliquid
1602 4879 1765 4930 amari
1812 4878 2004 4930 debeat.
2033 4878 2132 4932 Sc-

552 4947 750 5012 ptimus
777 4945 1048 4999 abusionis
1095 4946 1288 5014 gradus
1332 4945 1795 5008 estfchristianus
1838 4949 2133 5001 contentio-

552 5028 682 5084 sus:
717 5014 805 5083 qui
842 5031 961 5069 cum
1012 5017 1471 5084 participationem
1521 5019 1748 5071 nominis
1793 5019 1987 5071 Christi
2040 5033 2132 5084 per

554 5082 712 5137 ﬁdem
736 5082 796 5138 et
836 5082 1162 5153 Baptismum
1205 5082 1518 5155 susceperit,
1553 5099 1736 5141 contra
1765 5088 1959 5142 Christi
1989 5082 2128 5140 dicta

551 5161 607 5225 et
652 5155 1000 5222 propositum,
1032 5157 1212 5210 mundi
1257 5158 1452 5210 caduca
1501 5158 1888 5212 delectameuta
1936 5157 2126 5225 diligit.

551 5222 723 5295 ()mne
760 5225 924 5295 enim,
956 5225 1023 5279 de
1061 5241 1166 5294 quo
1209 5228 1566 5294 contenditur,
1614 5239 1704 5281 aut
1748 5235 1957 5295 propte.r
2005 5222 2128 5295 pro-

552 5292 721 5367 priam
747 5293 862 5362 ejus
890 5295 963 5348 rei
991 5292 1350 5362 dilectionem,
1371 5298 1436 5350 de
1456 5292 1559 5366 qua
1584 5292 1772 5367 agitur,
1798 5292 1886 5350 aut
1913 5292 2132 5366 propter

550 5362 768 5436 alterius
795 5378 1052 5436 amorem,
1079 5381 1196 5436 qua:
1224 5368 1322 5419 sub
1362 5362 1543 5422 odiosa
1571 5362 1748 5436 specie
1787 5362 1935 5433 latet,
1964 5362 2129 5435 appe-

549 5431 679 5482 titur
711 5447 725 5482 :
757 5431 1220 5505 quemadmodum,
1246 5438 1389 5491 verbi
1419 5431 1615 5505 gratia;
1639 5439 1857 5503 bellum,
1890 5431 2130 5490 animoso

550 5503 1017 5576 compugnandum
1065 5505 1332 5576 conﬂictu,
1365 5503 1486 5560 cum
1530 5509 1714 5562 odiosa
1755 5524 1842 5562 res
1881 5509 1970 5570 sit,
2003 5523 2127 5576 pro-

551 5578 669 5647 pter
693 5584 929 5647 amorem
952 5572 1184 5647 victoriae
1204 5585 1257 5647 ct
1277 5577 1530 5647 libertatis
1556 5579 1849 5647 peragitur;
1873 5588 1926 5631 et
1946 5572 2128 5632 multa:

551 5638 668 5717 alia:
693 5636 898 5717 dilectae
929 5644 1140 5717 .Species
1169 5646 1267 5698 sub
1294 5646 1479 5717 odioso
1513 5636 1709 5702 labore”
1725 5649 1804 5702 vel
1837 5636 2129 5703 'l‘ormidine

548 5707 681 5760 satis
703 5707 1037 5763 contensiose
1057 5722 1392 5780 expetuntur.
1425 5715 1574 5772 Unde
1603 5728 1842 5788 patenter
1864 5719 2121 5788 intelligi-

608 5851 628 5874 ι
663 5839 804 5901 Alias,
829 5838 1037 5903 erigatur
1067 5844 1235 5908 gloria.

2003 426 2365 483 APPENDIX.

3705 438 3842 494 1083

2249 548 2368 605 tur,
2399 537 2527 593 nihil
2555 539 2804 613 contendi
2836 553 3012 613 posse,
3072 540 3173 595 nisi
3207 551 3425 612 propter
3453 544 3833 613 dilectionem,

2246 620 2510 678 speratam
2542 611 2743 665 scilicet
2772 618 2826 664 et
2865 611 3277 680 subsequentem
3309 611 3609 670 amabilem
3656 611 3837 673 reum;

2247 681 2596 734 uerationem.
2637 681 2738 756 Qui
2781 681 2939 756 igitur
2967 680 3034 735 de
3063 683 3260 756 mundo
3306 688 3558 752 praesenti
3604 704 3670 742 ex
3700 705 3836 756 qua-

2245 764 2472 824 cumque
2498 765 2652 824 eausa
2685 751 2976 824 Contendit,
3007 755 3283 819 perspicue
3307 751 3559 810 ostendit
3592 751 3737 824 quod
3770 761 3835 813 il-

2247 819 2355 872 lum
2384 820 2572 896 diligit.
2615 821 2892 896 Quomodo
2917 836 3044 890 ergo
3070 824 3330 896 mundum
3363 824 3511 893 diligi
3544 819 3641 896 per
3666 828 3838 883 Joano

2246 905 2373 966 nem
2391 890 2616 966 Spiritus
2642 892 2808 944 sancti
2840 906 3113 966 sermones
3144 890 3487 958 interdicunt,
3515 890 3712 966 quibus
3735 901 3830 962 ait,

2249 959 2423 1038 ii’oiite
2452 961 2680 1038 diligere
2699 963 2943 1038 mundum
2962 1003 2976 1026 ,
3003 979 3160 1038 neque
3185 980 3243 1016 ea
3271 980 3391 1038 quat.
3410 965 3462 1038 in
3494 959 3689 1038 itiundo
3716 959 3834 1022 sunt

2247 1029 2287 1100 (Ι
2315 1030 2468 1083 Joau.
2495 1029 2558 1105 _u,
2601 1031 2687 1105 15)
2708 1032 2731 1105 ‘i
2754 1031 2938 1105 Mundi
2969 1029 3110 1086 enim
3137 1029 3292 1088 amor
3329 1029 3391 1088 ef
3423 1036 3516 1090 Dci
3550 1040 3756 1105 pariter
3783 1041 3835 1094 in

2245 1116 2353 1175 uno
2380 1101 2542 1155 corde
2569 1101 2886 1175 cohabitare
2929 1116 3032 1175 non
3079 1114 3330 1172 possunt;
3372 1101 3833 1175 quemadmodum

2246 1170 2424 1247 iidem
2462 1172 2850 1247 oculi_coelum
2893 1170 3094 1247 pariter
3147 1182 3200 1227 et
3250 1170 3446 1247 terrain
3489 1193 3832 1247 nequaquam

2245 1240 2596 1308 cmispiciunt.
2623 1239 2726 1295 Sed
2759 1239 3132 1310 requirendum
3161 1254 3261 1310 cst,
3293 1245 3340 1298 si
3381 1261 3511 1300 vere
3541 1239 3596 1299 iii
3634 1239 3835 1304 mundo

2244 1310 2439 1384 aliquid
2471 1313 2557 1376 sit,
2593 1312 2739 1384 quod
2762 1312 2928 1384 amari
2953 1311 3177 1384 debeat;
3210 1324 3265 1368 et
3292 1316 3411 1384 quis
3452 1317 3527 1370 sit
3554 1317 3642 1370 ille
3672 1335 3836 1374 mun-

2245 1379 2364 1441 dus,
2412 1397 2568 1449 quem
2599 1381 2742 1460 diligi
2790 1383 2966 1434 divina
2999 1379 3448 1460 eloquia-vetant.
3503 1385 3671 1460 Terra
3703 1405 3835 1460 ergo

2245 1463 2364 1503 cum
2395 1452 2735 1527 nascentibus
2762 1467 2832 1505 cx
2863 1467 2946 1527 ea,
2983 1462 3037 1506 et
3074 1454 3404 1527 metallis,et
3443 1452 3836 1527 animantibu's,

2245 1529 2298 1574 et
2328 1521 2719 1593 pulchritudine
2747 1522 2993 1585 vestium,
3019 1531 3074 1577 et
3093 1523 3540 1579 oblectationibus
3560 1521 3830 1593 ciborum,

2245 1598 2298 1644 et
2324 1591 2400 1666 iis
2440 1607 2557 1666 quae
2583 1592 2650 1646 ad
2677 1592 2789 1646 lucc
2817 1593 3100 1660 pertinent,
3145 1609 3249 1648 non
3288 1595 3436 1664 diligi
3479 1591 3832 1666 praecipitur;

2245 1660 2339 1714 sed
2372 1663 2664 1735 proximus,
2703 1672 2920 1735 propter
2941 1679 3106 1735 quem
3146 1667 3258 1718 lucc
3295 1660 3832 1735 omnia'facta'sunt,

2245 1731 2413 1783 amari
2438 1732 2670 1800 jubctur.
2721 1733 2843 1785 llaec
2867 1733 3006 1786 enim
3037 1735 3208 1787 omnia
3243 1737 3514 1803 prmdicta,
3547 1738 3694 1791 velut
3722 1731 3830 1793 non

2245 1815 2515 1869 mansura,
2532 1803 2594 1856 ad
2616 1803 2888 1875 caelestem
2917 1804 3136 1870 patriam
3161 1815 3442 1875 pergentes
3467 1812 3837 1864 concomitari

2246 1882 2554 1946 nequeum:
2590 1873 2812 1946 proximi
2839 1889 2989 1946 vero,
3015 1876 3156 1946 velut
3200 1873 3437 1946 mansuri
3483 1878 3626 1946 regis
3651 1880 3840 1933 cohae-

2246 1942 2422 2007 redes,
2472 1944 2789 2016 semetipsos
2838 1943 3059 2016 licenter
3104 1944 3330 1999 invicem
3380 1942 3629 2016 diligunt.
3674 1949 3841 2016 Quod

2245 2025 2372 2079 ergo
2402 2027 2613 2082 semper
2641 2013 2692 2066 in
2739 2014 2936 2066 mundo
2981 2029 3084 2066 non
3136 2025 3314 2069 manet
3361 2025 3415 2071 et
3458 2013 3582 2070 c'um
3630 2013 3865 2074 n'tundo'

2245 2083 2444 2159 pariter
2469 2083 2696 2159 deﬁciet,
2729 2093 2784 2138 et
2821 2085 2929 2152 ipse
2958 2083 3206 2159 mundus,
3237 2101 3342 2140 non
3383 2088 3551 2140 amari
3586 2092 3840 2159 principi-

2247 2160 2350 2204 tur.
2382 2153 2882 2226 Proximusautem,
2914 2154 3002 2222 qui
3041 2163 3124 2208 est
3156 2171 3274 2223 pars
3313 2159 3460 2226 regni
3503 2153 3837 2215 celestis-in

2246 2229 2385 2298 terra
2416 2232 2473 2298 et
2505 2225 2641 2277 inter
2666 2224 2770 2298 ima
2814 2224 3132 2289 elementa‘,
3163 2240 3193 2278 a
3241 2224 3393 2295 regni
3433 2229 3698 2282 caelorum
3733 2246 3832 2298 :tp~

2245 2293 2560 2362 petitoribus
2600 2308 2705 2347 non
2745 2294 3034 2362 incongrue
3071 2293 3466 2359 amatur,'dum
3516 2299 3570 2351 in
3619 2293 3838 2355 summa

2246 2361 2333 2413 illa
2363 2364 2606 2437 patriain
2642 2361 3180 2437 internumcoltagres
3195 2366 3493 2422 habebitur.
3535 2369 3834 2437 Propterea

2244 2446 2370 2504 vero
2392 2434 2622 2487 mundus
2650 2449 2882 2501 praesens
2910 2449 3017 2486 nou
3043 2434 3185 2504 diligi
3213 2437 3527 2504 imperatur,
3560 2434 3698 2493 ne'a
3735 2440 3831 2494 Dei

2244 2501 2528 2576 dilectione
2553 2504 2764 2576 alienus
2797 2505 2975 2576 surculi
3015 2501 3238 2576 dilcetor
3277 2501 3502 2576 quisque
3540 2509 3836 2566 efﬁciatur.

2244 2570 2356 2624 Non
2385 2588 2511 2649 ergo
2535 2573 2693 2649 debet
2719 2575 2990 2649 contendi,
3020 2575 3160 2649 quod
3182 2570 3307 2649 noti
3335 2570 3459 2649 licét
3485 2581 3677 2633 amari.
3731 2579 3830 2649 lgi-

2247 2650 2330 2694 tur
2376 2643 2726 2708 christianus,
2756 2645 2844 2712 qui
2893 2646 3122 2698 nominis
3173 2645 3368 2700 Christi
3419 2643 3833 2704 similitudiuém

2247 2721 2408 2783 _tcnet,
2442 2728 2647 2767 morum
2687 2729 2898 2783 quoque
2927 2715 3042 2783 ejus
3071 2716 3472 2771 similitudinem
3506 2720 3707 2773 habere
3736 2721 3831 2774 de-

2244 2780 2367 2860 ρῳ..
2383 2782 2717 2860 Christianus
2762 2780 2903 2837 enim
2954 2780 3117 2860 nemo
3155 2797 3306 2860 recte
3335 2787 3554 2854 dicitur,
3605 2790 3710 2843 nisi
3739 2793 3830 2860 qui

2242 2851 2457 2930 Christo
2480 2855 2728 2930 moribus
2743 2865 3067 2930 c0mqu_atur.
3090 2856 3163 2909 De
3184 2856 3396 2910 Christo
3421 2851 3553 2914 vero
3582 2875 3676 2927 per
3703 2851 3830 2930 pr'o-

2246 2921 2454 2988 phetatn
2480 2924 2548 2977 ita
2573 2925 2820 2998 scribitur
2845 2921 3036 2998 {Ecce
3052 2943 3176 2998 puer
3201 2943 3338 2981 meus
3363 2945 3513 2997 quem
3547 2921 3831 2998 elegifcleo

2242 3000 2348 3044 ctus
2375 3009 2532 3057 nteus,
2572 2992 2873 3063 complacuit
2900 2996 2950 3047 ia
2978 2992 3066 3048 illo
3098 2996 3191 3049 sibi
3237 2992 3410 3050 anima
3443 3016 3576 3052 mea.
3625 2992 3830 3054 Ponant

2240 3063 2472 3139 spiritum
2501 3079 2666 3117 nteant
2703 3081 3016 3139 superantia.
3045 3065 3169 3139 Non
3211 3067 3495 3133 contendet,
3524 3079 3684 3139 neque
3716 3072 3828 3123 cla-

2242 3134 2417 3210 mabit,
2435 3150 2609 3210 Itaque
2631 3135 2798 3210 audiet
2823 3135 3004 3210 aliquis
3027 3137 3090 3210 _i_n
3115 3137 3496 3210 plaieisvocem
3528 3134 3640 3210 ejus
3669 3139 3828 3210 (Isai.

2241 3217 2368 3273 xui,
2399 3204 2497 3265 15;
2533 3203 2719 3257 Matth.
2750 3221 2845 3270 xu,
2877 3206 2988 3273 18).
3025 3203 3163 3260 Ecée
3189 3207 3433 3262 Christus
3461 3203 3570 3262 non
3607 3203 3833 3264 conten-

2240 3272 2338 3336 dit,
2369 3289 2541 3342 neque
2561 3276 2807 3328 clamavit
2835 3291 2846 3327 :
2876 3286 2929 3329 et
2953 3272 3005 3328 tu
3037 3278 3079 3329 si
3112 3293 3317 3330 morum
3342 3276 3539 3332 Christi
3573 3281 3832 3334 similitu-

2241 3344 2418 3397 dinem
2463 3347 2691 3398 retinerc
2719 3349 2888 3412 cupis,
2919 3362 2986 3399 ne
3015 3348 3342 3412 contendas;
3379 3365 3445 3402 ne
3486 3351 3749 3404 abusivus
3779 3352 3830 3405 in

2243 3413 2480 3468 Ecclesia
2519 3413 2841 3468 christianus
2874 3417 3090 3470 existas.
3131 3418 3254 3470 Suis
3295 3421 3435 3472 enim
3469 3421 3832 3474 sectatoribus

2240 3484 2485 3538 Christus
2517 3487 2785 3554 praecepit,
2820 3485 2994 3538 Nolite
3014 3489 3180 3540 vocari
3204 3488 3343 3540 rabbi
3362 3504 3381 3552 ;
3421 3506 3553 3542 unus
3587 3503 3659 3543 est
3689 3493 3826 3544 enim

2239 3556 2477 3623 magister
2515 3565 2693 3619 vester,
2720 3556 2803 3623 qui
2830 3567 2900 3609 est
2925 3555 3150 3611 Christus
3178 3574 3197 3610 :
3227 3569 3271 3611 et
3304 3570 3499 3624 putrem
3538 3563 3701 3614 nolite
3749 3580 3832 3614 ro-

2239 3640 2356 3700 care
2387 3636 2784 3700 ruperﬂterram;
2818 3643 2956 3700 unus
2990 3638 3062 3679 est
3090 3629 3222 3682 enim
3261 3627 3418 3700 Pater
3463 3641 3628 3683 vester
3651 3633 3742 3700 qui
3780 3634 3830 3685 in

2238 3696 2374 3771 ςωιιε
2397 3706 2488 3771 εει.
2517 3695 2722 3771 ρηιηρε-
2745 3697 2878 3750 enim
2901 3713 2993 3771 bos
3032 3702 3212 3771 fratres
3241 3701 3356 3753 estis
3403 3699 3616 3771 (Matt/2.
3662 3695 3824 3767 ἰςιιι,

2238 3765 2293 3827 8,
2320 3763 2398 3835 9).
2429 3767 2632 3832 Quibus
2659 3765 2734 3836 ad
2761 3763 3162 3834 supplicandum
3189 3763 3467 3833 imi-eravit
3495 3771 3709 3836 dicens,
3744 3763 3829 3825 Sit:

2237 3844 2404 3889 autem
2430 3837 2633 3890 orabitis
2661 3853 2679 3890 :
2707 3835 2860 3909 Pater
2885 3847 3052 3909 noster
3078 3839 3162 3907 qui
3183 3856 3233 3892 es
3261 3841 3313 3893 iu
3343 3839 3501 3905 coriis,
3538 3844 3831 3909 sancti/ice-

2239 3915 2322 3958 tur
2350 3923 2530 3979 nomen
2552 3916 2700 3979 tuum
2727 3906 2836 3976 (Id.
2859 3921 2933 3979 vi,
2957 3905 3036 3979 9),
3068 3905 3122 3962 et
3148 3919 3360 3964 caetera.
3391 3909 3614 3964 Frustra
3642 3905 3825 3966 autem

2237 3977 2508 4049 contendit
2551 3977 2760 4049 Patrem
2801 3976 3085 4049 scitabere
3114 3979 3165 4032 in
3200 3988 3361 4044 terra,
3389 3981 3479 4049 qui
3525 3991 3739 4048 patrem
3779 3994 3829 4037 el.

2238 4048 2459 4114 patriam
2491 4047 3171 4121 proﬁtetursehaberein
3203 4052 3342 4104 cmlo
3373 4047 3588 4120 {cujus
3632 4054 3828 4121 patria:

2238 4131 2516 4192 possessor
2545 4133 2702 4172 nemo
2742 4117 2990 4192 efﬁcitur,
3021 4119 3122 4174 nisi
3152 4121 3239 4189 qui
3270 4121 3336 4174 de
3377 4117 3609 4176 terrena:
3632 4117 3830 4192 patria:

2238 4190 2580 4240 contentione
2612 4201 2834 4242 securus
2865 4189 3108 4242 habetur.

2289 4258 2424 4333 GRUA
2577 4256 2823 4333 Y‘ll‘1.Pau
2830 4275 2917 4327 per
2929 4260 3187 4333 superbus.
3200 4259 3402 4330 Pauper
3412 4261 3620 4330 spiritu,
3631 4280 3831 4333 pauper

2237 4328 2456 4382 Immitis.
2490 4328 2692 4382 Nobilis
2718 4344 2925 4400 pauper.
2949 4328 3176 4400 Octavus
3191 4328 3466 4385 abusiouis
3491 4328 3692 4400 gradus
3725 4328 3827 4399 est,

2239 4413 2436 4467 pauper
2449 4400 2727 4467 superbus,
2746 4399 2836 4470 qui
2859 4399 2987 4470 nihil
3011 4399 3230 4466 habens,
3251 4403 3302 4454 in
3325 4399 3630 4470 superbiam
3649 4409 3828 4459 extol-

2239 4471 2525 4523 litur:cum
2553 4484 2581 4521 e
2612 4469 2877 4541 contrario
2905 4469 3153 4541 divitibus
3169 4474 3346 4525 saeculi
3369 4469 3472 4525 non
3491 4475 3730 4541 superbe
3756 4491 3831 4528 sa-

2239 4555 2369 4618 pere
2393 4555 2485 4607 per
2503 4541 2798 4618 apostolum
2826 4539 3044 4618 Paulmu
3070 4541 3354 4618 imperetur
3378 4543 3419 4610 (Ι
3447 4539 3582 4618 Tim.
3615 4560 3688 4608 vi,
3713 4547 3829 4618 17).

2237 4609 2369 4674 Quid
2391 4625 2515 4682 ergo
2537 4609 2963 4682 stolidius‘pot‘est
2979 4611 3110 4675 ﬁeri,
3126 4627 3282 4682 quam
3297 4613 3569 4682 illum,qui
3595 4631 3692 4682 per
3712 4609 3831 4669 inﬁ-

2238 4695 2376 4733 mam
2423 4681 2688 4734 miseriam
2717 4679 2859 4732 velut
2879 4680 2930 4733 iu
2961 4690 3154 4733 terram
3187 4681 3446 4750 ahjectus,
3469 4679 3752 4738 ektretnus
3780 4699 3830 4738 ct

2238 4751 2454 4821 humilis
2481 4751 2732 4804 incedere
2758 4758 2810 4821 et
2828 4751 3135 4821 contristari
3161 4751 3435 4816 debuerat,
3467 4755 3829 4821 snperciltuso

2238 4820 2502 4888 superbia:
2535 4831 2740 4873 tumore
2762 4820 2992 4872 inﬂatam
3023 4832 3253 4875 mentem
3281 4835 3467 4876 contra
3499 4820 3671 4877 Deum
3716 4830 3825 4880 eri-

2235 4891 2398 4959 gere?
2425 4891 2528 4944 Per
2542 4890 2681 4959 quod
2707 4890 2891 4943 vitium
2914 4891 3043 4961 lapsi
3062 4901 3394 4961 corruerunt,
3422 4895 3511 4961 qui
3529 4894 3582 4946 in
3612 4911 3830 4951 summo

2236 4963 2354 5014 cmli
2377 4961 2572 5035 conditi
2610 4960 3209 5035 erantc_ulmine._Qnid
3237 4960 3500 5035 ergovult
3525 4966 3683 5033 quasi
3732 4984 3829 5035 po-

2238 5039 2354 5084 tens
2380 5033 2428 5082 iu
2471 5038 2610 5084 terra
2645 5030 2940 5097 superbire,
2973 5030 3059 5098 qui
3108 5048 3213 5099 prae
3238 5030 3488 5087 omnibus
3515 5030 3831 5090 hominibus

2236 5101 2515 5174 dehuerat_
2542 5101 3113 5174 humilis_apparere?_
3138 5101 3256 5174 Sed;
3287 5119 3354 5155 ne
3391 5103 3457 5156 de
3503 5117 3831 5174 paupertate

2235 5187 2328 5224 sua
2385 5171 2648 5224 tristitiam
2685 5170 2949 5241 habeant,
2991 5170 3116 5240 quid
3159 5187 3188 5223 a
3239 5172 3347 5224 Deo
3390 5170 3660 5241 recepturi
3701 5189 3834 5230 sunt

2238 5256 2497 5309 pauperes
2517 5240 2790 5312 attendant
2821 5257 2834 5293 :
2868 5241 2978 5308 ipse
3021 5244 3160 5294 enim
3193 5243 3380 5310 inquit,
3404 5240 3551 5296 Beati
3576 5263 3832 5312 pauperes

2233 5313 2450 5384 spiritu:
2464 5312 2702 5381 quoniam
2742 5311 2965 5384 ipsorum
2991 5321 3060 5364 cst
3088 5329 3296 5380 regnum
3323 5311 3583 5366 calorum
3604 5311 3830 5384 (Matth.

2228 5398 2286 5446 -v,
2311 5381 2386 5450 5).
2422 5381 2584 5434 Recta
2620 5397 2846 5449 namque
2873 5381 3265 5450 dispensatione
3307 5381 3621 5438 tnisericors‘
3649 5386 3826 5452 judex

2234 5453 2355 5506 caali
2386 5467 2604 5520 regnum
2636 5452 2735 5504 illis
2779 5452 3079 5515 couunittit,
3115 5453 3304 5519 quibus
3353 5455 3504 5521 regni
3553 5464 3830 5508 terrarum

2238 5522 2694 5591 participationem
2739 5523 2876 5575 inter
2922 5523 3173 5593 mortales
3210 5523 3427 5576 abstulit
3457 5541 3470 5576 :
3501 5534 3558 5577 ut
3601 5526 3717 5593 ipse
3748 5527 3832 5578 di-

2237 5606 2326 5646 ves
2356 5593 2405 5646 in
2436 5593 2554 5647 caeli
2585 5593 2712 5646 sede
2736 5602 3007 5661 appareat,
3038 5592 3123 5660 qui
3157 5593 3206 5644 in
3236 5602 3376 5646 terra
3424 5595 3553 5647 nihil
3611 5592 3831 5662 penitus

2234 5672 2502 5735 procurat.
2534 5662 2836 5718 Cavendum
2860 5677 2988 5730 ergo
3009 5663 3325 5731 pauperibus
3349 5674 3454 5730 est,
3474 5680 3546 5720 ne
3567 5666 3696 5718 dum
3729 5682 3830 5732 per

2299 5796 2312 5864 ξ
2350 5795 2488 5907 adciti,
2520 5801 2563 5846 ct
2585 5792 2770 5845 auem»:
2796 5808 2825 5842 a
2845 5790 2994 5857 regni,
3019 5799 3108 5842 etc.
3138 5799 3216 5841 Ms.
3242 5794 3400 5856 Corb.,
3438 5795 3500 5845 ab
3534 5793 3720 5846 {Inanis
3746 5809 3830 5846 rt-

2299 5871 2328 5907 l.
2355 5870 2381 5905 e
2435 5891 2447 5904 .

2226 5869 2328 5920 gm,
2355 5869 2447 5907 etc.
