4016 6512
504 415 522 469 Ι
533 414 637 469 087

498 527 626 580 bone
651 535 694 577 et
716 523 879 592 ﬁdelis
903 539 921 576 :
949 523 1068 590 quia
1115 509 1271 592 supra
1295 535 1458 586 pauca
1508 520 1648 592 fuisti
1677 519 1866 592 ﬁdelis,
1921 537 2078 589 supra

500 599 660 648 multa
712 590 758 647 te
800 593 1131 655 constituant;
1178 591 1311 644 intra
1361 592 1413 643 in
1462 591 1702 660 gaudium
1755 590 1956 644 Domini
2007 592 2078 643 tui

499 661 1003 736 lllﬂtt’t-_X_¥Y»_??t)~

572 732 846 790 GRADUS
874 729 971 786 Χιζ
995 731 1144 784 Plebs
1175 731 1280 784 sine
1305 730 1592 799 disciplina.
1627 729 1908 796 Disciplina
1933 730 2074 796 quid.

502 804 826 860 Undecimus
842 802 1109 855 abusionis
1131 801 1322 869 gradus
1343 811 1445 863 est,
1466 800 1613 867 plebs
1640 801 1754 854 sine
1779 801 2076 867 disciplina;

500 891 618 943 qua:
645 889 763 927 cum
792 873 1084 943 disciplina:
1114 867 1579 943 exercitationibus
1599 886 1699 943 non
1727 871 1908 943 servit,
1934 883 2072 943 com-

501 939 645 997 muni
691 959 748 997 se
788 942 1097 1010 perditionis
1139 942 1324 1008 laqueo
1350 940 1694 1007 constringit;
1751 940 1883 1010 iram
1937 939 2074 992 enim

505 1013 711 1067 Dnnini
743 1009 944 1080 absque
970 1012 1264 1079 disciplina:
1311 1011 1482 1075 rigore
1510 1024 1612 1080 non
1661 1009 1880 1080 evadit.
1906 1011 2079 1077 Atque

503 1083 701 1138 ideirco
725 1079 1020 1135 Psalmistze
1064 1081 1281 1133 vocibus
1315 1079 1717 1146 intlisciplinatte
1750 1079 1886 1146 plebi
1939 1094 2078 1146 prte-

503 1154 728 1217 dicatur,
755 1151 1123 1220 Appreltendite
1149 1150 1489 1218 disciplinam,
1515 1165 1574 1200 ne
1601 1149 1804 1216 quando
1830 1150 2080 1201 irascatur

507 1223 754 1294 Dominus
779 1220 943 1294 (Psal.
978 1237 1034 1294 ιι,
1071 1219 1181 1289 1‘2).
1231 1219 1537 1294 Disciplina
1565 1234 1690 1294 vero
1740 1227 1824 1294 est
1870 1234 2077 1272 tuorum

503 1293 744 1346 ordinata
775 1289 1054 1354 correctio,
1088 1299 1142 1343 et
1182 1289 1438 1357 majorum
1465 1289 1874 1356 praicedcntium
1916 1303 2078 1356 regu-

506 1362 676 1416 larmn
696 1361 996 1414 observatio
1022 1378 1034 1413 :
1063 1360 1127 1412 de
1154 1374 1254 1428 qua
1276 1359 1552 1426 disciplina
1584 1359 1778 1412 Paulus
1809 1361 2079 1427 apostolus

508 1433 577 1484 ita
610 1432 862 1500 loquitur,
888 1431 1072 1500 dicens
1096 1428 1189 1500 :iu
1206 1429 1473 1500 disciplina
1496 1439 1822 1500 perseverate,
1840 1438 2080 1496 tauquam

509 1448 577 1484 ll:t
610 1448 862 1500 loquitur,
888 1448 1072 1484 arcens
1096 1448 1327 1482 :utatsci
1369 1448 1473 1482 una
1496 1448 1822 1500 perseverate,
1840 1448 2080 1496 umquam

509 1502 628 1570 ﬁliis
659 1501 791 1554 vobis
836 1498 980 1565 oﬁ'ert
1011 1515 1063 1551 se
1116 1499 1272 1552 Deus.
1307 1448 1454 1563 (fuod
1499 1500 1541 1552 si
1576 1509 1718 1553 extra
1758 1500 2081 1570 disciplinam

509 1569 645 1636 estis,
677 1572 820 1642 cujus
848 1571 1115 1642 participes
1135 1570 1258 1642 [acti
1283 1571 1397 1642 estis
1417 1585 1607 1642 omnes,
1643 1586 1761 1642 ergo
1799 1569 2016 1642 adulteri
2033 1578 2081 1622 et

507 1659 610 1694 non
639 1639 1072 1711 ﬁlii'estisUlebr.
1100 1655 1194 1704 xu,
1223 1639 1274 1711 7,
1303 1639 1381 1711 8)Γ
1411 1641 1511 1704 Qui
1539 1655 1665 1711 ergo
1693 1639 1915 1711 adulteri
1935 1647 2078 1703 sunt,

507 1713 623 1764 sine
650 1709 922 1778 disciplina
945 1721 1088 1775 sunt,
1112 1709 1407 1765 etccelestis
1424 1709 1568 1774 regni
1594 1710 1953 1762 Inereditatem
1977 1725 2081 1762 non

507 1781 721 1850 capiunt
749 1799 762 1833 :
793 1782 837 1834 si
868 1781 1156 1850 liliiautem
1200 1788 1434 1848 paterna:
1460 1779 1750 1850 disciplina:
1767 1780 2078 1850 correctio-

508 1848 630 1904 nem
675 1852 866 1914 lerunt,
886 1859 940 1904 et
961 1849 1320 1903 luereditatem
1335 1848 1649 1917 quandoque
1673 1849 1906 1916 recipere
1927 1863 2083 1915 posse

510 1937 612 1974 non
642 1921 946 1990 deSperant.
973 1919 1054 1990 De
1070 1935 1173 1989 qua
1199 1920 1356 1990 etiam
1380 1917 1838 1990 disciplinalsaias
1865 1918 2081 1972 indisci-

510 1991 724 2059 plinata:
743 1988 889 2058 plebi
918 1988 1190 2058 praedicat,
1218 1989 1433 2059 dicens:
1475 1988 1724 2059 Quiescite
1759 2004 1918 2059 agere
1969 2004 2083 2056 per-

506 2057 664 2123 verse,
693 2057 867 2114 discite
887 2057 1008 2114 bene
1033 2064 1197 2130 facere
1234 2058 1386 2129 (lsai.
1419 2057 1715 2130 1,-16η17).
1750 2058 1909 2130 Et_ad
1934 2073 2082 2130 eam-

505 2131 627 2184 dem
657 2130 933 2184 Psalmista
955 2127 1188 2184 consona
1214 2127 1342 2182 voce
1363 2128 1535 2196 psallit
1564 2129 1744 2181 dicens
1773 2145 1786 2180 :
1821 2127 2030 2181 Declina
2053 2142 2086 2179 a

505 2200 661 2265 malo,
691 2209 734 2253 et
762 2201 844 2268 {ac
875 2201 1058 2252 bonum
1089 2197 1251 2270 (Psal.
1281 2214 1464 2270 xsxut,
1488 2197 1599 2270 15).
1634 2197 1974 2270 Infelixergo
2000 2206 2084 2270 est

504 2270 594 2339 qui
619 2267 798 2339 abjicit
817 2267 1153 2338 disciplinam
1188 2287 1202 2322 :
1230 2268 1389 2339 audet
1416 2268 1556 2321 enim
1584 2277 1730 2339 extra
1760 2268 1952 2339 milites
1979 2267 2080 2318 ali-

505 2335 653 2409 quid,
682 2335 774 2408 qui
799 2335 1078 2392 Dominum
1113 2338 1484 2409 crucifigentes
1519 2354 1625 2409 non
1661 2337 1787 2409 ejus
1815 2335 2086 2409 sciderunt

505 2405 757 2474 tunicam,
783 2409 868 2478 qui
894 2409 1142 2462 Ecclesia:
1163 2405 1358 2462 Christi
1382 2408 1573 2461 scindit
1589 2408 1940 2475 disciplinam.
1962 2405 2081 2478 Sic-

510 2489 568 2534 ut
620 2480 760 2532 enim
800 2476 979 2532 tunica
1007 2488 1172 2532 totmn
1210 2493 1403 2546 corpus
1436 2485 1632 2548 printer
1672 2486 1831 2548 caput
1875 2476 2082 2548 tegitur;

504 2552 576 2603 ita
605 2549 879 2618 disciplina
922 2549 1099 2602 omnis
1148 2548 1384 2618 Ecclesia
1433 2546 1625 2614 pra'ter
1657 2546 1946 2610 Christum,
1995 2546 2084 2613 qui

503 2617 762 2674 Ecclesia:
792 2627 948 2687 caput
971 2628 1072 2680 est,
1100 2625 1156 2673 et
1187 2619 1285 2672 sub
1313 2617 1592 2685 disciplina
1620 2633 1724 2670 non
1769 2625 1878 2687 est,
1899 2623 2082 2683 prote-

502 2691 643 2758 gitur
669 2697 722 2744 et
758 2686 997 2742 ornatur.
1033 2687 1150 2758 Ipsa
1179 2689 1320 2742 enim
1353 2689 1528 2758 tunica
1558 2695 1821 2758 contexta
1852 2686 2082 2758 desuper

482 2753 675 2813 fuerat
704 2775 798 2827 per
827 2767 992 2812 totmn
1022 2753 1198 2828 (Joan.
1224 2773 1332 2822 nux,
1360 2756 1448 2828 2ft,
1483 2757 1600 2826 23);
1629 2758 1749 2826 quia
1780 2755 1966 2810 eadem
1997 2753 2083 2828 di-

502 2823 724 2898 sciplina
766 2823 1072 2882 Ecclesiai'a
1122 2829 1345 2881 Domino
1375 2826 1442 2880 de
1470 2823 1607 2898 creto
1648 2823 1899 2879 tribuitur
1927 2823 2085 2898 etin-

502 2893 760 2966 teg'ratur.
793 2899 866 2950 De
897 2913 999 2966 qua
1031 2898 1284 2950 Dominus
1312 2911 1433 2950 cum
1460 2897 1527 2950 ad
1566 2897 1778 2951 Patrem
1809 2893 2082 2966 ascendis-

505 2965 587 3022 set
622 2978 896 3036 postquam
916 2965 1259 3036 ’t-esiirrexita
1283 2967 1527 3036 mortuis,
1555 2966 1620 3020 ad
1648 2965 1929 3032 Apostolus
1957 2977 2083 3036 suos

507 3031 822 3106 loquebatur
841 3038 1044 3101 dicens,
1076 3035 1173 3089 Vos
1197 3047 1362 3088 autent
1390 3035 1552 3106 sedete
1578 3037 1629 3088 in
1652 3031 2082 3106 civitate,_quoud-

504 3101 659 3176 usque
712 3107 990 3160 induamini
1033 3107 1211 3176 virtute
1255 3120 1317 3176 ea:
1345 3106 1447 3176 alto
1477 3103 1628 3176 (Luc.
1661 3120 1800 3176 pint,
1831 3104 1946 3176 49).
1979 3101 2086 3154 Tu-

504 3174 620 3231 nica
665 3193 790 3244 ergo
837 3177 1078 3244 corporis
1112 3174 1329 3239 Christi,
1360 3174 1634 3244 disciplina
1654 3174 1906 3227 Ecclesiae
1948 3180 2029 3225 est
2057 3187 2071 3224 :

505 3248 595 3316 qui
625 3257 802 3316 autem
824 3256 971 3300 extra
998 3245 1327 3313 disciplinam
1352 3246 1688 3316 est,alienus
1707 3252 1786 3297 est
1813 3259 1841 3316 a
1859 3255 2083 3316 corpore

503 3312 725 3370 Christi.
753 3315 871 3367 Non
915 3312 1203 3368 scindanius
1236 3316 1389 3378 igitur
1408 3315 1570 3378 illant,
1601 3315 1690 3367 sed
1715 3314 1984 3366 sortiantur
2021 3312 2084 3364 de

503 3387 596 3456 illa
617 3387 763 3456 cujus
807 3385 872 3456 sit
901 3383 1079 3456 (Joan.
1111 3401 1226 3456 xix,
1250 3383 1342 3454 Ἡ)
1374 3384 1472 3456 εγίά
1495 3393 1576 3456 est
1596 3425 1610 3448 ,
1655 3399 1760 3436 non
1811 3384 2082 3456 solvamus

503 3451 788 3526 quidquam
813 3455 880 3508 de
910 3451 1180 3508 mandatis
1215 3451 1440 3516 Domini,
1487 3454 1579 3508 sed
1631 3453 1992 3526 uiuisquisque
2025 3451 2078 3504 in

1950 408 2311 464 APPI‘ZNDIX.

3626 428 3776 484 £038

2251 520 2679 601 CRADUS_XII.
2726 523 2959 601 Populus
2980 525 3097 601 sine
3115 527 3240 598 lege.
3285 529 3640 588 Duodecimus
3665 536 3770 586 ah-

2183 592 2386 670 usionis
2423 592 2618 670 gradus
2648 604 2726 647 est
2744 634 2766 670 _,
2801 595 3026 664 populus
3056 592 3310 670 sine'lege
3343 618 3355 652 :
3388 603 3478 670 qui
3509 602 3635 656 dum
3670 606 3772 660 Dei

2180 660 2317 714 dicta
2340 703 2364 737 ,_
2393 671 2444 716 et
2477 660 2816 737 legumscita
2855 660 3184 737 contemnit,
3216 660 3308 737 per
3337 660 3578 725 diiersas
3607 689 3773 729 erro-

2183 746 2299 810 rum
2318 732 2427 812 vias
2452 733 2904 802 przevaricationis
2931 732 3177 812 laqueum
3203 732 3439 812 incurrit.
3463 743 3544 812 De
3568 745 3774 812 quibus

2182 801 2281 852 viis
2331 801 2702 878 sub'persona
2755 801 3195 878 prmvaricatoris
3229 811 3407 878 pepuli
3460 801 3766 869 lunuauum

2180 885 2347 952 genus
2391 873 2642 940 propheta
2692 873 2759 952 ita
2799 874 3065 952 deplangit
3096 894 3108 929 :
3146 873 3257 931 Nos
3293 873 3461 934 autem
3492 884 3622 935 sicut
3650 901 3773 952 ores

2181 943 2856 1013 erravimus,_unusquisque
2885 946 2936 998 iu
2966 947 3096 998 viam
3124 965 3268 1001 suout
3310 952 3580 1004 declinavit
3606 951 3771 1013 (Isai.

2182 1025 2269 1090 Eni
2293 1052 2306 1073 ,
2337 1011 2404 1080 6)
2435 1030 2446 1063 :
2481 1011 2547 1066 de
2576 1011 2893 1090 q-lilllIISVVljS
2922 1016 3080 1090 etiam
3113 1011 3645 1090 Sapientia(loquitur
3672 1039 3774 1090 per

2182 1079 2518 1153 Salonianem
2545 1123 2559 1145 ,
2593 1079 2770 1135 Multa:
2808 1084 2899 1136 vite
2933 1086 3162 1138 videntur
3186 1079 3684 1153 liontinibus'rectce:
3715 1102 3769 1146 et

2182 1151 2452 1232 novissima
2481 1168 2661 1232 eorum
2685 1153 2939 1232 deducunt
2957 1156 3271 1232 _ad_ntortem
3303 1158 3487 1224 (Prov.
3514 1177 3622 1226 xw,
3649 1151 3771 1232 i2).

2182 1221 2310 1285 Quzc
2343 1221 2521 1290 utique
2559 1222 2735 1296 inulta:
2781 1225 3090 1296 perditionis
3116 1227 3213 1296 vize
3245 1221 3368 1282 tunc
3415 1221 3768 1296 inceduntur,

2181 1306 2301 1368 cum
2331 1306 2432 1342 una
2465 1292 2651 1358 regalis
2681 1293 2781 1368 via,
2804 1293 2893 1368 lex
2929 1295 3020 1347 Dei
3052 1295 3315 1368 videlicet,
3343 1315 3460 1365 qtne
3489 1315 3667 1368 neque
3698 1292 3773 1355 ad

2183 1360 2452 1440 dexterum
2482 1376 2650 1440 neque
2675 1361 2744 1440 ad
2773 1360 3336 1440 sinistram_dec‘linat,
3362 1360 3465 1434 'per
3495 1360 3773 1440 negligen-

2183 1431 2310 1506 tiaui
2342 1429 2624 1506 deseritur.
2660 1432 2746 1506 _De
2780 1449 2880 1506 qua
2909 1435 2999 1506 via
3031 1435 3283 1490 Dominus
3310 1429 3465 1492 Iesus
3492 1429 3770 1506 Christus,

2182 1499 2530 1576 qui_est_linis
2574 1501 2702 1576 legis
2731 1499 2810 1576 a_d'
2834 1502 3092 1576 justitiam
3121 1507 3265 1559 omni
3309 1508 3549 1561 credenti
3579 1499 3764 1576 (Rom;

2183 1585 2237 1632 Χ,
2270 1570 2346 1641 4),
2379 1569 2652 1641 denuntiat
2683 1588 2694 1620 :
2728 1569 2978 1641 Ego'sum
3008 1575 3086 1626 via
3106 1615 3118 1637 ,
3154 1576 3332 1631 veritas
3361 1588 3406 1630 et
3437 1579 3553 1630 vita.
3587 1569 3771 1632 ‘Nento

2183 1639 2316 1716 venit
2342 1639 2408 1692 ad
2440 1640 2645 1716 Patrem
2675 1639 2890 1716 nisi'per
2918 1660 2995 1695 me
3023 1642 3196 1716 (Joan.
3229 1661 3340 1709 xw,
3371 1645 3462 1716 6).
3492 1647 3570 1701 Ad
3600 1665 3765 1716 quam

2184 1709 2320 1760 viam
2370 1725 2556 1763 omnes
2605 1709 2846 1764 homines
2889 1709 3242 1767 conlinuniter
3289 1709 3475 1769 invitat
3522 1709 3764 1771 dicens:

2193 1776 2368 1831 Venite
2391 1780 2458 1831 ad
2486 1796 2595 1853 ‘me,
2639 1797 2807 1853 omnes
2837 1783 2922 1852 qui
2966 1783 3204 1836 laboratis
3230 1795 3274 1836 et
3304 1788 3496 1839 onerati
3525 1788 3645 1840 estis
3665 1830 3681 1853 ,
3712 1799 3767 1841 et

2183 1864 2273 1918 ego
2303 1864 2387 1903 vos
2412 1849 2633 1926 reﬁciam
2665 1849 2875 1926 (.lIatLli.
2905 1853 3135 1926 1:1,:28).
3173 1853 3430 1926 Quiainon
3469 1867 3539 1926 est
3582 1849 3770 1926 perso-

2185 1934 2364 1994 uarum
2390 1919 2608 1994 acceptio
2634 1919 2770 1989 apud
2792 1919 2950 1974 Deum
2979 1921 3151 1994 (Rom.
3182 1939 3238 1994 tt,
3268 1925 3356 1994 Η)
3389 1943 3401 1978 :
3430 1925 3518 1979 ubi
3548 1919 3654 1979 non
3681 1937 3771 1980 est

2184 1987 2398 2043 Judteus
2440 1998 2493 2042 et
2521 1987 2737 2043 Graecus
2761 2030 2774 2048 .
2831 1987 3093 2046 masculus
3124 2003 3178 2046 et
3205 1987 3398 2046 fetnina
3422 2037 3437 2057 ,
3483 2009 3670 2048 servus
3713 2005 3774 2050 et

2187 2058 2358 2130 liber,
2406 2057 2667 2112 Barbarus
2696 2068 2748 2113 et
2778 2058 3008 2130 Scytha;
3059 2063 3150 2116 sed
3195 2067 3371 2117 omnia
3419 2065 3472 2118 in
3510 2066 3771 2119 omnibus

2186 2127 2429 2181 Christus
2461 2144 2474 2181 :
2508 2143 2694 2182 omnes
2741 2127 2884 2183 enim
2932 2146 3094 2184 unum
3139 2141 3262 2185 sunt
3307 2135 3359 2186 in
3388 2132 3601 2188 Christo
3632 2135 3769 2189 Jesu

2189 2196 2383 2273 (ραιαι.
2415 2213 2504 2273 tu,
2531 2198 2658 2273 g8).
2693 2198 2839 2273 Dum
2875 2215 3016 2273 ergo
3044 2200 3286 2255 Christus
3333 2203 3450 2256 linis
3496 2213 3578 2257 est
3629 2205 3768 2273 legis

2189 2267 2363 2348 (lieni.
2395 2283 2449 2331 χ,
2477 2265 2548 2348 4)
2569 2305 2585 2328 .
2617 2265 2706 2348 qui
2734 2270 2848 2348 sine
2875 2265 2989 2338 lege
3015 2283 3171 2348 sunt,
3203 2273 3319 2348 sine
3345 2273 3555 2348 Christo
3587 2265 3722 2326 limit
3752 2293 3769 2329 :

2188 2339 2347 2410 igitur
2394 2345 2614 2405 populus
2656 2339 2778 2410 sine
2819 2339 2970 2407 lege,
3014 2341 3238 2410 populus
3271 2343 3388 2395 sine
3415 2343 3633 2396 ChriSto
3661 2354 3770 2397 est.

2188 2407 2477 2482 Abusi‘vmn
2499 2422 2631 2482 ergo
2657 2417 2740 2462 est
2768 2407 3179 2482 in_teniporibus
3208 2411 3475 2482 Evangelii
3511 2413 3774 2482 pupulum

2189 2477 2304 2551 sine
2347 2477 2462 2551 lege
2494 2476 2646 2551 ﬁeri,
2678 2477 3273 2551 qu:u_ido_Apostolis__in
3320 2476 3538 2535 cunctas
3577 2476 3770 2551 gentes

2189 2545 2417 2621 licentia
2450 2545 2836 2621 pratdicatiouis
2881 2547 3001 2621 data
3045 2559 3126 2602 est
3155 2548 3362 2621 (Matth.
3395 2545 3606 2616 XXVIII:
3640 2553 3766 2621 t9),

2187 2616 2398 2689 quando
2431 2617 2716 2689 tonitruum
2755 2616 3023 2689 Evangelii
3063 2616 3399 2687 per'cunCIas
3428 2621 3611 2674 surculi
3648 2616 3767 2689 par-

2191 2695 2269 2757 tes
2299 2686 2570 2757 intonuit;
2620 2686 2828 2757 quando
2871 2686 3078 2754 gentes
3102 2704 3220 2757 quae
3271 2705 3375 2742 non
3427 2686 3776 2744 sectabantur

2182 2754 2441 2829 justitiam
2466 2796 2480 2818 ,
2508 2755 2980 2829 (apprehenderunt
3021 2754 3278 2829 justitiam
3307 2759 3485 2828 (Rom.
3518 2776 3603 2824 ix,
3631 2762 3724 2829 50)
3749 2779 3763 2822 ;

2188 2824 2516 2896 quando_qui
2552 2828 2708 2896 longe
2735 2824 2980 2892 fuerant,
3030 2825 3149 2881 facti
3192 2824 3324 2882 sunt
3345 2844 3509 2896 prope
3551 2831 3604 2883 in
3640 2824 3766 2882 sau-

2186 2894 2346 2966 guine
2390 2893 2583 2948 Christi
2632 2893 2858 2966 (Ep/tes.
2886 2911 2954 2957 ιι,
2988 2897 3132 2965 15);
3187 2899 3272 2966 qui
3321 2893 3607 2966 aliquando
3657 2915 3762 2953 non

2189 2965 2413 3038 populus
2433 3005 2446 3026 ,
2490 2965 2836 3038 nune’autem
2870 2967 3093 3034 populus
3123 2965 3218 3020 Dei
3267 2967 3326 3038 in;
3347 2965 3560 3022 Christo
3591 2969 3763 3038 (Rom.

2186 3048 2260 3096 lx,
2292 3033 2384 3100 25)
2415 3052 2426 3087 :
2460 3034 2672 3102 quando
2700 3044 2780 3088 est
2812 3033 3019 3103 tempus
3048 3037 3370 3102 acceptabile
3400 3046 3456 3092 et
3482 3033 3608 3091 dies
3630 3041 3764 3091 Siliu-

2189 3103 2253 3177 t_is
2283 3104 2368 3177 (ll
2386 3103 2503 3177 Cor.
2539 3120 2621 3168 vr,
2646 3103 2715 3177 2)
2739 3114 2791 3158 et
2833 3115 3067 3174 tempora
3097 3105 3444 3177 refrigeriiqin
3476 3119 3768 3177 conspectu

2188 3173 2491 3237 Altissimi;
2543 3175 2755 3241 quando
2808 3173 3134 3245 unaqtncque
3185 3173 3314 3245 gens
3369 3175 3530 3230 habet
3583 3173 3767 3231 testem

2186 3245 2596 3314 resurrectionis
2625 3283 2641 3308 ,
2691 3243 2904 3312 quando
2955 3245 3067 3314 ipse
3117 3243 3369 3300 Dominus
3423 3257 3764 3314 protestatur,

2186 3310 2319 3366 Ecce
2348 3330 2437 3383 ego
2470 3310 2721 3366 vobiscum
2749 3330 2879 3383 sunt
2900 3310 3128 3367 omnibus
3165 3315 3338 3368 diebus
3367 3310 3523 3380 usque
3551 3318 3620 3368 ad
3645 3310 3766 3370 con;

2185 3381 2772 3455 summationentswculi
2798 3381 3013 3455 (Matth.
3041 3399 3210 3438 xxvut
3231 3426 3245 3449 ,
3270 3385 3339 3438 20
3358 3388 3396 3455 ).
3430 3384 3550 3440 Non
3582 3387 3769 3441 ﬁamus

2186 3467 2316 3520 ergo
2339 3454 2453 3506 sine
2476 3452 2688 3506 Christo
2719 3453 2769 3506 in
2797 3453 2897 3506 hoc
2926 3462 3164 3521 tempore
3190 3452 3532 3522 transitoria;
3563 3472 3634 3511 ue
3658 3457 3771 3511 sine

507 3522 616 3596 quo
642 3522 861 3580 vocatus
884 3532 986 3591 est,
1020 3526 1074 3577 in
1101 3540 1165 3580 eo
1192 3534 1500 3595 permaneat
1525 3524 1666 3593 apud
1699 3523 2002 3577 Dominum.
2189 3523 2344 3576 nobis
2372 3522 2613 3577 Christus
2642 3536 2762 3576 esse
2802 3523 3022 3591 incipiat
3060 3524 3112 3576 in
3145 3523 3341 3578 futuro.

3725 3639 3774 3652 -η

1211 3737 1663 3798 ADMONITIO
1705 3738 1785 3798 ΙΝ
1829 3736 2322 3798 TRACTATUM
2365 3734 3013 3810 SUBSEQUENTEM.

577 3925 778 3980 Locum
809 3923 896 3977 hic
924 3938 1078 3977 suum
1107 3964 1122 3988 ,
1155 3938 1313 3993 quem
1339 3937 1403 3977 ex
1433 3922 1674 3974 instituto
1703 3937 1795 3988 per
1832 3934 1926 3973 nos
1955 3918 2142 3972 ordine
2172 3917 2321 3971 initio
2347 3918 2669 3986 Appendicis
2694 3918 2955 3987 postulat,
2989 3933 3093 3972 non
3127 3927 3290 3972 totum
3328 3918 3615 3987 occupabit
3647 3933 3775 3988 opus

502 4016 632 4073 illud
659 4057 673 4080 ,
713 4015 852 4085 quod
897 4014 1251 4085 Hieronymus
1279 4013 1573 4082 Vignicrius
1617 4012 1667 4064 in
1694 4019 1893 4078 partem
1921 4009 2284 4078 Supplementi
2333 4009 2556 4078 primam
2605 4009 2985 4073 transtulerat,
3030 4009 3132 4063 hoc
3177 4010 3330 4063 titulo
3375 4018 3770 4078 prmnotatum:

510 4127 530 4161 ς
565 4107 843 4162 Tractatus
872 4104 940 4158 de
967 4115 1170 4173 septem
1198 4103 1354 4158 Vitiis
1381 4113 1434 4156 et
1461 4111 1664 4170 septem
1695 4100 1858 4154 Douis
1885 4099 2114 4168 Spiritus
2141 4099 2312 4152 sancti
2343 4115 2357 4152 :
2389 4117 2408 4150 ι
2444 4098 2705 4168 incipiens
2729 4139 2744 4165 ,
2783 4116 2801 4150 ι
2833 4098 3048 4167 Septem
3079 4109 3204 4152 sunt
3235 4099 3360 4152 vitia
3393 4100 3722 4168 principalia.
3751 4120 3769 4151 ι

504 4198 561 4253 ld
588 4215 618 4250 a
641 4195 916 4265 Vignierio
944 4203 1210 4264 repertum
1239 4203 1321 4246 est
1348 4193 1486 4244 inter
1512 4202 1814 4244 sanctorum
1845 4199 2055 4260 patrum
2083 4189 2409 4242 monimenta
2437 4188 2702 4256 impressa
2733 4189 2977 4248 Parisiis,
3005 4204 3145 4242 anno
3173 4189 3329 4252 1654,
3357 4205 3484 4243 cura
3513 4189 3774 4244 Guillelmi

505 4286 794 4344 Camerarii
812 4328 824 4349 ,
850 4286 1015 4348 Scoti,
1047 4295 1101 4338 et
1125 4283 1530 4353 congregatione
1556 4280 1784 4334 Oratorii
1817 4279 2108 4348 presbyteri
2131 4321 2145 4344 ,
2175 4279 2261 4347 qui
2292 4279 2586 4346 Augustino
2606 4318 2621 4341 ,
2651 4293 2756 4330 non
2784 4279 2850 4329 ab
2876 4278 3107 4346 antiquis
3132 4277 3421 4342 codicibus,
3449 4280 3546 4331 sed
3581 4289 3774 4332 tantum

505 4398 538 4436 a
565 4378 744 4433 mulis
770 4377 898 4430 viris
924 4375 1096 4429 doctis
1123 4374 1276 4427 tribui
1304 4373 1451 4426 dicit.
1478 4371 1679 4424 Verum
1721 4370 1942 4423 habetur
1969 4368 2070 4420 hoc
2100 4369 2270 4436 ipsum
2302 4366 2440 4435 apud
2484 4366 2756 4435 Hugonem
2788 4365 3113 4420 Victorinum
3145 4368 3194 4418 in
3226 4366 3362 4419 libro
3393 4367 3774 4436 Allegoriarum

507 4471 561 4525 in
590 4468 890 4522 Matthamm
937 4464 1190 4525 secundo,
1219 4479 1336 4531 cap.
1368 4463 1420 4515 5.
1457 4461 1638 4514 Eidem
1669 4459 2054 4528 Allegoriarum
2083 4459 2217 4512 libro
2241 4499 2254 4516 .
2284 4473 2402 4526 cap.
2433 4456 2522 4520 l9,
2557 4458 2812 4515 insertum
2850 4458 3009 4510 etiam
3046 4466 3127 4510 est
3165 4459 3481 4526 opusculum
3525 4460 3669 4513 aliud
3714 4460 3777 4513 de

506 4559 668 4615 Donis
694 4556 918 4624 Spiritus
942 4554 1138 4617 sancti,
1166 4553 1266 4606 hoc
1290 4551 1510 4605 exordio
1537 4569 1550 4602 :
1576 4569 1594 4599 ‹
1614 4550 1877 4618 Scriptum
1905 4557 2004 4612 est,
2035 4548 2094 4602 Si
2123 4549 2255 4601 enim
2284 4563 2367 4600 vos
2392 4563 2504 4599 cum
2530 4548 2638 4600 sitis
2669 4549 2810 4611 mali,
2843 4566 2860 4597 ι
2895 4556 3025 4613 ete.,
3055 4549 3193 4616 quod
3224 4547 3461 4616 ejusdem
3492 4548 3778 4603 Camerarii

506 4646 818 4703 auctoritate
842 4685 857 4707 ,
887 4659 981 4711 pro
1007 4640 1282 4710 Augustini
1311 4640 1566 4694 Sermone
1593 4638 1814 4692 dederat
1841 4637 2140 4706 Vignierius
2175 4637 2230 4690 in
2262 4636 2448 4688 eadem
2492 4637 2854 4703 Supplementi
2901 4647 3049 4706 parte
3074 4678 3089 4702 ,
3118 4653 3222 4689 non
3251 4639 3404 4706 longe
3433 4647 3558 4692 ante
3586 4639 3776 4692 dictum

507 4742 788 4791 tractatum
819 4732 885 4786 de
929 4740 1130 4800 septem
1158 4729 1332 4782 Vitiis.
1377 4727 1512 4782 Huic
1543 4743 1700 4796 porro
1743 4727 1985 4780 tractatui
2013 4726 2352 4792 conjunctum
2383 4735 2526 4778 recte
2570 4735 2714 4778 esset
2742 4725 2880 4777 istud
2907 4727 3243 4793 epitsculuni,
3272 4727 3411 4794 quod
3440 4737 3496 4781 et
3520 4743 3780 4781 summam

507 4825 670 4879 habet
712 4839 830 4878 cmn
878 4823 970 4876 illo
1011 4821 1322 4875 afﬁnitatem
1349 4862 1364 4884 ,
1397 4829 1451 4872 et
1490 4819 1694 4873 confert
1722 4817 1961 4872 nonnihil
1989 4817 2053 4871 ad
2095 4817 2211 4885 ejus
2243 4817 2621 4884 integritatem.
2669 4815 2937 4884 Opuseulo
2978 4817 3120 4870 enim
3167 4820 3410 4885 sejuncto
3442 4819 3781 4888 imperfectus

505 4913 713 4967 videtur
743 4921 997 4966 tractatus
1022 4952 1037 4977 ,
1084 4918 1174 4963 aut
1205 4909 1356 4962 titulo
1381 4908 1566 4962 saltem
1595 4923 1687 4977 per
1715 4907 2037 4976 Vignierium
2071 4907 2308 4973 praefixo,
2340 4921 2439 4975 qua
2471 4913 2622 4974 parte
2671 4905 2739 4959 de
2786 4905 2947 4959 Donis
2988 4906 3214 4975 Spiritus
3245 4909 3413 4962 sancti
3455 4910 3781 4975 inscribitur,

506 5003 913 5070 haudquaquam
942 4999 1292 5068 reSpondens.
1338 4997 1602 5052 Czeterum
1652 4997 1824 5066 aptior
1868 5005 1949 5049 est
1992 4995 2128 5063 apud
2169 4994 2438 5063 llugonem
2482 4994 2756 5064 inscriptio
2785 5004 3037 5048 tractatus
3068 4996 3118 5048 in
3166 4996 3306 5050 hunc
3351 4998 3570 5052 modum
3609 5020 3621 5054 :
3656 5019 3673 5051 ι
3712 5002 3780 5055 De

506 5103 712 5163 septem
746 5091 983 5145 Peccatis
1012 5091 1322 5145 mortalibus
1347 5131 1361 5156 ,
1410 5098 1594 5144 coiitra
1642 5105 1760 5158 qua:
1800 5089 1976 5141 valent
2023 5089 2278 5140 orationis
2319 5087 2602 5142 dominica:
2648 5088 2970 5156 petitiones:
3007 5107 3026 5140 ›
3056 5104 3177 5144 cum
3224 5090 3352 5144 nihil
3400 5092 3546 5146 aliud
3573 5095 3648 5147 sit
3689 5096 3783 5147 nisi

508 5182 750 5252 qumdam
795 5181 1076 5234 dominica:
1101 5180 1357 5232 orationis
1384 5189 1694 5248 septemque
1737 5177 1851 5246 ejus
1880 5177 2191 5246 petitionum
2235 5177 2490 5230 adversus
2516 5185 2718 5245 septem
2746 5179 2870 5230 vitia
2907 5180 3192 5247 expositio.
3227 5181 3430 5249 llugoni
3459 5198 3624 5250 porro
3663 5200 3780 5238 suus

511 5274 599 5326 ille
628 5280 879 5325 tractatus
905 5278 1152 5333 maneat,
1197 5269 1377 5322 multis
1399 5310 1414 5333 ,
1455 5269 1496 5322 si
1528 5285 1610 5322 res
1640 5281 1878 5338 posceret
1901 5310 1914 5335 ,
1943 5269 2270 5336 argumentis
2317 5267 2412 5336 ipsi
2441 5271 2780 5322 asserendns.
2805 5269 3001 5323 Confer
3020 5311 3034 5334 ,
3067 5271 3110 5322 si
3145 5271 3319 5337 lubet,
3353 5274 3541 5327 librum
3573 5276 3780 5345 ipsiusi

511 5363 579 5415 de
601 5361 957 5416 Sacramentis
979 5401 995 5426 ,
1022 5371 1160 5429 part.
1195 5361 1262 5416 15
1282 5401 1296 5425 ,
1326 5377 1443 5429 cap.
1479 5362 1497 5415 l
1531 5402 1544 5422 ,
1572 5370 1625 5415 et
1651 5360 1883 5415 Summa:
1922 5360 2305 5413 sententiarum
2340 5369 2621 5414 tractatum
2650 5362 2684 5415 5
2705 5403 2719 5425 ,
2750 5377 2870 5430 cap.
2903 5363 2968 5417 16
2995 5404 3007 5426 ,
3037 5365 3125 5417 ubi
3153 5365 3338 5420 eadem
3383 5369 3540 5436 plane
3585 5372 3783 5423 ratione

514 5458 718 5517 septem
746 5447 868 5499 vitia
894 5448 1158 5518 descripta
1202 5450 1455 5518 reperies.
1502 5449 1692 5504 Iisdem
1724 5465 1935 5518 quoque
1964 5449 2143 5502 verbis
2187 5448 2272 5502 hic
2315 5449 2589 5504 delinitum
2632 5451 2684 5504 in
2731 5467 2928 5521 genere
2956 5455 3160 5518 vitium,
3205 5465 3362 5525 atque
3409 5459 3458 5512 in
3510 5460 3650 5514 libro
3677 5462 3786 5528 ejus

445 5563 450 5568 -
517 5537 971 5592 Miscellaneorum
997 5539 1188 5606 primo.
1215 5538 1349 5603 Quid
1372 5541 1439 5592 sit
1463 5541 1553 5595 Dei
1586 5556 1800 5602 nomen,
1824 5541 2120 5609 expositum
2149 5555 2253 5593 non
2280 5555 2432 5594 secus
2459 5557 2520 5594 ac
2549 5542 2597 5594 in
2625 5541 2731 5596 alio
2759 5552 2983 5598 tractatu
3008 5545 3242 5614 llngonis
3265 5563 3426 5617 super
3455 5550 3787 5622 Magniﬁcal.‘

520 5637 574 5680 et
612 5624 677 5678 de
705 5626 960 5691 captanda
988 5627 1078 5680 Dei
1106 5627 1473 5682 benevolentia
1501 5630 1651 5684 initio
1696 5630 2017 5698 precationis
2044 5629 2232 5682 similia
2265 5645 2384 5683 cum
2433 5631 2533 5685 hoc
2573 5632 2751 5686 libello
2779 5633 2937 5688 habet
2975 5645 3225 5691 tractatus
3255 5639 3494 5705 ejusdem
3538 5642 3606 5695 de
3635 5643 3787 5698 Modo

521 5710 728 5768 orandi.
779 5710 1052 5766 Postremo
1093 5721 1374 5778 tractatus,
1418 5733 1574 5785 quem
1621 5719 1832 5787 scripsit
1857 5717 1923 5772 de
1953 5719 2184 5786 quinque
2223 5719 2501 5789 Scptenis,
2537 5721 2648 5776 sive
2679 5723 3004 5791 Septenariis
3031 5766 3044 5789 ,
3077 5728 3250 5782 editus
3297 5730 3347 5783 in
3396 5733 3558 5786 citato
3590 5734 3726 5788 libro
3753 5736 3786 5786 2

525 5802 936 5873 Allegoriarum,
961 5820 1077 5875 cap.
1109 5806 1196 5871 15,
1228 5817 1493 5864 auctorem
1522 5811 1676 5881 plane
1707 5813 1950 5869 eumdem
1983 5829 2104 5868 cum
2136 5822 2362 5870 tractatu
2390 5816 2456 5871 de
2482 5826 2687 5887 scptem
2717 5819 2866 5875 V'itiis
2893 5820 3072 5878 refert.

3749 5913 3778 5929 __.
