4016 6570
257 519 402 577 1105

244 635 555 704 denegant,
599 640 657 704 ut
690 630 928 704 vigilanti
969 630 1145 704 studio
1188 631 1565 704 considerent,
1614 645 1712 704 cur
1741 645 1846 686 non

242 700 447 759 dixerit
475 700 763 767 Dominus,
786 702 954 756 Nemo
980 700 1239 772 propheta
1270 702 1535 770 perfectus
1558 711 1642 757 est
1666 702 1719 756 in
1753 717 1847 770 pa-

246 777 355 829 tria
400 789 516 829 sua.
566 772 672 829 Sed
700 774 769 827 ibi
800 772 927 843 quid
970 772 1113 827 aliud
1157 772 1557 843 intelligendum
1598 781 1713 836 est,
1747 773 1849 827 nisi

240 847 374 914 quia
400 860 507 900 non
529 854 806 914 acceptum
823 844 975 909 dixit,
992 857 1326 913 nequaquam
1350 843 1655 912 receptum?
1681 843 1851 913 quod-
1900 894 1910 901 .

239 913 353 986 que
384 916 452 970 de
481 913 715 985 antiquis
748 914 1029 986 Prophetis
1058 925 1109 967 et
1130 928 1223 986 _se_
1242 913 1357 981 ipso
1384 914 1585 986 dictum
1626 914 1848 983 intelligi

242 983 446 1053 voluit,
489 987 579 1057 qui
610 983 749 1055 apud
778 983 1107 1057 incredulos
1124 983 1341 1057 Judzcos
1381 1000 1488 1057 non
1519 984 1733 1057 fuerunt
1758 1000 1849 1039 ac-

240 1058 427 1124 cepti,
474 1053 568 1111 sed
615 1053 784 1125 magis
827 1055 1028 1125 spreti,
1076 1053 1349 1123 Stephano
1374 1055 1441 1109 ad
1475 1070 1571 1110 eos
1598 1054 1844 1121 dicente,

242 1128 417 1193 Quem
462 1126 837 1197 PrOphetarum
876 1142 977 1179 non
1018 1133 1145 1197 sunt
1175 1126 1418 1197 persecuti
1458 1135 1625 1195 patres
1661 1126 1849 1197 vestri?

238 1199 333 1267 qui
365 1195 773 1263 pranuntiabant
800 1197 863 1250 de
889 1196 1105 1267 adventu
1119 1195 1272 1264 justi,
1300 1197 1447 1267 cujus
1467 1213 1554 1250 vos
1578 1212 1711 1267 nunc
1747 1196 1847 1250 ho-

239 1266 452 1321 micida:
479 1278 525 1322 et
552 1268 833 1339 proditores
865 1267 1031 1339 fuistis
1065 1266 1200 1339 (Act.
1234 1281 1305 1321 vu
1326 1308 1338 1330 ,
1369 1266 1486 1336 52).
1514 1266 1646 1339 Quis
1667 1277 1845 1321 autem

238 1353 356 1393 non
386 1336 567 1393 videat
593 1350 808 1408 quantae
838 1336 1187 1408 temeritatis,
1236 1347 1554 1407 quantmqne
1592 1337 1661 1392 sit
1704 1353 1847 1408 prae-

239 1406 854 1477 snmptionisfaliquem
882 1408 981 1462 sibi
1010 1406 1287 1477 propheta:
1317 1406 1510 1462 nomen
1532 1406 1846 1462 assumere?

240 1478 329 1532 Tu
359 1476 519 1550 igitur
542 1495 664 1534 cum
693 1476 972 1534 cbaritatis
996 1476 1279 1533 affectione
1306 1478 1436 1533 tales
1462 1478 1755 1549 rcdargue,
1788 1488 1842 1533 et

1212 516 1419 574 LIBER
1458 517 1547 573 DE
1587 516 2016 573 SOBRIE'I'ATE
2063 520 2147 574 ET
2178 522 2583 579 (IASTITATE.

3420 529 3561 587 ιιυε

1953 631 2102 702 juxta
2135 634 2370 712 regulam
2402 644 2609 712 patrum
2641 636 2818 712 vivere
2844 654 3057 712 semper
3083 642 3273 711 stude,
3317 647 3554 702 maxime

1957 714 2135 757 autem
2176 706 2345 760 sancti
2383 707 2708 762 confessoris
2736 706 3029 766 Benedic-ti.
3077 714 3191 769 Non
3221 706 3461 771 declines
3487 720 3555 774 ab

1957 788 2019 857 ea
2046 789 2348 857 quoquam,
2392 792 2492 857 nec
2532 779 2808 857 illiﬂaddas
2836 783 3138 857 quidpiam,
3180 801 3279 840 nec
3321 789 3551 842 minuas.
3603 792 3609 797 ’

1958 842 2152 926 :I'otum
2172 842 2320 926 enim
2347 848 2487 917 quod
2506 849 2739 926 sufficit,
2775 842 2934 926 habet
2952 842 2980 919 ,’
2993 863 3050 926 et
3082 842 3341 926 nusquam
3373 858 3551 913 minus

1958 912 2164 995 habet:
2209 912 2380 995 cujus
2410 918 2569 995 verba
2611 912 2771 995 atque
2798 912 3037 995 imperia
3084 912 3375 983 sectatores
3424 912 3552 986 suos

1956 985 2254 1066 perducunt
2278 985 2351 1042 ad
2378 989 2499 1043 coeli
2541 985 2754 1059 palatia.
2782 989 2966 1066 Ecce,
3001 994 3164 1051 frater
3200 998 3547 1066 charissime,

1957 1063 2095 1110 inter
2123 1066 2347 1129 caeteras
2377 1075 2525 1113 meas
2554 1063 2931 1129 occupationes
2958 1066 3097 1120 hunc
3123 1067 3213 1121 tibi
3241 1063 3547 1125 sermonem

1956 1127 2430 1210 nocturnishoris,
2461 1127 2807 1210 licet-ittculia
2830 1146 3109 1210 venustate
3129 1178 3142 1201 ,
3172 1138 3364 1210 dictavi
3392 1150 3553 1210 atque

1955 1200 2310 1273 conscripsi:
2336 1216 2494 1273 quem
2525 1201 2647 1269 quia
2690 1204 3029 1273 epistolarcm
3072 1200 3289 1261 modum
3322 1200 3551 1266 transire

1955 1270 2214 1351 cognovi,
2260 1270 2497 1351 iibcllum
2542 1270 3140 1351 potius—DeEonilictu
3178 1280 3435 1351 vitiorum,
3473 1291 3556 1334 at-

1955 1354 2084 1421 que.
2111 1346 2363 1421 virtutum
2403 1357 2734 1421 nuncupare
2760 1346 2961 1421 malui:
2994 1346 3190 1421 in_quo
3229 1351 3271 1402 si
3315 1350 3551 1421 mitifica-

1957 1411 2355 1537 tigpésdgiigsuid
2385 1414 2686 1482 repeteris,
2721 1414 2861 1472 hunc
2887 1411 3171 1488 legendum
3201 1427 3259 1475 et
3286 1419 3404 1475 aliis
3436 1429 3549 1475 tra-

1999 1496 2089 1535 ere
2117 1496 2301 1538 debes.

464 1703 703 1814 DE
775 1698 1939 1815 SOBRIETATE
1990 1704 2229 1816 ET
2288 1705 3335 1827 CASTITATE

1516 1905 1863 1991 LIBER
1905 1907 2261 2005 UNUS,

203 2070 349 2151 Li,
462 2057 484 2078 ’³

1399 2065 1804 2129 INCERTI
1875 2067 2399 2133 AUCTORIS.

1693 2219 2116 2280 «WB:
2124 2310 2127 2311 ν

320 2348 547 2404 CAPUT
588 2347 866 2404 PRIMUM.
908 2346 1042 2402 Vitia
1069 2346 1167 2400 tria
1191 2345 1513 2399 declinanda.
1546 2340 1846 2399 Sobrietatis

240 2421 383 2482 tuus.
415 2418 687 2473 Ebrietutis
712 2420 869 2472 mala.
912 2416 1028 2471 Vini
1054 2434 1197 2471 usus.
1230 2417 1310 2470 Ad
1335 2417 1457 2488 quid
1487 2416 1646 2488 utilis.
1667 2414 1845 2488 Quare

244 2489 598 2545 sacerdotibus
618 2489 875 2543 inhibitus.
900 2488 1171 2542 Ebrietatis
1196 2484 1534 2541 iucontmoda.
1563 2484 1845 2553 Scriptura:

239 2560 426 2630 quibus
454 2560 550 2613 hoc
575 2560 749 2613 vitium
777 2560 1071 2613 damnatur.
1105 2558 1329 2630 Qrapula
1350 2556 1644 2629 ‘tugentibus
1663 2557 1840 2630 diuex-

240 2627 435 2699 sequiis
464 2631 736 2701 abdamicis
772 2631 1036 2701 ingeritur.
1088 2627 1301 2701 Corpori
1343 2627 1843 2701 animoque_it_tfcst_a

239 2695 480 2755 ebrietas.
526 2698 659 2755 Cum
708 2695 1010 2754 mortalium
1060 2695 1325 2754 mutabilis
1367 2695 1536 2754 ‘mens’
1559 2697 1644 2753 vel
1678 2695 1842 2750 bonis

243 2770 535 2842 aliquando
559 2771 640 2842 vel
669 2771 822 2825 malis
849 2770 1228 2825 intentionibus
1257 2769 1571 2842 delectetur,
1601 2768 1842 2837 plerique

244 2839 353 2896 seu
369 2841 705 2913 pmnitudine
731 2843 993 2913 malorum
1021 2842 1088 2895 ad
1113 2849 1263 2894 actus
1288 2840 1480 2913 bonos,
1513 2839 1626 2893 sive
1651 2851 1839 2913 socor-

243 2913 331 2966 dia
363 2908 561 2967 mentis
591 2928 660 2967 ex
686 2912 842 2967 bonis
869 2912 935 2966 ad
977 2912 1146 2966 malos
1180 2911 1480 2980 praecipites
1505 2908 1838 2980 transferan-

246 2994 361 3047 tur;
403 2982 708 3051 disputandi
740 2983 991 3038 materias
1031 2979 1242 3037 moru’m
1281 2979 1727 3051 po'nderatoribus
1753 2979 1836 3048 gi-

241 3062 436 3123 guunt,
457 3050 648 3122 quibus
662 3053 856 3122 agnitis
870 3053 1099 3108 correcti
1123 3050 1389 3123 laetentur,
1406 3050 1839 3123 inconvertibiics

242 3121 424 3178 autem
448 3121 500 3177 in
522 3124 634 3178 suis
652 3121 845 3194 iniquis
865 3123 1104 3179 moribus
1122 3121 1535 3194 confundantur.
1562 3121 1839 3194 Diftieilius

241 3210 477 3265 namque
505 3191 766 3249 bonorum
810 3194 1135 3264 appetitores
1165 3193 1437 3258 invenias,
1467 3207 1626 3261 quam
1663 3191 1835 3265 malo-

239 3281 363 3319 rum
390 3262 713 3320 desertores
738 3282 751 3317 :
784 3262 904 3334 quia
933 3264 1341 3335 quamplurimis
1379 3272 1435 3318 et
1462 3278 1601 3332 pene
1628 3262 1837 3335 cunctis

240 3335 563 3390 mortalibus
589 3335 766 3390 dulcia
794 3332 920 3390 sunt
947 3332 1116 3405 magis
1144 3350 1206 3390 ea
1237 3350 1356 3403 quae
1386 3332 1833 3405 carnemfovent,

238 3422 403 3475 quam
443 3420 563 3475 quae
605 3420 635 3460 a
670 3406 811 3461 vitiis
845 3404 1078 3461 frenant.
1106 3405 1175 3460 Et
1201 3406 1454 3476 quoniam
1485 3404 1644 3476 studii
1687 3420 1837 3459 com-

238 3474 403 3530 moda
431 3474 471 3529 a
493 3476 645 3531 nobis
672 3476 1004 3546 suggerenda
1034 3486 1159 3530 sunt
1185 3474 1481 3530 honestatis
1508 3475 1548 3543 ⁸,
1578 3474 1839 3530 admone-

239 3561 363 3601 mus
408 3548 460 3601 in
508 3548 597 3600 tali
643 3549 917 3618 proposito
957 3546 1192 3601 militare
1235 3546 1539 3611 volentem,
1580 3561 1830 3618 segnem,

237 3615 656 3672 somnolentum
682 3615 841 3686 atque
882 3618 1234 3673 temulentum
1278 3632 1398 3672 esse
1439 3631 1543 3669 non
1590 3615 1830 3686 debere:

236 3689 495 3758 quoniam
531 3688 599 3742 ab
630 3688 713 3741 his
739 3685 882 3742 vitiis
910 3689 1078 3743 tribus
1115 3688 1215 3742 nisi
1249 3688 1368 3756 quis
1410 3687 1568 3741 fuerit
1595 3685 1832 3758 declina-

237 3757 327 3813 tus
347 3799 362 3819 ,
406 3773 630 3813 securus
656 3774 925 3829 nunquam
953 3774 1073 3814 esse
1114 3767 1288 3827 potest
1312 3758 1395 3829 vel
1427 3765 1596 3829 tutus,
1641 3757 1750 3811 imo
1780 3765 1834 3812 et

237 3830 493 3897 periculis
523 3827 806 3893 omnibus,
838 3838 893 3884 et
919 3829 1019 3898 ipsi
1042 3829 1203 3883 etiam
1234 3827 1391 3882 morti
1424 3828 1525 3882 erit
1551 3828 1596 3881 is
1620 3842 1834 3898 semper

235 3901 524 3953 obnoxius.
564 3899 841 3953 Fortitudo
871 3897 1013 3954 enim
1060 3899 1328 3954 inimicum
1366 3898 1651 3966 Opprimit,
1692 3897 1831 3967 vigi-

236 3972 404 4024 lantia
435 3969 773 4024 tendentibus
800 3971 1015 4024 insidias
1037 3971 1232 4033 obstat,
1262 3969 1526 4023 sobrietas
1547 3983 1673 4022 vero
1695 3983 1832 4037 prte-

257 4051 484 4093 iaratnm
510 4055 604 4093 cor
629 4040 863 4095 hominis
904 4042 1046 4095 facit.
1082 4042 1369 4109 Pr0pterea
1398 4040 1540 4093 enim
1571 4039 1831 4093 Dominus

287 4127 386 4165 eus
418 4119 601 4165 noster
626 4121 847 4179 paterno
867 4111 1056 4165 aliectu
1080 4127 1176 4180 per
1199 4109 1495 4179 Prophetas
1519 4118 1573 4164 et
1601 4110 1830 4177 Aposto-

235 4181 320 4236 los
350 4195 478 4235 suos
502 4181 655 4236 nobis
681 4183 952 4251 praecepit,
975 4182 1043 4235 ab
1063 4182 1312 4236 omnibus
1334 4181 1493 4245 vitiis,
1525 4188 1579 4235 et
1600 4182 1831 4235 maxime

233 4253 304 4307 ab
339 4252 632 4322 ebrietate,
673 4267 793 4322 quae
821 4254 1058 4306 omnium
1091 4253 1341 4306 vitiorum
1367 4266 1561 4321 gurges
1586 4260 1698 4315 est,
1735 4268 1828 4322 pe:

234 4324 385 4378 nitus
410 4321 707 4394 abstinere;
736 4323 813 4378 De
839 4324 991 4394 cujus
1013 4323 1125 4376 vitii
1151 4325 1170 4353 ²
1204 4323 1347 4377 malo
1378 4323 1621 4394 volumus
1643 4321 1829 4376 lectori

233 4394 509 4462 aliquanta
557 4392 827 4462 proferre,
868 4392 1027 4463 quem
1065 4401 1270 4448 tantum
1307 4393 1525 4447 monitis
1554 4393 1830 4447 hortamur

231 4464 475 4519 animum
507 4464 768 4519 intentum
806 4480 1108 4535 apponere,
1140 4474 1194 4519 et
1222 4465 1455 4519 sermoni
1483 4473 1695 4530 nostro,
1725 4463 1826 4518 etsi

232 4536 419 4590 minus
443 4535 642 4589 lucenti
668 4551 829 4605 quam
869 4534 1084 4590 auditus
1111 4536 1273 4605 exigit
1296 4535 1661 4605 eloquentium
1681 4573 1697 4599 ,
1716 4550 1827 4605 ive-

232 4608 379 4661 niam
408 4605 556 4660 dare.
596 4604 893 4661 Suademus
918 4606 1060 4661 enim
1091 4606 1365 4662 auditores
1404 4604 1667 4659 rationem
1698 4604 1828 4661 dicti

229 4677 435 4731 debere
476 4677 784 4742 advertere,
824 4690 929 4730 non
977 4676 1153 4732 fucum
1194 4678 1491 4746 spumantis
1521 4677 1821 4743 sermonis,

230 4754 329 4801 aut
368 4746 713 4802 artificiosam
758 4747 1118 4815 eloquentiam
1160 4745 1493 4816 exspectare.
1538 4745 1691 4803 Unde
1718 4747 1827 4817 pri-

229 4820 395 4872 mitus
438 4827 657 4887 propter
700 4818 861 4872 libelli
905 4819 1113 4873 titulum
1152 4820 1236 4873 vel
1283 4818 1569 4882 decorem,
1621 4816 1825 4874 fructus

228 4900 283 4942 et
328 4889 467 4942 bona
510 4889 815 4945 sobrietatis
859 4889 909 4941 in
951 4900 1207 4957 quantum
1258 4904 1542 4958 possumus
1583 4889 1825 4957 profera-

229 4974 386 5022 mus;
418 4968 474 5015 et
515 4969 700 5030 postea
726 4960 999 5016 ebrietatis
1031 4960 1311 5016 indecoras
1348 4959 1624 5016 molestias
1652 4959 1827 5029 publi-

225 5045 435 5084 CCIIIUS.

299 5101 574 5155 Sobrietas
604 5116 835 5170 namque
880 5102 1096 5157 eaStitas
1139 5112 1222 5157 est
1270 5118 1461 5158 sensus
1502 5110 1557 5158 et
1603 5101 1819 5167 mentis,

226 5172 594 5245 membrorum
623 5174 862 5227 omnium
912 5173 1260 5245 corporisque
1310 5175 1511 5234 tutela.
1562 5174 1823 5245 castitatis

225 5242 603 5312 pudicitimquc
644 5259 958 5310 munimen,
1009 5242 1197 5313 pudori
1241 5245 1512 5313 proxima,
1572 5243 1823 5298 amicitize

228 5315 484 5382 pacisque
521 5328 704 5380 serva,
754 5314 1019 5370 honestati
1049 5330 1262 5383 semper
1289 5314 1592 5383 conjuncta,
1636 5314 1821 5368 crimi-

228 5400 357 5439 num
388 5382 747 5455 vitiorumque
790 5386 1028 5439 omnium
1066 5382 1307 5455 profuga,
1359 5382 1486 5439 recti
1525 5385 1711 5454 judicii
1738 5393 1820 5439 te-

229 5470 353 5521 nax,
385 5457 661 5510 memoria:
690 5457 1183 5526 recordationisque
1209 5456 1576 5524 inseparabilis
1606 5457 1819 5524 sapien-

231 5526 321 5592 tia,
356 5538 688 5581 secretornm
719 5537 918 5592 custos,
949 5529 1131 5583 arcani
1160 5528 1422 5591 velamen,
1458 5527 1743 5581 lectionum
1768 5536 1824 5581 et

226 5596 487 5653 doctrina:
512 5613 703 5667 capax,
734 5600 1034 5653 studiorum
1064 5607 1119 5653 et
1142 5599 1336 5652 artium
1370 5598 1627 5652 bonarum
1656 5597 1819 5651 disci-

227 5670 350 5737 pula
395 5668 593 5738 pariter
640 5679 693 5722 et
743 5670 1014 5737 magistra,
1061 5670 1391 5739 ingeniorum
1441 5668 1820 5738 capiendorum

228 5741 564 5809 pt-dissequa,
597 5739 752 5795 bona:
783 5739 938 5798 fama;
965 5755 1177 5810 semper
1229 5739 1403 5805 avida,
1450 5740 1501 5793 in
1540 5739 1821 5808 cogitatio-

228 5811 381 5865 nibus
406 5811 638 5866 salubria
665 5821 824 5883 atque
854 5812 1002 5867 utilia
1026 5825 1216 5869 creans
1243 5851 1258 5877 ,
1306 5810 1515 5867 virtutis
1552 5811 1821 5881 singulare

290 5948 303 5974 ι
332 5944 474 6003 forte,
500 5944 721 5994 honestis.

287 6010 313 6047 ι
332 6015 409 6061 iis.
440 6008 634 6072 Regius,
660 6008 888 6059 "interim.

1950 2336 2226 2425 auxilium,
2256 2348 2446 2425 cuncta
2476 2358 2597 2399 cum
2644 2345 2851 2425 ratione
2889 2346 3200 2425 disponens,
3234 2351 3286 2406 in
3321 2368 3547 2425 congre-

1947 2412 2160 2492 gatione
2192 2412 2538 2492 honestorum
2579 2430 2638 2492 s_c
2682 2417 2850 2492 ipsam
2888 2412 3105 2492 semper
3145 2412 3545 2492 ingerens."So-

1948 2481 2147 2564 brietas
2188 2486 2539 2564 temeritatem
2586 2481 2739 2556 fugit,
2788 2481 3038 2564 pericula
3064 2481 3257 2564 cuncta
3284 2493 3538 2562 declinat,

1948 2554 2146 2631 mutuis
2197 2554 2388 2631 officiis
2436 2554 2807 2627 obtemperat,
2859 2560 3165 2631 superbiam
3222 2554 3541 2631 detestatur;

1946 2621 2181 2703 domum
2205 2623 2575 2703 familiamque
2602 2621 2726 2703 cum
2775 2621 3142 2686 moderatione
3166 2634 3452 2703 gubernat,
3486 2621 3545 2690 fi;

1946 2692 2088 2767 dem
2118 2694 2218 2749 sibi
2262 2692 2719 2767 committentihus
2762 2709 2960 2766 servat,
3012 2710 3085 2767 et,
3131 2692 3197 2757 ut
3233 2692 3542 2761 summatim

1947 2764 2282 2841 breviterque
2319 2766 2523 2841 dicam,
2558 2769 2867 2841 Sobrietatis
2912 2764 3311 2841 perseverantia
3339 2776 3544 2833 inaesti-

1946 2835 2458 2913 mabilis_est‘animi
2499 2837 2796 2913 fortitudo;
2826 2835 3012 2896 omnes
3038 2858 3154 2897 eam
3188 2846 3437 2913 virtutes,
3483 2857 3539 2904 et

1946 2920 2132 2986 omnes
2163 2906 2376 2987 laudum
2416 2924 2632 2987 semper
2663 2911 2801 2965 tituli
2828 2913 3234 2984 concupiscunt,
3264 2918 3387 2987 quia
3416 2906 3534 2975 sine

1946 2978 2058 3050 ipsa
2086 2978 2266 3031 ornari
2282 2986 2373 3050 aut
2393 2978 2603 3047 placere
2631 2996 2736 3035 non
2767 2978 3008 3050 possunt.

1986 3048 2060 3130 .
2087 3057 2278 3103 contra
2303 3048 2537 3130 ebrietas
2573 3050 2640 3106 ab
2668 3048 2861 3107 animae
2889 3054 3082 3130 injuria
3119 3055 3323 3127 incipit,
3360 3066 3414 3114 et
3442 3058 3541 3115 ﬂa-

1949 3120 2204 3199 gitiorum
2233 3120 2472 3199 omnium
2500 3130 2671 3199 mater
2692 3131 2795 3199 est,
2820 3120 3097 3199 culparum
3120 3120 3364 3199 materia,
3388 3131 3541 3186 radix

1942 3190 2248 3269 criminum,
2289 3191 2438 3260 origo
2467 3193 2705 3247 omnium
2747 3190 3023 3269 vitiorum,
3052 3197 3285 3253 turbatio
3326 3190 3537 3269 capitis,

1942 3260 2224 3340 subversi?
2271 3276 2483 3340 sensus,
2519 3260 3049 3340 teinpesta_s‘linguze,
3082 3269 3315 3336 procella
3342 3260 3540 3340 cor-po;

1941 3330 2037 3412 ris,
2068 3330 2410 3412 .naufragium
2450 3330 2731 3412 castitatis.
2760 3330 3007 3412 Ebrietas
3035 3330 3290 3412 temporis
3319 3330 3540 3397 amissio

1941 3408 2043 3467 est,
2068 3403 2617 3479 insaniavoluntaria,
2649 3405 3036 3479 ignominiosus
3064 3403 3310 3479 languor,
3340 3414 3537 3467 mentis

1941 3486 2086 3549 same
2134 3472 2492 3549 debilitatiof,
2521 3472 2794 3549 turpitudo
2838 3492 3072 3543 morum,
3114 3472 3346 3538 dedecus
3393 3484 3537 3549 vine,

1941 3540 2235 3624 honestatis
2282 3543 2519 3624 infamia,
2567 3540 2761 3624 animm
2814 3540 3135 3624 corrttptcia.
3171 3551 3433 3616 Ebrietas,
3482 3540 3540 3610 ut

1940 3614 2213 3691 cernimus
2251 3614 2509 3683 quotidie,
2559 3618 2858 3691 amplarum
2912 3614 3232 3691 familiarum
3280 3614 3539 3691 plurimos

1941 3682 2207 3749 lahefacit,
2247 3682 2301 3741 et
2331 3700 2456 3740 cura
2488 3682 2890 3761 gubernationis
2915 3689 3220 3758 destitutos,
3250 3682 3534 3761 parentum

1938 3768 2265 3834 avorumque
2294 3770 2512 3810 suorum
2540 3757 2674 3813 bene
2702 3758 2902 3834 diuque
2928 3757 3432 3834 congregata—atque
3454 3764 3536 3820 in-

1938 3825 2083 3895 genti
2125 3826 2295 3894 pretio
2336 3836 2642 3895 comparata
2678 3829 2769 3882 vili
2811 3825 3362 3889 nummo'dis'trahere'
3388 3834 3534 3890 facit.

1937 3893 2182 3975 Ebrietas
2206 3895 2257 3975 in
2290 3893 2515 3975 utroque
2542 3912 2680 3975 sexu
2722 3908 2913 3975 cuncta
2946 3901 3082 3975 mala
3114 3917 3330 3975 semper
3367 3919 3532 3975 appe-

1938 3965 2017 4028 tit,
2045 3973 2099 4019 et
2144 3965 2368 4021 nefanda
2399 3965 2703 4022 cummitzit.
2745 3970 2991 4025 Ebrietas
3023 3965 3267 4027 timorem
3308 3965 3529 4030 Dei'an-

1936 4034 2061 4109 fert,
2108 4034 2346 4109 Ψμιωηι
2402 4038 2493 4093 Dei
2540 4039 2797 4109 judicium
2826 4040 2892 4095 de
2926 4041 3087 4096 corde
3127 4057 3186 4097 se
3224 4043 3535 4101 habentium

1937 4107 2092 4186 tollit:
2118 4106 2382 4186 Ebrietas,
2410 4106 2888 4186 utait_Apostol_us,
2916 4127 3081 4186 regna
3103 4114 3341 4170 cmlcstia
3367 4132 3531 4186 appe-

1936 4177 2170 4232 tentibus
2194 4177 2422 4251 denegat
2450 4179 2509 4251 (Vl
2538 4177 2655 4234 Cor.
2685 4197 2759 4247 vr,
2790 4181 2902 4251 l0).
2937 4177 3180 4238 Ebrietas
3224 4177 3530 4243 temulentis

1935 4256 2174 4329 tempora
2203 4247 2428 4329 furatur,
2457 4247 2573 4329 dies
2600 4247 3101 4329 subripitjdepositi
3129 4255 3208 4310 sui
3230 4271 3337 4312 non
3366 4259 3531 4313 remi-

1935 4321 2175 4385 niscitur,
2207 4329 2261 4374 et
2307 4328 2432 4377 ante
2478 4321 2628 4376 illum
2678 4324 2847 4391 posita
2878 4321 2978 4379 nec
3010 4334 3188 4381 mente
3218 4342 3318 4383 nec
3363 4328 3536 4385 oculis

1933 4399 2219 4467 contuetur
2251 4408 2263 4467 ε
2290 4392 2487 4447 famulo
2517 4407 2646 4467 vero
2685 4408 2791 4467 non
2819 4395 2990 4467 solum
3016 4396 3179 4467 fidem
3210 4397 3413 4467 aufert,
3436 4399 3532 4455 sed

1932 4460 2093 4537 etiam
2116 4460 2359 4537 fraudum
2393 4472 2447 4518 et
2472 4464 2747 4537 servitutis
2791 4464 2968 4520 officio
3011 4466 3251 4524 inutilem
3279 4460 3437 4537 facit;
3479 4479 3537 4527 et

1931 4530 2044 4606 alia
2068 4532 2204 4585 mala
2235 4549 2353 4606 qua:
2380 4536 2761 4606 comprehendi
2793 4552 2897 4591 non
2930 4548 3174 4606 possunt.

2004 4602 2071 4685 Et
2095 4604 2347 4685 quoniam
2374 4605 2753 4685 abaliquantis
2780 4607 2886 4662 vini
2906 4602 3021 4685 non
3036 4617 3360 4685 temperatur
3378 4627 3531 4685 usus,

1932 4672 2027 4754 sed
2075 4674 2250 4754 potius
2286 4672 2574 4754 appetitur'
2601 4692 2891 4754 excessus;
2937 4672 3171 4754 habitus"
3198 4682 3439 4754 corporis
3478 4672 3534 4738 et

1930 4744 2419 4820 vittepericulum,
2473 4755 2527 4801 et
2564 4748 2832 4820 opinionis
2861 4763 2925 4803 ac
2955 4748 3111 4805 famm
3152 4744 3527 4820 gravissimum

1930 4814 2221 4890 acquiritur
2258 4814 2533 4890 damnum.
2563 4814 2704 4890 Nam,
2724 4817 2975 4890 fomentis
3000 4814 3366 4889 corporalibus
3397 4838 3525 4890 pro-

1930 4885 2101 4959 visum
2134 4893 2216 4941 est
2244 4887 2365 4959 vini
2394 4902 2630 4959 munus;
2661 4889 3006 4945 abutentibus
3052 4885 3262 4959 penitus
3302 4885 3528 4948 interdi-

1928 4956 2088 5029 ρων,
2129 4964 2187 5029 _e_t
2223 4956 2527 5029 sobrietatis
2571 4958 2849 5029 disciplina
2879 4956 3227 5016 custodienda
3270 4963 3527 5018 sancitur.

1930 5025 2028 5085 Est
2055 5026 2266 5095 quidem
2298 5028 2348 5080 in
2376 5028 2556 5082 multis
2584 5025 2722 5082 vitze'
2736 5032 3039 5085 mortalium
3067 5032 3246 5085 vinum
3278 5047 3525 5087 necessa-

1929 5097 2090 5162 rium,
2138 5097 2367 5151 debilem
2412 5099 2745 5155 stomaclnun
2798 5100 3004 5165 reficit,
3048 5102 3187 5155 vires
3216 5100 3527 5160 deficientes

1928 5175 2160 5236 reparat,
2200 5168 2468 5235 algentem
2511 5169 2706 5237 frigore
2747 5169 3007 5235 calefacit,
3039 5172 3353 5229 vulneribus
3381 5173 3525 5229 infu-

1928 5253 2045 5312 sum
2077 5237 2338 5312 medetur,
2368 5238 2621 5312 antidotis
2664 5241 2824 5294 etiam
2858 5241 3189 5312 diversisque
3218 5243 3529 5300 medicamia

1929 5308 2084 5385 nibus
2100 5307 2415 5376 adjunctum
2427 5310 2650 5385 salutem
2668 5320 2946 5385 operaiur,
2971 5307 3238 5385 tristitiam
3261 5326 3521 5385 removet,

1931 5379 2212 5452 languores
2240 5394 2428 5452 omnes
2455 5380 2619 5435 animi
2648 5380 2811 5447 delet,
2843 5382 3080 5437 laetitiam
3114 5384 3361 5452 infundit,
3388 5379 3520 5441 Con;

1928 5450 2073 5503 vivas
2095 5448 2316 5504 honesta
2361 5450 2585 5505 miscere
2608 5452 2876 5527 colloquia
2907 5454 3074 5527 facit:
3108 5456 3266 5525 paulo
3298 5448 3528 5527 amplius

1932 5535 2061 5574 vero
2090 5532 2383 5592 sumpium,
2419 5521 2622 5589 potanti
2667 5522 2895 5592 quodam
2926 5525 3085 5579 modo
3109 5521 3443 5584 convertitur
3474 5532 3525 5586 in

1929 5605 2213 5644 venenum.
2244 5591 2535 5661 Propterea
2563 5591 2705 5647 enim
2732 5593 2839 5647 vini
2868 5595 3242 5651 abstinentiam
3274 5600 3526 5655 sacerdo-

1929 5661 2072 5738 tibus
2102 5662 2277 5738 primo
2304 5672 2357 5716 et
2382 5662 2581 5738 Levitis
2607 5678 2646 5738 a_
2676 5664 3159 5738 Dominolcgimns
3187 5668 3522 5738 imperatam,

1927 5735 2046 5801 quia
2077 5733 2353 5805 oportebat
2382 5741 2440 5805 ut
2467 5734 2542 5788 illi
2568 5735 2816 5805 primitus
2843 5733 3145 5793 sobrietatis
3178 5733 3394 5795 modum
3426 5733 3521 5795 ob;

1928 5802 2248 5875 servandum
2287 5802 2639 5874 susciperent,
2672 5805 2763 5875 qui
2804 5809 3013 5865 creteris
3060 5810 3373 5866 mortalibus
3417 5828 3523 5868 non

1928 5874 2102 5939 dictis,
2136 5873 2229 5928 sed
2268 5875 2416 5930 factis
2440 5873 2711 5947 praecepta
2754 5877 2933 5934 divina
2964 5880 3293 5936 observanda
3341 5881 3518 5945 trade-

1997 6010 2013 6046 ι
2044 6018 2119 6058 iis.
2149 6011 2340 6074 Regius,
2369 6011 2491 6064 male
2514 6026 2629 6068 sana
2656 6012 2934 6071 dcbilitatro.
