4016 6534
271 451 410 509 1109

269 564 433 620 debet
473 577 698 632 operam.
734 559 897 626 dare,
943 559 1286 632 orationibus
1312 559 1700 632 diehnoctuqne
1725 557 1858 632 iusi-

269 645 448 701 stere,
490 629 538 687 si
564 631 708 702 cupit
733 639 790 686 et
814 632 1036 702 laqueos
1056 640 1111 685 et
1135 631 1352 702 insidias
1376 630 1574 684 diaboli
1604 629 1860 702 insidian-

272 707 342 761 tis
379 700 651 770 evadere;
690 711 746 757 et
777 702 844 755 ad
873 701 1134 770 promissa
1156 701 1468 771 virginitatis
1500 700 1714 771 prannia
1743 715 1865 771 pcr-

272 775 476 830 venire.
521 772 796 828 Dominica
839 772 1017 843 virgo,
1058 770 1559 843 omnemfratrem,
1595 785 1754 841 quem
1784 770 1864 824 vi-

271 845 494 900 tandum
519 843 658 899 mala
679 843 819 897 fama
842 841 1184 898 commendat
1205 883 1221 909 ,
1251 842 1408 898 nimis
1432 841 1554 912 fuge
1576 883 1590 905 ,
1617 851 1672 896 et
1692 857 1863 910 quau-

269 926 383 970 tum
423 924 580 984 potes
599 956 614 980 ,
657 915 726 969 ab
750 928 816 967 eo
843 913 927 969 vel
957 912 1025 968 ab
1047 912 1164 981 ejus
1195 913 1449 968 conviviis
1477 925 1595 967 tuos
1618 927 1866 984 accessus

268 982 503 1041 declina.
546 985 823 1040 Dominica
871 984 1021 1052 virgo
1064 999 1170 1037 non
1216 985 1445 1048 nesciat,
1491 999 1558 1037 ex
1599 982 1864 1037 convivali

268 1055 540 1125 colloquio
580 1056 876 1110 inolescere
907 1053 1140 1108 libidinis
1167 1054 1292 1108 vitia
1317 1096 1330 1117 ,
1365 1063 1419 1125 et
1448 1052 1732 1125 exindead
1760 1053 1868 1106 lor-

271 1124 560 1181 uicationis
581 1126 747 1179 veniri
775 1134 1010 1194 peccata.
1041 1125 1311 1180 Dominica
1337 1124 1504 1195 virgo,
1531 1132 1589 1195 ut
1611 1124 1718 1178 cito
1741 1138 1870 1177 cou-

268 1197 528 1265 cludam,
574 1195 643 1251 ab
685 1195 932 1250 onmibus
974 1195 1240 1250 illecebris
1284 1194 1721 1264 gulte’abstinens
1747 1208 1868 1249 esse

268 1267 468 1332 debet,
517 1276 573 1321 et
611 1281 771 1336 pareo
810 1266 949 1319 victu
976 1266 1057 1320 vel
1088 1276 1211 1333 potu
1241 1265 1404 1320 debet
1433 1279 1558 1336 esse
1578 1271 1826 1336 contenta
1849 1304 1863 1330 ,

269 1346 330 1392 et
376 1335 1005 1392 ltonesta’tacituruitate
1050 1351 1262 1405 semper
1299 1344 1507 1389 ornata.
1536 1335 1867 1389 Dominieam

269 1408 536 1478 virginem
567 1408 658 1478 Dei
688 1407 1000 1478 beneficium
1023 1415 1104 1461 est
1134 1406 1299 1478 irasci,
1319 1406 1546 1478 nescire,
1571 1419 1730 1478 nosse
1753 1421 1869 1458 nta-

269 1477 715 1548 gis’iracundia'm
739 1477 990 1548 cohibere
1007 1516 1022 1534 .
1055 1477 1261 1531 cunctis
1290 1477 1572 1548 benignam
1598 1477 1829 1548 existere
1850 1515 1866 1541 ,

270 1545 448 1604 oculis
488 1563 593 1602 non
630 1563 896 1610 annuere,
927 1547 1053 1602 dolo
1077 1557 1130 1600 et
1159 1548 1356 1601 malitia
1385 1547 1618 1616 linguam
1650 1561 1756 1600 non
1788 1545 1868 1600 fa-

271 1620 519 1686 bricare,
567 1618 756 1673 alienae
796 1617 989 1673 domus
1035 1627 1240 1672 secreta
1289 1632 1388 1672 nec
1433 1617 1734 1673 auscultare
1769 1630 1871 1671 nec

274 1688 509 1759 prodere
528 1731 544 1755 ,
566 1689 840 1742 avaritiam
871 1688 1320 1759 cupiditatemque
1345 1688 1526 1757 fugere
1547 1728 1561 1752 ,
1585 1687 1684 1759 sibi
1705 1687 1872 1759 depo-

271 1756 381 1815 ἐξω
425 1775 532 1815 non
582 1775 810 1829 negare,
861 1760 911 1812 in
945 1756 1133 1814 usuris
1172 1756 1451 1828 pecuniam
1491 1772 1598 1829 non
1635 1756 1868 1829 habere,

272 1829 454 1884 sorori
499 1827 709 1900 culpam
752 1845 815 1884 ex
857 1829 1017 1884 corde
1061 1829 1360 1900 dimittere,
1405 1827 1873 1900 scandalumnulli

273 1915 552 1971 apponere
571 1899 604 1965 ,ί
639 1900 900 1971 tribulatis
943 1899 1368 1971 consolationem
1410 1899 1680 1971 prmbere,
1722 1899 1872 1952 infir-

278 1970 554 2026 ulantibus
592 1970 929 2035 ministrare,
974 1970 1276 2024 detrahenti
1326 1970 1476 2024 alteri
1507 1985 1613 2023 nou
1642 1984 1872 2023 consen-

277 2041 412 2106 tire,
453 2040 546 2096 sed
572 2055 600 2093 a
630 2040 960 2096 detractione
987 2056 1044 2094 se
1073 2041 1280 2109 penitus
1308 2040 1599 2095 abstinere.
1633 2038 1872 2093 Domini-

274 2125 400 2167 cam
438 2110 697 2182 virginem
742 2112 795 2182 in
831 2111 1054 2166 ecclesia
1077 2127 1197 2166 eum
1226 2111 1606 2182 silentiostare
1635 2109 1832 2164 debere
1856 2151 1871 2175 ,

277 2189 340 2237 et
384 2180 690 2250 nihil—legis
733 2180 929 2236 docere
953 2224 966 2246 ,
1004 2183 1320 2250 Apostolum
1361 2180 1484 2236 audi
1521 2180 1829 2251 loquentem
1860 2198 1874 2234 :

278 2251 527 2322 Mulieres
582 2254 636 2322 in
691 2253 898 2306 ecclesia
953 2249 1151 2306 taceant
1207 2269 1226 2306 :
1278 2262 1424 2322 turpe
1472 2261 1547 2322 est
1584 2249 1877 2322 mulieribus

279 2321 421 2392 loqui
450 2321 512 2392 in,
522 2321 770 2392 ecclesiis.
799 2322 930 2377 ltem
957 2323 1028 2376 ait
1058 2340 1070 2375 :
1103 2322 1344 2376 Mulieres
1362 2321 1412 2392 in
1433 2321 1633 2376 silentio
1655 2321 1873 2374 discant.

281 2391 416 2464 μευ]
441 2409 459 2446 :
481 2391 779 2464 Mulieribus
800 2393 978 2464 docere
996 2409 1096 2446 non
1125 2391 1477 2464 permittoUd.
1506 2407 1617 2456 xw,
1647 2393 1715 2464 5A4
1727 2392 1875 2457 e155;

281 2461 302 2516 1
326 2460 462 2516 Tim.
488 2465 577 2535 n,‘._l
591 2464 672 2535 let
690 2462 802 2535 12).
827 2463 882 2535 Si
902 2480 1031 2532 ergo
1050 2464 1362 2535 mulieribus
1378 2460 1537 2535 turpe
1556 2472 1640 2516 est
1658 2461 1876 2535 docere,

280 2543 378 2586 aut
395 2533 688 2588 in-ecclesia
707 2532 872 2602 loqui;
887 2544 1085 2603 quanto
1099 2532 1558 2603 magisvirginihus
1573 2547 1705 2602 quas
1719 2533 1881 2586 casti-

284 2603 411 2658 tatis
435 2604 548 2658 Deo
573 2605 850 2673 promissa:
879 2620 1005 2658 cura
1043 2605 1404 2673 professioque
1446 2603 1788 2671 constringit,
1823 2612 1878 2657 ut

282 2689 379 2730 eas
400 2675 567 2743 magis
595 2674 714 2744 alia:
745 2675 795 2727 iu
819 2675 970 2729 bonis
997 2675 1248 2744 operibus
1275 2674 1581 2729 imitentur?
1607 2673 1879 2744 Dominica

283 2745 436 2813 virgo
466 2761 534 2799 ne
573 2743 701 2813 quid
745 2760 965 2814 pravum
1008 2743 1098 2800 aut
1136 2745 1359 2800 scurrile
1387 2757 1478 2799 aut
1507 2743 1752 2798 simulate
1797 2744 1880 2798 lo-

327 2824 499 2880 natur,
527 2824 580 2869 et
604 2830 763 2869 omne
793 2816 1126 2870 mendacium
1157 2831 1224 2870 ex
1249 2831 1344 2870 ore
1385 2829 1482 2869 suo
1519 2815 1730 2883 penitus
1758 2829 1880 2868 era-

328 2885 451 2939 icet.
482 2885 784 2955 Loquentes
817 2886 960 2940 enim
1008 2885 1344 2941 mendacium
1382 2886 1635 2940 Dominus
1671 2884 1878 2955 perdet,

289 2967 346 3009 ut
375 2954 428 3010 in
451 2957 637 3024 quinto
666 2957 868 3025 psalmo
900 2957 1084 3020 David,
1113 2967 1166 3010 et
1201 2955 1318 3025 ejus
1345 2955 1486 3010 filius
1516 2958 1566 3010 in
1603 2956 1740 3010 libro
1778 2954 1878 3009 Sa-

289 3026 503 3096 pientia:
528 3025 684 3080 docet
707 3025 875 3095 (Psal.
905 3043 957 3091 v,
987 3028 1048 3091 7;
1080 3027 1208 3094 Sap.
1237 3043 1275 3092 ι,
1308 3027 1419 3095 11).
1441 3027 1714 3080 Dominica
1733 3025 1882 3093 virgo

285 3105 538 3162 quantam
571 3097 728 3150 fidem
769 3096 929 3151 debet
971 3096 1024 3150 in
1053 3097 1314 3152 omnibus
1351 3097 1638 3159 exhibere,
1674 3103 1880 3149 tantum

287 3176 477 3220 caveat
519 3168 694 3235 iurare
719 3185 733 3221 :
761 3167 827 3221 de
868 3167 952 3221 his
992 3183 1110 3236 qua:
1158 3169 1328 3236 egerit
1369 3178 1584 3236 propter
1604 3167 1880 3220 veritatem

285 3237 706 3309 confirmandam
733 3238 1033 3309 jurau'teuta
1063 3239 1369 3306 persolvere
1396 3237 1492 3309 (ιι).
1524 3238 1599 3291 Ne
1631 3238 1682 3290 in
1710 3245 1882 3290 totum

285 3317 378 3361 aut
389 3308 628 3379 _omuino
655 3308 801 3376 juret
827 3308 1036 3379 (Matth.
1072 3325 1120 3373 v,
1164 3308 1275 3372 541,
1322 3308 1599 3379 Dominum
1629 3315 1885 3379 agnoscat

287 3379 344 3431 iu
389 3375 678 3447 Evangelii)
727 3375 1161 3446 prscinoneutem.
1214 3379 1487 3432 Dominica
1541 3375 1690 3447 virgo
1742 3376 1883 3431 furta

286 3447 613 3517 fraudesque
642 3447 837 3514 facere,
869 3458 960 3503 aut
987 3447 1120 3502 falsa
1152 3448 1454 3503 testimonia
1479 3449 1676 3512 dicere,
1705 3457 1794 3501 aut
1820 3463 1881 3501 ea

287 3517 606 3573 facientibus
630 3519 932 3574 consentire
971 3528 1156 3574 caveat
1184 3537 1196 3572 :
1227 3520 1348 3589 quia
1392 3534 1456 3574 ea
1492 3519 1884 3589 committentes

286 3589 496 3659 beatus,
522 3589 716 3643 Paulus
762 3589 1007 3658 objurgat
1044 3589 1086 3659 (l
1127 3588 1252 3643 Cor.
1287 3605 1358 3651 vr,
1406 3591 1471 3654 8;
1517 3590 1667 3643 Rom.
1699 3604 1738 3653 ι,
1768 3588 1881 3654 52).

289 3658 567 3714 Dominica
606 3659 756 3727 virgo
794 3660 1177 3713 matronalibus
1220 3659 1498 3723 conviviis,
1549 3660 1744 3729 quibus
1781 3659 1883 3713 viri

285 3731 603 3796 miscentur,
635 3735 894 3785 interesse
920 3731 1150 3785 declinet
1173 3748 1186 3783 :
1209 3746 1276 3784 ne
1297 3730 1739 3801 ethupiseentiae
1764 3743 1884 3797 pec-

285 3809 469 3854 catum
498 3815 677 3855 secum
710 3802 846 3855 inter
873 3801 1057 3870 pocula
1089 3801 1424 3870 loquentibus
1451 3800 1577 3854 viris
1611 3800 1880 3868 importet.

290 3870 571 3941 Dominica
598 3873 766 3941 virgo,
795 3882 979 3926 contra
1007 3886 1196 3926 omnes
1216 3885 1376 3924 sonos
1401 3871 1598 3924 musica
1625 3880 1739 3924 arte
1761 3883 1886 3939 pro-

287 3940 452 4003 latos,
493 3951 675 3995 contra
689 3940 891 3996 cuneta
920 3943 1125 3996 cantica
1159 3941 1454 4005 stecularia,
1489 3949 1674 3996 contra
1705 3941 1884 3995 omnia

284 4026 412 4080 qua:
449 4010 677 4066 dulciter
714 4012 1046 4067 delectentur
1083 4011 1288 4076 audire,
1335 4027 1494 4066 aures
1531 4020 1585 4066 et
1613 4025 1708 4066 cor
1737 4020 1882 4065 tuum

287 4081 558 4151 conclude
586 4099 600 4135 :
631 4098 697 4137 ne
722 4082 1041 4136 diabolicum
1069 4082 1240 4137 melos
1268 4081 1466 4136 Christi
1492 4081 1560 4136 de
1585 4081 1746 4136 corde
1767 4081 1884 4151 ejus

284 4150 572 4222 abscindat
615 4167 872 4207 amorem.
921 4153 1192 4207 Dominica
1237 4153 1408 4222 virgo,
1455 4152 1686 4207 motibus
1728 4151 1884 4206 flexi-

285 4221 498 4291 busque
525 4223 851 4287 saltantium,
874 4221 1353 4293 eymbalistriarutu
1375 4223 1458 4277 vel
1489 4222 1884 4292 tympanistria-

283 4305 436 4358 rum,
454 4294 797 4362 omniumque
816 4295 1045 4348 virilium
1065 4293 1408 4355 ludicrorum,
1431 4304 1684 4363 quantum
1708 4301 1880 4360 potes,

283 4363 498 4417 vultum
541 4371 686 4417 tuum
731 4373 910 4418 averte
944 4382 957 4418 :
990 4381 1054 4418 ne
1081 4364 1364 4433 cujuslibet
1393 4380 1576 4418 eorum
1604 4365 1885 4433 repentino

283 4434 494 4504 amoris
536 4433 641 4488 telo
681 4450 951 4504 percussa,
985 4436 1216 4504 graviter
1243 4434 1464 4504 incipias
1502 4435 1742 4488 interire.
1775 4434 1886 4489 Do-

285 4503 489 4560 minica
520 4505 668 4573 virgo
684 4503 797 4558 non
830 4503 1032 4559 tantum
1065 4520 1132 4560 ne
1160 4503 1431 4574 superbiat
1457 4513 1551 4559 aut
1580 4504 1767 4574 litiget,
1796 4519 1887 4559 ea-

285 4584 442 4640 s'eat;
470 4575 563 4630 sed
585 4576 744 4631 etiam
771 4592 800 4629 a
829 4575 1258 4645 superbientibus
1277 4585 1330 4630 et
1352 4575 1696 4645 litigantibus,
1720 4590 1888 4645 quan-

287 4656 407 4700 tum
440 4653 630 4713 potest,
661 4647 841 4714 procul
879 4643 1132 4700 abscedat
1163 4663 1175 4698 :
1207 4643 1453 4716 Superbia
1480 4661 1710 4714 namque
1740 4643 1886 4716 Deus

282 4716 502 4779 resistit,
531 4716 802 4770 humilibus
827 4725 992 4768 autem
1017 4716 1104 4769 dat
1133 4715 1370 4785 gratiam,
1400 4717 1648 4771 Salomon
1677 4718 1728 4769 in
1757 4715 1888 4769 Pro-

285 4786 491 4842 verbiis
514 4787 711 4842 clamat
739 4786 917 4856 (Prov.
949 4802 1103 4851 XXIX,
1133 4786 1250 4855 2i).
1299 4787 1570 4841 Dominica
1609 4787 1758 4854 virgo
1787 4801 1887 4841 nec

282 4857 562 4927 sermonis
582 4857 855 4926 jactautia,
884 4872 981 4912 nec
1003 4858 1217 4918 divitiis,
1251 4873 1350 4911 nec
1373 4857 1587 4927 generis
1612 4857 1887 4912 nobilitate

282 4943 350 4982 se
379 4926 543 4983 debet
586 4927 870 4992 extollere;
914 4927 1007 4982 sed
1045 4928 1096 4981 in
1141 4926 1440 4983 humilitate
1479 4936 1534 4982 et
1575 4935 1888 4997 paupertate

281 4998 512 5066 spiritus
532 4997 741 5052 Christo
761 5007 976 5065 accepta
1004 4997 1162 5053 debet
1183 4999 1432 5067 quamdiu
1461 4998 1649 5052 vixerit
1680 5013 1883 5067 perma-

283 5083 441 5122 uere.
476 5069 531 5122 lu
557 5068 758 5137 judicio
776 5070 916 5121 enim
940 5069 1032 5123 Dei
1061 5083 1165 5122 non
1191 5068 1344 5134 tales,
1381 5069 1476 5123 sed
1511 5079 1659 5121 actus
1689 5069 1885 5137 proprii

283 5139 674 5210 pensabuntur,
706 5155 770 5192 ex
801 5140 992 5209 quibus
1029 5139 1223 5208 singuli
1270 5140 1568 5194 mercedem
1599 5139 1736 5210 sicut
1763 5155 1886 5208 ges-

280 5209 494 5273 serunt,
538 5225 646 5263 non
693 5212 828 5264 sicut
857 5211 963 5263 nati
1005 5220 1147 5273 sunt,
1196 5211 1561 5278 reportabuut.
1611 5209 1886 5265 Dominica

280 5281 439 5347 virgo
469 5279 672 5349 vigilias
699 5279 946 5336 funebres
976 5281 1057 5334 vel
1085 5291 1306 5334 cauet-as
1333 5297 1450 5349 qua:
1473 5282 1523 5333 in
1553 5280 1772 5348 privatis
1792 5279 1888 5333 do-

281 5351 465 5405 mibus
488 5350 758 5415 eveniunt,
771 5350 1193 5420 debetetl‘ugere,
1222 5351 1308 5404 ubi
1338 5351 1601 5420 praecipue
1631 5351 1747 5404 sine
1773 5349 1886 5404 dis-

280 5422 530 5476 cretione
584 5436 746 5476 sexus
765 5422 1035 5476 commixti
1065 5422 1405 5476 conveniunt.
1441 5421 1711 5474 Dominica
1739 5421 1887 5490 virgo

282 5507 408 5560 qua:
425 5491 718 5546 secundum
743 5493 984 5562 proprias
1006 5495 1144 5546 vires
1165 5493 1306 5546 nulla
1329 5492 1570 5561 porrigit,
1586 5507 1689 5545 non
1707 5499 1888 5562 potest

282 5563 480 5620 ancilla
506 5563 601 5618 Dei
625 5563 704 5617 vel
731 5561 942 5618 dici'vel
975 5563 1142 5618 credi.
1177 5563 1302 5629 Sed,
1335 5572 1391 5616 ut
1430 5564 1660 5617 breviter
1686 5561 1881 5623 dicam,

280 5632 555 5705 dominica
603 5634 753 5704 virgo
794 5649 912 5705 quae
963 5634 1179 5704 pudoris
1224 5634 1305 5688 sui
1365 5632 1589 5688 Domino
1623 5632 1886 5705 promissi

280 5703 587 5760 custodiam
616 5703 1050 5774 gerere'nititur,
1101 5720 1199 5759 nec
1241 5706 1452 5760 incessu
1493 5703 1740 5766 notabili,
1785 5716 1886 5757 nec

284 5782 420 5829 nutu
441 5785 532 5828 aut
551 5775 694 5829 dicto
712 5776 877 5840 molli,
912 5791 1010 5830 nec
1032 5776 1300 5831 otiositale
1321 5775 1486 5842 verbi,
1519 5791 1615 5830 nec
1638 5789 1880 5844 corpore,

284 5860 391 5901 nec
419 5851 597 5901 mente
618 5845 772 5901 debet
798 5848 1017 5901 omnino
1045 5862 1282 5915 peccare.

347 5936 426 6004 (tt)
449 5936 648 6011 supple,
670 5942 824 6002 curetl
847 5945 928 5988 aut
944 5939 1055 6010 quid
1072 5937 1247 5987 simile.

1235 423 1438 503 Lmen
1479 443 1566 500 DE
1603 442 2034 502 sosmsrars
2077 447 2162 503 ET
2202 447 2611 507 casn-rare.

3417 459 3554 517 1110

2014 631 2028 644 ο
2289 562 2372 644 111.
2391 563 2687 644 Vinoletttin:
2714 568 2926 644 crimina
2952 571 3002 644 in
3019 569 3294 644 virginibus
3313 574 3390 627 vel
3417 576 3558 643 {emi-

1971 631 2358 712 n_is.__Ebrietatis
2374 635 2508 712 mula
2521 631 3341 712 universimperstringunturﬁur
3355 660 3386 696 α
3397 631 3557 699 ἔασεν-

1971 704 2172 782 dotibus
2188 719 2395 782 exorsus
2407 706 2561 782 fuerit
2581 719 2772 782 auctor.
2790 704 2856 764 Et
2876 704 3122 782 quoniam
3137 729 3255 782 qua)
3268 713 3554 769 admonen-

1971 771 2054 852 dis
2086 775 2388 852 virginibus
2402 771 2567 830 sacris
2595 779 2732 834 dicta
2760 771 2910 845 sunt:
2929 771 3209 838 credamus
3239 799 3398 852 posse
3436 785 3551 839 suf-

1972 841 2154 927 ficere,
2171 841 2255 899 'ex
2280 846 2472 927 quibus
2502 852 2782 927 przrceptis
2808 841 2980 927 etiam
2998 854 3085 927 Dei
3109 841 3384 927 servis_vel
3407 855 3557 911 laicis

1971 917 2178 996 eunetis
2193 917 2472 996 conveniat
2492 919 2777 996 observare
2800 939 2814 975 :
2829 922 2936 996 jam
2951 924 3205 996 debemus
3228 924 3295 979 ad
3317 927 3559 980 vinolen-

1972 987 2060 1038 tiae
2089 987 2310 1061 crimina
2337 989 2697 1061 enumeranda
2724 987 2924 1061 venire,
2947 1003 3000 1047 et
3026 995 3217 1049 docere
3243 996 3554 1050 ebrietatem

1973 1057 2312 1138 cuueta‘vitia
2343 1073 2614 1138 Superare.
2649 1060 2780 1138 ipsis
2808 1057 2980 1132 primo
3011 1066 3300 1138 virginibus
3326 1066 3560 1121 ebrietas

1973 1130 2510 1205 castitatispromissa
2538 1131 2760 1200 implere
2780 1130 2884 1186 non
2909 1130 3194 1205 permittit;
3219 1137 3339 1205 quia
3361 1147 3560 1191 sancta:

1946 1226 1949 1228 -
1974 1196 2343 1275 pollicitationi
2374 1199 2423 1252 in
2448 1196 2673 1275 utroque
2700 1218 2829 1256 sexu
2849 1196 3058 1259 inimica
3085 1196 3298 1275 semper
3320 1207 3556 1261 exstitit:

1975 1273 2031 1320 et
2066 1266 2201 1350 ideo
2211 1269 2443 1350 ebrietas
2469 1266 2657 1350 pudori
2680 1288 2884 1350 _come_s
2908 1283 3028 1330 esse
3061 1291 3184 1350 _nou_
3204 1266 3399 1350 potest,
3426 1278 3556 1350 quia

1977 1340 2311 1418 peccastitas
2333 1340 2428 1418 fuit
2447 1343 2731 1418 aliquando
2747 1346 2890 1418 socia
2915 1340 3259 1418 temulentize.
3285 1340 3559 1418 Sobrietas

1977 1407 2030 1491 in
2063 1407 2271 1491 feminis
2297 1411 2362 1465 ad
2393 1407 2584 1491 terram
2617 1414 2838 1482 deponit
2859 1426 3131 1491 aspectum
3171 1435 3184 1470 :
3209 1417 3446 1491 ebrietas
3467 1432 3560 1491 au-

1977 1485 2084 1532 tem
2104 1481 2302 1558 amisso
2331 1481 2532 1552 pudore
2550 1481 2941 1558 inverecundus
2960 1488 3115 1558 erigit
3137 1489 3331 1542 vultus.
3350 1485 3561 1541 Sobrie-

1979 1558 2058 1602 tas
2083 1550 2224 1631 enim
2248 1550 2368 1631 cum
2390 1568 2597 1631 summa
2629 1556 2979 1631 trepidatione
3003 1550 3485 1631 irrepreliensibile,
3505 1568 3562 1611 ct

1977 1633 2096 1700 cum
2133 1622 2346 1700 silentio
2379 1622 2732 1700 propinquum
2778 1629 2972 1682 emittit
3021 1622 3239 1684 verbum
3285 1646 3296 1682 :
3332 1628 3562 1700 ebrietas

1980 1691 2372 1772 impudoratum
2400 1691 2526 1750 facit
2552 1691 2765 1750 feminae
2805 1709 2859 1752 et
2893 1713 3198 1772 sermonem
3229 1708 3296 1772 _et
3331 1699 3558 1772 vultum.

1980 1761 2138 1816 Elicit
2165 1773 2580 1837 namqueatque
2603 1777 2884 1837 extorquet
2910 1770 3142 1825 ebrietas
3165 1769 3457 1835 infandam,
3487 1769 3566 1822 in-

1980 1833 2334 1904 verecundam
2386 1835 2454 1889 de
2493 1833 2745 1891 omnibus
2775 1833 2856 1893 'se
2906 1839 3224 1894 habentibus
3279 1833 3564 1904 vocem,et

1979 1902 2062 1976 cui
2121 1903 2452 1974 subrepserit
2493 1922 2590 1976 per
2628 1908 2933 1963 aviditatem
2991 1911 3239 1965 nimietas
3300 1902 3564 1974 viui,nul-

1981 1973 2106 2050 lum_
2140 1973 2316 2050 potest
2363 1973 2560 2032 habere
2607 1979 2815 2033 tacendi
2858 1981 3113 2049 pudorem
3145 1998 3158 2033 ε
3185 1996 3247 2036 ex
3270 1973 3565 2050 quaternu-

1983 2045 2139 2098 lentia
2155 2046 2514 2118 membrorum
2537 2045 2880 2118 consequitur
2897 2045 3370 2106 infirmitatemflﬂt
3393 2051 3461 2104 ita
3487 2051 3563 2114 fit,

1981 2117 2207 2190 utsicuti
2227 2118 2376 2190 navis
2394 2119 2701 2190 validissimi
2724 2117 2887 2176 maris
2914 2122 3158 2177 {luctibus
3187 2122 3408 2190 scopulo
3430 2122 3566 2175 illisa

1980 2187 2392 2262 comminuitur;
2424 2188 2492 2242 ita
2521 2190 2732 2262 femina:
2765 2206 2958 2260 corpus
2980 2208 3042 2247 ac
3071 2207 3222 2246 mens
3246 2187 3429 2262 grandi
3458 2192 3568 2262 vini

1982 2255 2213 2324 procella
2259 2257 2392 2312 illisa
2417 2300 2433 2326 ,
2467 2260 2721 2314 membris
2762 2255 3012 2318 omnibus
3049 2255 3390 2318 dissolvatur.
3435 2261 3567 2316 Nam

1981 2328 2442 2409 quienaturaliter
2479 2331 2628 2409 firma
2688 2331 2852 2409 ﬁgere
2914 2349 3028 2409 non
3061 2343 3236 2404 potest
3279 2332 3570 2409 gradiendo

1982 2400 2202 2469 vestigia
2237 2415 2251 2464 ;
2282 2400 2551 2468 quomodo
2588 2400 2836 2458 incedere
2863 2400 3079 2469 valebit,
3109 2419 3229 2458 eum
3260 2400 3366 2456 vini
3407 2403 3567 2457 tuerit

1985 2467 2182 2536 ingenti
2215 2467 2444 2537 procella
2474 2487 2745 2544 percussa,
2776 2467 3101 2542 lapsabnnd'a
3133 2475 3148 2506 ¹
3177 2489 3364 2544 gressu
3386 2488 3448 2527 ac
3476 2475 3559 2526 iu-

1986 2551 2175 2614 nuens,
2201 2543 2692 2614 semperieontortis
2712 2545 2882 2598 oculis
2908 2543 3292 2614 resupina,’aut
3321 2544 3569 2598 inclinata

1984 2609 2226 2685 cervice,
2275 2610 2468 2685 famula
2516 2623 2734 2685 regente
2776 2609 3094 2685 pedissequa
3134 2615 3202 2669 de
3245 2614 3571 2685 temulentis:

1983 2693 2096 2751 sese
2121 2681 2277 2751 culpa
2303 2681 2326 2734 ?
2355 2681 2427 2735 lbi
2457 2684 2656 2737 sanitas
2692 2695 2745 2738 et
2773 2681 2898 2738 cura
2925 2681 3115 2739 domus
3142 2685 3283 2740 nulla
3311 2686 3396 2739 vel
3426 2683 3574 2738 fami-

1985 2749 2070 2802 liae
2095 2749 2436 2818 gubernatio,
2467 2754 2643 2822 lingua
2669 2754 2964 2810 balbutiens
2991 2757 3250 2810 sermonis
3268 2755 3444 2809 officio
3469 2755 3574 2822 pri-

1985 2829 2177 2895 vatur,
2200 2831 2293 2895 aut
2317 2823 2367 2877 in
2391 2838 2575 2878 vocem
2603 2839 2950 2895 prorumpere
2979 2827 3197 2892 volens,
3227 2841 3331 2880 non
3366 2836 3570 2879 tantum

1987 2906 2093 2962 non
2116 2892 2428 2962 intelligitur
2446 2935 2460 2958 ,
2490 2895 2582 2948 sed
2604 2892 2783 2950 etiam
2824 2892 2892 2951 ab
2917 2897 3252 2950 audientibus
3277 2896 3569 2950 deridetur.

1987 2961 2085 3016 Est
2109 2961 2492 3020 autem’mente
2516 2966 2742 3020 alienata
2767 3008 2782 3033 ,
2811 2977 2864 3021 et
2891 2969 2971 3021 sui
2998 2969 3216 3021 omnino
3245 2967 3420 3022 nescia
3443 3008 3456 3029 ,
3486 2967 3573 3021 cui

1986 3033 2162 3087 cultus
2182 3105 2188 3106 ί
2210 3036 2400 3106 capitis
2429 3038 2597 3105 vergit
2623 3037 2675 3090 in
2703 3046 2902 3106 partem
2925 3080 2938 3103 ,
2969 3046 3022 3092 et
3054 3037 3383 3092 seminudam
3422 3051 3575 3092 mon-

1987 3111 2123 3159 strat
2143 3105 2756 3178 videntibus-cervicem,
2786 3117 2840 3163 et
2867 3110 3010 3163 omni
3032 3125 3097 3164 ex
3127 3118 3272 3178 parte
3290 3107 3522 3164 demissa
3543 3123 3573 3162 a

1987 3175 2438 3249 etinspieieutibus
2467 3177 2832 3241 erubescitnr,
2865 3189 2920 3232 et
2968 3179 3094 3249 quid
3127 3175 3282 3233 domi
3327 3190 3573 3249 geratur,

1989 3245 2216 3312 ignorat.
2249 3246 2586 3320 Periclitatur
2604 3250 2652 3320 in
2675 3249 2761 3302 tali
2789 3251 2904 3304 sine
2929 3245 3093 3304 dubio
3119 3249 3287 3320 pudor
3304 3245 3394 3315 [et
3417 3265 3576 3305 omne

1988 3325 2253 3387 secretum
2275 3356 2290 3380 ,
2313 3317 2455 3387 quod
2491 3319 2753 3374 sobrietas
2796 3320 2847 3372 in
2877 3321 3084 3374 feminis
3109 3317 3372 3386 custodit,
3407 3329 3577 3374 ternu-

1989 3385 2152 3461 lentia
2179 3385 2430 3456 publicat.
2477 3389 2606 3456 Qum
2630 3405 2751 3444 cum
2784 3391 2928 3444 humi
2953 3391 3111 3445 fuerit
3140 3385 3399 3461 vertigine
3427 3400 3574 3460 rapta

1988 3457 2232 3527 lectoque
2270 3468 2570 3527 prostrata,
2607 3461 3027 3518 circumcursare
3064 3463 3165 3517 sibi
3205 3457 3425 3517 cunctos
3451 3457 3579 3515 con-

1989 3528 2144 3602 spicit
2175 3531 2441 3598 parietes:
2473 3531 2810 3602 culminaque
2843 3532 3032 3588 domus
3061 3533 3112 3586 in
3143 3533 3280 3598 imo,
3310 3541 3364 3586 et
3387 3533 3488 3586 ima
3524 3534 3576 3587 in

1989 3600 2154 3672 altum
2183 3609 2326 3672 putat
2350 3614 2470 3672 esse
2499 3600 2737 3668 porreeta
2761 3644 2775 3669 ,
2810 3613 2862 3657 et
2890 3604 3032 3656 velut
3061 3603 3264 3672 sepulta
3284 3619 3472 3657 somno
3500 3620 3577 3656 re-

1988 3670 2199 3742 cipitur.
2232 3671 2577 3726 Lectisteruia
2605 3688 2734 3726 vero
2759 3689 2878 3742 qua:
2903 3675 2972 3728 ab
2994 3670 3281 3728 infantibus
3306 3683 3579 3729 contumc'

1988 3739 2073 3795 liis
2098 3740 2493 3805 deformantur,
2522 3757 2549 3794 a
2581 3739 2792 3797 cunctis
2814 3744 3024 3798 feminis
3062 3744 3143 3798 vel
3191 3745 3400 3799 ancillis
3425 3786 3438 3808 ,
3471 3759 3575 3797 non

1985 3811 2094 3877 jam
2117 3812 2374 3875 occultis,
2401 3811 2495 3866 sed
2525 3813 2826 3867 videntibus
2869 3815 3142 3871 cachinnis
3183 3815 3302 3868 talis
3345 3815 3577 3869 domina:

1991 3881 2306 3954 temulentia
2326 3881 2618 3954 deridetur.
2651 3884 2738 3938 Sic
2784 3885 2958 3954 itaque
2988 3893 3294 3940 transeunte
3317 3894 3573 3954 tempore,

1988 3961 2042 4009 et
2070 3953 2342 4008 ebrietatis
2367 3953 2498 4008 vitio
2541 3953 2887 4022 permanente
2910 3995 2926 4021 ,
2953 3955 3021 4010 de
3059 3955 3172 4024 ejus
3216 3955 3380 4010 corde
3404 3953 3579 4010 Omnis

1989 4025 2167 4096 evolat
2193 4024 2354 4096 timor
2382 4042 2395 4096 :
2424 4037 2523 4096 nec
2551 4026 2948 4094 corruptionem
2971 4067 2986 4088 ,
3014 4041 3113 4080 nec
3136 4036 3393 4080 terrorem
3433 4040 3578 4096 szepe

1989 4094 2318 4165 objurgautis
2350 4095 2447 4150 viri
2476 4096 2706 4164 cogitat,
2739 4105 2830 4150 aut
2869 4096 3128 4165 vigorem.
3171 4096 3298 4151 lude
3340 4094 3580 4165 quotidie

1990 4167 2230 4235 neglecta
2275 4165 2466 4220 domus
2511 4181 2622 4236 per,
2660 4166 2904 4233 illapsum
2956 4176 3162 4236 tempus
3214 4176 3402 4221 ornatu
3455 4183 3581 4236 quo-

1992 4239 2189 4292 tidiano
2232 4237 2284 4290 in
2336 4245 2542 4291 tantum
2595 4235 2930 4303 destituitur,
2961 4246 3017 4291 ut
3065 4235 3279 4308 Semper
3329 4238 3426 4291 sibi
3469 4235 3582 4291 ina-

1991 4309 2124 4380 ritus
2174 4314 2412 4380 mortem
2451 4317 2715 4380 exoptet,
2750 4308 2902 4380 cujus
2958 4308 3106 4363 labor
3157 4309 3580 4380 gubernatioque

1991 4378 2090 4434 sub
2135 4378 2242 4449 tali,
2271 4377 2484 4433 domina
2534 4377 2772 4447 quotidie
2832 4379 3122 4448 minuitur,
3166 4377 3225 4435 et
3275 4380 3324 4433 iu
3372 4377 3579 4449 lapsum

1992 4449 2155 4520 venit.
2201 4448 2315 4503 Non
2365 4457 2448 4504 est
2493 4463 2613 4503 cum
2657 4464 2759 4518 qua
2805 4449 3077 4520 quidpiam
3115 4451 3183 4506 de
3233 4465 3358 4505 cura
3391 4448 3582 4505 demus

1993 4519 2323 4584 conferatur,
2377 4528 2434 4573 ut
2477 4520 2529 4572 in
2577 4521 2769 4574 melius
2811 4519 3009 4591 aliqUid
3045 4521 3361 4591 disponatur
3399 4538 3411 4574 :
3457 4522 3579 4590 quia

1993 4591 2197 4645 scilicet
2225 4591 2408 4644 uxoris
2451 4605 2647 4645 nomen
2686 4599 2912 4658 tantum,
2947 4607 3050 4646 non
3097 4607 3275 4647 mores
3323 4592 3578 4646 ostendit.

1994 4662 2221 4716 Niliilea
2267 4660 2607 4732 disponente,
2656 4662 2916 4717 maritalis
2956 4662 3264 4732 quotidiana
3307 4675 3434 4732 cura
3475 4677 3579 4716 non

1993 4734 2109 4787 siue
2139 4732 2350 4786 tristitia
2391 4731 2678 4801 fatigatur:
2707 4733 2830 4800 quia
2873 4731 3015 4787 velut
3048 4733 3218 4803 juncti
3249 4732 3301 4785 in
3333 4731 3578 4786 vehiculo

1993 4804 2179 4866 boves,
2210 4803 2254 4856 si
2276 4816 2413 4856 unus
2438 4803 2618 4856 conari
2649 4803 2747 4856 sub
2769 4817 2932 4858 onere
2955 4811 3148 4868 cesset,
3169 4803 3394 4856 alterum
3421 4816 3586 4856 cona-

1995 4883 2081 4928 tus
2130 4873 2452 4942 disrumpet.
2502 4871 2804 4927 Vinolentia
2845 4874 3004 4942 igitur
3040 4873 3270 4926 dominas
3297 4871 3584 4926 subtractis

1994 4945 2234 4999 locorum
2262 4944 2524 5005 clavibus,
2551 4944 2728 4997 omnia
2761 4953 3032 4996 tentantur
3059 4960 3072 4996 :
3101 4943 3438 4997 cellariorum
3470 4943 3583 5010 ple-

1994 5015 2180 5070 nitudo
2200 5015 2351 5070 furtis
2377 5014 2612 5084 quotidie
2638 5014 2922 5068 servilibus
2945 5014 3196 5078 inanitur,
3224 5013 3580 5082 indiseiplina-

1996 5095 2170 5156 neque
2214 5085 2425 5138 familiae
2463 5084 2786 5156 clamoribus
2834 5084 3022 5138 domus
3060 5084 3234 5156 omnis
3275 5084 3580 5156 perstrepit.

1995 5154 2236 5210 Lanificii
2261 5171 2390 5210 vero
2423 5165 2514 5208 aut
2541 5154 2835 5224 negligens,
2872 5164 2964 5208 aut
2993 5155 3155 5218 nulla,
3185 5164 3275 5208 aut
3302 5154 3585 5208 abomina—

1995 5227 2117 5280 bilis
2143 5227 2372 5282 efficitur
2399 5240 2547 5280 cura.
2575 5225 2687 5280 'l‘ali
2712 5225 2853 5279 enim
2879 5225 3110 5278 domina:
3139 5225 3332 5280 ancilla
3371 5225 3589 5280 charior

1994 5307 2154 5367 atque
2179 5297 2458 5350 amabilior
2477 5298 2601 5361 erit,
2634 5311 2754 5364 quae
2775 5297 3026 5364 capacius
3051 5297 3299 5366 poculum
3330 5311 3586 5366 porrexe-

1993 5370 2083 5434 rit,
2113 5382 2270 5438 quam
2281 5383 2411 5489 ‘qua:
2439 5381 2658 5434 pensum
2689 5367 2952 5436 integrum
2984 5376 3108 5421 ante
3133 5383 3417 5436 vesperum
3447 5369 3583 5421 assi-

1995 5439 2254 5489 gnaverit.
2303 5437 2523 5489 .atbinis
2545 5437 2684 5489 enim
2707 5447 2800 5489 aut
2828 5438 2987 5489 variis
3017 5437 3352 5489 oersinisnue
3381 5439 3578 5489 colori-

1995 5437 2254 5506 gnaverit.
2281 5437 2523 5490 Cathinis
2545 5437 2684 5508 enim
2707 5447 2800 5490 aut
2828 5438 2987 5492 variis
3017 5437 3352 5508 persiuisque
3381 5439 3578 5492 colori-

1993 5511 2092 5565 bus
2118 5510 2169 5563 in
2198 5510 2340 5573 vino,
2368 5522 2474 5562 non
2496 5509 2548 5562 in
2575 5507 2790 5573 tunicis,
2813 5507 3138 5564 delectatur:
3157 5518 3212 5564 et
3233 5507 3338 5563 non
3357 5511 3585 5563 vestium

1995 5579 2380 5642 faciendarum,
2438 5577 2532 5633 sed
2589 5579 2697 5633 viui
2749 5581 2943 5649 quaerit
2989 5580 3204 5634 allatam
3252 5595 3583 5635 mensuram.

1993 5651 2108 5705 Non
2133 5649 2341 5705 tuendae
2369 5650 2630 5706 castitatis
2655 5664 2817 5706 causa
2836 5651 2970 5705 telas
2996 5650 3062 5705 ad
3095 5651 3379 5706 texendqu
3403 5651 3582 5718 erigit,

1993 5737 2112 5792 qua:
2138 5735 2293 5775 usum
2323 5721 2440 5774 tela:
2467 5721 2592 5792 olim
2620 5721 2687 5775 de
2707 5721 2868 5775 domo
2898 5733 2994 5791 per
3021 5721 3334 5777 ebrietatem
3357 5721 3537 5792 amisit
3569 5737 3586 5776 :

1994 5790 2046 5848 et
2079 5793 2212 5847 telas
2259 5807 2390 5864 quas
2437 5790 2644 5848 ancillis
2672 5790 2962 5848 ouantibus
3001 5792 3285 5859 subtraxit,
3319 5790 3575 5856 iucundas

2065 5935 2080 5965 ¹
2105 5939 2208 5996 tir,‘
2223 5928 2526 5984 (ass/tinnula.
