4016 6546
466 424 599 483 “ll

456 561 668 619 araneis
703 558 868 615 dedit.
910 558 1034 613 [hee
1058 572 1179 612 cum
1209 555 1357 611 cibos
1382 555 1545 624 capit,
1578 554 1664 609 vix
1704 550 2038 608 camedendo

458 631 806 688 semiuuciam
841 629 991 699 panis
1016 627 1251 699 attingit,
1279 636 1334 680 et
1364 623 1829 699 poeuladeinceps
1850 623 2039 678 absoro

456 706 575 767 bet,
624 711 678 757 et
724 693 1003 769 propterea
1060 693 1475 769 pulmentorum!
1504 696 1606 769 sibi
1660 693 2038 769 Cataplasmata

453 765 589 842 quiet
607 774 661 826 it.
687 765 1088 840 Hice-quamdiu
1115 768 1431 842 vigilaverit,
1462 767 1629 842 bibit:
1658 766 1816 842 aut__si
1845 765 2041 842 obdor:

455 834 654 907 inierit,
698 843 814 897 sitis
839 834 885 896 ei
937 834 1195 894 somnum
1233 839 1522 906 abrumpit.
1566 836 1671 891 Sed
1702 836 1875 891 adhuc
1912 834 2040 904 quid

453 915 745 967 immorer?
763 912 820 967 Si
843 912 1118 966 ebrietatis
1144 909 1365 963 voluero
1394 916 1584 963 cuncta
1613 908 1737 961 vilia
1764 921 2036 971 enarrare,

453 996 580 1039 ante
601 1002 684 1038 me
705 993 914 1051 tempus
939 982 1152 1035 deliciet
1180 997 1193 1032 :
1216 995 1336 1034 cum
1361 980 1568 1047 potiora
1592 979 1642 1051 in
1664 977 2039 1051 Ecclesiastico

456 1056 762 1108 Salomonis
805 1046 1035 1121 Spiritus
1074 1060 1289 1106 sanctus
1329 1051 1544 1114 clamet,
1593 1050 1796 1121 dicens,
1841 1046 2040 1121 Mulier

452 1126 609 1188 ebria,
632 1126 709 1178 ira
738 1134 808 1178 est
827 1120 1031 1193 magna,
1049 1131 1095 1175 et
1121 1121 1422 1193 contumelia
1448 1130 1493 1193 et
1517 1120 1779 1193 turpitudo
1804 1120 1913 1187 ejus
1936 1134 2039 1193 non

452 1207 662 1267 togetur.
694 1195 762 1249 Et
791 1195 858 1267 de
889 1189 1116 1267 utroque
1154 1207 1309 1267 sexu,
1353 1190 1691 1267 Mulltos,_ait,
1731 1189 2040 1267 eceterminat

452 1260 646 1327 vinum.
676 1268 742 1319 Et
788 1266 980 1319 iterum
1012 1260 1394 1317 {Prudentium
1422 1261 1651 1315 absorbet
1696 1260 1928 1313 ebrietas.
1972 1260 2039 1313 Et

453 1337 649 1392 iterum
679 1354 692 1390 :
739 1335 919 1390 Vinum
944 1335 1162 1388 multum
1194 1342 1441 1401 potatum,
1472 1332 1781 1385 irritationes
1801 1339 1848 1383 et
1865 1330 1969 1401 iras
1992 1338 2038 1382 et

457 1409 635 1463 ruinas
682 1407 866 1461 multas
896 1405 1035 1476 facit.
1088 1399 1388 1461 Amaritudo
1419 1404 1608 1476 anima;
1626 1402 1797 1476 vinum
1824 1399 2039 1454 multum

456 1488 686 1550 potatum
716 1472 906 1550 (Ecclii
931 1476 1213 1550 xxw,__ll_;
1244 1490 1405 1550 Δνηί-ιιι,
1430 1474 1520 1538 50,
1547 1473 1679 1527 58ει
1706 1472 1819 1550 ᾆ9).

526 1542 813 1617 ρυεπθύι
863 1551 1020 1601 tinem
1066 1546 1188 1601 libri
1239 1542 1449 1617 faciam,
1478 1542 1795 1617 summatim
1847 1548 2039 1597 cuncta

452 1613 826 1689 perstringam.
855 1618 958 1677 Per
984 1617 1174 1689 vinum
1193 1616 1333 1669 enim
1361 1614 1578 1689 casulas
1622 1613 1898 1667 submersa
1920 1622 2035 1689 est,

450 1682 505 1744 et
530 1682 771 1758 plurima:
796 1704 826 1742 a
855 1687 1264 1758 corruptoribus
1293 1685 1460 1740 turbae
1483 1684 1724 1758 deceptae
1746 1682 2039 1758 sunt._Vi_r-

451 1753 636 1830 ginum
668 1761 851 1814 multa:
879 1753 1040 1814 etiam
1092 1757 1410 1830 impellente
1447 1755 1600 1830 vino__
1624 1755 1760 1830 thori
1790 1753 2037 1823 genitalis

451 1825 650 1895 oblitae,
674 1830 982 1902 pudicitiam
1011 1825 1819 1902 suamadulteristradiderunt,
1840 1833 2037 1902 et_cum

451 1893 771 1956 tnmchis'dc
799 1910 972 1954 morte
1000 1907 1166 1968 pactzc
1188 1908 1313 1951 sunt
1336 1898 1665 1968 maritorum.
1684 1893 2039 1968 Quamplures

453 1973 759 2042 impellente
780 1972 903 2025 vino
941 1967 1240 2042 praecipites
1270 1967 1636 2042 indecentibus
1677 1981 1735 2021 se
1765 1967 2039 2042 conventi-

453 2037 553 2097 bus
599 2043 903 2111 polluerunt
934 2037 956 2093 ε’
982 2049 1036 2094 et
1078 2040 1145 2111 de
1182 2039 1513 2111 genitoribus
1552 2046 1641 2092 aut
1668 2037 2035 2111 genitricibus,

451 2114 520 2167 de
548 2107 671 2167 ﬁliis
717 2123 809 2166 aut
852 2111 1081 2177 ﬁliabus,
1112 2107 1467 2165 de’fratribus
1505 2118 1597 2162 aut
1623 2108 1917 2169 sororibus,
1971 2107 2039 2162 de

449 2185 663 2252 generis
684 2194 775 2241 aut
797 2183 1033 2247 nuribus,
1062 2197 1154 2248 per
1175 2180 1453 2252 nefandos,
1482 2179 1759 2252 utdictnm
1787 2187 1887 2243 est,
1911 2192 2040 2252 con-

450 2249 665 2309 cubitus
708 2255 805 2308 sibi
836 2254 971 2308 lilios
1008 2260 1324 2322 genuerunt.
1358 2251 1459 2304 Per
1501 2249 1845 2322 vinolentiam
1895 2249 2038 2322 enim

454 2325 669 2395 plurimi
700 2318 1047 2395 plurimmqne
1074 2339 1103 2376 a
1149 2332 1336 2395 sancto
1364 2322 1554 2395 pioque
1584 2318 1855 2395 proposito
1894 2320 2037 2373 exei-

452 2390 648 2452 derunt
675 2390 726 2449 et
751 2396 833 2449 sui
878 2390 1027 2448 obliti
1074 2392 1287 2447 amiSsis
1315 2391 1606 2446 honoribus
1656 2390 1919 2460 ignobiles
1949 2405 2037 2443 rc-

451 2474 765 2521 manserunt
798 2484 811 2519 :
843 2475 897 2519 et
934 2464 1152 2518 sedibus
1200 2463 1388 2533 patriis
1433 2463 1661 2532 profugi,
1720 2461 1883 2533 vitam
1929 2476 2037 2533 non

456 2536 546 2592 ubi
574 2546 921 2606 sumpserunt
944 2530 1219 2590 ﬁnierunt:
1243 2535 1355 2606 Per
1376 2530 1478 2587 hoc
1505 2530 1700 2601 quippe
1726 2532 1908 2606 vinum
1932 2530 2041 2583 for-

452 2615 539 2664 tcs
566 2608 633 2661 ab
673 2602 897 2661 inﬁrmis
923 2606 1038 2661 elisi
1075 2612 1220 2669 sunt,
1265 2613 1321 2659 et
1346 2605 1396 2657 in
1439 2614 1665 2657 mortem
1688 2602 2038 2673 quamplures

453 2676 560 2735 ictu
591 2678 835 2733 muliebri
869 2676 1115 2747 prostrati
1152 2692 1165 2727 :
1194 2685 1249 2730 et
1285 2672 1923 2747 invictigesercitusﬂino
1943 2672 2041 2747 do-

450 2748 692 2803 minante
718 2742 965 2803 exstincti
993 2755 1137 2812 sunt,
1166 2756 1222 2801 et
1249 2745 1665 2813 servitutisjugo
1691 2742 1918 2798 subacti.
1952 2743 2040 2797 ln-

448 2819 812 2877 numerabiles
832 2820 1016 2888 jugum
1034 2818 1411 2888 dominationis
1431 2816 1519 2888 diu
1538 2824 1867 2888 recusantes,
1886 2813 2040 2888 vino-

449 2888 612 2943 lentia
663 2890 718 2943 in
758 2883 991 2945 alienum
1043 2888 1248 2958 redegit
1299 2887 1599 2941 arbitrium.
1642 2883 2038 2958 consuetudine

448 2959 556 3018 vini
582 2962 923 3029 quamplures
955 2961 1004 3013 in
1030 2955 1287 3019 insaniam
1317 2966 1443 3013 sunt
1462 2955 1739 3029 conversi;
1761 2970 1824 3009 ac
1839 2956 2039 3029 mentis

448 3026 674 3089 durante
710 3026 915 3087 insania
955 3030 1023 3084 ab
1074 3030 1304 3088 humana
1343 3026 1756 3084 conversatione
1776 3026 2031 3095 sejuncti,

862 418 1226 477 APPENDIX.
1284 415 1661 475 ADMONITIO
1700 414 1765 472 IN
1805 413 2038 475 LlBRUh

2149 414 2191 470 E
2235 415 2421 475 VERA
2465 415 2550 472 ET
2590 416 2813 475 FALSA
2845 415 3324 476 PCENITENTIA.

3624 421 3764 477 1112

2146 551 2321 628 ferino
2345 562 2471 628 sunt
2500 553 2813 627 plerumque
2837 556 2999 612 dente
3025 557 3351 628 consumpti.
3382 556 3751 628 Quamplures

2143 624 2252 700 vini
2270 624 2651 681 immoderatus
2676 624 2928 700 eicessus
2955 644 3019 683 ex
3047 624 3302 683 divitibus
3326 624 3596 700 pauperes
3616 632 3747 684 red-

2144 694 2280 769 didit
2318 702 2395 769 et‘
2426 710 2647 769 egenos.
2702 697 3181 769 lnlinitinumero,
3228 694 3357 753 vino
3405 694 3750 769 impellente,

2146 764 2342 842 iniusta
2382 764 2662 842 impieque
2702 767 2983 822 homicidia
3006 770 3415 825 commiserunt.
3433 764 3747 842 rQ'uamplu;

2145 835 2296 890 rima:
2323 837 2482 891 urbes
2503 837 2592 891 diu
2614 838 2868 904 obsessre,
2900 854 2999 894 nec
3019 849 3187 908 captaa
3208 883 3223 907 ,
3252 835 3574 896 custodibus
3599 835 3751 897 som-

2145 920 2216 980 po
2246 908 2479 980 vinoque
2523 908 2779 977 sepultis,
2820 910 2889 962 ab
2939 909 3180 965 hostibus
3208 911 3491 980 patefacta:
3537 921 3669 967 sunt
3696 923 3753 969 et

2145 976 2409 1051 incendiis
2432 976 2807 1051 concreniatte.
2838 981 2974 1035 Sunt
2997 976 3340 1051 quoqtte'alia
3372 984 3542 1037 multa
3570 982 3758 1038 nefan-

2143 1046 2211 1120 da
2245 1059 2308 1120 et
2324 1050 2621 1120 innumera,
2676 1050 2868 1119 quibus
2901 1046 3315 1120 per-ebrietatis
3339 1052 3467 1107 vitia
3513 1055 3751 1110 mundus

2144 1118 2245 1173 iste
2282 1119 2481 1174 dudum
2520 1118 2825 1189 frequenter
2855 1118 2939 1175 est
2974 1131 3213 1183 vexatus.
3234 1133 3287 1176 et
3311 1139 3455 1177 nunc
3484 1137 3752 1181 vexatur:

2143 1205 2367 1256 quarum
2411 1206 2588 1244 rerum
2625 1191 2668 1244 si
2699 1190 2767 1244 de
2800 1191 3083 1247 dominicis
3104 1194 3187 1247 vel
3215 1195 3569 1250 saecularibus
3601 1196 3753 1249 libris

2145 1261 2334 1315 vellem
2388 1262 2455 1315 ad
2496 1261 2703 1345 singula
2742 1264 2982 1345 cﬁxempla
3033 1278 3403 1345 personasque
3414 1281 3583 1345 ,_per
3618 1283 3753 1345 quas

2144 1341 2438 1407 resgestte
2476 1339 2621 1407 sunt,
2661 1331 2920 1401 proferre,
2958 1331 3250 1390 enormitas
3285 1331 3406 1390 libri
3446 1331 3752 1407 legentibus

2143 1400 2411 1456 fastidium
2440 1400 2675 1457 all‘erret.

2215 1471 2321 1545 Nos
2352 1482 2528 1545 tamen
2556 1474 2625 1545 in,
2645 1472 2749 1529 hoc
2781 1488 2945 1544 opere
2970 1483 3252 1545 propterea
3278 1474 3660 1531 sacerdotibus
3697 1485 3751 1531 et

2143 1541 2319 1596 levitis
2347 1544 2793 1613 vituperationem
2819 1541 2988 1598 simul
3021 1541 3087 1600 et
3109 1545 3498 1601 admonitionis
3532 1548 3746 1601 initium

2142 1614 2580 1686 iecimus,_neab
2604 1615 2709 1686 hac
2731 1614 3018 1671 infectione
3039 1657 3054 1682 ,
3078 1631 3183 1686 qua
3211 1626 3437 1671 cunctos
3462 1616 3591 1671 huic
3619 1618 3749 1671 vitio

2142 1683 2358 1755 deditos
2377 1684 2445 1739 de
2470 1685 2735 1740 dominica
2761 1683 3521 1755 correptione—coniandimus,
3549 1688 3749 1741 immu—

2143 1768 2240 1807 nes
2265 1753 2399 1808 forte
2423 1756 2647 1810 clericos
2664 1766 2756 1810 aut
2775 1756 2869 1811 Dei
2893 1753 3166 1813 ministros
3190 1756 3367 1813 facere
3387 1757 3707 1812 videremur
3731 1776 3745 1813 :

2142 1824 2335 1897 quibus
2361 1828 2529 1895 magis
2550 1827 2820 1891 convenit,
2845 1827 3012 1896 utqui
3038 1830 3291 1897 populum
3316 1843 3349 1882 a
3375 1828 3608 1882 diversis
3629 1830 3749 1883 cul-

2142 1896 2235 1967 pis,
2254 1896 2525 1952 abstinere
2552 1896 2766 1960 docent,
2787 1912 2853 1951 ne
2876 1898 2928 1950 in
2955 1896 3172 1967 aliquod
3192 1899 3376 1952 vitium
3402 1910 3497 1952 aut
3521 1900 3745 1967 culpam

2142 1965 2371 2028 cadant,
2403 1978 2559 2021 cauta
2600 1968 2976 2022 observatione
3021 1965 3345 2037 procurent,
3373 1977 3429 2022 et
3477 1984 3577 2023 eos
3602 1965 3747 2037 justa

2144 2037 2508 2106 increpatione
2537 2038 2824 2108 Apostolus
2848 2038 3092 2108 objurgel
3111 2040 3295 2095 dicens
3318 2081 3334 2105 ,
3368 2037 3627 2093 xEstimas
3653 2057 3747 2092 au-

2141 2116 2273 2174 tem,
2302 2125 2331 2162 ο
2360 2109 2509 2162 homo
2531 2148 2547 2173 ,
2569 2109 2878 2180 quijudicas
2916 2125 3002 2180 eos
3028 2110 3117 2180 qui
3142 2111 3447 2180 taliaiaguut
3478 2152 3491 2172 ,
3522 2120 3573 2163 et
3616 2112 3748 2180 facis

2143 2194 2221 2250 ea,
2250 2179 2489 2248 quoniam
2514 2188 2569 2232 tu
2589 2178 2800 2250 e/fugies
2820 2178 3079 2250 judicium
3107 2180 3244 2234 Dei?
3265 2178 3393 2235 Item
3415 2198 3430 2233 :
3456 2180 3564 2248 Qui
3583 2178 3747 2233 alium

2143 2249 2312 2313 doces,
2343 2258 2390 2303 te
2414 2251 2582 2319 ipsum
2610 2249 2709 2303 non
2736 2249 2907 2313 doces;
2935 2251 3022 2319 qui
3041 2252 3349 2304 abominaris
3368 2250 3510 2305 idola
3530 2292 3546 2316 ,
3580 2253 3749 2304 sacri.

2144 2320 2326 2392 legium
2352 2320 2481 2390 facis
2511 2318 2689 2391 (Rom.
2722 2336 2777 2387 ιι,
2811 2321 2865 2388 5,
2894 2318 2958 2392 21
2976 2331 3024 2375 et
3051 2320 3161 2392 22)
3187 2339 3200 2374 :
3223 2330 3279 2376 et
3300 2332 3517 2385 czetcra,
3548 2321 3749 2391 quibus

2142 2390 2317 2459 arguit
2339 2406 2434 2445 eos
2457 2393 2546 2461 qui
2571 2406 2601 2445 a
2626 2392 2768 2445 vitiis
2794 2432 2808 2454 ,
2836 2391 3030 2461 quibus
3057 2390 3375 2461 prohibent,
3402 2392 3507 2461 ipsi
3544 2390 3607 2446 se
3635 2407 3747 2447 non

2142 2461 2445 2532 abstinent;
2467 2472 2521 2516 et
2544 2462 2595 2516 in
2624 2476 2732 2530 quo
2752 2462 3143 2530 aliosjndicant
3165 2505 3179 2527 ,
3207 2478 3266 2517 se
3293 2464 3440 2532 ipsos
3476 2462 3746 2517 condem-

2143 2541 2290 2585 nant.
2322 2530 2497 2597 Quare
2521 2532 2769 2586 omnibus
2796 2533 3003 2586 clericis
3032 2542 3084 2586 et
3110 2533 3259 2587 laicis
3287 2530 3338 2587 in
3375 2532 3615 2587 diversis
3647 2532 3746 2587 bu-

2142 2602 2383 2670 jusmodi
2404 2601 2752 2672 dignitatibus
2769 2603 3069 2657 constitutis
3091 2602 3231 2658 hunc
3249 2602 3485 2658 libellum
3499 2602 3748 2672 frequen-

2144 2672 2247 2727 tius
2289 2673 2637 2727 lectitandum
2672 2673 3081 2728 suademuszut
3130 2689 3251 2728 cum
3296 2674 3543 2729 moribus
3590 2673 3748 2728 bonis

2143 2752 2198 2798 et
2238 2742 2526 2798 sobrietate
2569 2745 2678 2798 Deo
2700 2753 2883 2813 gratus
2906 2744 3024 2813 quis
3060 2744 3341 2813 profecerit
3365 2785 3380 2809 ,
3433 2744 3504 2799 de
3558 2757 3747 2799 corre-

2145 2814 2332 2883 ptione
2353 2823 2531 2869 nostra
2568 2814 2623 2869 in
2655 2814 2881 2868 Domino
2919 2814 3027 2869 Deo
3050 2814 3202 2869 laetus
3224 2829 3439 2884 semper
3460 2814 3705 2869 exsultet
3728 2853 3745 2879 ,

2142 2899 2307 2955 agens
2364 2885 2476 2939 Deo
2521 2884 2720 2955 gratias
2772 2899 2866 2954 per
2915 2884 3201 2939 Dominum
3254 2892 3504 2939 nostrum
3544 2884 3745 2955 _.lesum

2142 2954 2418 3080 ﬁliristum
2448 2996 2464 3024 ,
2496 2952 2582 3012 cui
2608 2952 2783 3011 honor
2807 2963 2861 3011 et
2887 2955 3054 3026 gloria
3079 2956 3134 3011 in
3157 2955 3355 3012 szecula
3389 2952 3740 3011 saeculorum.

2198 3040 2341 3080 men.

2198 3040 2341 3082 men.

894 3242 1353 3311 ADMONITIO
1395 3243 1478 3304 IN
1525 3243 1830 3305 LIBRUM
1871 3243 1977 3305 DE
2020 3245 2237 3307 VERA
2280 3247 2384 3307 ET
2428 3244 2687 3307 FALSA
2728 3242 3284 3308 POENITENTIA.

516 3379 681 3434 Totus
729 3380 839 3435 lere
889 3379 977 3435 hic
1032 3378 1164 3434 liber
1206 3393 1327 3433 cum
1364 3377 1581 3433 nomine
1629 3376 1910 3447 AugnStini
1957 3377 2011 3433 in
2063 3379 2289 3434 Decreta
2337 3393 2435 3449 per
2476 3376 2903 3444 Gratianum,et
2939 3378 2993 3432 in
3028 3376 3335 3433 Sententias
3366 3392 3463 3447 per
3516 3378 3734 3434 Petrum

445 3471 804 3526 Lombardum
850 3471 1137 3526 translatus
1172 3478 1272 3525 est.
1304 3470 1565 3525 Eumdem
1596 3480 1780 3540 postea
1802 3470 2038 3526 citarent
2079 3481 2133 3527 et
2176 3471 2475 3543 Augustino
2507 3471 2806 3527 tribuerunt
2849 3472 3038 3528 Petrus
3082 3471 3353 3527 Blesensis
3392 3472 3447 3526 in
3496 3472 3653 3527 libris
3686 3471 3750 3527 de

445 3565 796 3622 (lont‘essione
834 3580 898 3621 ac
929 3565 997 3621 de
1021 3563 1372 3632 Pmnitentia,
1406 3563 1719 3620 Vincentius
1748 3563 2137 3620 Bellovacensis
2164 3564 2217 3619 in
2247 3564 2479 3634 Speculo
2511 3564 2741 3632 morali,
2765 3564 2860 3619 lib.
2889 3565 2923 3619 5
2943 3606 2958 3629 ,
2987 3571 3140 3635 parte
3166 3565 3234 3620 10
3258 3606 3273 3631 ,
3303 3565 3430 3620 dist.
3466 3564 3536 3620 l2
3560 3583 3576 3630 ;
3605 3565 3749 3620 Tho-

447 3675 561 3719 mas
586 3659 825 3730 Aquinas
856 3659 907 3713 in
930 3658 1147 3714 Summa
1182 3655 1479 3727 theologica
1501 3696 1514 3720 ,
1540 3667 1592 3710 et
1618 3656 1706 3710 alii
1736 3656 2008 3725 deinceps.
2034 3655 2440 3726 Supposititium
2474 3665 2649 3711 tamen
2676 3655 2850 3711 credit
2875 3656 3201 3711 Tritbemius
3230 3656 3323 3711 lib.
3352 3655 3421 3711 de
3449 3656 3751 3727 Scriptori-

445 3753 543 3806 bus
581 3750 955 3807 ecclesiasticis
981 3793 995 3818 ,
1028 3751 1266 3821 quoniam
1295 3789 1311 3815 ,
1341 3748 1417 3802 ait
1442 3788 1458 3814 ,
1487 3748 1653 3817 capite
1679 3748 1745 3801 17
1780 3746 2094 3818 Augustinus
2122 3748 2230 3818 ipse
2255 3747 2527 3819 allegatur.
2560 3748 2833 3802 Rcclamat
2865 3748 3122 3803 Martinus
3162 3747 3433 3803 Navarrus
3458 3791 3473 3813 ,
3505 3758 3645 3805 tom.
3672 3749 3707 3803 2
3734 3792 3749 3813 ,

442 3846 745 3900 Comment.
776 3844 829 3899 in
861 3845 985 3898 dist.
1018 3844 1051 3898 5
1077 3842 1143 3898 de
1174 3842 1493 3898 Ptcnitentia
1516 3883 1531 3909 ,
1565 3849 1621 3896 et
1649 3840 1777 3896 dicit
1805 3839 2216 3901 existimandum
2250 3841 2423 3911 potius
2444 3883 2459 3907 ,
2484 3841 2625 3894 illam
2655 3848 2860 3911 partem
2889 3880 2907 3907 ,
2927 3855 3031 3912 qua
3056 3840 3251 3896 citatur
3275 3841 3613 3910 Augustinus
3640 3883 3657 3910 ,
3688 3856 3752 3897 ex

443 3940 792 3997 annotatione
818 3938 915 3993 viri
942 3938 1171 4008 alicujus.
1191 3937 1336 3994 docti
1369 3937 1439 3993 ad
1466 3937 1763 4008 marginem
1793 3938 2063 4007 adscripta
2088 3979 2103 4003 ,
2132 3939 2391 4009 migrasse
2420 3939 2471 3993 in
2502 3948 2733 4006 textum,
2757 3956 2915 4010 quam
2956 3949 3237 4011 propterea
3271 3943 3580 4013 negandum
3634 3958 3753 4000 esse

442 4034 722 4103 Augustini
752 4032 943 4087 librum
975 4032 1258 4102 Optimum,
1286 4039 1364 4085 tot
1384 4031 1595 4086 saeculis
1616 4031 1663 4085 ei
1694 4031 1968 4087 tributum.
1999 4031 2226 4086 Navarri
2253 4033 2615 4102 conjecturam
2644 4033 2831 4103 juvant
2856 4033 2976 4089 libri
3004 4044 3216 4091 veteres
3241 4051 3335 4106 per
3366 4053 3466 4092 nos
3495 4039 3749 4109 inspecti,

442 4125 536 4196 qui
566 4141 631 4180 eo
654 4125 757 4180 loci
781 4140 980 4179 nomen
1007 4124 1193 4178 saltem
1218 4123 1497 4193 Augustini
1523 4132 1847 4191 prtetcreunt
1871 4140 1884 4178 :
1914 4123 2007 4178 sed
2037 4124 2164 4178 illud
2191 4133 2374 4181 tamen
2401 4135 2456 4180 et
2487 4125 2720 4195 postulat
2747 4140 2939 4181 sensus
2960 4166 2975 4192 ,
2999 4135 3053 4181 et
3074 4127 3203 4196 legit
3228 4128 3405 4198 reipsa
3434 4128 3749 4187 Gratianus.

442 4216 640 4272 Verum
663 4259 679 4283 ,
710 4217 777 4271 de
799 4216 900 4271 hoc
940 4216 1061 4271 loco
1099 4214 1355 4284 quidquid
1384 4214 1596 4268 tandem
1621 4224 1836 4284 putetur
1860 4260 1875 4282 ,
1899 4216 2000 4269 alia
2042 4216 2278 4287 undique
2315 4226 2604 4286 suppetunt
2632 4226 2941 4287 argumenta
2968 4260 2983 4285 ,
3015 4235 3133 4290 qua:
3159 4220 3438 4276 clamitant
3480 4222 3587 4278 hoc
3615 4239 3749 4294 opus

444 4325 551 4364 non
582 4323 703 4363 esse
728 4306 1027 4379 Augustini.
1059 4305 1314 4373 Qumdam
1346 4304 1400 4358 in
1429 4304 1625 4359 Critico
1656 4306 2043 4376 Augustiniano
2064 4307 2277 4377 collegit
2305 4307 2609 4363 Bernardus
2638 4308 2929 4380 Vindingus
2952 4351 2967 4378 ,
2993 4319 3042 4365 et
3066 4310 3325 4367 adversus
3362 4314 3673 4383 quemdam,
3700 4326 3755 4370 ut

443 4404 550 4468 ait,
588 4408 833 4454 recentem
858 4440 872 4464 ,
901 4414 991 4451 nec
1016 4396 1206 4451 malum
1231 4396 1425 4467 alioqui
1450 4397 1738 4467 theologum
1760 4439 1772 4461 ,
1801 4398 1886 4467 qui
1908 4398 2025 4462 stilo
2055 4408 2101 4453 et
2126 4399 2358 4453 doctrina
2387 4409 2544 4455 totum
2579 4400 3004 4472 Augustinianum
3032 4420 3159 4471 esse,
3187 4405 3414 4475 adeoque
3451 4408 3613 4464 stulte
3655 4411 3754 4480 ips;

444 4496 537 4559 hoc
559 4502 795 4565 negatum
821 4491 882 4547 ab
907 4490 1123 4545 Erasmo
1147 4498 1193 4544 et
1215 4488 1330 4542 aliis
1360 4487 1647 4541 doctoribus
1668 4487 2046 4555 contendebat,
2078 4491 2324 4561 opposuit
2357 4508 2371 4545 :
2396 4492 2598 4548 scilicet
2623 4493 2844 4563 phrases
2870 4495 2939 4549 ab
2965 4495 3265 4566 Augustino
3288 4496 3496 4553 alienas
3511 4514 3641 4569 .cap.
3669 4502 3703 4556 3
3732 4516 3747 4553 :

445 4587 690 4645 Naaman
734 4603 822 4655 per
847 4601 1032 4655 aquam
1062 4583 1281 4655 perdidit
1309 4583 1523 4650 lepram.
1555 4579 1685 4650 Cap.
1714 4582 1749 4635 4
1782 4598 1795 4634 :
1831 4580 2017 4637 Petrus
2046 4582 2324 4637 Dominum
2351 4585 2545 4656 negavit
2570 4626 2584 4650 ,
2612 4595 2657 4639 et
2682 4602 2713 4638 α
2739 4602 2793 4639 se
2837 4588 3025 4641 amicos
3054 4588 3242 4642 Cltristi
3275 4594 3751 4648 excommunicauit.

444 4680 644 4736 Eodem
671 4694 790 4749 cap.
821 4677 876 4743 4,
900 4685 954 4731 et
980 4676 1034 4741 6,
1063 4691 1127 4730 ac
1152 4675 1185 4729 7
1210 4693 1223 4729 :
1258 4672 1471 4727 Pernam
1510 4673 1817 4742 promittere.
1846 4672 1976 4743 Cap.
2007 4672 2040 4728 9
2073 4690 2087 4728 ε
2119 4673 2200 4727 Ad
2240 4673 2405 4728 Deum
2446 4676 2667 4729 anxiari.
2702 4676 2901 4732 lbidem
2936 4694 2949 4731 :
2980 4676 3186 4733 Meliori
3214 4696 3369 4750 quam
3395 4692 3565 4751 potest
3593 4686 3753 4754 conﬁ-

442 4783 626 4831 teatur.
658 4770 790 4842 Cap.
826 4772 888 4825 17
921 4785 939 4823 :
971 4768 1182 4839 Oportet
1210 4776 1526 4838 peccatorem
1554 4777 1609 4820 ut
1635 4768 1686 4821 in
1715 4768 2008 4838 paenitentia
2034 4768 2323 4839 fructi/icet.
2358 4769 2415 4823 In
2447 4769 2739 4838 Scripturis
2776 4770 3105 4839 exponendis
3132 4782 3407 4827 auctorem
3436 4790 3619 4846 neque
3648 4780 3753 4832 Au-

442 4865 643 4938 gustini
673 4863 946 4919 solertiam
971 4863 1167 4917 habere
1196 4858 1451 4924 ostendit,
1483 4874 1656 4930 neque
1682 4875 1804 4914 cum
1834 4860 1926 4914 illo
1953 4860 2386 4915 consensionem.
2420 4860 2551 4914 Nam
2577 4875 2694 4931 cap.
2719 4861 2752 4916 5
2778 4878 2791 4914 :
2820 4862 2970 4928 Quod
2998 4862 3226 4917 omnibus
3245 4906 3258 4929 ,
3288 4865 3381 4928 ait,
3420 4869 3659 4935 promisit
3680 4872 3753 4923 in-

443 4954 773 5027 dulgentiam,
802 4954 917 5008 aliis
943 4953 1357 5025 promissionibus
1381 4950 1603 5005 declarat
1628 4968 1646 5003 :
1666 4968 1685 5002 ι
1718 4950 1817 5017 Qui
1833 4967 1911 5004 me
1929 4954 2187 5019 confessus
2213 4950 2365 5020 fuerit
2392 4967 2564 5003 coram
2594 4950 2931 5019 hominibus,»
2966 4951 3019 5005 id
3045 4962 3137 5019 est,
3165 4954 3327 5008 omnis
3354 4967 3751 5024 quantumcum-

443 5066 539 5121 que
562 5058 607 5104 et
637 5051 1043 5122 quotiescumque
1086 5056 1319 5117 peccator
1343 5086 1357 5109 ,
1388 5046 1749 5115 cujuscumque
1789 5043 2001 5110 ordinis,
2028 5044 2223 5098 etiamsi
2247 5043 2396 5113 fuerit
2424 5042 2683 5108 sacerdos;
2718 5044 3019 5112 (conﬁtebor
3045 5055 3092 5098 et
3114 5061 3206 5115 ego
3233 5062 3350 5100 eum
3378 5063 3554 5101 coram
3599 5048 3756 5105 Patre

450 5158 616 5197 mead
640 5141 773 5212 Cap.
806 5142 838 5197 9
870 5158 883 5194 :
917 5139 1104 5194 Totum
1127 5139 1377 5192 Immineat
1400 5136 1594 5190 sanavit
1618 5136 1669 5189 in
1693 5133 1920 5202 sabbato,
1946 5136 2064 5205 quia
2087 5144 2134 5189 et
2162 5151 2344 5205 corpus
2368 5134 2430 5187 ab
2455 5135 2748 5202 infirmitate
2772 5145 2819 5188 et
2844 5137 3066 5189 animam
3092 5136 3156 5189 ab
3182 5138 3322 5191 omni
3358 5141 3668 5209 contagione
3692 5144 3755 5196 li-

447 5234 650 5290 beravit.
700 5234 829 5303 Cap.
881 5233 943 5287 11
975 5247 994 5286 :
1023 5229 1091 5285 In
1116 5229 1269 5285 Petro
1293 5238 1337 5283 et
1358 5226 1560 5283 Joanne
1588 5241 1633 5281 et
1661 5225 1854 5281 Iacobo
1885 5235 1931 5280 et
1962 5235 2104 5296 patre
2124 5236 2169 5280 et
2190 5234 2348 5278 matre
2374 5226 2558 5296 puellae
2603 5224 2621 5296 (
2645 5225 2771 5279 Luc.
2800 5242 2890 5280 vnt
2910 5269 2923 5293 ,
2973 5226 3066 5297 51)
3097 5227 3381 5299 ﬁguraliter
3434 5226 3755 5288 continentur

444 5323 727 5378 sacerdotes
764 5322 1027 5377 Ecclesiae.
1058 5322 1334 5394 Lacrymis
1372 5320 1560 5374 matris
1600 5317 1774 5373 viduae
1804 5359 1819 5384 ,
1850 5317 2068 5372 Marthte
2111 5326 2165 5372 et
2188 5316 2365 5373 Maria:
2401 5332 2463 5370 ac
2491 5316 2658 5371 turba:
2683 5316 2989 5372 Judmornm
3015 5318 3281 5386 docemur,
3308 5319 3522 5391 inquit,
3557 5325 3756 5393 publica

447 5415 766 5486 peccantibus
811 5431 913 5469 non
958 5415 1221 5484 proprium
1247 5454 1261 5478 ,
1290 5412 1379 5469 sed
1419 5411 1662 5465 Ecclesia:
1689 5409 1911 5480 stt/[icere
1952 5410 2185 5467 meritum
2209 5450 2225 5475 ,
2252 5416 2356 5462 etc.
2404 5406 2533 5477 Cap.
2560 5408 2629 5463 14
2658 5424 2677 5462 :
2712 5408 2889 5463 Omnis
2931 5410 3032 5462 ista
3059 5411 3274 5465 varietas
3322 5413 3621 5481 conﬁtenda
3642 5425 3752 5481 est,

448 5506 490 5560 si
519 5507 739 5578 peccavit
764 5506 815 5558 in
840 5505 950 5558 loco
975 5521 1139 5571 sacro,
1170 5516 1255 5561 aut
1276 5504 1358 5558 cui
1389 5502 1557 5557 debuit
1584 5501 1934 5559 excellentiam
1962 5501 2099 5571 ﬁdei,
2135 5510 2191 5555 ut
2218 5511 2335 5554 sunt
2373 5502 2551 5556 domus
2596 5502 2920 5555 dominorum
2963 5511 3009 5556 et
3029 5503 3254 5558 aliorum
3284 5505 3567 5560 multorum
3592 5526 3611 5575 ;
3632 5510 3679 5563 si
3706 5510 3754 5563 in

448 5610 671 5667 tempore
695 5597 911 5650 orationi
935 5598 1225 5660 constituto,
1257 5606 1343 5649 aut
1369 5596 1420 5649 in
1448 5595 1712 5663 festivitate
1738 5605 2051 5655 sanctorum,
2076 5604 2121 5649 et
2149 5596 2203 5649 in
2232 5604 2454 5665 tempore
2465 5596 2672 5668 jejunii,
2695 5604 2803 5650 etc.
2826 5594 2889 5651 Si
2912 5597 3025 5666 quis
3048 5597 3185 5652 cadit
3210 5599 3263 5653 in
3285 5600 3581 5667 avaritiam,
3602 5603 3751 5657 etiam

448 5690 735 5743 castitatem
767 5688 1054 5741 minoravil.
1085 5686 1374 5754 Praeterea,
1411 5688 1707 5744 insinuatur
1735 5695 1909 5758 capite
1936 5691 1967 5743 6
1999 5688 2196 5745 bonum
2227 5707 2492 5762 quemque
2522 5700 2650 5746 ante
2674 5690 2873 5748 Christi
2915 5690 3203 5747 adventum
3249 5689 3438 5746 inferis
3483 5689 3758 5746 detentum

449 5780 651 5845 fuisse,
705 5777 1039 5849 Augustino,
1090 5778 1184 5834 lib.
1239 5779 1319 5833 12·
1358 5779 1425 5835 de
1477 5779 1674 5835 Genesi
1721 5780 1788 5835 ad
1842 5780 2108 5849 litteram,
2157 5798 2312 5852 capp.
2370 5784 2439 5839 55
2496 5791 2550 5839 et
2603 5784 2692 5849 54,
2741 5798 2803 5839 ea
2857 5781 2926 5838 de
2973 5797 3032 5838 re
3084 5781 3437 5837 dissentiente
3479 5793 3576 5837 aut
3622 5792 3759 5838 certe

447 5874 786 5943 ambigente;
834 5881 891 5928 et
921 5880 1286 5929 memorantur
1313 5872 1488 5947 capite
1513 5872 1545 5929 8
1576 5882 1691 5929 acta
1731 5874 1900 5931 sancti
1940 5873 2191 5949 Andreae,
2226 5877 2379 5949 longe
2424 5884 2543 5953 post
2575 5876 2927 5948 Augustinum
2960 5875 3253 5934 secundum
3285 5874 3529 5937 eruditos
3560 5875 3760 5950 vulgari

446 5977 646 6050 empta.
