3986 6500
223 454 372 511 1117

220 576 325 630 tia.
359 575 554 630 Errant
595 580 793 627 autem.
839 568 949 623 lmo
989 576 1198 622 constat
1239 567 1288 620 ei
1333 573 1547 635 peccata
1592 565 1817 620 multum

216 647 554 717 displicere,
601 643 689 712 qui
719 655 934 717 semper
970 649 1166 709 pra-sto
1195 647 1278 717 est
1314 653 1377 691 ea
1421 637 1718 717 destruere.
1762 636 1817 691 Si

220 708 378 772 cuiin
408 732 470 772 ea
500 708 725 774 armi-et,
750 708 857 766 non
891 708 1199 776 ita'semper
1225 708 1547 771 destrueret,
1575 708 1665 760 sed
1689 723 1822 762 con-

219 796 478 845 servaret
500 827 516 849 ,
541 797 700 854 atque
744 791 924 854 ut‘sua
957 795 1174 854 munera
1207 778 1429 854 foveret.
1477 778 1698 854 Semper
1726 779 1823 854 de-

220 860 394 914 struit
423 847 636 927 peticata
659 870 778 923 quae
809 851 1046 927 invenit;
1079 865 1146 927 ne
1171 849 1406 927 solvatur
1430 847 1570 916 quod
1598 851 1818 927 creavit,

221 945 305 985 ne
351 921 728 996 corrumpatur
755 922 905 996 _quod
921 921 1163 996 _auia_vi_t.
1184 921 1446 996 _Sumunt.
1484 921 1820 996 occasionem

225 999 532 1072 liypocrit_;e
549 989 721 1072 istiex
740 989 897 1072 factis
921 993 1146 1072 Domini.
1175 991 1339 1072 Quem
1363 989 1540 1072 enim,
1555 989 1820 1072 inquiunt,

221 1060 439 1127 circum
474 1068 558 1122 bis
601 1063 952 1121 illuminavit?
981 1077 1138 1132 quem
1181 1061 1445 1132 leprosum
1495 1060 1574 1132 bis
1602 1061 1825 1113 munda-

226 1141 357 1195 \°it?
385 1154 544 1210 quem
582 1148 848 1210 mortuum
896 1134 976 1188 bis
991 1130 1328 1210 istiscilavit?
1368 1131 1483 1184 Non
1529 1130 1822 1210 Lazarum,

223 1201 574 1280 quem'prius
596 1207 802 1280 dilexit,
839 1221 958 1280 non
985 1203 1150 1280 filiuni
1179 1201 1372 1280 vidum,
1396 1216 1554 1280 quem
1580 1203 1825 1280 misertus

228 1272 394 1336 litatri
431 1272 665 1334 restituit
698 1295 710 1332 :
741 1292 843 1330 non
891 1275 1054 1328 tilium
1099 1272 1469 1340 diSsipatorem
1517 1273 1704 1340 legitur
1748 1273 1827 1325 bis

225 1352 538 1420 suscepisse
560 1392 578 1414 ,
606 1365 709 1420 non
741 1345 903 1400 filiam
951 1343 1178 1420 Abrahze
1217 1343 1299 1420 bis
1325 1358 1352 1394 a
1385 1343 1647 1420 daemonio
1691 1342 1824 1396 Iibe-

228 1413 412 1478 rassei
440 1419 497 1475 In
540 1413 684 1474 nulla
731 1433 958 1486 persona
998 1413 1206 1486 iteravit
1244 1413 1438 1486 factum
1460 1454 1474 1477 ,
1501 1413 1700 1486 docens
1721 1453 1735 1477 ,
1768 1421 1823 1486 ut

229 1495 409 1554 aiunt,
441 1506 547 1545 non
575 1483 772 1556 smpe'a
804 1487 1028 1540 Domino
1050 1485 1163 1539 licri
1185 1483 1670 1556 reiitcdii_tm.Dixit
1692 1483 1828 1556 muI-_

230 1564 332 1630 lis,
372 1553 510 1617 Vade
532 1603 548 1626 ,
581 1553 686 1614 noli
721 1557 1202 1630 ampliuspercare,
1235 1571 1304 1630 ne
1330 1553 1449 1622 quid
1483 1555 1702 1607 deterius
1740 1553 1828 1605 tibi

228 1625 500 1703 contingat
528 1625 722 1703 (Joan.
756 1625 844 1683 vut
866 1671 879 1696 ,
917 1629 972 1682 Il
996 1625 1015 1698 )
1042 1643 1054 1680 :
1080 1626 1393 1696 promittens
1433 1639 1642 1694 pugnam
1665 1665 1679 1691 ,
1722 1638 1826 1678 non

227 1702 469 1773 amplius
492 1702 723 1773 veniam.

310 1763 404 1830 1'2.
443 1771 596 1838 Quod
634 1779 811 1826 autem
841 1768 1034 1824 multos
1058 1779 1230 1838 caecos
1259 1763 1636 1838 illuminaverit
1664 1774 1717 1819 et
1743 1763 1825 1818 di—

230 1860 399 1899 verso
429 1835 686 1912 tempore,
709 1849 765 1912 et
783 1839 980 1912 multos
999 1837 1204 1892 debiles
1227 1835 1629 1912 confortaverit,
1651 1847 1829 1912 osten-

229 1915 316 1970 dit
352 1917 404 1970 in
447 1905 670 1969 diversis
709 1911 816 1966 illis
851 1909 1038 1964 eadem
1077 1923 1219 1976 Stepe
1259 1914 1469 1976 peccata
1506 1905 1733 1971 dimitti;
1774 1914 1831 1960 ut

230 2003 401 2054 quem
433 1986 576 2054 prius
600 1981 807 2054 sanavit
835 1981 1123 2054 leprosum,
1151 1978 1264 2054 alio
1291 1986 1528 2054 uinipore
1561 1977 1828 2031 illumina-

235 2047 325 2110 vit
369 2047 591 2111 echum.
626 2053 750 2107 Ideo
785 2047 927 2106 enim
973 2059 1048 2104 tot
1087 2049 1292 2102 sanavit
1329 2047 1723 2110 febricitantes,
1752 2055 1831 2102 tot

233 2126 542 2196 languidos,
575 2132 652 2178 tot
678 2121 917 2196 claudos,
947 2133 1118 2176 czecos
1153 2119 1410 2196 etaridos
1433 2117 1828 2196 ,_ne_des_pera-

233 2188 500 2265 ret'sacpc
527 2188 793 2265 peccator.
827 2192 952 2248 Ideo
985 2207 1096 2265 non
1125 2190 1372 2265 scribitur
1399 2188 1715 2265 aliquis__ni_si
1745 2203 1830 2243 se-

234 2269 351 2322 mel
375 2258 611 2330 curatus,
633 2273 691 2318 ut
711 2264 892 2318 timeat
909 2263 1130 2332 quisque
1150 2260 1298 2332 jungi
1321 2267 1556 2332 peccato.
1579 2258 1830 2314 Videmus

233 2338 421 2392 adhuc
448 2329 686 2408 quotidie
725 2335 778 2389 in
825 2329 1063 2408 Ecclesia
1095 2329 1237 2400 saepe
1267 2329 1626 2408 febricitantes
1645 2370 1658 2390 ,
1684 2343 1830 2408 saepe

236 2399 541 2478 languidos,
568 2421 710 2478 saepe
739 2403 1073 2478 passionibus
1107 2399 1291 2478 captos
1319 2415 1461 2478 srepe
1488 2399 1732 2478 liberari;
1773 2407 1830 2478 ut

232 2469 498 2547 appareat
526 2469 680 2532 totie's
707 2469 842 2547 opus
883 2474 1181 2547 misereutis
1201 2513 1214 2537 ,
1247 2472 1453 2547 quoties
1481 2469 1745 2547 confessio
1773 2469 1830 2524 fit

235 2541 571 2618 minuentis.
605 2541 882 2618 Quomodo
911 2546 1051 2598 enim
1079 2557 1275 2610 corpus
1300 2541 1452 2618 quod
1472 2541 1625 2592 vilius
1646 2551 1826 2618 est,_et

238 2611 314 2675 ab
348 2621 465 2689 ipso
489 2611 822 2681 dissimilius,
851 2630 991 2684 sa-pe
1013 2623 1261 2689 sanaret:
1289 2621 1342 2666 et
1369 2611 1830 2689 atiiiiiziiii_iligiiio-

234 2707 358 2746 rem
370 2680 400 2722 ’ί
423 2700 476 2744 et
503 2680 852 2756 redemptam,
874 2680 976 2739 non
1007 2685 1162 2756 teties
1188 2682 1472 2756 liberaret?
1494 2680 1748 2734 Medii-uni
1771 2697 1830 2736 se

233 2770 417 2822 vocat,
446 2768 502 2815 et
529 2775 633 2813 non
659 2753 822 2820 sanis,
847 2756 938 2811 sed
970 2757 1111 2809 male
1136 2753 1450 2810 habentibus
1473 2761 1827 2820 opportunum

233 2831 456 2894 (Matth.
488 2846 546 2884 ix
569 2873 583 2893 ,
616 2827 729 2899 12).
769 2827 873 2883 Sed
911 2826 1082 2896 qualis
1121 2824 1388 2899 essct_h_i_c
1433 2822 1671 2899 modicus
1696 2864 1710 2885 ,
1739 2823 1828 2890 qui

234 2893 443 2962 malum
471 2893 966 2958 iteratum-nesciret
985 2911 1171 2950 curare
1192 2896 1214 2948 ?
1239 2893 1558 2947 Medicorum
1584 2894 1724 2946 enim
1747 2902 1830 2947 est

233 2973 446 3026 nunties
471 2971 737 3026 infirmum
768 2969 1002 3028 visitare,
1031 2967 1234 3022 centies
1259 2979 1466 3018 curare.
1499 2964 1596 3028 Qui
1622 2965 1829 3018 caeteris

233 3045 419 3097 minor
444 3052 610 3106 esset,
637 3041 682 3095 si
708 3040 826 3094 aliis
851 3038 1120 3107 possibilia
1150 3038 1434 3107 ignoraret.

313 3115 404 3168 15.
447 3103 648 3167 Memor
673 3121 751 3166 est
773 3103 889 3168 sui,
917 3109 1004 3177 qui
1029 3103 1290 3178 promisit,
1316 3103 1463 3178 _.’_\’o!o_
1482 3112 1689 3156 mortem
1713 3120 1826 3178 pee-

236 3185 466 3245 catoris,
496 3182 585 3237 sed
615 3190 668 3236 ut
696 3173 1012 3235 convertatur
1029 3173 1080 3231 et
1114 3179 1242 3231 vivat
1282 3173 1496 3238 (Ezecli.
1523 3189 1681 3245 xvut,
1712 3175 1823 3242 52).

231 3255 412 3320 Quem
443 3254 585 3308 enim
630 3261 961 3320 peecatorem
990 3247 1261 3320 excludit?
1289 3247 1354 3320 Et
1391 3244 1533 3320 quod
1571 3245 1828 3320 omnibus

230 3315 488 3394 promisit
515 3315 912 3394 indulgentiam,
943 3321 1060 3374 aliis
1090 3316 1527 3394 promissiouibus
1553 3315 1823 3394 declarat_:

235 3386 342 3462 Ὁκὶ
370 3412 450 3449 me
472 3386 729 3465 confestim
753 3393 904 3460 fuerit
923 3386 1102 3465 coram
1121 3388 1422 3450 hominibus,
1453 3387 1502 3440 id
1525 3395 1627 3450 est,
1651 3386 1826 3465 omnis

228 3456 727 3536 quantumcumque
753 3456 819 3536 et
853 3461 1290 3536 ﬂllDllCSCtltltttue
1340 3467 1614 3536 peccator,_
1651 3456 1829 3536 cujus-

229 3527 470 3606 cumque
494 3527 717 3597 ordinis,
736 3527 957 3606 etiamsi
987 3531 1146 3606 fuerit
1168 3532 1417 3606 sacerdos
1418 3544 1450 3606 _;
1465 3527 1755 3606 ‘c‘onli'lcbor
1781 3537 1826 3606 et

229 3624 331 3677 ego
367 3597 483 3662 eum
524 3622 696 3659 coram
726 3602 882 3677 Patre
909 3600 1278 3677 meo_(_Mault.
1314 3614 1348 3651 x
1373 3640 1387 3662 ,
1418 3599 1486 3677 '92).
1508 3597 1546 3668 ).
1579 3597 1710 3677 Nam
1741 3598 1827 3667 qui

228 3669 540 3731 invocarem
563 3692 744 3730 nomen
773 3673 1007 3738 Domini,
1037 3671 1088 3725 id
1119 3680 1221 3736 cst,
1249 3671 1536 3723 secundum
1563 3669 1702 3736 quod
1735 3684 1829 3722 vo-

230 3759 399 3804 catur
426 3747 718 3811 Dominus,
761 3744 812 3798 id
839 3753 953 3808 est,
994 3737 1086 3810 qui
1128 3740 1455 3811 invocaverit
1495 3753 1614 3792 cum
1657 3737 1722 3792 ad
1760 3754 1826 3811 Asc

227 3818 546 3883 serviendo,
577 3826 629 3869 et
656 3809 759 3870 non
787 3809 1220 3883 contradicendo,
1251 3819 1306 3883 ut
1335 3809 1550 3862 forsitan
1580 3824 1732 3883 s:rpe_
1752 3809 1824 3862 fe-

229 3890 313 3944 cit
340 3905 354 3940 :
379 3880 563 3954 omnis,
597 3887 646 3940 id
674 3895 774 3948 est,
807 3887 1125 3953 quicumque
1148 3881 1217 3935 sit
1247 3881 1336 3954 ille
1365 3889 1627 3954 peccatur,
1656 3880 1824 3954 solens

225 3960 333 4013 erit
363 3957 502 4030 (loci
529 3950 564 4011 ll
582 4000 598 4022 ,
627 3955 751 4030 52).
772 3950 997 4030 Oiunem
1023 3950 1164 4030 enim
1205 3952 1437 4030 animam
1466 3950 1822 4030 isteproinis-

225 4045 331 4084 sor
353 4021 608 4083 saturavit
632 4021 804 4090 bo'nis,
837 4025 997 4080 etiam
1028 4022 1276 4078 sedentes
1298 4021 1348 4074 in
1379 4021 1609 4074 tenebris
1630 4029 1681 4073 et
1708 4036 1824 4072 ttltt-

226 4100 334 4156 bra
379 4101 582 4160 mortis,
616 4097 812 4152 nullam
859 4095 1131 4164 excipiens
1155 4093 1433 4164 anitnatu._
1465 4090 1630 4164 II_unc_
1654 4092 1822 4158 magi-

225 4181 409 4224 strum
437 4170 769 4224 intellexerat
793 4160 1084 4234 discipulus
1113 4163 1200 4218 ille
1222 4203 1238 4229 ,
1266 4162 1354 4232 qui
1394 4160 1699 4234 Corinthios
1727 4177 1822 4228 per

223 4241 506 4310 Epistolas
533 4254 658 4294 suas
696 4238 864 4310 voluit
897 4232 1164 4310 corrigere
1182 4273 1213 4310 ,_
1225 4243 1312 4310 et,
1350 4241 1406 4285 ut
1437 4232 1818 4310 ipsctcs‘tatur,

223 4301 319 4366 te'r
345 4312 397 4365 in
426 4311 642 4365 Litteris
669 4309 783 4364 suis
805 4323 898 4362 eos
921 4301 1154 4362 correxit
1174 4303 1241 4374 (ll
1267 4301 1383 4357 Cor.
1408 4317 1516 4363 xui.
1554 4303 1628 4374 l).
1653 4301 1820 4374 Opor-

225 4384 384 4437 tebat
407 4383 548 4436 enim
580 4390 636 4434 ut
661 4380 870 4450 quoties
890 4377 1099 4450 videbat
1128 4373 1224 4430 eos
1245 4374 1456 4450 cadere,
1487 4373 1643 4450 toties
1669 4373 1822 4440 adju-

221 4461 387 4508 varet
411 4467 505 4508 eos
527 4443 762 4520 surgere.
787 4449 987 4503 Memor
1004 4448 1146 4502 enim
1172 4454 1286 4520 erat
1311 4444 1452 4520 illius
1478 4444 1564 4520 qui
1591 4443 1814 4508 dixerat,

227 4525 466 4589 Quorum
491 4513 782 4576 renaiiieritis
813 4527 1036 4588 peccata,
1061 4517 1381 4589 remittuntur
1407 4514 1478 4567 cis
1510 4513 1685 4589 (ileon.
1722 4529 1811 4576 xx,

220 4584 351 4665 i5).
385 4593 594 4648 Scimus
613 4602 788 4665 autem
813 4584 1013 4659 primos
1039 4598 1235 4657 patres,
1261 4593 1314 4640 et
1334 4585 1386 4665 in
1412 4584 1562 4665 omni
1579 4595 1818 4665 tempore

220 4654 529 4720 Ecclesium
563 4663 652 4718 Dei
681 4654 893 4730 semper
919 4654 1084 4728 usque
1111 4656 1410 4730 septuagies
1432 4655 1646 4723 septies,
1675 4654 1814 4730 quod

216 4746 312 4790 est
341 4750 573 4804 semper,
600 4725 816 4802 peccata
854 4725 1142 4804 dimittere.
1184 4729 1353 4793 Quam
1395 4735 1710 4796 potestatem
1740 4725 1814 4779 illi

214 4805 298 4861 ab
330 4800 565 4861 Ecclesia
597 4800 687 4858 Dei
713 4812 973 4858 conantur
999 4800 1227 4854 auferre.

301 4878 391 4932 Η.
430 4877 655 4946 Oportet
681 4877 824 4929 enim
854 4871 1146 4946 Ecclesium
1175 4865 1517 4946 sie_creder_e,
1543 4881 1816 4946 qum-con-

215 4949 409 5004 ﬁtetur
433 4938 492 5002 se
519 4961 663 5014 stepe
689 4960 930 5014 peccare.
960 4943 1164 5011 Negant
1189 4938 1332 4993 enim
1366 4939 1642 5014 veritatem
1675 4938 1725 4990 in
1756 4955 1814 4992 se

211 5018 465 5079 seductis
489 5006 628 5076 esse.
657 5006 744 5086 qui
768 5031 831 5086 se
858 5006 1064 5086 alisque
1101 5020 1319 5086 peccato
1350 5008 1542 5086 audent
1567 5006 1766 5086 jactare
1795 5025 1809 5062 :

213 5089 292 5144 In
340 5088 511 5143 multis
545 5078 690 5142 enim.
716 5078 1021 5152 offendimus
1050 5078 1220 5136 omnes
1247 5079 1446 5150 (Jacobi
1479 5095 1553 5139 tu,
1585 5078 1642 5150 2)
1668 5119 1683 5143 ,
1716 5095 1813 5133 nec

211 5159 402 5215 infans
428 5161 583 5213 unius
609 5158 713 5211 diei
747 5158 946 5224 absque
992 5163 1210 5222 peccato
1253 5166 1411 5224 super
1453 5158 1646 5224 terrain
1692 5164 1811 5224 esse

207 5239 404 5302 potest
431 5228 564 5301 (Job
594 5244 726 5293 xxv,
758 5230 792 5282 4
813 5219 1222 5302 ).’ρηει’ριοομῑοι-
1246 5219 1602 5302 elimiuandus
1639 5229 1721 5273 est
1743 5219 1810 5302 ab

213 5289 464 5356 Ecclesia
499 5301 598 5356 iste
624 5289 795 5364 error,
813 5289 928 5367 'qui
958 5289 1188 5367 unquam
1233 5289 1610 5367 pmnitentibiis
1653 5299 1809 5356 negat

210 5360 942 5443 indulgentiam._Numenim
975 5360 1188 5443 inquirit
1213 5360 1338 5443 quid
1366 5360 1652 5443 Apostolus
1677 5377 1804 5440 sen-

205 5446 352 5499 serit
373 5430 505 5512 :qui
537 5441 707 5505 dixit,
742 5438 889 5512 Nihil
912 5430 1057 5512 pii/ii
1076 5430 1302 5512 conscius
1330 5449 1442 5512 sunt
1465 5471 1478 5493 ,
1511 5430 1725 5512 sediion
1755 5431 1806 5512 in

204 5518 312 5569 hoc
333 5501 652 5582 jtisiiﬁcalus
681 5501 792 5582 sum
819 5510 861 5575 (l
897 5507 1014 5582 Cor.
1058 5523 1127 5570 tv,
1160 5507 1247 5576 4),
1279 5503 1514 5557 sentiens
1554 5501 1728 5582 etiam.
1753 5510 1808 5582 et

195 5571 372 5657 justis
409 5571 625 5654 peccata
657 5571 834 5657 solere
864 5579 1172 5657 contingere
1196 5571 1342 5657 {noon
1373 5589 1430 5657 se
1458 5571 1807 5657 confirmabat

199 5643 424 5726 absque.
449 5662 691 5726 peccato,
720 5651 808 5721 qui
840 5665 898 5726 se
925 5643 1564 5726 cogtiov'ituindissolubili
1593 5643 1804 5726 vinculo

199 5712 493 5783 Charitatis
522 5712 1134 5787 (Σιιτίεἰοέοιιῇυηρῖυιη.
1165 5717 1275 5771 Nisi
1304 5715 1444 5770 enim
1473 5712 1633 5768 sciret
1659 5727 1800 5780 saepe

192 5803 383 5874 justas
409 5796 477 5851 ad
509 5795 720 5850 veniam
759 5794 975 5856 venire;
1004 5788 1273 5861 quomodo
1301 5787 1562 5842 dubitaret
1594 5797 1650 5839 sc
1680 5799 1801 5854 pec-

261 5955 282 5997 ²
312 5962 442 6011 “5-.
465 5949 682 6010 animam
713 5953 861 5999 morte
882 5944 1076 6006 dianam
1099 5949 1161 5996 et.

1137 450 1336 507 LIBER
1375 451 1464 507 DE
1507 451 1688 508 VERA
1733 451 1818 506 ET
1860 450 2079 507 FALSA
2120 452 2593 510 l’tENlTENTIA.

3375 462 3512 520 1118

1934 581 2078 630 care,
2101 568 2188 636 qui
2215 581 2274 622 se
2301 567 2501 622 sciebat
2520 567 2760 636 spiritum
2785 569 2880 626 Dei
2904 571 3118 634 habere.
3142 581 3196 628 et
3221 573 3515 631 intentione

1933 638 2276 714 mundissima
2307 640 2354 694 ei
2382 640 2618 714 servire“!
2645 639 2752 714 Cur
2778 642 2919 714 enim
2955 643 3207 700 Dominus
3249 647 3386 700 Petri
3417 662 3512 714 pe-

1930 709 2025 763 des
2055 711 2286 786 lavisfet,
2317 719 2372 786 et
2402 709 2691 786 Ecclesiain
2731 711 2836 786 hoc
2875 712 3014 766 idem
3041 715 3307 786 docuisset
3333 709 3512 786 (John.

1932 781 2133 854 xnt,_5,
2164 781 2253 854 15)
2274 781 2417 854 ;__nisi
2448 782 2567 854 quia
2599 781 2904 854 quotidiana
2930 794 3010 838 est
3032 785 3277 852 offensio,
3303 781 3514 854 opai-tet

1929 850 2069 919 quod
2109 850 2414 920 quotidiana
2459 852 2528 904 sit
2573 852 2851 904 remissio?
2875 852 2982 906 Cur
3023 865 3201 910 autem
3243 850 3512 912 dot-uisset

1930 921 2044 988 ipse
2073 921 2325 975 Dominus
2353 931 2569 976 orantes
2597 921 2794 984 dicere,
2822 922 3027 979 Dimitte
3057 928 3198 980 nobis
3227 929 3389 981 debita
3417 946 3507 982 no-

1929 1001 2038 1053 stra
2067 992 2280 1067 (παίω.
2318 992 2547 1067 v_t._1‘2);
2576 993 2696 1067 nisi
2726 993 2837 1062 ipse
2869 996 3168 1050 misericors
3202 1014 3514 1067 persevera-

1930 1072 2032 1124 ret,
2067 1063 2154 1133 qui
2187 1079 2282 1117 nos
2309 1065 2375 1116 ab
2403 1063 2500 1116 hac
2533 1064 2786 1130 petitione
2817 1079 2921 1118 non
2954 1067 3062 1120 vult
3090 1063 3364 1124 deﬁcere?

2001 1133 2088 1206 lii.
2131 1133 2312 1206 Nullus
2351 1135 2527 1202 itaque
2559 1143 2760 1206 tantum
2794 1151 3021 1204 unquam
3061 1140 3226 1205 possit
3257 1155 3510 1206 peccare,

1930 1203 2068 1272 quod
2114 1205 2376 1273 [ueniteus
2423 1205 2549 1258 velit
2579 1207 2593 1236 ¹
2615 1203 2916 1272 desperare.
2950 1203 3084 1273 Quid
3117 1203 3512 1266 cninialiudest

1931 1274 2245 1350 desperare,
2275 1292 2430 1344 quam
2464 1276 2627 1350 Deum
2656 1277 2754 1350 sibi
2784 1280 3130 1350 comparare?
3156 1279 3284 1333 Nam
3329 1284 3416 1350 qui
3447 1286 3514 1337 de

1934 1345 2041 1399 Deo
2086 1361 2190 1399 non
2238 1347 2512 1420 prtesumit
2551 1345 2796 1420 veniam,
2841 1363 2945 1420 non
2986 1345 3360 1420 animadvertit
3394 1355 3514 1420 plus

1932 1425 2150 1485 peccato
2178 1431 2275 1470 suo
2318 1417 2408 1470 Dei
2441 1432 2595 1485 posse
2625 1416 2982 1471 clementiam.
3011 1418 3066 1473 Si
3107 1421 3248 1473 enim
3288 1416 3511 1477 seut—iret

1933 1487 2096 1560 Deum
2129 1488 2293 1555 magis
2319 1488 2537 1560 bonum,
2561 1503 2720 1560 quant
2747 1503 2804 1542 se
2830 1489 3062 1552 malum;
3095 1490 3346 1560 quidquid
3376 1494 3427 1546 in
3455 1509 3518 1549 se

1925 1557 2143 1626 jnstilize
2182 1573 2294 1633 non
2319 1558 2610 1633 inveniret,
2643 1575 2671 1611 a
2705 1559 2815 1633 Deo
2861 1561 3028 1633 magis
3055 1557 3196 1633 bono
3223 1557 3513 1633 exspecta-

1931 1639 2010 1681 ret
2035 1644 2048 1682 :
2074 1637 2122 1681 et
2173 1629 2388 1698 quidem
2419 1628 2642 1692 diffidit,
2671 1631 2792 1699 quia
2839 1631 3030 1684 sutumi
3063 1631 3185 1685 boui
3220 1628 3511 1688 bonitatem

1931 1699 2186 1765 majorem
2227 1715 2320 1753 sua
2364 1700 2592 1768 nequitia
2626 1717 2728 1752 tton
2763 1703 2940 1754 sentit.
2973 1702 3065 1756 Ille
3093 1703 3240 1756 solus
3270 1704 3508 1770 diffidat,

1930 1771 2017 1837 qui
2048 1779 2245 1822 tantum
2277 1785 2495 1838 peccare
2526 1779 2716 1838 potest,
2751 1781 3002 1839 quantum
3047 1773 3186 1826 Deus
3213 1773 3381 1827 bonus
3408 1786 3512 1828 cst.

1931 1841 2074 1912 Cum-
2094 1842 2162 1893 sit
2188 1851 2362 1894 autem
2395 1843 2569 1912 nullus
2595 1842 2683 1912 qui
2717 1841 2816 1894 hoc
2845 1843 3041 1910 possit;
3071 1845 3158 1912 qui
3193 1844 3342 1898 timet
3372 1845 3515 1899 dese

1931 1911 2094 1974 malo,
2128 1922 2412 1977 praesumat
2435 1911 2500 1966 de
2531 1911 2769 1964 meliore.
2809 1913 3059 1966 Diabolus
3087 1911 3228 1968 enim
3260 1923 3315 1968 et
3339 1918 3515 1970 omnis

1932 1983 2167 2055 nequitia
2225 1983 2400 2036 minor
2469 1992 2578 2045 est,
2629 1997 2785 2051 quam
2834 1983 2924 2036 Dei
2957 1985 3351 2055 misericordia.
3397 1985 3515 2055 Ipse

1931 2053 2073 2106 enim
2103 2053 2146 2106 si
2180 2063 2358 2120 posset
2384 2068 2619 2122 sperare,
2643 2062 2693 2106 ct
2713 2055 2922 2121 culpam
2953 2054 3004 2108 in
3027 2070 3085 2108 se
3105 2056 3340 2121 si-ntire;
3372 2053 3513 2122 quod

1933 2139 2037 2176 non
2085 2124 2283 2176 invenit
2311 2125 2362 2177 in
2409 2138 2505 2185 se,
2551 2133 2785 2178 sumeret
2833 2125 2883 2177 in
2931 2125 3019 2179 Dci
3065 2130 3273 2192 pietate.
3327 2124 3515 2182 Adhuc

1932 2195 2020 2262 qui
2051 2193 2270 2258 diflidit,
2299 2203 2352 2247 et
2377 2209 2526 2247 suam
2569 2194 2854 2265 nequitiam
2901 2196 2990 2248 Dei
3025 2196 3332 2265 benignitati
3357 2212 3509 2251 com-

1935 2273 2101 2332 parat,
2130 2265 2286 2318 linem
2320 2265 2540 2333 imponit
2569 2264 2658 2316 Dei
2684 2267 2862 2318 virtuti
2887 2307 2910 2332 ,_
2931 2266 3061 2320 dans
3091 2264 3248 2320 finem
3280 2269 3508 2327 infinito.

1933 2343 1988 2387 et
2031 2336 2406 2404 perfectionem
2452 2335 2744 2388 divinitatis
2785 2337 3030 2389 auferens
3074 2337 3215 2404 Deo;
3248 2338 3333 2392 cui
3382 2337 3512 2392 tiibil

1932 2404 2099 2471 deest,
2130 2405 2268 2474 quod
2295 2406 2454 2459 etiam
2483 2407 2770 2474 exeogitari
2801 2423 2902 2458 non
2933 2417 3125 2474 potest.

2005 2475 2104 2548 16Ἀ
2125 2475 2236 2529 Non
2270 2477 2443 2548 itaque
2465 2477 2668 2548 etiamsi
2699 2477 2948 2529 sacerdos
2977 2478 3294 2544 peccaverit,
3318 2478 3512 2548 despe-

1932 2561 2051 2619 rare
2076 2546 2232 2600 debet
2259 2548 2301 2619 ξ,
2332 2547 2460 2619 licet
2499 2547 2756 2616 scriptum
2808 2548 2906 2619 sit,
2959 2548 3084 2613 Quis
3125 2550 3286 2601 orabit
3335 2546 3432 2619 pro
3455 2567 3515 2603 eo

1933 2617 1977 2685 (l
2011 2617 2137 2687 Reg.
2169 2633 2227 2684 tt,
2249 2617 2389 2685 25)?
2420 2617 2550 2688 Tota
2580 2631 2806 2686 namque
2847 2617 3086 2672 Ecclesia
3107 2661 3122 2680 ,
3177 2617 3343 2688 atque
3378 2621 3514 2672 alius

1931 2689 2180 2742 sacerdos
2200 2729 2214 2753 ,
2237 2698 2291 2742 et
2318 2687 2494 2741 omnis
2523 2695 2824 2740 sanctorum
2855 2689 2986 2742 ordo
3012 2690 3183 2741 arabit
3207 2687 3302 2758 pro
3327 2704 3394 2744 eo
3412 2731 3428 2754 ,
3459 2700 3514 2744 et

1932 2758 2046 2827 ipse
2091 2759 2335 2812 Christus
2372 2759 2460 2828 qui
2509 2774 2606 2828 pro
2655 2758 2806 2812 nobis
2846 2759 3003 2812 oll‘ert
3029 2775 3086 2812 se
3117 2759 3241 2811 Deo.
3275 2759 3378 2815 Sed
3412 2762 3512 2814 hoc

1932 2829 2372 2882 considerandum
2401 2838 2480 2881 est
2501 2829 2760 2881 sacerdoti
2785 2870 2800 2888 ,
2829 2844 2894 2884 ne
2926 2829 3078 2883 facile
3106 2831 3259 2883 cadat
3279 2872 3292 2893 ,
3338 2832 3420 2885 cui
3459 2833 3510 2885 iu

1935 2899 2033 2953 hoc
2054 2901 2263 2970 gravior
2282 2908 2500 2970 notatur
2529 2914 2704 2966 paena.
2739 2899 2884 2952 Dicat
2904 2901 3040 2970 apud
3069 2916 3144 2959 se.
3173 2902 3224 2954 Si
3259 2901 3406 2968 plebs
3429 2903 3511 2970 je-

1927 2969 2235 3038 junaiverbi
2271 2969 2362 3022 Dei
2411 2971 2740 3041 peccaverit,
2787 2969 3052 3038 oportebit
3080 2988 3166 3023 me
3215 2970 3353 3026 ferre
3395 2969 3514 3041 par-

1935 3051 2038 3093 tem
2066 3041 2347 3109 ponderis;
2374 3056 2478 3093 non
2500 3040 2707 3093 audebo
2735 3041 2805 3093 illi
2836 3042 3188 3110 importabilia
3211 3040 3507 3106 imponere,

1931 3123 1984 3166 ct
2012 3127 2117 3164 non
2143 3111 2307 3180 digito
2336 3126 2406 3183 ca
2428 3110 2882 3183 IlNH'L‘I‘Ciillltll/l.
2913 3127 3060 3173 xxttt,
3092 3113 3146 3182 4)
3172 3129 3187 3166 :
3216 3113 3306 3166 scd
3340 3128 3440 3183 ego
3467 3115 3510 3168 si

1933 3196 2257 3251 peccavero,
2285 3181 2409 3250 quid
2432 3181 2618 3235 faciam
2648 3180 2672 3233 ?
2699 3180 2811 3235 Non
2841 3183 2917 3236 sic
2961 3182 3111 3236 facile
3129 3180 3396 3246 evadant,
3425 3201 3511 3236 me

1931 3253 2198 3322 Oportebit
2237 3253 2363 3306 flere
2391 3252 2680 3305 miseriam.
2723 3252 2835 3305 Non
2862 3252 3004 3306 enim
3035 3262 3117 3306 est
3144 3253 3221 3306 sic
3251 3263 3506 3307 statutum

1931 3324 1997 3378 de
2025 3339 2143 3389 me,
2191 3323 2327 3378 sicut
2352 3322 2419 3376 de
2445 3322 2680 3392 subjecta
2731 3324 2905 3391 plebe.
2934 3324 3020 3378 Sic
3050 3322 3300 3379 sacerdos
3329 3325 3510 3380 timeat

1933 3409 2182 3464 peccare;
2205 3393 2296 3447 sed
2330 3393 2524 3462 magis,
2554 3393 2857 3461 desperare.

1999 3464 2227 3520 CAPUT
2247 3464 2328 3517 \‘I.
2379 3465 2464 3516 I7.
2517 3465 2677 3516 Error
2722 3465 3126 3532 pru'stunenlinm
3185 3465 3378 3518 veniunt
3398 3465 3505 3520 sine

1933 3537 2239 3602 ptrnitentin.
2264 3535 2396 3590 Sttnt
2425 3535 2512 3588 alii
2541 3535 2738 3588 inimici
2769 3534 3155 3602 tlt'SllCl‘illiUlliS
3177 3536 3218 3601 ³,
3255 3539 3344 3604 qui
3372 3536 3508 3590 adeo

1931 3616 2259 3675 priusumunt
2307 3615 2362 3660 et
2405 3604 2472 3658 tle
2525 3605 2636 3676 Deo
2673 3605 2985 3671 conlidunt,
3035 3609 3174 3676 quod
3223 3606 3506 3676 quamdam

1929 3677 2030 3730 sibi
2077 3677 2343 3731 licentiam
2390 3675 2640 3745 peccandi
2679 3676 2992 3745 acquirunt,
3023 3675 3076 3732 et
3100 3679 3217 3733 sine
3244 3675 3507 3746 pmiiitett-

1931 3748 1998 3818 tia
2025 3755 2336 3816 exspectant
2365 3745 2570 3800 veniam
2596 3763 2609 3798 :
2641 3747 3016 3818 quiacreduut
3040 3745 3290 3818 quoniam
3340 3748 3497 3802 Chri-

1928 3817 2083 3872 stiani
2125 3827 2410 3880 vocantur,
2441 3833 2544 3872 non
2575 3831 2728 3885 posse
2755 3817 3028 3882 damnari,
3058 3817 3335 3872 adulantes
3364 3820 3507 3881 sibi,

1927 3888 2065 3957 quod
2093 3887 2347 3956 scriptum
2375 3898 2484 3949 cst,
2519 3887 2694 3939 Omnis
2741 3889 3036 3954 quicumque
3071 3891 3370 3942 invocarem
3409 3905 3504 3941 no-

1929 3975 2038 4012 men
2075 3957 2311 4020 Domini,
2340 3960 2506 4011 solens
2531 3959 2623 4011 erit
2650 3957 2804 4022 (Jocl.
2827 3974 2883 4018 tt,
2915 3959 3025 4023 3'2).
3059 3959 3246 4012 I'utant
3273 3961 3414 4011 cnim
3446 3975 3512 4012 so

1927 4044 2119 4084 nomen
2151 4029 2356 4084 Domini
2381 4029 2659 4086 invocare.
2692 4031 2938 4097 quoniam
2972 4039 3191 4097 pussunt
3231 4029 3506 4084 Christum

1925 4099 2145 4153 credere
2163 4141 2178 4164 ,
2205 4110 2256 4154 ct
2281 4112 2608 4154 sacramenta
2639 4100 2884 4153 limit-sue
2911 4112 3122 4155 sniucte
3147 4117 3157 4152 :
3185 4117 3288 4153 non
3315 4114 3504 4153 vercn~

1927 4180 2006 4224 tes
2035 4170 2230 4224 multos
2255 4184 2372 4224 esse
2401 4182 2634 4230 vocatos,
2667 4183 2861 4239 paucos
2891 4185 3016 4224 vero
3062 4171 3261 4225 electos
3284 4169 3500 4234 (Manli,

1927 4257 2017 4304 xx,
2050 4243 2160 4308 16).
2196 4242 2384 4294 l'ntant
2424 4258 2563 4294 enim
2596 4255 2784 4294 omnes
2805 4242 3136 4312 Christianos
3167 4255 3362 4312 paucos
3383 4255 3504 4312 esse

1925 4316 1977 4365 in
2037 4312 2373 4366 multitudine
2415 4312 2661 4366 Gentium
2709 4322 2760 4365 et
2799 4311 3102 4366 .Iuilmorum
3141 4310 3354 4380 z'quare
3396 4310 3500 4368 etsi

1923 4397 2111 4438 omnes
2139 4383 2406 4437 salvcntur
2427 4383 2734 4441 credentes,
2762 4397 3048 4451 paucorum
3081 4394 3256 4437 tamen
3285 4393 3366 4436 est
3395 4381 3504 4436 elc.

1922 4453 2103 4508 ctioiu
2145 4463 2286 4508 tanta
2319 4453 2675 4508 multitudine.
2698 4454 2803 4508 Sed
2845 4455 2888 4507 si
2933 4454 3052 4521 quis
3079 4453 3503 4507 animadvertere

1922 4525 2147 4578 voluerit
2167 4565 2181 4587 ,
2213 4523 2466 4593 deceptos
2522 4527 2616 4577 hos
2645 4538 2762 4578 esse
2802 4537 2921 4578 cum
2953 4524 3182 4578 Ecclesia
3209 4523 3498 4592 judieabit.

1921 4594 2046 4650 licet
2085 4596 2350 4650 confidant
2376 4597 2424 4647 in
2451 4594 2647 4649 Christi
2681 4594 3066 4664 redemptione.
3102 4594 3287 4648 Dicunt
3315 4594 3456 4647 enitn
3483 4635 3499 4656 ,

1921 4664 2058 4734 Quid
2113 4666 2386 4734 prodesset
2415 4667 2686 4720 (Iliristum
2743 4667 2984 4728 venisse,
3032 4666 3075 4720 si
3122 4665 3242 4718 mali
3285 4673 3497 4734 tantum

1919 4733 2058 4790 sicut
2093 4733 2219 4791 ante
2267 4737 2551 4790 adventum
2596 4751 2750 4790 suum
2795 4736 2967 4790 adlmc
3014 4733 3300 4804 perirent?
3337 4736 3502 4788 Ante.

1919 4817 2077 4876 quam
2115 4807 2256 4862 enim
2298 4809 2447 4860 licret
2490 4807 2628 4860 Dens
2662 4807 2854 4867 homo,
2891 4806 3010 4859 mali
3049 4815 3248 4860 tantum
3278 4804 3498 4876 damnaf

1921 4875 2114 4932 bantur
2143 4895 2155 4931 :
2184 4888 2237 4932 ct
2266 4877 2308 4932 si
2339 4878 2510 4931 adhuc
2542 4877 2679 4930 idem
2719 4887 2888 4937 esset,
2945 4891 3066 4929 eum
3111 4876 3321 4929 venisse
3371 4875 3499 4942 quid

1920 4949 2196 5016 prodesset
2223 4948 2246 5002 ?
2277 4948 2526 5008 Multum,
2560 4950 2808 5016 inquam;
2838 4963 2956 4999 uani
2990 4949 3162 5000 omnis
3187 4947 3355 4998 bonus
3371 4955 3500 5016 ante

1918 5015 2203 5072 adventum
2237 5019 2440 5072 Domini
2485 5015 2662 5071 salvus
2705 5019 2870 5070 lat-tus
2899 5027 2979 5070 est
3027 5033 3118 5085 per
3147 5016 3429 5069 adventum
3453 5015 3496 5068 ⁵.

1915 5089 2084 5144 Nemo
2111 5088 2252 5143 enim
2283 5088 2544 5142 infernum
2596 5087 2772 5158 egredi
2825 5096 3036 5154 posset.
3086 5087 3183 5140 nisi
3226 5102 3254 5139 a
3283 5085 3501 5158 Christo

1919 5161 2264 5228 perveniente
2295 5160 2345 5212 in
2377 5174 2496 5212 eum
2521 5155 2727 5211 extrahi
2766 5159 3046 5211 meruisset
3073 5174 3084 5210 :
3113 5172 3283 5228 neque
3329 5155 3496 5228 facul-

1920 5227 1998 5286 tas
2028 5231 2162 5284 bene
2183 5229 2434 5297 operandi
2459 5239 2509 5282 et
2532 5228 2746 5282 diabolo
2774 5227 3170 5281 contradicendi
3218 5237 3360 5280 tanta
3394 5227 3492 5281 lto-

1914 5301 2146 5356 minibus
2173 5300 2400 5363 inesset,
2435 5300 2534 5352 nisi
2561 5299 2802 5353 Christus
2831 5308 2970 5352 tanta
3000 5298 3104 5367 pati
3135 5309 3187 5352 et
3214 5313 3496 5367 resurgere

1914 5373 2260 5427 decrevisset.
2295 5370 2356 5424 Ili
2383 5385 2552 5440 neque
2593 5369 2876 5438 Apostolus
2903 5384 3072 5430 neque
3097 5370 3254 5440 verba
3286 5367 3494 5440 Domini

1912 5442 2232 5508 attendunt,
2281 5441 2367 5511 qui
2415 5440 2820 5494 fornicatoribus
2868 5449 2922 5494 et
2975 5439 3275 5495 criminosis
3317 5439 3497 5511 homi-

1911 5515 2069 5569 nibus
2107 5521 2212 5567 tam
2258 5510 2623 5581 multipliciter
2658 5519 2710 5565 ct
2746 5511 2902 5581 toties
2943 5525 3131 5580 punias
3159 5510 3492 5580 promittent.

1982 5583 2208 5639 CAPUT
2259 5583 2373 5638 VII.
2418 5579 2518 5637 718.
2577 5581 2724 5647 Quod
2775 5579 2913 5635 Dens
2949 5579 3492 5638 intulismnlareddat.

1913 5655 2102 5711 Adhuc
2128 5654 2339 5710 additur
2364 5654 2610 5724 iniquitas
2637 5652 2799 5722 priori
2824 5652 3118 5709 consimilis
3137 5694 3152 5722 ,
3184 5652 3312 5710 licet
3357 5667 3490 5708 cou~

1974 5750 1987 5778 ί
2019 5753 2174 5804 Forte,
2200 5744 2386 5795 debent.

1972 5810 1992 5840 ²
2022 5817 2145 5866 Mss.,
2171 5814 2340 5870 posset.

1972 5871 2139 5933 φδιδδη
2164 5867 2272 5918 sunt
2295 5867 2380 5933 alii
2403 5867 2620 5933 immensi
2644 5873 2970 5931 desperantes,
2992 5867 3090 5933 qui.

1973 5932 1994 5963 ⁸
2012 5935 2082 5984 sic
2230 5938 2284 5982 At
2309 5932 2448 5992 editi,
2468 5941 2555 5994 per
2590 5938 2851 5983 venturum.
