3986 6550
231 427 380 484 ὶὶἳῦ

226 543 358 608 quia
407 538 582 594 omnis
606 535 769 608 virilis
793 529 1169 608 detrimentum
1219 526 1503 608 patiiur‘ab
1532 537 1636 608 ιιιιο
1664 522 1808 608 vitio.

226 595 368 665 ﬁam
398 609 442 664 si
471 609 590 679 quis
615 605 754 679 cadit
797 606 850 656 in
881 599 1173 679 avaritiam,
1218 595 1514 678 largitatem
1568 595 1812 679 destruit,

227 663 289 735 et
316 663 616 736 castitatem
659 672 960 728 minoravit.
1012 671 1208 725 Amore
1257 663 1399 722 enim
1445 665 1680 735 pecuniae
1726 663 1811 736 vi-l

228 733 464 806 violaret
514 749 843 808 castitatem,
903 741 991 795 vel
1026 739 1214 794 saltem
1265 733 1459 808 minus
1494 743 1714 788 amaret.
1755 733 1810 788 Si

228 823 381 875 enim
410 828 630 888 propter
663 807 990 888 Deumtanta
1017 810 1190 888 adhuc
1215 809 1428 888 castitas
1450 807 1604 888 inest,
1637 812 1693 886 ut
1718 820 1814 888 iic-

229 874 300 946 lit
324 874 444 946 eam
486 874 707 959 perdere
735 904 750 940 :
776 885 968 959 saltem
995 881 1189 959 minori
1221 879 1432 959 gaudio,
1466 877 1658 959 miu_ori
1681 874 1811 930 all‘e-

228 973 326 1016 ctu
355 946 535 1016 tuetur
567 973 706 1021 eam,
737 955 826 1009 ubi
855 953 1000 1006 videt
1048 951 1170 1005 inde
1218 946 1507 1021 procedere
1561 946 1813 1021 damnum

230 1032 498 1101 pecuniae.
519 1017 711 1098 Sicque
736 1035 790 1081 et
816 1026 870 1079 in
899 1023 1016 1101 aliis
1044 1037 1161 1091 qua:
1180 1017 1814 1101 etiamsinon‘expellan:

231 1087 345 1165 iur,
375 1110 551 1170 tamen
579 1087 675 1169 pér
696 1087 1097 1170 conceptionem
1118 1091 1273 1170 unius
1313 1089 1426 1170 vitii
1450 1088 1540 1170 vel.
1567 1087 1696 1170 satis
1725 1087 1809 1140 vel

232 1160 429 1242 parum
477 1160 822 1242 minuuntur,
864 1160 955 1242 vel
1020 1163 1322 1242 inteusione
1368 1160 1811 1242 .deteriorantur:

230 1228 381 1296 unde
403 1241 576 1294 omnis
603 1243 769 1293 virtus
810 1228 1127 1302 cuicumque
1172 1231 1381 1286 crimini
1421 1238 1503 1284 est
1550 1228 1811 1302 deﬂenda,

230 1324 289 1367 et
315 1314 385 1367 de
405 1311 651 1366 omnibus
694 1307 1016 1376 indulgentia
1043 1298 1124 1358 cst
1164 1302 1410 1376 petenda.
1471 1298 1818 1376 Animadver-

211 1393 356 1438 ‘tere
382 1384 542 1436 etiam
589 1387 817 1448 oportet,
845 1369 920 1448 ὀι
968 1370 1434 1448 animadvertendo
1465 1369 1670 1448 deﬂere
1695 1370 1807 1422 ani-

230 1470 382 1507 mam
414 1440 657 1522 proximi,
687 1440 854 1522 quam
895 1444 1314 1522 fornicator_Deo
1347 1440 1556 1522 eripuit,
1589 1440 1673 1493 vel
1697 1455 1817 1522 ere-

231 1536 386 1594 ptam
415 1511 474 1575 'iu
527 1511 668 1594 male
707 1511 1052 1594 conﬁrmavit
1084 1532 1098 1568 :
1129 1511 1458 1594 etiamquod
1509 1512 1808 1592 exemplum

231 1582 444 1649 exstitit
474 1592 600 1646 mali
647 1591 699 1644 in
745 1587 1052 1656 operatione
1093 1585 1172 1640 sui
1222 1583 1481 1656 criminis,
1510 1582 1592 1656 cui
1636 1582 1814 1656 inagis

230 1665 544 1734 profuisset,
576 1663 620 1715 si
642 1660 758 1734 aliis
783 1650 975 1734 'fuisset
1013 1669 1171 1710 causa
1215 1653 1596 1734 conversionis:
1625 1650 1816 1707 Gemat

229 1722 418 1805 itaque
451 1722 671 1787 alierum
690 1730 849 1782 vitam
879 1729 931 1805 in
971 1741 1066 1780 sua
1111 1735 1436 1805 corruptam,
1465 1722 1812 1805 velOiucorru:

227 1791 383 1876 plain
413 1821 514 1858 non
533 1811 899 1876 conservatam
916 1798 1034 1876 χει
1057 1791 1640 1876 commodumproximi
1667 1791 1809 1862 quod

229 1865 475 1930 dedisset
495 1873 738 1940 exemplo
765 1869 908 1924 boni.
943 1865 1218 1940 Doleatde
1240 1865 1472 1940 tristitia,
1502 1879 1658 1932 quam
1692 1877 1814 1940 pee-

227 1946 412 2000 caudo
436 1945 587 1998 bonis
613 1933 812 2006 intulit,
837 1949 890 1993 et
928 1938 995 1992 de
1038 1937 1217 1990 la3titia
1243 1951 1400 2004 quam
1425 1935 1503 2006 eis
1530 1949 1633 2006 non
1658 1933 1812 1987 adhi-

228 2018 372 2071 buit.
406 2017 472 2070 Et
501 2029 604 2068 non
647 2005 817 2067 solum
865 2009 1059 2079 cogitet
1084 2007 1208 2079 quid
1236 2016 1292 2061 et
1330 2005 1554 2074 qualiter
1569 2005 1764 2079 feceiit
1795 2020 1810 2070 ;

231 2087 334 2140 sed
368 2101 523 2154 quam
548 2083 740 2154 injuste
769 2074 955 2154 Deum;
986 2087 1046 2154 ut
1069 2074 1322 2154 diximus,
1353 2074 1621 2154 peccando
1649 2075 1812 2154 olfen-

230 2144 399 2210 derit:
431 2144 639 2210 Timeat
655 2154 794 2206 illam
824 2150 1071 2205 Veritatis
1099 2144 1435 2204 sententiam,
1465 2144 1584 2199 Non
1612 2148 1814 2214 potestis

227 2226 435 2280 duobus
457 2226 670 2279 dominis
697 2223 880 2276 servire
903 2219 1113 2291 (Maith.
1153 2233 1229 2291 vt,
1263 2216 1394 2287 21).
1425 2215 1632 2270 Timcat
1660 2231 1808 2286 ergo,

226 2312 304 2352 ne
331 2297 506 2350 omnia
536 2296 668 2349 bena
697 2309 814 2361 qua:
839 2289 982 2356 fecit,
1009 2289 1135 2343 dum
1171 2290 1224 2341 in
1252 2304 1357 2361 uno
1387 2296 1604 2361 peccato
1629 2302 1812 2361 persc:

226 2368 504 2422 veravcrit
534 2407 548 2430 ,
601 2381 665 2418 ex
703 2356 1148 2417 contaminatione
1186 2357 1309 2430 mali
1330 2359 1371 2430 ’γ
1393 2356 1686 2430 perdiderit
1714 2374 1725 2410 :
1757 2356 1813 2430 ut

224 2441 325 2508 qui
357 2428 577 2492 servivit
601 2435 954 2508 diabo|o_per
1000 2433 1223 2494 crimen,
1280 2428 1376 2481 Dei
1417 2442 1576 2508 quam
1623 2428 1813 2482 obtulit

225 2498 475 2564 amiserit
493 2508 797 2561 servitutem
825 2498 872 2556 ³ξ
891 2501 1038 2556 Pium
1059 2509 1142 2555 est
1176 2509 1350 2552 tamen
1376 2498 1613 2562 credere,
1643 2509 1699 2552 ut
1725 2515 1812 2553 re-

226 2589 387 2647 cepta
414 2579 502 2632 Dei
551 2577 758 2647 gratia,_
787 2588 906 2642 quae
953 2572 1004 2625 in
1059 2585 1126 2626 eo
1169 2569 1396 2647 destruit
1434 2567 1566 2647 mala
1612 2571 1807 2647 priora,

225 2638 397 2703 etiam
425 2638 728 2702 remaneret
749 2638 884 2698 bona
911 2661 923 2694 :
952 2649 1010 2696 ut
1033 2638 1638 2707 cumdestruxeritquod
1657 2655 1809 2693 suum

227 2735 342 2773 non
380 2718 600 2784 invenit,
653 2724 796 2770 amet
845 2722 900 2769 et
926 2713 1109 2783 diligat
1139 2712 1334 2766 bonum
1388 2710 1530 2780 quod
1566 2711 1726 2765 etiam
1759 2711 1808 2764 in

227 2799 491 2858 peccante
522 2787 793 2858 plantavitf

302 2849 538 2916 CAPUT"
569 2857 686 2912 XV.
733 2856 821 2910 50.
880 2854 1132 2908 Paenitens
1169 2852 1384 2924 qualiter
1431 2849 1645 2917 a/Tectus
1688 2867 1810 2924 esse

226 2930 430 2984 debeat.
465 2930 585 2982 Non
630 2926 855 2991 confiteri
880 2926 1140 2978 dimidiate
1181 2921 1294 2988 'uni,
1341 2924 1602 2976 dimidiata
1645 2921 1808 2976 alteri.

228 3001 311 3054 Ab
345 3001 493 3056 altari
520 3015 573 3054 se
597 3007 925 3068 sequestram:
956 2995 999 3048 Α
1019 2995 1150 3068 ludis
1175 3010 1227 3048 se
1251 2993 1496 3046 cohibere.
1524 2992 1808 3068 _Paznitcn-

227 3072 318 3124 ria.-
344 3063 740 3140 fructus.(a)'ln
765 3066 1012 3140 omnibus
1035 3065 1240 3140 dolens,
1264 3075 1358 3140 aui
1379 3063 1805 3140 sa‘culunrdere-

229 3134 464 3210 linquat,
497 3134 792 3194 aut'saltem
816 3137 901 3191 illa
928 3152 1045 3206 qua:
1080 3136 1195 3189 sine
1213 3134 1534 3210 admixtione
1553 3135 1673 3210 mali
1706 3150 1809 3188 non

226 3205 361 3266 suni.
389 3211 773 3271 administrata,
793 3216 854 3262 ut
879 3205 1194 3268 mercatura,
1218 3205 1400 3258 militia
1429 3221 1444 3270 ;
1492 3213 1546 3259 et
1565 3205 1664 3258 alia
1694 3221 1811 3273 qua:

227 3283 508 3336 utentibus
537 3290 658 3335 sunt
677 3279 881 3342 nociva,
903 3275 1458 3331 utadministratioues
1477 3275 1810 3329 saecularium

228 3361 581 3421 potestatum,
611 3351 711 3404 nisi
758 3350 840 3421 his
885 3355 1065 3402 utatur
1103 3361 1181 3421 es
1215 3346 1530 3421 obedientim
1579 3346 1808 3421 licentia.

230 3415 410 3478 Ponat
437 3438 495 3476 se
515 3415 736 3476 omnino
767 3419 819 3473 in
861 3425 1125 3488 potestate
1163 3416 1376 3486 iudicis,
1410 3418 1459 3469 in
1500 3415 1698 3488 judicio
1725 3430 1812 3470 sa~

229 3494 492 3556 cerdotis,
515 3492 645 3546 nihil
669 3490 769 3545 sibi
795 3487 1076 3544 reéervans
1097 3489 1199 3552 sui,
1223 3496 1279 3541 ut
1305 3488 1481 3540 omnia
1507 3503 1573 3542 eo
1592 3487 1812 3556 jubeute

226 3573 455 3634 paratus
473 3565 542 3617 sit
561 3563 732 3616 facere
755 3575 852 3634 pro
871 3556 1295 3634 recipiendavita
1311 3558 1522 3622 animae,
1544 3572 1813 3634 quaecum-

225 3629 338 3701 que
370 3633 568 3688 faceret
606 3646 706 3703 pro
733 3629 946 3703 vitanda
979 3629 1219 3698 corporis
1248 3635 1456 3703 inerte;
1489 3639 1542 3683 et
1572 3629 1676 3703 hoc
1689 3643 1812 3682 cum

225 3697 527 3769 desiderio,
557 3697 679 3773 quia
709 3701 870 3773 vitam
922 3697 1201 3773 recuperat
1249 3697 1507 3773 inﬁnitam
1561 3709 1617 3751 ut
1649 3699 1806 3753 Deus.

225 3774 368 3828 Cum
383 3768 727 3845 gaudio'enim
744 3771 899 3845 debet
920 3768 1094 3824 facere
1106 3769 1418 3845 immortalis
1443 3770 1667 3845 iniuriis,
1693 3784 1812 3845 qua:

227 3840 434 3900 l'acerC-t
462 3859 559 3914 pro
586 3841 876 3898 dill'erenda
903 3851 1071 3914 morte
1117 3841 1424 3914 moriturus.
1476 3840 1812 3914 Setnper__tle-

225 3909 486 3987 precetur
537 3915 727 3987 Deum,
777 3910 1053 3987 certusde
1092 3910 1279 3974 venia,
1321 3909 1524 3978 quam‘
1567 3909 1812 3965 onmibus

229 3981 412 4041 iuodis
440 3993 496 4040 et
542 3985 660 4039 sine
703 3982 860 4038 taedio
891 3981 1081 4036 dubius
1121 3989 1331 4049 regaret
1361 3987 1676 4049 potestatem
1701 3989 1812 4034 ter-

224 4072 443 4110 renam.
472 4055 748 4110 Abstineat
785 4069 814 4107 a
839 4051 1017 4106 multis
1048 4051 1221 4115 licitis,
1252 4051 1340 4120 qui
1379 4052 1431 4104 iu
1462 4051 1703 4105 libertate
1726 4066 1812 4104 ar-

228 4127 382 4181 bitrii
415 4125 685 4180 commisit
712 4123 913 4178 illicita.
941 4121 1162 4190 Semper
1209 4121 1395 4176 oﬂ’erat
1425 4121 1534 4176 Deo
1577 4131 1812 4175 mentem

227 4209 286 4251 et
311 4196 491 4252 cordis
517 4194 915 4259 contritionem,
934 4191 1126 4247 deinde
1156 4201 1207 4246 et
1232 4191 1371 4261 quod
1401 4191 1668 4262 potestide
1692 4208 1815 4261 pos-

228 4267 498 4323 sessione.
529 4265 677 4321 Tunc
700 4265 841 4335 quod
870 4265 1025 4335 offert
1063 4277 1287 4335 securus,
1327 4261 1532 4335 olli-rat:
1575 4261 1813 4335 Respexit

231 4337 493 4392 Dominus
541 4336 608 4389 ad
652 4333 776 4389 Abel
802 4343 848 4388 et
881 4334 949 4386 ad
996 4349 1204 4386 munera
1243 4334 1398 4402 ejus:
1439 4333 1533 4388 sed
1581 4335 1724 4403 prius
1747 4333 1814 4385 ad

229 4409 367 4462 Abel
390 4408 537 4472 dicit,
566 4421 723 4477 quam
763 4404 832 4459 ad
863 4420 1096 4477 munera.
1147 4403 1374 4458 Smnens
1411 4405 1551 4457 enim
1581 4412 1812 4477 mentem

231 4495 403 4548 quam
420 4474 666 4548 cognovit
711 4475 964 4548 humilem
997 4489 1058 4528 ac
1083 4489 1290 4543 puram,
1319 4475 1678 4548 remuneravit
1701 4474 1815 4548 ejus

232 4543 766 4618 largitatis'munera.
816 4543 1047 4618 Adicain
1074 4559 1188 4618 vero
1233 4561 1332 4598 non
1362 4545 1599 4618 respexit,
1629 4561 1717 4598 nec
1747 4544 1814 4597 ad

231 4615 454 4672 uiuitera
467 4618 617 4690 ejus(
649 4616 776 4690 Gen.
795 4632 870 4682 tv,
891 4617 943 4681 4,
974 4615 1009 4670 5
1041 4616 1079 4686 ).
1113 4615 1499 4690 i'lentenienim
1517 4616 1632 4690 ejus
1656 4630 1814 4684 quam

233 4690 471 4756 viderat,
487 4685 750 4759 quoniam
773 4703 878 4759 non
889 4687 1159 4759 cognovit
1189 4685 1462 4759 humiiem,
1497 4689 1612 4759 ejus
1633 4701 1818 4759 mune-

232 4777 296 4815 ra
332 4776 438 4814 non
460 4755 677 4828 recepit.
709 4757 762 4811 lu
791 4755 997 4826 judicio
1026 4758 1202 4828 itaque
1221 4755 1398 4828 cordis
1432 4755 1816 4828 consideranda

232 4841 323 4884 est
351 4826 691 4900 elcentosyna
715 4899 724 4900 ί
745 4828 1042 4882 tribuentis.
1076 4827 1185 4880 Nec
1221 4826 1331 4900 jam
1373 4827 1815 4900 considerandum

231 4911 323 4957 est
340 4896 618 4970 quantum,
635 4899 728 4954 sed
753 4913 854 4968 qua
891 4906 1088 4970 mente,
1115 4912 1217 4966 qua
1251 4897 1531 4970 ali'ectione
1558 4896 1818 4970 datiquod

232 4967 437 5042 potest.
476 4971 652 5042 iVidua
703 4967 843 5042 enim
879 4969 1084 5042 duobus
1141 4982 1259 5042 qua:
1307 4967 1564 5042 habuerat
1598 4968 1820 5042 minutis

234 5037 386 5111 larga
417 5045 433 5109 (
464 5041 590 5095 Luc.
617 5056 724 5101 xxI,
758 5039 794 5093 2
821 5041 859 5108 ),
891 5039 1005 5108 plus
1033 5039 1294 5111 omnibus
1322 5037 1498 5111 misit._
1514 5038 1615 5111 Qui
1663 5039 1821 5108 igitur

235 5108 354 5166 vuli
381 5108 594 5183 peccata
621 5127 714 5165 sua
736 5111 999 5183 redimere
1025 5108 1391 5178 temporalium
1414 5108 1702 5174 oblatione,
1725 5123 1815 5162 ca-

232 5192 366 5238 veat
381 5179 462 5252 —ut
477 5183 621 5252 prius
645 5189 892 5252 mentem
907 5179 1112 5235 offerat.

310 5255 402 5309 31.
432 5247 633 5306 cautus
663 5252 732 5306 sit
757 5251 1020 5321 paenitens
1044 5265 1111 5304 ne
1133 5247 1448 5321 verecundia
1465 5247 1656 5321 ductus
1683 5249 1819 5303 divi-

231 5323 330 5379 dat
356 5323 494 5394 apud
525 5339 584 5394 se
603 5319 1014 5394 confessionem,
1042 5330 1102 5394 ui
1139 5320 1346 5394 diversa
1383 5319 1610 5394 diversis
1639 5335 1823 5394 sacer-

231 5391 456 5450 dotibus
483 5393 616 5449 velit
656 5392 1019 5447 manifestare.
1068 5391 1296 5458 Quidam
1323 5391 1466 5444 enim
1496 5391 1584 5444 uni
1626 5392 1824 5454 celant,

304 5530 323 5561 ί
353 5535 482 5588 Mss,
521 5524 670 5577 vitam
706 5539 799 5576 non
831 5530 1156 5576 conservatmn
1181 5524 1252 5576 vel
1273 5533 1549 5588 comptam
1570 5523 1621 5575 in
1640 5537 1760 5586 sua,
1784 5531 1830 5577 et

232 5589 559 5647 τοηυτιοάιηη,
580 5595 676 5638 etc.

299 5655 321 5683 ³
346 5652 499 5710 Alias,
523 5645 946 5700 comnmnicatione
963 5645 1109 5710 mala.

299 5715 322 5805 ξ
637 5719 738 5762 Deo
757 5724 876 5774 quas
895 5709 1136 5770 obtulerit,
1160 5709 1376 5761 amiserit
1397 5710 1610 5762 virtutes.

349 5784 490 5824 Allas.
516 5786 618 5824 aut.

298 5787 739 5900 :dist.
754 5835 829 5900 i5,
852 5847 958 5897 cap.
977 5832 1283 5900 Quibusdam.
1308 5841 1435 5886 Petr.
1461 5832 1585 5883 Bles.
1629 5833 1693 5883 de
1715 5839 1830 5883 Con-

232 5895 401 5951 rma
422 5905 558 5948 sent.
583 5895 696 5948 dist.
726 5895 800 5958 lt},
822 5895 926 5959 cap;
956 5906 1008 5946 In
1029 5896 1333 5960 perfectimte.
1596 5931 1601 5935 .

1162 414 1363 469 LIBER
1407 407 1497 468 DE
1541 408 1722 465 VERA
1764 406 1849 462 ΕΤ
1892 403 2107 462 FALSX
2152 403 2616 462 PCe'ZNlTENTIA.

3371 411 3422 469 l3
3440 413 3501 472 :16

1919 537 2037 589 qua!
2063 519 2565 594 aliimanifestanda
2617 533 2889 578 reservant
2923 525 3102 594 :quod
3134 535 3215 581 est
3239 542 3298 582 se
3320 529 3502 583 lauda-

1919 606 1996 655 re,
2026 601 2082 665 et
2109 591 2174 643 ad
2205 591 2524 665 hypocrisim
2570 593 2810 661 tendere,
2837 603 2890 649 et
2917 591 3130 665 semper
3157 597 3308 652 venia
3347 615 3502 654 careo

1917 677 1996 724 re,
2019 661 2084 713 ad
2115 661 2269 730 quam
2299 677 2393 732 per
2415 662 2576 716 frusta
2618 673 2779 735 totam
2813 675 2996 732 putant
3017 661 3293 735 pervenire
3321 669 3360 723 ³.
3391 671 3499 724 Ca-

1919 740 2037 805 veat
2081 742 2335 805 prmiterea
2371 748 2536 805 quem
2579 750 2699 787 vera
2726 734 2954 790 delectat
3005 734 3334 805 paenitentia.
3390 756 3498 797 non

1917 803 2062 871 prius
2084 801 2148 855 ad
2177 803 2381 876 Domini
2400 801 2599 876 corpus
2622 806 2859 876 accedat,
2907 801 3065 876 quam
3104 809 3369 865 eonfortet
3397 812 3487 865 bo-

1918 874 2373 946 naeonscientia.
2405 874 2510 946 Sed
2559 875 2610 928 in
2639 875 2736 929 hac
2773 874 3108 946 separatione
3152 883 3489 936 tremendum

1918 942 2011 997 Dei
2032 942 2286 1011 judicium
2313 945 2528 1014 cogitet,
2579 946 2665 998 ubi
2717 942 2884 1015 magis
2937 949 3184 1004 terribilis
3227 955 3494 1008 sententia

1916 1023 2197 1088 peccantes
2225 1015 2247 1046 ³
2272 1016 2539 1084 separabit
2567 1017 2618 1068 in
2640 1016 2843 1088 ignem.
2873 1017 3061 1072 Gemat
3090 1021 3229 1088 quod
3257 1023 3492 1078 nondum

1916 1083 2074 1155 audet
2101 1099 2311 1139 sumere
2335 1083 2508 1155 quem
2541 1083 2766 1140 multum
2819 1083 3154 1143 desiderabat
3199 1093 3373 1146 cibum
3399 1108 3489 1147 εει-

1918 1153 2160 1208 lutarem.
2194 1155 2282 1209 Isti
2313 1153 2434 1208 sunt
2459 1157 2603 1225 digni
2654 1158 2852 1211 fructus
2882 1161 3226 1226 paenitentiae,
3258 1163 3488 1218 animam

1917 1226 2175 1295 captivam
2215 1227 2574 1295 elaqueautes,
2629 1239 2680 1280 et
2735 1229 2787 1281 in
2841 1228 3136 1283 libertatem
3191 1243 3466 1288 servantes

1916 1293 2171 1369 cohibeat
2215 1310 2273 1350 se
2317 1293 2576 1369 praetcrea
2603 1313 2633 1351 a
2662 1298 2818 1363 ludis,
2847 1313 2877 1352 a
2925 1302 3240 1368 spectaculis
3285 1306 3488 1369 s:ecnli,

1917 1367 2004 1438 qui
2031 1367 2314 1438 perfectam
2332 1368 2443 1438 vult
2462 1369 2713 1438 consequi
2735 1367 2969 1438 gratiam
2984 1372 3332 1428 remissionis.
3356 1367 3486 1428 Nam

1917 1436 2046 1489 Dina
2078 1437 2120 1489 si
2149 1451 2207 1491 se
2233 1437 2592 1504 cohibuisset,
2619 1436 2660 1492 si
2710 1436 2850 1494 inter
2873 1454 2998 1494 suos
3029 1442 3390 1509 remansisset,
3421 1445 3490 1498 ab

1915 1517 2167 1581 estrtgteo
2223 1518 2433 1581 raptore
2459 1518 2839 1581 corruptanon
2885 1511 3068 1565 fuisset
3095 1511 3114 1581 (
3141 1511 3266 1566 Gen.
3296 1530 3487 1580 χχχιιι,

1917 1575 2014 1648 1).
2044 1576 2214 1631 Tanto
2264 1575 2422 1647 igitur
2452 1575 2635 1649 magis
2665 1580 2766 1635 sibi
2816 1591 3000 1636 caveat
3059 1575 3112 1637 et
3154 1584 3395 1638 cohibeat
3426 1575 3490 1641 se

1915 1649 2088 1724 anima
2114 1664 2232 1718 qure
2259 1663 2402 1724 saepe
2428 1650 2508 1704 vel
2537 1652 2702 1724 semel
2756 1662 2903 1720 rapta
2951 1661 3035 1724 est
3079 1663 3135 1708 et
3187 1665 3433 1724 corrupta
3467 1674 3484 1709 :

1915 1718 2098 1796 iimeat
2146 1725 2255 1788 jam
2282 1718 2434 1796 docta
2465 1718 2832 1789 experimento
2851 1763 2864 1786 ,
2894 1722 3034 1792 quod
3087 1725 3292 1793 ignorat
3318 1718 3486 1796 virgo.

1915 1787 2100 1865 Eligat_
2133 1787 2288 1859 quem
2336 1787 2594 1865 imitetur,
2616 1861 2627 1865 Α
2651 1808 2756 1865 non
2805 1787 3059 1865 sequatur
3086 1787 3244 1865 quem
3275 1787 3486 1850 auiuius

1914 1873 2041 1934 suus
2069 1861 2283 1934 damnat
2313 1879 2326 1915 :
2359 1877 2417 1916 se
2445 1862 2586 1916 enim
2607 1861 2827 1930 judicat,
2855 1861 2942 1932 qui
2989 1861 3185 1918 fructus
3229 1867 3488 1934 poeniten-

1915 1929 2000 1983 tia:
2029 1946 2131 1984 non
2162 1931 2440 2005 habentem
2472 1948 2505 2005 a_
2531 1949 2589 1986 se
2613 1929 2734 1987 non
2765 1929 2976 2005 elotigat
3004 1952 3018 1999 ;
3051 1929 3241 1990 laudat‘
3261 1939 3402 1991 cuitu
3433 1947 3489 1992 et

1913 2010 2056 2075 amat
2102 2017 2234 2075 quos
2283 2003 2438 2073 digne
2485 2002 2804 2059 fructiﬁcare
2854 2002 2957 2059 nou
3001 2006 3226 2075 ignorat.
3275 2008 3490 2074 Quarrat

1913 2069 2136 2145 fructus:
2166 2069 2386 2145 dignos,
2431 2075 2528 2127 etsi
2583 2089 2684 2127 non
2737 2076 2924 2145 dignos
2976 2069 3322 2145 pciniteutiae'.
3353 2080 3488 2132 Sunt

1912 2144 2052 2217 enim
2089 2143 2232 2217 digni
2262 2146 2461 2200 fructus
2509 2145 2760 2217 virtutum
2798 2143 3037 2214 Tractus,
3071 2149 3158 2217 qui
3209 2165 3313 2202 non
3341 2148 3488 2202 sul'li-

1912 2212 2060 2290 ciu_nt
2090 2215 2484 2290 pmoitentibus.
2515 2215 2828 2290 Ptenitentia
2851 2219 2990 2290 enim
3019 2212 3290 2288 graviores
3319 2235 3484 2290 expo-

1912 2284 2071 2358 stulat
2101 2284 2325 2358 fructus,
2354 2295 2410 2338 ut
2435 2286 2511 2339 sic
2541 2296 2757 2353 pacetur
2785 2284 3063 2352 Ecclesia}
3091 2298 3152 2342 ut
3181 2299 3364 2358 pacata
3381 2284 3483 2345 dot-

1911 2352 2022 2426 lore
2051 2363 2101 2426 ei
2121 2355 2434 2426 gemitibus,
2460 2352 2681 2426 mortuis
2712 2359 2958 2426 impetret
2980 2360 3160 2414 vitam.

2237 2425 2291 2513 ¹Χ
2303 2426 2381 2513 γι.
2408 2426 2493 2480 52.
2523 2424 2903 2513 ,βφειιδὶᾳιίὸιιεε
2927 2428 3119 2513 ’ίαιξζεδ
3151 2431 3227 2513 in_
3248 2427 3483 2513 peccatis.

1911 2493 2140 2571 conditio
2162 2505 2249 2571 aut
2276 2507 2480 2571 natura,
2516 2497 2606 2550 Dei
2626 2500 2896 2571 ordinatio.
2923 2493 3112 2554 Gratia:
3135 2493 3485 2571 defectusth

1911 2565 2128 2634 eﬂ‘icacia
2185 2567 2688 2640 divinitevoluntatis.
2719 2569 2842 2640 Qui
2866 2570 3002 2624 Deus
3049 2565 3305 2640 peccatum
3333 2573 3482 2636 nolit,

1911 2651 2000 2689 nec
2046 2645 2210 2712 tanien
2250 2639 2492 2712 cohibeat.
2527 2637 2662 2704 Quid
2706 2639 2895 2693 homini
2940 2637 3152 2712 prmi-stet
3179 2652 3231 2693 ut
3268 2644 3486 2712 gratiam

1910 2717 2086 2761 servet.
2117 2708 2322 2762 Sentiat
2349 2711 2556 2777 culpam
2597 2724 2746 2763 suam
2773 2725 2915 2773 esse,
2941 2708 3050 2764 nec
3076 2711 3206 2766 velit
3233 2708 3292 2766 se
3316 2728 3483 2767 excu-

1911 2791 2053 2843 sarc,
2085 2793 2152 2832 ne
2181 2787 2370 2848 augeat
2420 2781 2644 2844 crimen,
2679 2791 2734 2833 ut
2760 2781 2948 2846 Adam,
2979 2783 3064 2835 cui
3112 2797 3218 2836 non
3245 2782 3482 2838 sufficie-

1910 2848 1999 2902 bat
2027 2864 2274 2922 peccasse
2298 2866 2312 2914 ;
2342 2850 2433 2922 sed
2449 2851 2721 2920 ampliavit
2735 2854 2936 2907 crimen
2953 2852 3217 2922 culpaudo
3239 2868 3478 2919 uxorem,

1910 2929 1966 2974 et
1991 2921 2200 2992 culpam
2225 2921 2545 2976 transferens
2589 2923 2640 2975 in
2687 2933 2977 2978 auctorem.
3020 2921 3162 2977 lStud
3208 2935 3483 2992 peccatum

1913 2990 2182 3064 inultoties
2225 2993 2529 3064 incurritur,
2584 2992 2677 3046 sed
2723 2993 3016 3062 neglectum
3048 2990 3340 3064 ignoratur.
3368 2996 3483 3050 Non

1911 3061 2088 3131 itaque
2115 3071 2394 3135 peccantes
2444 3063 2702 3135 dicamus,
2736 3061 2848 3135 Non
2875 3065 3013 3120 aliud
3041 3061 3210 3135 potui,
3231 3080 3352 3120 eum
3398 3082 3486 3121 me

1911 3131 2379 3206 constituifurem.
2404 3134 2524 3203 quia
2556 3135 2692 3206 Deus
2739 3133 2863 3189 fecit
2907 3151 2994 3190 me
3041 3131 3348 3206 pauperem.
3375 3135 3488 3191 Nec

1915 3203 2104 3256 tnirmu
2131 3205 2174 3256 si
2220 3203 2430 3278 deditus
2467 3219 2583 3278 sum
2615 3204 2968 3278 fornicationi,
2999 3203 3123 3278 quia
3145 3203 3496 3261 ialiscreatus‘

1911 3287 2029 3346 sum
2057 3281 2260 3346 natmtc
2305 3283 2359 3328 et
2402 3274 2736 3344 fragilitatis:
2779 3274 3035 3346 fragilitas
3078 3277 3240 3340 enim,
3267 3293 3489 3332 nonvo.

1913 3343 2106 3409 luntas,
2148 3345 2287 3412 cogit
2312 3360 2397 3398 me
2439 3343 2773 3402 committere
2816 3343 3131 3402 criminalia.
3161 3347 3317 3402 Errat
3342 3350 3488 3404 enim

1911 3415 2000 3483 qui
2029 3417 2108 3470 sic
2145 3414 2361 3488 fallitur.
2383 3415 2577 3488 Natura
2605 3418 2745 3488 enim
2779 3418 2895 3472 talis
2924 3428 3112 3484 est,'ut
3143 3419 3309 3488 possit
3337 3421 3488 3488 quis-

1911 3499 2015 3553 que
2061 3487 2329 3558 resistere
2353 3487 2512 3558 malo,
2541 3487 2622 3541 cui
2649 3502 2708 3543 se
2737 3490 2949 3558 subjicit
2972 3505 3037 3545 ex
3085 3487 3323 3544 arbitrio.
3353 3487 3490 3548 Sunt

1911 3565 2088 3610 autem
2114 3557 2210 3630 qui
2237 3555 2528 3630 defendunt
2551 3561 2758 3630 culpam
2791 3555 2848 3614 in
2893 3560 2984 3615 Dei
3018 3561 3367 3630 providentia,
3397 3576 3488 3615 re-

1913 3635 2159 3700 putantes
2184 3627 2276 3700 Dei
2305 3627 2624 3700 ordinationi
2655 3639 2707 3700 et
2735 3627 3057 3694 necessitati,
3081 3631 3220 3700 quod
3243 3632 3485 3686 relictum

1913 3708 1995 3752 cst
2026 3697 2284 3751 voluntati
2335 3706 2390 3752 et
2414 3699 2615 3752 arbitrii
2658 3699 2908 3754 libertati.
2940 3697 3112 3755 Scivit
3151 3702 3294 3756 enim
3351 3703 3492 3757 Deus

1912 3767 2037 3837 quid
2079 3767 2314 3822 facturus
2363 3777 2504 3823 esset
2533 3769 2620 3837 qui
2652 3773 2885 3837 peccavit
2913 3789 2925 3824 :
2957 3770 3052 3825 sed
3083 3787 3186 3825 non
3217 3771 3482 3826 ordinavit

1915 3847 2207 3906 peccatum,
2239 3840 2326 3908 qui
2353 3839 2561 3910 nullum
2581 3841 2829 3909 relinquit
2852 3842 3184 3910 impunitum.
3218 3842 3494 3896 Ordiuarit

1912 3924 2124 3982 poenam
2155 3911 2453 3982 amantibus
2481 3909 2716 3982 culpam.
2744 3912 2879 3982 Ignis
2904 3909 3044 3965 enim
3074 3925 3206 3980 opus
3229 3921 3312 3966 est
3329 3913 3493 3982 justi-

1915 3979 2595 4052 tite,nonanisericordite,
2625 3990 2680 4034 ut
2707 3979 2934 4036 habeant
2964 3979 3344 4036 unde’dnleant'
3358 4024 3373 4047 .
3401 3983 3492 4052 qui

1911 4050 2143 4120 gaudere
2161 4049 2184 4082 ³
2207 4065 2312 4123 non
2333 4058 2530 4104 amant.
2556 4051 2668 4123 Non
2697 4053 2959 4107 ordinavit
2988 4067 3229 4121 peccare,
3255 4053 3343 4122 qui
3373 4049 3497 4123 νέες

1912 4130 2086 4175 catum
2130 4121 2296 4193 voluit
2337 4136 2526 4176 curare
2551 4122 2604 4186 ⁶;
2645 4123 2737 4176 sed
2776 4124 3015 4192 permisit
3059 4121 3322 4188 libertati,
3353 4121 3494 4193 quod

1913 4201 2161 4262 peccator
2188 4191 2403 4266 donavit
2432 4195 2755 4266 necessitati.
2780 4191 2838 4249 Si
2867 4196 3008 4266 enim
3039 4211 3142 4248 non
3167 4204 3349 4266 p-vsset
3375 4191 3498 4264 pec-

1913 4277 2068 4327 care,
2099 4263 2238 4316 uude
2274 4262 2616 4332 deberet‘qui
2650 4273 2790 4317 totus
2819 4276 2900 4319 est
2923 4265 3123 4332 justitia
3163 4262 3285 4320 eum
3319 4262 3498 4320 remu-

1914 4333 2140 4389 nerare?
2166 4335 2288 4389 Ideo
2308 4335 2447 4388 enim
2478 4350 2580 4387 non
2606 4336 2898 4406 sanctiﬁcat
2917 4337 3162 4391 animalia
3184 4344 3350 4400 muta,
3374 4336 3500 4406 quia

1915 4406 2304 4478 nullaipossunt
2330 4406 2666 4478 committere
2689 4405 2931 4478 crimina.
2963 4408 3145 4477 Angeli
3173 4405 3501 4478 quoquequi

1916 4477 2293 4545 perstiterunt,
2335 4476 2377 4530 si
2409 4477 2558 4530 liberi
2589 4492 2692 4530 non
2718 4474 2976 4542 fuissent,
3011 4474 3150 4533 unde
3175 4474 3501 4532 coronaren-

1917 4547 2038 4600 tur?
2077 4545 2370 4618 Potuerunt
2398 4549 2538 4601 enim
2569 4561 2823 4618 peccare,
2855 4564 3081 4618 quorum
3119 4549 3321 4602 similes
3359 4551 3502 4602 ceci-

1917 4618 2128 4672 derunt.
2153 4617 2295 4671 Licet
2319 4619 2735 4673 misericmditer
2754 4617 2943 4675 cuncta
2964 4629 3167 4674 crearet
3186 4618 3228 4681 ⁵,
3242 4618 3502 4688 justitiam

1919 4698 2094 4742 tamen
2128 4688 2178 4742 in
2220 4688 2579 4743 misericordia
2617 4689 2706 4758 qui
2731 4689 2906 4757 justus
2936 4701 3016 4745 est
3045 4689 3312 4746 custodire
3341 4705 3505 4756 oper.

1920 4760 2036 4812 luit.
2070 4759 2172 4830 Sed
2201 4759 2327 4812 dicit
2354 4761 2440 4829 qui
2469 4775 2574 4812 non
2599 4761 2762 4814 sentit
2783 4763 2989 4830 culpam
3019 4775 3190 4822 suam,
3218 4758 3356 4830 Nihil
3381 4759 3505 4830 boui

1919 4844 2134 4898 possum
2160 4829 2376 4901 habere,
2402 4831 2500 4884 nisi
2527 4831 2815 4898 inspirante
2839 4829 3039 4901 gratia;
3071 4831 3200 4886 nihil
3224 4829 3368 4884 enim
3389 4829 3506 4885 sine

1920 4916 1980 4954 ea
2024 4916 2234 4970 possum
2269 4900 2462 4971 facere.
2493 4901 2548 4954 Si
2577 4901 2691 4969 ipse
2721 4900 2898 4971 itaque
2934 4917 3018 4956 me
3058 4917 3164 4956 non
3202 4908 3503 4971 conservat,

1921 4969 2136 5042 ego’qtti
2164 4987 2228 5025 ex
2258 4987 2341 5025 tne
2369 4969 2498 5026 nihil
2525 4986 2765 5041 possum,
2791 4969 2948 5041 quam
2975 4971 3148 5026 habeo
3172 4969 3422 5042 culpam?
3448 4969 3507 5042 Si

1923 5041 2020 5112 ego
2049 5043 2164 5096 sine
2190 5057 2254 5095 eo
2287 5057 2494 5110 possem
2525 5042 2692 5097 vitare
2721 5043 2923 5096 crimen
2943 5084 2958 5108 ,
2991 5057 3078 5097 me
3112 5041 3365 5112 sentirem
3390 5041 3506 5095 cul-

1923 5111 2170 5181 pabilem.
2215 5112 2433 5177 Adhuc,
2473 5113 2661 5166 Omnia
2687 5127 3036 5183 quagcumque
3061 5112 3233 5183 voluit
3255 5111 3510 5166 Dominus

1925 5183 2051 5236 fecit
2075 5183 2126 5236 in
2153 5183 2289 5238 caelo
2315 5195 2366 5236 et
2395 5183 2446 5236 in
2475 5192 2613 5236 terra
2642 5202 2654 5234 :
2682 5181 2807 5252 quid
2830 5181 3004 5252 itaque
3029 5183 3198 5251 culpce
3223 5181 3507 5252 inimeest.

1927 5254 1969 5308 si
1993 5270 2095 5307 non
2118 5256 2228 5307 vult
2253 5253 2490 5307 salvare?
2520 5251 2760 5317 Multum,
2791 5251 3021 5324 inquam.
3042 5253 3188 5307 Licet
3213 5251 3354 5307 enim
3376 5251 3512 5324 nihil

1929 5325 2177 5393 censequi
2212 5324 2381 5391 possis
2418 5324 2534 5377 sine
2564 5323 2926 5377 misericordia
2958 5323 3044 5377 illa
3071 5338 3228 5393 quam
3261 5323 3510 5389 repellis;

1931 5405 2079 5463 putus
2127 5405 2300 5449 tamen
2347 5395 2512 5448 libere
2542 5405 2721 5448 tenere
2749 5395 2970 5464 gratiam
2990 5435 3006 5460 ,
3035 5408 3190 5464 quam
3233 5394 3515 5448 retinendo

1934 5477 2111 5535 potes,
2143 5466 2187 5521 si
2235 5476 2408 5519 tamen
2449 5465 2683 5534 placeat,
2714 5465 2918 5520 evitare
2946 5466 3174 5536 culpam.
3206 5465 3348 5520 Deus
3372 5465 3514 5518 enim

1995 5587 2014 5649 ξ
2038 5589 2167 5648 Mss,
2191 5593 2335 5646 quam
2355 5593 2442 5649 per
2476 5580 2655 5649 [mura
2677 5581 2840 5649 datam
2862 5587 3026 5649 putant
3041 5577 3269 5649 initmire.
3307 5639 3318 5649 .
3486 5635 3498 5648 ο

1997 5647 2018 5677 ³
2044 5642 2126 5694 Ms.
2155 5642 2609 5708 'AugustineuSium,
2651 5642 2945 5707 mentientes.
2989 5643 3254 5704 Gratianus,
3300 5642 3514 5704 impaeni-

1935 5713 2099 5757 tentes.

2001 5773 2022 5804 ³
2046 5775 2205 5827 Forte,
2231 5780 2374 5817 nunc.

1999 5833 2022 5864 ι
2045 5839 2127 5881 Ms.
2153 5826 2758 5892 Augustinensiummoiuit
2787 5839 2975 5878 creare.

2002 5895 2024 5926 ⁵
2047 5892 2190 5954 Alias,
2215 5891 2462 5942 creaverit.
