2008 3253
255 221 905 234 —-————————_-—-————

748 243 1378 315 PSALTERIUM‘”

287 334 401 361 Domine
423 333 494 360 Dens
518 332 705 366 omnipotens,
721 332 776 359 Rex
791 332 800 348 ί
821 335 928 359 eterna:
941 332 1043 367 gloriae,

249 370 295 404 qui
309 377 370 397 cum
385 367 524 403 cognoscis
537 367 642 404 beatum
657 374 718 395 esse
732 367 828 399 virum,
843 367 888 401 qui
902 367 974 404 viam,
984 374 1045 401 pec-

252 402 370 432 catorum
384 402 526 438 spernens,
543 402 628 437 legem
644 407 836 437 praeceptorum
852 406 957 438 tuorum
967 403 976 417 '
988 409 1044 429 nie-

251 440 352 467 ditiitur
366 437 410 467 die
422 447 454 466 ac
469 443 563 470 nocte;
586 438 652 465 doce
667 445 710 464 me
725 442 891 472 peccatorem
915 437 960 464 tibi
982 445 1043 464 cum

249 479 309 503 toto
337 474 419 502 corde
444 479 471 502 et
496 474 592 501 timore
618 477 645 500 et
670 478 786 500 tremore
803 472 915 500 fideliter
929 472 1042 505 servire,

251 515 281 538 et
303 518 394 539 vocem
418 517 506 537 meam
527 513 552 536 te
577 508 712 535 humiliter
736 509 902 535 invocantem
922 507 1042 535 exaudi:

250 546 329 573 ct'ita
343 544 552 573 clementissime
566 544 673 571 auribus
688 544 794 578 percipe
807 544 885 571 verba
901 551 977 575 mea;
992 547 1020 569 iit
1033 542 1043 558 ⁸

253 581 452 616 délinqnentem
473 579 499 616 in
528 579 566 616 ira
594 578 691 616 furoris
717 579 753 605 tui
777 586 899 616 iionAmAe
926 578 1043 616 derelin-

253 613 381 651 quasfne
401 615 509 650 quando
532 615 578 642 ille
597 614 728 651 insidians
746 613 945 649 antiquissimus
960 613 1044 651 hostis

254 648 340 686 rapiat
353 656 382 678 ιιι
394 648 437 678 leo
451 650 566 686 animam
591 657 689 686 meam,
713 649 774 686 dum
789 648 846 686 non
862 654 905 686 est
924 648 968 683 qui
984 649 1044 686 red-

255 684 320 714 iniat
332 694 418 722 neque
429 685 477 722 qui
489 686 591 722 salvum
607 685 694 722 faciat.
710 684 763 722 sed
777 690 814 717 tu,
831 684 951 722 Domine,
967 684 1043 718 cujus

254 729 352 749 nomen
365 720 521 749 admirabile
534 721 612 748 estin
623 720 692 748 coelo
702 724 729 747 ct
739 720 764 747 in
780 725 859 749 terra.
872 720 907 746 ita
918 724 1044 746 converte

254 757 391 784 inimicum
406 764 494 784 meum
508 760 664 788 retrorsum,
680 760 708 782 ut
722 755 869 782 intirmetur
883 759 910 783 et
925 759 1015 790 pereat
1029 762 1044 781 a

254 793 322 820 facie
332 796 391 819 tua:
405 800 438 819 ne
451 799 565 826 unquam
577 791 681 818 irretire
691 790 778 818 valeat
789 790 890 825 laqueis
898 790 982 824 igneis
989 789 1046 826 ani-

255 833 325 855 mam
336 835 433 859 meam,
446 825 532 861 neque
540 826 653 860 sulphur
662 831 686 853 et
698 826 806 860 spiritus
816 826 991 860 procellarum
1003 825 1046 861 ob-

255 863 387 898 glomcret
401 870 454 890 me.
475 860 526 889 Sed
540 861 665 896 proptcr‘
678 861 765 895 inopis
779 862 913 898 miseriam
925 865 952 887 et
962 860 1046 898 gemi-

255 896 311 939 gum
326 899 449 939 pauperis
464 904 702 939 niiiic__cxsiirgens
723 897 826 932 respice
845 900 871 923 et
881 896 977 936 exaudi
992 903 1044 939 me,

256 930 453 968 Domine,‘quia
467 933 608 959 consilium
633 930 719 967 inopis
740 930 775 959 et‘
786 939 847 966 spes
863 931 921 965 ejus
940 939 979 968 es:
994 930 1047 968 Fac

255 977 310 1002 me,
326 966 409 1001 Deus,
424 968 458 995 ita
479 968 580 1002 ingredi
594 968 651 994 sine
665 966 777 1000 macula,
799 971 827 994 et
845 967 948 1001 operari
970 966 1045 1000 justi-

255 1001 330 1035 tiam,
346 1009 374 1030 ιιι
393 1004 476 1039 gratia
491 1001 681 1039 misericordiae
695 1007 752 1039 tum?
760 1004 794 1029 sit
807 1010 867 1039 pars
885 1001 1047 1039 limreditatis

256 1047 333 1066 mete.
345 1037 454 1067 Custodi
465 1046 508 1066 me
520 1043 547 1065 ut
556 1038 683 1073 pupillam
695 1038 775 1070 oculi,
788 1043 815 1064 ct
826 1038 876 1064 sub
887 1037 979 1064 umbra
991 1037 1046 1063 ala-

255 1082 314 1101 rum
327 1079 429 1101 tuaruni
441 1079 551 1108 protegi:
562 1081 605 1100 me
615 1082 621 1099 :
631 1074 690 1107 quia
703 1079 730 1100 ιιι
741 1081 769 1100 es
780 1074 863 1100 virtus
875 1080 943 1103 inea,
957 1073 1045 1099 firma-

256 1114 375 1137 mentum
393 1114 518 1137 meamet
528 1109 657 1143 refugium
674 1109 789 1136 meum“.
800 1109 840 1135 Ab
857 1108 965 1134 occultis
981 1108 1047 1135 meis

255 1145 352 1172 munda
367 1153 420 1178 me,
438 1144 557 1176 Domine,
576 1150 602 1171 et
622 1144 656 1171 ab
676 1144 769 1171 alienis
789 1151 868 1178 parce
891 1151 968 1170 servo
990 1148 1045 1170 tuo.

256 1180 330 1208 Mitte
343 1180 407 1207 mihi
420 1180 547 1207 auxilium
557 1180 567 1195 ⁸
580 1179 614 1206 de
628 1184 730 1211 sancto,
743 1184 769 1206 et
781 1178 942 1206 desiderium
953 1179 1048 1205 animai

255 1223 323 1243 mea:
338 1215 424 1243 tn'biic
437 1214 511 1242 inihi.
533 1215 626 1242 Libera
642 1222 684 1242 me
697 1215 731 1242 de
745 1222 792 1241 ore
806 1214 908 1246 leonis,
923 1218 949 1240 et
964 1214 1048 1241 deduc

255 1258 300 1278 me
313 1259 360 1285 per
373 1250 482 1278 semitas
494 1250 605 1285 justitiic
620 1255 671 1277 tum
684 1258 690 1277 :
704 1254 732 1277 ut
747 1250 845 1284 possim
861 1249 1006 1276 ascendere
1022 1250 1047 1276 in

255 1290 373 1313 montem
386 1291 507 1313 sanctum
520 1290 595 1312 tuum
605 1305 612 1317 ,
628 1289 656 1312 et
670 1289 740 1312 stare
756 1286 782 1312 in
801 1285 860 1311 loco
875 1289 968 1312 sancto
983 1289 1027 1311 tuo
1040 1305 1046 1316 ,

255 1321 384 1348 innocens
394 1321 517 1348 manibus
531 1327 558 1348 et
572 1320 672 1348 mundo
686 1321 776 1347 corde.
788 1320 889 1357 Delicta
899 1320 1049 1357 jtivciitiitis

255 1364 322 1383 metu
332 1377 339 1389 ,
356 1362 383 1384 et
404 1356 565 1391 ignorantias
580 1363 654 1383 meas
669 1363 703 1383 ne
718 1355 881 1383 memineris.
899 1355 937 1382 Ne
954 1355 1049 1389 perdas

254 1399 315 1419 eum
330 1391 417 1427 impiis
427 1392 542 1418 animum
557 1399 654 1427 meam.
664 1396 691 1418 et
704 1399 738 1418 ne
750 1391 838 1427 tradas
852 1398 896 1427 me
908 1392 932 1417 iii
946 1391 1048 1418 animas

254 1426 471 1462 persequentium
490 1434 533 1454 me
549 1434 556 1453 :
573 1426 620 1453 sed
642 1427 677 1454 ita
692 1426 786 1453 exaudi
802 1426 932 1462 propitius
956 1434 1048 1453 vocem

255 1461 452 1497 deprecationis
466 1468 542 1494 mete,
554 1467 583 1489 ut
595 1462 762 1489 invocantem
776 1461 887 1496 gloriam
901 1462 985 1488 sancti
1002 1469 1050 1488 no-

254 1496 336 1524 minis
350 1498 387 1525 tui
403 1497 495 1525 audias
508 1498 663 1529 clementer,
680 1501 708 1524 et
722 1496 874 1524 miserearis
889 1497 951 1529 mei,
967 1500 995 1524 et
1010 1497 1050 1523 in-

255 1532 335 1560 tende
349 1532 425 1566 milii,
442 1533 563 1564 Domine,
578 1537 608 1559 ut
622 1539 734 1567 sperans
749 1532 774 1559 in
791 1537 817 1558 te
836 1539 888 1558 non
900 1531 1050 1559 eonfundar

255 1568 282 1595 in
293 1572 423 1595 aeternum
434 1575 440 1594 :
451 1567 498 1595 sed
508 1567 630 1595 remitte"
642 1567 705 1594 mihi
717 1567 878 1602 impietatem
889 1567 977 1594 cordis
986 1568 1048 1594 mci.

256 1603 315 1630 Fiat
328 1603 509 1631 misericordia
525 1607 568 1630 tua
578 1623 585 1635 ,
603 1602 714 1630 Domine
724 1623 731 1635 ,
746 1610 827 1636 super
842 1609 902 1634 me,
919 1602 1050 1637 quemad-

256 1638 364 1665 modum
373 1646 454 1672 spero
467 1638 492 1664 in
508 1642 534 1665 te
544 1648 550 1664 :
559 1642 587 1665 et
599 1646 631 1665 ex
642 1638 765 1665 omnibus
779 1637 907 1672 angustiis
923 1638 989 1665 meis
999 1638 1050 1665 eri-

256 1673 332 1708 piens
347 1681 407 1704 me,
423 1673 466 1700 die
486 1673 581 1700 animae
596 1681 678 1705 metu,
702 1673 780 1700 Salus
801 1677 845 1700 tua
866 1680 916 1708 ego
930 1681 998 1700 sum.
1016 1672 1051 1701 Et

252 1709 319 1743 quia
332 1709 358 1736 in
371 1708 536 1743 proiectione
548 1708 649 1736 alarum
665 1713 769 1735 tuarum
782 1716 871 1743 spero,
882 1709 915 1735 da
930 1709 993 1735 milii
1006 1716 1051 1742 pe-

253 1744 378 1771 titionem
394 1743 483 1771 cordis
495 1744 557 1777 mei,
570 1748 597 1771 et
611 1743 719 1771 intende
734 1744 760 1770 in
774 1743 934 1778 adjiitorium
949 1751 1048 1777 meum,

252 1779 370 1807 Domine
381 1779 452 1807 Deus
465 1779 557 1806 salutis
570 1787 647 1806 mem.
659 1779 755 1806 Notum
770 1779 810 1806 fac
823 1779 886 1806 mihi
898 1800 903 1810 ,
920 1779 1030 1806 Domine
1041 1800 1049 1811 ,

251 1815 336 1842 ﬁnem
351 1822 452 1848 meum,
464 1818 491 1842 et
505 1823 643 1842 numerum
656 1814 759 1841 dierttm
774 1822 893 1841 meorum
906 1823 912 1841 :
925 1818 954 1841 ut
968 1815 1049 1841 sciam

250 1850 319 1885 quid
341 1850 411 1878 desit
425 1849 501 1877 mihi.
516 1850 617 1877 Exaudi
633 1850 762 1884 propitius
776 1857 869 1877 vocem
884 1850 1051 1884 deprecatio-

250 1886 298 1912 ~nisi
313 1894 390 1919 meai,
405 1890 432 1913 et
445 1885 511 1912 edite
525 1893 566 1912 me
580 1885 612 1912 de
626 1885 684 1912 lacu
699 1885 824 1916 miserim,
839 1890 865 1911 et
878 1885 911 1912 de
926 1885 980 1912 luto
1002 1885 1051 1912 fte-

255 1921 304 1948 cis.
319 1921 411 1949 Statue
424 1929 505 1955 supra
520 1926 621 1955 petram
635 1920 715 1955 pedes
730 1928 814 1952 meos,
830 1925 857 1947 et
871 1920 955 1955 dirige
969 1921 994 1947 in
1006 1928 1050 1948 se-

252 1957 347 1984 mitam
361 1961 461 1984 rectam
483 1964 591 1992 gressus
604 1964 689 1983 meos.
706 1956 732 1983 In
749 1956 791 1982 die
805 1955 1049 1992 malarliberamc,

252 1992 380 2024 Domine,
397 1997 426 2019 ut
440 1991 573 2027 ingrediar
587 1992 612 2018 in
629 1992 716 2019 locum
733 1991 894 2027 tabernaculi
909 1991 1052 2027 admirabi-

258 2027 290 2054 lis
300 2028 395 2054 domus
409 2027 541 2062 Dei;quia
555 2031 583 2054 tu
595 2034 625 2054 es
637 2027 706 2054 Deus
719 2034 794 2054 incus
809 2031 834 2053 et
845 2026 970 2062 fortitudo
981 2034 1050 2062 mea.

257 2062 295 2090 Ne
308 2062 426 2090 declines
440 2061 546 2096 greSsus
560 2070 635 2089 meos
648 2070 663 2088 a
678 2062 719 2088 via
741 2067 784 2089 tua
796 2062 807 2078 ⁸
823 2070 829 2088 :
847 2066 875 2088 ut
887 2061 993 2096 diligam
1006 2061 1051 2096 jn-

257 2098 368 2132 stitiam,
383 2102 411 2125 et
424 2096 512 2124 odiam
526 2097 703 2132 iniquitatem.
725 2098 787 2124 Esto
801 2097 864 2124 milii
879 2096 1008 2131 refugium
1024 2101 1053 2124 et

258 2132 342 2168 virtus
351 2153 358 2164 ,
374 2133 435 2168 quia
448 2137 477 2160 tu
488 2139 518 2159 es
531 2139 577 2160 rex
591 2139 714 2168 magnus
724 2140 804 2166 super
817 2139 924 2159 omnem
941 2136 1050 2159 terram.

257 2167 309 2201 Qui
323 2167 393 2202 regis
408 2174 502 2195 omnes
516 2168 542 2195 in
560 2168 672 2199 saecula,
688 2167 772 2194 libera
788 2167 903 2194 animam
917 2175 1002 2194 meam
1017 2168 1051 2196 de

259 2211 340 2230 manu
353 2203 446 2234 inferi,
461 2210 522 2230 eum
535 2203 669 2236 acceperit
689 2210 741 2229 me.
758 2202 798 2229 Tu
818 2206 906 2229 autem
919 2210 981 2229 cum
996 2211 1052 2229 ma-

259 2238 371 2265 nifestus
385 2238 467 2265 fueris
480 2238 512 2265 ad
528 2237 700 2272 iudicandum
714 2245 762 2264 nos
772 2258 779 2270 ,
797 2237 926 2264 miserere
941 2239 992 2264 mei
1008 2246 1052 2265 se-

258 2274 374 2301 cundum
396 2281 519 2308 magnam
540 2272 750 2308 misericordiam
762 2277 835 2299 tuani
854 2281 860 2299 :
876 2278 903 2300 et
923 2273 1051 2307 Spiritum

258 2313 380 2336 sanctum
395 2307 467 2335 tuum
482 2316 516 2335 ne
527 2307 633 2335 auferas
648 2316 662 2334 a
678 2316 729 2335 me.
746 2308 852 2339 Averte,
867 2308 986 2342 piissime
1000 2308 1052 2335 Ι)οη

259 2345 347 2377 mine,
362 2345 389 2371 in
410 2343 474 2371 hora
495 2344 538 2371 illa
554 2342 649 2371 faciem
671 2348 742 2370 tuani
758 2351 772 2370 a
790 2344 905 2378 peccatis
927 2344 1011 2376 meis,
1027 2349 1051 2371 et

258 2387 352 2408 omnes
367 2379 514 2413 iniquitates
526 2386 599 2406 meas
609 2378 678 2407 dele.
687 2378 740 2406 Cor
751 2378 878 2406 mundum
889 2386 950 2406 crea
963 2379 988 2406 in
996 2387 1050 2412 me,

259 2416 347 2448 Deus,
362 2420 389 2442 et
401 2415 523 2449 spiritum
539 2419 641 2442 rectum
655 2414 750 2441 innova
767 2414 793 2441 in
807 2414 954 2442 visceribus
966 2415 1032 2441 meis
1045 2424 1051 2441 :

259 2452 364 2478 utsicut
378 2451 446 2477 oliva
455 2450 590 2478 fructifera
604 2450 628 2477 in
640 2450 761 2484 paradiso
771 2449 818 2476 Dei
833 2450 884 2476 mei
893 2450 981 2477 oleum
992 2457 1054 2476 san-

258 2487 358 2514 ctilalis
378 2486 511 2520 accipiar.
528 2490 555 2513 et
575 2485 610 2512 ibi
625 2486 755 2512 exsultem
767 2486 777 2501 '
790 2492 850 2511 cum
863 2485 963 2517 Jacob,
979 2489 1007 2512 et
1027 2485 1053 2512 in

260 2527 390 2549 aeternum
408 2525 482 2549 Iit-ter
493 2529 554 2548 cum
570 2520 660 2548 Israel.
677 2521 753 2548 Salva
768 2528 810 2546 me
826 2520 852 2547 in
867 2525 912 2547 tuo
926 2521 1034 2548 nomine
1046 2541 1052 2551 ,

260 2563 356 2586 tuaque
363 2555 462 2589 virtute
472 2555 553 2584 libera
565 2563 618 2584 me.
627 2555 666 2584 Ne
673 2555 829 2591 despexeris
839 2555 1053 2590 deprecationem

259 2599 358 2626 meam,
372 2591 418 2619 sed
431 2592 559 2619 miserere
573 2591 634 2619 mei.
649 2590 766 2619 Mittede
779 2590 858 2624 coelo,
867 2595 894 2618 et
907 2591 988 2618 libera
1000 2599 1053 2624 me,

290 2637 296 2652 '
310 2635 457 2666 Mutegtus,
472 2638 535 2660 Deus
547 2637 625 2664 Pater,
640 2638 697 2659 "ex.

285 2666 295 2697 ξ
310 2667 394 2697 Abest,
405 2669 510 2697 tuorum.
522 2672 536 2697 a
546 2666 619 2697 Hegio
628 2669 669 2690 iis.

287 2695 484 2752 ’mliwhic
492 2696 574 2726 addit,
584 2694 661 2726 dum;
681 2700 707 2721 et
725 2702 780 2720 mox
793 2695 877 2726 habet,
897 2694 1054 2727 derelimnds,

258 2726 457 2757 nequmdoiue.

291 2759 301 2773 δ
313 2757 358 2789 11s.
369 2760 428 2789 Reg.
438 2757 537 2788 omittit,
547 2760 655 2789 propter.

258 2804 260 2806 -
281 2789 301 2823 .f
310 2787 499 2814 Ethacomluit
507 2787 573 2813 idem
580 2787 669 2819 codex,
682 2794 782 2819 nempe,
792 2787 849 2820 qia‘a
859 2790 885 2812 tu
987 2788 1056 2816 refu-

260 2824 332 2850 gium
341 2824 433 2844 meum.

293 2849 303 2865 ⁶
315 2848 386 2878 alios,
398 2847 521 2880 irrigatum.
554 2876 556 2880 _

292 2880 302 2896 ἰ
313 2883 354 2905 iis.
365 2877 440 2911 iii-.3;
445 2882 540 2911 auerte;
551 2877 649 2910 omisso,
658 2877 727 2905 iiii/ii.

293 2912 304 2926 *
315 2915 354 2936 iis.
367 2910 447 2940 tilem.
457 2910 514 2935 υήιιι.

292 2942 303 2958 ⁸
312 2945 352 2966 Ms.
365 2941 429 2966 idem
437 2958 444 2971 ,
458 2939 576 2973 adpiam
584 2939 686 2972 qualiter
696 2940 822 2966 exsultent.

906 214 1368 227 ____________.

1380 215 1894 234 ...η-Ἣῆ

1100 336 1128 359 et
1144 331 1181 358 da
1192 331 1218 358 in
1233 332 1406 367 opprobrium
1420 331 1608 360 conculcantes
1620 339 1664 360 me
1678 339 1688 359 :
1701 330 1894 362 conuela-

1099 371 1139 403 ξοδ
1152 373 1243 394 eorum
1258 367 1284 394 in
1293 375 1340 395 ore
1352 368 1481 403 ipsorum,
1490 371 1516 394 et
1529 367 1666 403 confringe
1672 367 1761 396 molas
1770 368 1891 397 lentim.

1098 401 1259 437 Deusrmeus
1272 410 1301 430 es
1316 407 1344 430 tu
1357 401 1385 430 et
1397 403 1577 431 misericordia
1592 401 1650 430 mea
1660 410 1669 435 ;

1099 437 1153 463 ciat
1165 436 1273 464 dextera
1288 442 1340 469 tua,
1353 443 1380 465 et
1393 442 1517 473 protegar
1527 445 1542 465 a
1553 438 1704 465 velamento
1714 437 1822 467 alarm
1830 436 1893 467 ih-

1096 479 1155 498 ruin
1165 491 1173 503 ,
1190 479 1251 509 eum
1268 473 1414 509 reddideris
1429 473 1541 508 singulis
1557 473 1704 500 secundum
1719 474 1802 509 operi
1814 473 1894 509 ψο-

1096 514 1168 534 rum.
1196 506 1263 544 Duin
1276 508 1330 535 sitit
1343 509 1369 535 in
1384 513 1409 536 te
1421 509 1436 544 ιν
1445 506 1532 544 anima
1546 515 1614 540 mea,
1626 506 1892 544 protegente.“

1096 547 1176 569 veiitu
1191 542 1399 577 malignantium.
1421 543 1488 570 Cum
1501 543 1534 570 ad
1548 547 1574 570 te
1589 542 1677 571 omnis
1688 542 1753 572 caro
1764 544 1891 579 venui.

1097 584 1150 604 non
1172 585 1297 605 amoveas
1311 585 1326 605 a
1341 586 1382 605 me
1397 579 1606 615 misericordiam
1620 583 1711 615 tuam,
1723 583 1753 615 et
1764 579 1892 615 milia

1097 617 1217 640 sanctum
1228 617 1302 640 tuum
1314 621 1348 641 ne
1359 614 1464 641 auferas
1478 621 1492 640 a
1508 621 1552 641 me
1561 614 1590 644 ’ς
1605 613 1654 642 sed
1664 613 1892 644 illuminand-

1097 652 1169 684 tuam
1183 655 1265 682 super
1276 656 1328 676 me.
1341 649 1501 684 Prosperum
1514 648 1565 676 iter
1576 649 1617 676 fac
1629 649 1896 683 mihi,»Deuull.-

1096 682 1134 723 ris
1147 691 1222 710 meus
1234 693 1239 710 :
1251 688 1278 710 ut
1291 691 1342 711 non
1351 682 1494 712 absorbeat
1502 692 1547 716 me
1559 684 1892 723 ιιι-ίιῐιιιιιιιιιιι,πορίζει*Δ

1097 718 1149 745 riat
1168 726 1249 753 super
1261 727 1304 746 me
1324 724 1420 754 puteus
1433 727 1465 747 os
1484 718 1571 747 suum.
1594 719 1708 754 Adjutor
1720 723 1751 748 et
1763 718 1894 753 lim

1097 761 1178 793 meus
1184 758 1251 793 esto,
1262 754 1383 787 Domine,
1394 762 1427 783 ne
1436 755 1600 793 tardaveris.
1609 755 1740 789 Quoniam
1743 755 1781 793 jn
1793 758 1895 793 talp-

1098 795 1146 821 ro,
1162 789 1291 828 Domine,
1314 797 1366 817 non
1381 791 1529 828 confundar
1543 791 1568 828 in
1584 794 1725 828 internum.
1737 790 1807 819 ο
1816 789 1892 828 Μ

1099 824 1201 862 eaveris
1211 825 1336 859 populum
1346 830 1430 857 tuum,
1443 830 1470 862 et
1483 826 1508 852 lii
1523 826 1610 862 quise
1623 826 1750 862 elongaiit
1760 833 1778 854 ι
1791 824 1870 862 πέμ

1098 858 1191 897 ibunt,
1207 858 1251 887 ne
1267 867 1370 897 arertar
1383 868 1439 897 egor
1448 858 1555 897 humilis
1569 860 1655 889 factus
1664 858 1862 897 confusnum

1098 895 1168 921 niam
1179 894 1266 929 justus
1276 896 1358 928 judex
1372 894 1418 929 esi,
1435 896 1559 924 liumilias
1572 901 1597 924 et
1612 896 1731 929 exalus,
1747 894 1866 929 nimii

1098 929 1192 963 ribilis,
1203 935 1229 957 et
1241 931 1300 965 quis
1309 931 1415 958 resistet
1428 932 1474 958 tibi
1489 936 1551 959 tunc
1564 932 1598 959 ab
1610 932 1649 958 ira
1663 931 1772 960 lnaf'l'u
1781 938 1813 960 es

1098 965 1143 999 qui
1160 965 1364 1003 fac_is_mirabilia
1379 974 1473 1002 magna
1487 967 1570 1003 solus.
1583 967 1657 994 Sicut
1676 967 1804 1003 populum
1818 972 1892 1003 tum

1099 1007 1168 1034 pane
1180 1001 1266 1028 aluisti
1283 1002 1308 1029 in
1321 1001 1440 1035 deserto,
1451 1007 1478 1029 et
1489 1002 1624 1030 desiderio
1634 1001 1684 1030 suo
1696 1001 1751 1031 non

1099 1043 1178 1068 eum;
1194 1036 1228 1074 ita
1245 1044 1296 1074 me
1307 1037 1467 1074 esurientem
1483 1038 1567 1072 gratia
1589 1042 1633 1065 tua
1645 1038 1776 1074 reficiat,
1795 1042 1826 1066 et
1837 1038 1893 1074 cito

1100 1072 1243 1109 pneveniat
1262 1072 1443 1109 misericordia
1459 1077 1513 1109 tua.
1529 1074 1561 1101 Et
1574 1077 1601 1100 tu
1614 1073 1679 1101 milii
1693 1072 1783 1108 tutor.
1795 1072 1893 1109 post?“

1099 1105 1275 1144 lacrymarum
1297 1113 1323 1144 et
1336 1108 1539 1144 amaritudinem
1554 1105 1892 1144 compunctionnm'lribue

1100 1141 1127 1167 in
1140 1141 1268 1178 tempore
1282 1143 1461 1171 tribulationis
1478 1153 1486 1171 :
1501 1148 1528 1171 et
1541 1144 1573 1171 da
1588 1141 1622 1172 de
1643 1148 1716 1178 petra
1729 1144 1820 1173 mellis
1831 1144 1892 1173 dial-

1099 1176 1219 1215 cedinem
1236 1178 1339 1213 capiam
1353 1179 1464 1206 interna:
1485 1179 1624 1207 suavitatis
1633 1176 1655 1206 ’ζ
1671 1179 1742 1207 Deus
1761 1180 1808 1215 qui
1822 1180 1893 1209 illa

1097 1212 1184 1250 jitstos
1196 1217 1223 1240 et
1238 1212 1390 1247 peccatores
1403 1219 1498 1242 cuncta
1513 1214 1653 1247 discernis,
1667 1215 1712 1250 qui
1725 1212 1800 1250 solus
1811 1219 1842 1243 es
1854 1215 1894 1243 :i'l-

1100 1248 1219 1285 tissimus
1233 1256 1313 1285 super
1325 1257 1419 1277 omnes
1431 1254 1533 1285 gentes,
1548 1248 1753 1283 miserere'mei,
1766 1255 1794 1278 et
1807 1250 1893 1280 tribu

1100 1283 1164 1310 mihi
1180 1283 1392 1312 benedictionem
1402 1306 1409 1317 ,
1424 1283 1468 1319 qui
1487 1285 1573 1319 legem
1586 1285 1683 1313 dedisti
1698 1292 1706 1312 :
1723 1285 1831 1314 remitte
1843 1285 1893 1315 ini-

1100 1319 1228 1356 quitatem
1242 1319 1330 1356 cordis
1343 1321 1413 1352 mei,
1428 1325 1455 1347 et
1467 1320 1571 1348 dimitte
1587 1320 1676 1348 omnia
1690 1325 1800 1356 peccata
1813 1325 1892 1354 mea:

1100 1359 1127 1381 et
1140 1354 1242 1391 salvum
1259 1355 1299 1391 fac
1311 1363 1416 1382 servum
1437 1360 1509 1383 tuum
1522 1356 1594 1384 Deus
1607 1363 1682 1384 meus
1691 1354 1855 1391 sperantem
1866 1357 1894 1386 in

1101 1394 1136 1427 te.
1148 1390 1270 1427 Deusrqui
1280 1390 1392 1418 fundasti
1403 1391 1548 1419 Eeclesiam
1560 1397 1631 1419 tuam
1640 1391 1686 1419 ‘in
1694 1390 1894 1427 niontibtil‘jﬂil-

1101 1426 1159 1456 ctis,
1175 1426 1270 1453 inclina
1284 1434 1377 1454 aurem
1393 1432 1462 1454 tuam
1475 1427 1508 1454 ad
1522 1434 1626 1462 precem
1638 1434 1737 1455 meam.

1101 1467 1134 1494 go
1149 1466 1192 1487 tua
1204 1462 1268 1488 milii
1282 1462 1423 1489 auxilietiir
1432 1483 1439 1494 ,
1454 1470 1488 1490 ne
1500 1460 1605 1490 avertar
1618 1463 1643 1490 in
1665 1460 1859 1497 bumilita‘lefi

1102 1496 1184 1523 libera
1198 1504 1241 1524 me
1256 1497 1288 1524 de
1303 1497 1398 1532 laqueo
1418 1498 1570 1525 venantium
1580 1518 1588 1529 .
1611 1501 1639 1526 et
1652 1505 1667 1525 a
1682 1499 1824 1532 ruina?”

1102 1531 1192 1570 monio
1204 1523 1413 1570 Ψὲειίιιῑέιίόἷὶιι
1426 1523 1598 1570 guttam}.
1613 1523 1694 1562 iam;
1699 1523 1818 1570 Wf—
1770 1523 1786 1570 '_
1796 1523 1896 1570 ξξῷ

1100 1567 1188 1600 palma
1209 1567 1317 1604 lini-eam
1328 1589 1336 1604 ε
1351 1573 1379 1595 et
1392 1564 1457 1596 sicut
1473 1568 1569 1596 cedrus
1579 1590 1586 1601 ,
1602 1576 1662 1604 quae
1673 1572 1715 1597 est
1732 1568 1761 1596 in

1102 1609 1208 1629 mei-ear
1223 1603 1390 1637 multiplicari
1405 1604 1431 1631 in
1444 1600 1633 1638 longitudinem
1644 1603 1761 1632 dierum.

1102 1636 1131 1664 lii
1145 1637 1274 1670 refugium
1285 1659 1293 1670 ,
1306 1643 1332 1666 et
1351 1639 1478 1666 auxilium
1492 1640 1550 1670 spei
1571 1647 1640 1667 mea:
1650 1660 1658 1670 .
1673 1639 1746 1668 Deus
1762 1635 1866 1670 tibi“;

1100 1636 1131 1664 iii
1145 1637 1274 1672 refugium
1285 1635 1332 1671 ,ἐι
1351 1639 1478 1666 auxilium
1490 1635 1550 1674 spei
1571 1647 1640 1667 mea:
1650 1660 1658 1674 ,
1673 1639 1746 1668 Deus

1100 1680 1149 1700 rex
1161 1681 1272 1704 magnus
1281 1681 1363 1704 super
1372 1682 1478 1702 omnem
1490 1679 1598 1702 terram.
1609 1673 1676 1702 Cum
1686 1674 1776 1704 iudici
1807 1679 1809 1681 ’
1857 1680 1866 1703 t

1100 1680 1149 1711 rex
1161 1671 1363 1711 inagnussuper
1368 1682 1478 1711 omnem
1490 1671 1598 1711 terram.
1609 1671 1676 1711 Cum
1685 1671 1898 1711 judicavit?

1101 1708 1163 1735 beni
1178 1712 1258 1736 terrae
1271 1710 1296 1745 in
1305 1710 1441 1744 mquitate,
1450 1714 1477 1737 ct
1490 1710 1601 1745 populos
1613 1710 1639 1738 in
1647 1708 1830 1745 verilale'ttﬁ,’

1103 1744 1212 1782 perenni
1227 1741 1350 1782 perfruar
1367 1741 1535 1782 cum'just'is,
1549 1749 1576 1773 et
1588 1752 1648 1782 cum
1661 1745 1743 1782 rectis

1103 1779 1159 1806 titia
1175 1788 1184 1806 :
1200 1780 1285 1817 salvet
1305 1787 1348 1817 ine
1360 1779 1477 1817 dexteras
1491 1786 1552 1817 tua,
1575 1785 1602 1809 et
1618 1779 1869 1817 brachian

1104 1819 1188 1841 tutitn.
1203 1815 1253 1848 Qui
1266 1815 1344 1843 sedes
1356 1824 1436 1851 super
1450 1815 1603 1850 Clieriibiin,
1615 1815 1656 1844 fac
1668 1823 1712 1845 me
1723 1815 1900 1851 Mifﬂi-

1103 1854 1255 1888 Spectuiuo
1269 1859 1329 1888 cum
1343 1848 1520 1888 exsultatione
1537 1848 1788 1888 :Viit'perambulein
1798 1849 1812 1868 ⁸
1824 1848 1853 1888 li!

1103 1883 1225 1922 nocentia
1238 1887 1326 1914 cordis
1339 1888 1391 1914 mei
1403 1888 1430 1914 in
1445 1887 1534 1914 medio
1543 1883 1638 1915 dom'us
1652 1894 1730 1915 mete.
1743 1883 1900 1922 Νοιιᾏξῇ-

1103 1925 1161 1948 reat
1172 1921 1236 1949 mibi
1249 1929 1296 1949 cor
1306 1930 1415 1957 pravum
1429 1931 1435 1949 :
1447 1922 1494 1950 sed
1505 1922 1558 1950 sint
1570 1922 1639 1950 oculi
1650 1922 1703 1958 mei
1713 1921 1797 1958 supé
1805 1921 1850 1958 ﬂ

1103 1961 1210 1994 sanctos
1221 1962 1301 1994 tuos,
1316 1962 1345 1985 ut
1359 1957 1467 1994 sedeam
1485 1965 1545 1994 cum
1560 1958 1599 1994 eis
1612 1956 1756 1994 ambulans
1766 1956 1842 1994 pegfi

1105 1991 1312 2026 immaculatam,
1321 2000 1380 2020 cum
1391 1992 1582 2028 disperdideris
1594 2001 1642 2028 per
1653 1990 1869 2029 judiciutiidéﬂ

1104 2031 1159 2064 tate
1175 2032 1217 2055 tua
1233 2035 1326 2064 omnes
1341 2028 1385 2064 qui
1399 2036 1470 2056 nunc
1480 2029 1491 2044 ⁶
1501 2033 1646 2064 operantur
1658 2028 1841 2064 iniquitatem;

1105 2063 1186 2103 mine,
1198 2062 1293 2103 exaudi
1308 2062 1455 2103 orationem
1467 2062 1566 2097 meam,
1581 2068 1610 2092 et
1623 2062 1726 2103 clamor
1737 2064 1829 2103 meus,

1106 2098 1204 2136 veniat.
1218 2098 1275 2136 Non
1286 2103 1391 2136 avertas
1405 2099 1498 2136 faciem
1512 2096 1583 2127 tuam
1594 2107 1610 2127 a
1621 2107 1665 2127 me
1676 2108 1683 2127 :
1695 2099 1722 2136 in
1732 2096 1901 2136 ιιιιξᾳιὲίιῆρο

1104 2133 1148 2160 die
1159 2134 1281 2171 tribulor,
1293 2134 1390 2171 inclina
1400 2135 1434 2162 ad
1445 2142 1488 2171 me
1497 2142 1590 2162 aurem
1601 2139 1683 2163 tuam.
1696 2133 1901 2171 Propitiiuiﬂp

1105 2169 1229 2196 omnibus
1243 2169 1425 2204 iniquitatibus
1439 2170 1516 2202 meis,
1528 2171 1683 2205 redimeque
1696 2169 1731 2199 de
1742 2168 1903 2205 ihlegﬁi'ii-

1105 2209 1271 2243 tam_m_eani.
1283 2205 1354 2232 Satia
1370 2205 1395 2232 in
1412 2206 1488 2243 bonis
1497 2205 1660 2234 desiderium
1674 2213 1775 2243 meum.

1105 2240 1187 2277 spicis
1201 2240 1228 2267 in
1244 2244 1341 2277 terram
1353 2261 1360 2272 ,
1376 2246 1402 2268 et
1417 2240 1482 2268 facis
1496 2248 1555 2268 eam
1571 2245 1703 2277 tremere.
1717 2240 1764 2277 qui

1106 2272 1232 2316 populum
1248 2282 1321 2316 muni
1334 2276 1360 2303 iii
1374 2277 1568 2316 exsultatione,
1584 2281 1615 2316 et:
1629 2272 1734 2316 electos
1744 2276 1775 2304 in

1106 2311 1148 2338 fac
1162 2319 1204 2338 me
1218 2311 1353 2338 custodire
1372 2311 1501 2346 judicium
1515 2316 1542 2339 et
1552 2311 1682 2346 justitiam
1704 2311 1731 2339 in
1743 2311 1902 2346 omnitem-

1106 2354 1171 2381 pore
1188 2355 1195 2373 :
1211 2347 1279 2384 educ
1291 2354 1332 2373 me
1350 2346 1384 2374 de
1398 2347 1515 2384 tenebris
1528 2351 1556 2374 et
1568 2346 1662 2384 umbra
1675 2346 1802 2384 mortis;
1810 2346 1902 2384 ιιιςνι-

1106 2386 1165 2409 rato
1180 2382 1261 2420 corde
1281 2386 1386 2420 cantem
1398 2403 1405 2414 ,
1420 2387 1446 2409 et
1460 2383 1592 2418 psalmum
1604 2381 1690 2420 dicam
1704 2382 1764 2420 tibi.
1777 2381 1902 2420 Facinu-

1106 2425 1166 2445 cum
1185 2417 1291 2458 signum
1306 2417 1444 2458 in_bonu_m
1459 2422 1566 2458 propter
1579 2417 1794 2458 misericordiam
1811 2417 1902 2458 etim?-

1107 2460 1168 2479 mcn
1183 2450 1255 2479 tuum
1273 2460 1280 2479 :
1297 2458 1325 2480 ιιι
1340 2453 1365 2479 in
1378 2450 1564 2487 splendoribus
1577 2451 1776 2487 sanctorum,iii
1789 2450 1902 2482 oonsilio

1105 2487 1236 2522 jnstornni
1250 2492 1277 2515 et
1285 2489 1501 2523 congregatione,
1507 2488 1610 2523 jiistitia
1624 2495 1683 2515 mea
1696 2493 1807 2517 manat
1816 2488 1903 2516 hiis:-

1107 2524 1195 2560 ciilum
1209 2523 1299 2551 szcculi
1309 2543 1317 2556 ,
1331 2528 1360 2560 et
1374 2530 1561 2560 cornurmeiim
1574 2523 1708 2560 exaltetur
1721 2524 1747 2551 in
1870 2523 1902 2552 Ει

1108 2559 1170 2585 dum
1185 2566 1227 2586 me
1239 2559 1362 2596 suscitari
1374 2559 1486 2596 jusseris
1497 2559 1530 2586 de
1543 2564 1613 2596 terra
1627 2559 1744 2596 inopem,
1754 2558 1903 2596 ἀιιΙιι-ςιαι-

1107 2601 1170 2631 core
1178 2595 1297 2631 erc_xeris
1311 2601 1464 2631 pauperem,
1473 2593 1629 2631 beiiedicam
1643 2593 1710 2631 tce:
1719 2593 1904 2631 hocng

1827 1935 1900 2020 Ξ

1099 2630 1134 2666 'iii
1148 2629 1285 2666 smculum,
1296 2634 1322 2656 et
1336 2634 1398 2666 tunc
1412 2629 1530 2664 placeam
1544 2629 1590 2666 tibi
1601 2629 1630 2658 in
1640 2630 1751 2666 regione
1761 2628 1905 2666 ι

1107 2664 1244 2699 disrumpe
1257 2665 1360 2692 vincula
1375 2663 1432 2692 mea
1444 2685 1452 2697 ,
1467 2669 1495 2692 et
1507 2665 1638 2699 confirma
1652 2663 1699 2694 uie
1709 2663 1737 2693 iu
1749 2663 1898 2697 miser-ioue

1107 2700 1151 2727 dia
1165 2704 1219 2727 tua.
1230 2699 1297 2727 Cum
1312 2701 1340 2727 in
1351 2700 1521 2728 tribulatione
1534 2700 1695 2729 invocavero
1706 2704 1754 2735 te,
1768 2700 1884 2738 Domine
1894 2720 1904 2735 ,

1140 2784 1149 2801 ί
1161 2787 1201 2808 Ms.
1215 2784 1311 2817 Regius,
1322 2782 1422 2817 conﬁdit
1433 2783 1457 2809 in
1469 2786 1501 2809 le.
1537 2814 1543 2817 Δ
1552 2814 1559 2817 _
1577 2813 1593 2817 __
1836 2814 1838 2817 ι

1140 2816 1151 2848 ξ
1162 2820 1218 2841 Haec
1228 2813 1347 2848 mitissaiu
1359 2813 1447 2848 eodem
1459 2818 1511 2848 t_ts.,
1521 2813 1904 2848 “delicati-Imm

1140 2847 1151 2878 ἒ
1163 2851 1202 2871 iis.
1213 2847 1309 2878 negius,
1329 2845 1449 2878 accipiant
1459 2844 1524 2871 intra
1536 2851 1575 2871 me
1780 2871 1782 2875 ,

1139 2877 1151 2894 ⁸
1163 2882 1203 2902 Ms.
1214 2875 1279 2901 tdc'ui
1291 2875 1388 2905 o'niiiiti;
1405 2881 1488 2907 uiam;
1500 2881 1525 2902 ct
1534 2883 1601 2907 mox,
1609 2879 1633 2902 et
1643 2875 1747 2902 cndita.

1140 2909 1152 2924 ⁸
1163 2912 1204 2932 .\ts.
1217 2908 1291 2937 idem,
1304 2908 1450 2939 peramth
1465 2907 1546 2933 anima
1556 2914 1620 2933 mea.

1140 2939 1150 2955 ⁶
1161 2940 1242 2968 Abest,
1254 2945 1332 2967 mute,
1344 2946 1357 2963 a
1369 2943 1411 2964 Ms.
1424 2940 1507 2970 ttcgio.

292 2983 330 3020 gn)
343 2985 435 3018 tuante
449 2982 520 3019 editis
527 2985 681 3020 “inscriptum
696 2988 702 3005 :
724 2990 739 3020 it
753 2981 983 3020 _Aurelii_:xiigustin.
1002 2981 1160 3020 ttipporiepsis
1172 2980 1291 3020 episcopi,
1297 2980 1359 3016 quod
1370 2981 1438 3005 matri
1453 2987 1504 3006 sua:
1515 2979 1658 3012 composuit.
1668 2987 1681 3003 ν
1701 2983 1728 3005 At
1738 2980 1765 3006 In
1777 2984 1818 3006 tu.
1831 2979 1904 3013 Regio

262 3011 325 3039 ιδῖὸ
343 3013 378 3039 sic
390 3019 396 3038 :
410 3014 516 3044 cincti-it
527 3011 669 3039 Psalterium
676 3013 843 3042 beatitoatinis
852 3011 918 3044 Pagi;-
930 3013 1003 3045 (forte
1023 3011 1101 3043 XXtt),
1114 3011 1271 3042 factuznapud
1286 3012 1413 3036 ite-nias.-

1663 3250 1672 3252 μ
1720 3249 1737 3252 λ
1794 3250 1807 3253 _
1841 3250 1859 3253 _
