4016 6496
260 459 394 515 1137

256 571 441 628 exaudi
474 585 559 626 me
584 570 635 623 in
664 569 960 626 latitudine.
990 569 1181 640 Legem
1204 585 1341 641 pone
1368 570 1492 624 mihi
1517 612 1531 633 ,
1565 571 1784 625 Domine
1808 612 1823 632 .

257 654 311 696 ut
342 643 517 695 vivam
543 683 554 702 ,
583 648 637 695 et
666 642 779 696 vias
817 641 1037 710 justitize
1067 653 1168 695 tuae
1193 642 1463 709 exquiram
1494 656 1723 709 semper.
1756 642 1832 697 Da

257 713 381 766 mihi
424 712 747 767 intellectum
768 754 783 775 ,
815 722 870 765 ut
898 721 1197 781 perscruter
1225 712 1391 779 legem
1425 721 1563 764 tuam
1587 753 1601 776 ,
1630 720 1684 765 ct
1735 727 1829 765 cn-

256 782 478 836 stodiam
504 783 643 835 illam
664 782 713 835 in
738 792 846 834 toto
870 782 1028 836 corde
1054 798 1191 836 meo.
1220 781 1399 835 Erravi
1422 782 1555 835 sicut
1580 782 1694 835 ovis
1713 797 1831 851 qnte

256 854 503 925 perierat,
538 852 813 920 requirens
838 852 1002 925 libera
1028 853 1256 905 animam
1287 867 1479 925 meam.
1510 850 1726 905 Custodi
1752 853 1831 905 in-

258 922 469 976 troitum
495 938 669 977 meum
697 931 750 976 et
777 922 974 975 exitum
1008 938 1181 976 meum
1203 939 1215 985 ;
1239 932 1293 975 ut
1321 924 1371 974 in
1390 922 1546 975 domo
1576 930 1657 975 tua
1687 932 1831 975 stan-

255 1000 332 1046 tes
352 993 457 1046 sint
476 992 638 1063 pedes
664 993 766 1045 mei
795 993 844 1044 in
867 992 1016 1046 atriis
1031 992 1343 1063 Jerusalem.
1364 992 1441 1046 Ad
1463 1001 1512 1045 te
1537 992 1700 1045 levavi
1719 993 1831 1045 ani-

254 1078 392 1116 mam
422 1062 589 1117 meam
608 1071 662 1116 et
681 1062 863 1116 oculos
880 1078 1047 1126 meos,
1066 1064 1153 1131 qui
1175 1062 1381 1115 habitas
1412 1063 1461 1115 in
1480 1063 1628 1117 caelis
1649 1080 1659 1113 :
1682 1063 1830 1131 eripe

252 1134 482 1187 animam
509 1148 681 1187 meam
712 1132 779 1186 de
809 1132 1099 1201 muscipula
1124 1134 1139 1164 ¹
1173 1133 1497 1197 venantium,
1527 1144 1582 1186 ut
1608 1148 1711 1185 non
1739 1150 1829 1187 cx-

254 1203 465 1257 tendam
496 1202 561 1257 ad
598 1203 929 1271 iniquitatem
955 1218 1141 1256 manus
1170 1218 1334 1257 meas.
1368 1202 1528 1270 Reple
1554 1202 1744 1271 gaudio
1770 1218 1831 1258 os

254 1288 430 1327 meum
450 1315 465 1338 ,
492 1281 546 1327 et
572 1273 799 1339 linguam
831 1288 1002 1326 meam
1028 1273 1395 1327 exsultatione.
1429 1271 1591 1339 Imple
1618 1272 1828 1327 deside-

253 1344 388 1397 rium
420 1359 595 1409 meum
623 1342 690 1397 de
726 1343 868 1397 bono
887 1382 900 1404 ,
941 1351 997 1397 et
1021 1343 1242 1397 benedic
1274 1358 1357 1396 me
1382 1360 1445 1397 ex
1472 1342 1597 1397 Sion
1621 1359 1635 1406 ;
1664 1353 1721 1395 ut
1747 1343 1828 1395 vi-

252 1413 403 1467 deam
433 1415 567 1467 bona
604 1429 722 1476 qum
745 1422 867 1467 sunt
894 1414 945 1465 in
972 1412 1265 1467 Jerusalem
1302 1430 1313 1465 :
1350 1413 1505 1481 longe
1545 1412 1627 1466 fac
1654 1428 1737 1466 me
1761 1413 1830 1465 ab

254 1482 525 1553 iniquitate
544 1485 586 1536 ³.
610 1482 764 1537 Fiant
779 1498 936 1537 aures
963 1492 1064 1553 tua:
1082 1483 1415 1538 intendentes
1443 1486 1490 1536 in
1512 1498 1692 1536 vocem
1712 1498 1831 1536 ora-

252 1552 411 1607 tionis
438 1554 577 1607 servi
605 1554 699 1618 tui,
729 1554 971 1607 Domine.
999 1552 1114 1606 Non
1137 1555 1206 1606 sit
1230 1554 1511 1606 exaltatum
1537 1568 1631 1606 cor
1655 1568 1828 1607 meum

253 1624 302 1675 in
334 1623 605 1693 superbia,
630 1638 804 1689 neque
829 1624 950 1676 elati
982 1623 1089 1676 sint
1114 1623 1253 1677 oculi
1283 1622 1417 1678 mei:
1440 1623 1531 1677 sed
1562 1622 1831 1676 humiliter

250 1695 479 1747 sentiam
500 1736 515 1759 ,
547 1693 716 1747 donec
744 1694 1005 1746 inveniam
1032 1693 1204 1747 locum
1233 1693 1453 1747 Domino
1474 1734 1487 1757 ,
1518 1694 1831 1747 tabernacu-

252 1763 361 1817 lum
386 1765 494 1819 Deo
522 1762 704 1818 Jacob.
734 1762 831 1817 Ubi
862 1763 1122 1817 mandasti
1153 1762 1570 1817 benedictionem
1593 1773 1647 1816 et
1669 1765 1829 1817 vitam

250 1848 418 1904 usque
447 1838 498 1887 in
518 1834 797 1898 stncnlum;
823 1833 894 1886 ibi
921 1834 1170 1904 extollam
1198 1849 1385 1887 manus
1414 1848 1559 1888 meas
1575 1834 1638 1887 ad
1659 1833 1678 1863 ³
1699 1832 1832 1887 San-

249 1903 373 1970 cta,
419 1914 473 1959 et
499 1904 805 1959 benedicam
836 1914 884 1957 te
912 1903 1000 1973 qui
1038 1903 1244 1973 judicas
1283 1904 1533 1974 populum
1564 1913 1708 1958 tuum
1731 1944 1746 1968 ,
1774 1913 1829 1959 et

313 2018 328 2044 ι
358 2022 437 2076 Ms.
465 2012 743 2076 Regius,_de
766 2010 950 2076 laqueo.

311 2075 501 2185 insilias:
525 2073 633 2138 qua
661 2074 779 2124 horta
804 2073 914 2125 sum
946 2073 1234 2136 Jerusalem,
1270 2073 1406 2140 longe
1442 2076 1595 2139 factus
1624 2075 1684 2126 ab
1703 2075 1833 2128 omni

248 2133 567 2256 ωίίἪῗέξῖη
589 2204 676 2258 ;et
697 2210 829 2257 mox,
852 2197 1127 2249 consolaris.

1438 458 1503 514 IN
1540 456 1884 516 CANTICUM
1919 458 2351 518 MAGNIFICAT.

3377 468 3513 524 1138

1935 571 1986 625 in
2016 570 2180 625 servis
2226 572 2327 625 tuis
2353 571 2730 629 eonsolaberis.
2762 574 2900 630 Deus
2925 574 3147 632 deorum
3174 586 3225 632 et
3252 577 3512 633 Dominus

1931 640 2290 703 dominorum,
2317 641 2597 717 deflentem
2630 661 2713 699 me
2740 654 2792 699 ct
2819 646 3125 701 adorantem
3151 648 3218 701 ad
3248 650 3504 717 templum

1939 720 2178 764 sanctum
2208 722 2373 774 tuum,
2402 714 2563 780 proba
2594 730 2698 780 ine,
2726 724 2778 769 ct
2805 718 2938 771 scito
2967 732 3059 771 cor
3085 732 3259 771 meum
3296 737 3309 771 :
3343 714 3510 771 inter-

1938 796 2065 849 roga
2094 796 2178 835 me
2197 822 2211 846 ,
2253 791 2307 835 et
2332 797 2591 852 cognosce
2620 786 2835 839 semitas
2864 802 3039 851 meas,
3070 796 3124 841 et
3148 787 3319 843 deduc
3344 803 3429 842 me
3457 788 3509 842 in

1940 852 2020 905 via
2060 860 2277 904 aeterna.
2306 852 2569 906 Conserva
2595 855 2609 885 ί
2642 870 2727 908 me
2747 897 2761 918 ,
2790 856 3012 910 Domine
3030 896 3046 922 ,
3092 867 3145 911 et
3174 873 3300 912 erue
3327 873 3412 913 me
3441 858 3511 912 de

1939 936 2097 1001 manu
2123 923 2433 1001 peccatoris,
2454 932 2506 975 et
2533 924 2600 1001 ab
2626 925 2871 1001 omnibus
2889 926 3079 1001 iniquis
3105 927 3266 981 libera
3296 943 3399 981 me.
3424 928 3511 981 Di-

1940 993 2137 1066 rigatur
2167 993 2334 1066 oratio
2362 1008 2475 1066 mea
2513 993 2647 1047 sicut
2676 995 2945 1049 incensum
2982 993 3034 1050 in
3062 1006 3347 1066 conspectu
3375 1004 3467 1051 tuo
3490 1038 3506 1061 ,

1940 1060 2182 1115 Domine.
2221 1061 2365 1115 Educ
2391 1063 2457 1117 de
2483 1079 2694 1117 carcere
2736 1066 2965 1118 animam
2994 1081 3164 1119 meam
3184 1060 3207 1130 ,’
3240 1067 3305 1121 ad
3336 1060 3508 1121 conti;

1940 1131 2155 1211 tendum
2186 1132 2382 1211 nomini
2411 1142 2533 1211 tuo,_
2550 1135 2786 1211 Domine.
2817 1134 3016 1189 Exaudi
3048 1151 3131 1189 me
3158 1137 3211 1190 in
3240 1146 3326 1211 tua
3348 1136 3510 1211 justi-

1939 1202 2031 1271 tia,
2052 1209 2106 1255 et
2132 1217 2233 1255 non
2262 1202 2493 1256 intrcsin
2516 1203 2772 1271 judicium
2803 1220 2920 1258 cum
2950 1220 3105 1259 servo
3135 1215 3244 1270 tuo,
3264 1202 3505 1261 Domine.

1940 1267 2203 1351 Velociter
2216 1272 2400 1351 exaudi
2419 1267 2531 1336 me,
2543 1274 2783 1351 Domine,
2802 1274 3092 1351 ne_deficiat
3106 1267 3507 1351 spiritusmeus:

1936 1343 2183 1409 quoniam
2202 1351 2254 1396 tu
2280 1356 2337 1397 es
2356 1343 2494 1397 Deus
2517 1358 2687 1409 meus,
2709 1345 3067 1399 misericordia
3094 1343 3227 1409 mea,
3251 1346 3508 1413 refugium

1936 1425 2113 1484 meum
2139 1420 2487 1484 etsusceptor
2508 1429 2675 1468 meus.
2710 1414 2967 1482 Quoniam
2989 1428 3215 1484 magnus
3243 1430 3301 1469 es
3327 1425 3379 1469 et
3400 1416 3514 1470 lau-

1935 1478 2125 1560 dabilis
2156 1482 2331 1560 nimis,
2350 1478 2404 1536 et
2430 1478 2809 1560 magnitudinis
2834 1494 2936 1560 tua;
2965 1478 3177 1539 non'est
3202 1484 3355 1560 finis;
3368 1485 3514 1560 erige

1936 1548 2150 1624 elisum,
2181 1548 2326 1624 solve
2349 1548 2726 1624 compeditum,
2758 1555 2993 1624 ilhunina
3020 1569 3239 1619 caecum,
3268 1554 3359 1624 qui
3386 1548 3515 1608 :edi-

1936 1618 2061 1674 ﬁcas
2085 1618 2401 1677 Jerusalem.
2438 1618 2569 1678 Cum
2600 1618 2764 1679 auten
2803 1622 3186 1678 confortaveris
3210 1618 3358 1679 Seras
3385 1639 3511 1693 por-

1937 1698 2109 1761 tarum
2142 1700 2380 1758 tuarum,
2429 1694 2743 1748 intrinsecus
2788 1710 2908 1749 cum
2956 1693 3077 1747 ﬁliis
3108 1695 3210 1748 tuis
3237 1694 3515 1761 c0pulatus

1936 1760 2057 1841 sim.
2090 1760 2238 1815 Sicut
2268 1772 2317 1841 te
2347 1762 2579 1841 laudant_
2603 1764 2791 1841 _Angcli
2812 1806 2827 1831 ,
2854 1774 2909 1841 et
2934 1780 3122 1841 omnes
3149 1760 3383 1819 Virtutes
3411 1770 3516 1841 tum

1936 1833 1988 1910 in
2019 1846 2183 1910 regno
2210 1833 2465 1887 caelorum
2500 1851 2513 1886 :
2548 1834 2616 1889 ibi
2646 1833 2709 1910 et:
2724 1850 2823 1910 ego
2854 1834 2922 1887 ita
2950 1835 3222 1910 exsultans
3250 1849 3368 1889 cum
3397 1833 3515 1903 glo-

1936 1901 2010 1953 ria
2038 1902 2089 1955 in
2115 1901 2290 1974 choro
2315 1915 2619 1974 sanetorum
2642 1947 2657 1971 ,
2690 1901 2979 1974 lau'demiet
3006 1904 3294 1974 glorificem
3322 1901 3517 1974 nomen

1939 1978 2083 2044 tuum
2113 1972 2163 2025 in
2189 1972 2446 2042 cymbalis
2474 1974 2753 2039 labiorum,
2784 1973 2927 2044 quod
2953 1972 3035 2029 est
3059 1984 3295 2028 sanctum
3324 1982 3376 2028 et
3399 1972 3519 2043 glo-

1935 2039 2155 2166 riiisunk
2189 2039 2242 2096 et
2270 2052 2453 2113 regnat
2486 2058 2695 2115 semper
2721 2039 2819 2115 per
2842 2044 3046 2100 inﬁnita
3074 2039 3517 2100 sarculorum'sae-

1935 2124 1997 2165 cu
2020 2126 2069 2166 a.
2152 2128 2292 2166 meo.

1933 2124 2069 2167 Cilla.
2102 2124 2292 2167 Amen.

1999 2202 2015 2232 ι
2042 2208 2126 2252 Ms.
2148 2203 2341 2266 Regius,
2370 2215 2613 2254 consecro.

3233 2300 3507 2322 ’πάθεα-ᾔ

1173 2349 1671 2490 Φαλῖιίίί
1776 2350 2603 2519 Μᾱςηίῐίίᾱι

1590 2582 2023 2646 EXPOSITIO
2053 2584 2150 2649 (α).

324 2710 393 2765 Ut
410 2723 605 2764 novum
633 2708 686 2761 in
713 2722 927 2763 carnem
946 2708 1063 2763 Filii
1080 2708 1171 2764 Dei
1193 2708 1477 2763 adventum
1497 2705 1830 2775 praedicaret,

254 2780 343 2847 qui
371 2781 641 2850 ingressus
659 2793 795 2850 novo
820 2780 1151 2833 salutationis
1174 2778 1427 2850 obsequio
1447 2776 1712 2850 Virginem
1730 2775 1834 2831 Ga-

252 2846 386 2904 liriel
400 2846 683 2904 veneratur
708 2848 913 2911 dicens,
933 2850 1225 2917 Ave,gratia
1252 2846 1422 2917 plena,
1442 2856 1569 2909 etc.;
1590 2846 1729 2917 Ecce
1741 2863 1833 2917 au-

250 2920 370 2973 cilia
395 2918 601 2973 Domini
630 2917 781 2987 (Luc.
798 2935 835 2980 ι,
868 2919 938 2975 28
959 2930 1003 2973 et
1020 2916 1133 2987 58),
1164 2916 1343 2973 statim
1368 2917 1685 2972 adveniente
1710 2916 1832 2984 Spi-

252 2991 357 3043 ritu
385 2999 572 3044 sancto
613 2989 664 3042 in
701 2989 999 3058 Virginem,
1032 2996 1086 3043 ct
1112 2990 1349 3044 omnium
1384 2988 1550 3057 gratia
1579 2987 1831 3041 virtutum

250 3069 649 3114 sacrosanctum
678 3059 1030 3115 habitaculum
1059 3060 1111 3112 in
1138 3058 1366 3113 adventu
1389 3061 1405 3090 ⁸
1433 3058 1527 3113 Dei
1558 3058 1830 3126 implente,

249 3129 474 3212 dubium
505 3146 609 3183 non
640 3131 1045 3210 estcoelestium
1073 3130 1463 3212 gaudiorum‘et
1488 3138 1701 3212 interna:
1726 3127 1836 3212 dul-

250 3199 460 3255 cedinis
481 3215 640 3269 quam
669 3200 856 3254 miram
897 3210 1058 3268 atque
1083 3197 1492 3254 inenarrabilem
1521 3197 1835 3269 suavitatem

253 3270 420 3340 Virgo
446 3268 850 3351 ipsaconcepit,‘
861 3270 1071 3351 quando
1096 3269 1222 3324 illud
1239 3278 1502 3351 aeternum
1516 3268 1695 3351 lumen
1714 3282 1835 3351 enin

251 3339 362 3395 toto
381 3339 677 3419 maiestatis
697 3355 807 3419 sua:
828 3341 1031 3409 fulgore
1054 3341 1109 3419 in_
1123 3355 1239 3394 eam
1257 3339 1551 3419 descendit,
1569 3347 1623 3419 et
1638 3339 1835 3419 quem_'

250 3428 355 3464 non
384 3410 530 3480 capit
555 3410 803 3476 mundus,
822 3420 987 3464 totum
1013 3425 1071 3465 se
1099 3411 1234 3465 intra
1261 3411 1465 3464 viscera
1485 3409 1704 3478 virginis
1722 3409 1833 3480 col-

250 3478 471 3538 locavit.
490 3480 756 3535 Audacter
774 3481 1073 3548 pronuntio,
1092 3480 1230 3550 quod
1252 3494 1349 3550 nec
1370 3481 1478 3547 ipsa
1502 3480 1654 3546 plene
1669 3478 1839 3550 expli-

249 3567 373 3607 care
403 3552 595 3618 potuit,
615 3550 755 3618 quod
772 3566 965 3618 capere
987 3553 1171 3617 potuit.
1193 3550 1299 3605 Sed
1328 3549 1527 3618 Spiritu
1542 3559 1729 3603 sancto
1743 3549 1840 3602 do-

248 3631 413 3677 cente
439 3619 699 3675 didicerat
718 3622 795 3675 sic
820 3636 914 3674 sua
941 3636 1035 3689 per
1060 3620 1411 3675 humilitatem
1432 3628 1636 3689 tegere.
1660 3618 1840 3687 Surgit

251 3707 401 3754 mox,
425 3700 481 3744 et
499 3690 810 3745 conscendit
830 3691 880 3743 in
897 3688 1146 3745 montana
1162 3690 1378 3745 Judtem.
1400 3688 1549 3744 Unde.
1567 3688 1837 3743 Elizabeth

249 3763 461 3832 Spiritu
489 3771 675 3842 sancto
703 3761 928 3842 repleta,
957 3762 1127 3830 qualis
1154 3768 1430 3842 etquanta
1456 3768 1599 3839 esset
1624 3758 1840 3842 quaead

248 3828 307 3886 se
335 3840 564 3887 venerat
591 3828 823 3899 agnovit,
856 3840 911 3885 et
936 3828 1095 3900 quam
1122 3846 1180 3885 se
1211 3829 1480 3900 indignam
1509 3828 1839 3900 ejnsvisita-

252 3904 404 3957 tione
431 3898 715 3970 judicaret,
735 3898 1146 3970 aperuit'diccns
1178 3917 1191 3952 :
1227 3898 1375 3970 Unde
1393 3900 1487 3953 hoc
1516 3898 1657 3970 milii,
1680 3908 1733 3970 ut
1757 3914 1839 3952 ve-

247 3973 353 4026 niat
372 3968 538 4025 mater
556 3971 756 4025 Domini
772 3972 867 4023 mei
881 3971 949 4023 ad
959 3970 1076 4024 me!
1102 3969 1235 4024 Ecce
1252 3969 1433 4035 (Ibid,
1451 3968 1541 4038 45)
1558 3979 1661 4023 etc.
1693 3968 1843 4038 Tunc

248 4046 323 4096 ait
364 4042 571 4106 Maria,
624 4040 920 4111 Magniﬁcat
965 4042 1149 4095 anima
1186 4058 1296 4093 mea
1333 4037 1607 4093 Dominum
1656 4037 1838 4111 (Ibid,

250 4114 321 4167 46
345 4114 386 4181 ).
425 4112 613 4165 Vidisti
654 4108 1023 4181 majestatem;
1065 4111 1283 4181 gnstasti
1322 4110 1635 4181 suavitatem
1671 4126 1695 4181 :7
1718 4108 1838 4181 ideo

249 4183 397 4252 quod
447 4183 591 4236 intus
634 4182 924 4246 hauseras,
957 4180 1097 4235 foras
1141 4181 1463 4250 propinasti,
1494 4188 1550 4252 et
1589 4180 1639 4232 in
1680 4180 1842 4248 justi-

252 4250 326 4308 t'ia
374 4255 495 4323 ejus
543 4252 825 4306 exsultasti
874 4269 888 4305 :
942 4252 1074 4323 Quia
1122 4252 1385 4323 exsultavit
1429 4250 1636 4323 spiritus
1681 4266 1839 4323 utens.

252 4268 326 4308 tia
374 4268 495 4323 ejus
543 4268 825 4306 exsultastt
874 4269 888 4305 :
942 4268 1074 4315 uuta
1122 4268 1385 4307 exsultavit
1429 4268 1453 4304 s
1492 4268 1636 4303 imus
1681 4268 1839 4303 meus.

252 4325 450 4377 Anima
498 4323 835 4392 magniﬁcat,
884 4322 1105 4392 rspiritus
1145 4322 1395 4376 exsultat.
1447 4268 1515 4375 Et
1559 4320 1748 4392 iterum
1780 4320 1839 4385 ³,

254 4395 307 4447 in
338 4393 451 4448 Deo
484 4392 695 4446 salutari
722 4408 830 4446 meo
871 4391 1058 4462 (Ibid,
1086 4392 1199 4460 47).
1235 4392 1373 4447 Deus
1403 4391 1688 4460 petentiam
1707 4431 1723 4454 ,
1753 4405 1841 4443 sa-

250 4464 449 4518 lutaris
488 4462 906 4517 misericordiam
950 4470 1116 4516 notat.
1162 4463 1275 4517 Duo
1321 4463 1517 4531 quippe
1564 4469 1689 4531 sunt
1710 4475 1843 4531 quae

254 4535 589 4604 Angelorum
629 4541 683 4587 et
717 4533 990 4586 hominum
1027 4532 1164 4604 beati
1210 4529 1527 4604 spiritusl’in
1571 4530 1662 4585 illo
1702 4529 1845 4604 fonte

253 4600 385 4659 boni
418 4612 621 4659 aeterna
646 4604 1093 4673 contemplatione
1121 4602 1400 4673 hauriunt;
1432 4600 1844 4673 incomprehen-

252 4675 432 4729 sibilis
467 4675 673 4728 scilicet
715 4670 967 4742 majeStas
1012 4672 1127 4735 Dei,
1171 4683 1224 4726 et
1273 4672 1556 4727 ineffabilis
1592 4670 1843 4742 bonitas:

292 4759 491 4800 norum
530 4744 757 4798 alterum
801 4741 1003 4797 eastutn
1052 4743 1295 4797 timorem
1333 4750 1574 4812 generat,
1618 4741 1845 4794 alterum

249 4760 605 4868 tlilectionem
646 4815 805 4868 parit.
838 4814 941 4867 Pro
987 4812 1263 4868 maiestate
1303 4820 1625 4867 venerantur
1656 4811 1843 4868 Deum.

291 4816 605 4869 ilectionem
646 4815 805 4883 parit.
838 4814 941 4867 Pro
987 4812 1263 4881 majestate
1303 4811 1625 4867 venerantur
1656 4811 1843 4876 Deum,

252 4895 309 4939 et
344 4901 445 4954 pro
471 4882 707 4938 bonitate
744 4892 960 4937 amant:
993 4898 1058 4937 ne
1090 4884 1173 4937 vel
1212 4882 1428 4954 dilectio
1456 4882 1570 4936 sine
1598 4896 1850 4935 reveren-

253 4958 325 5008 tia
347 4953 621 5009 dissoluta
648 4956 737 5016 sit,
761 4954 845 5008 vel
869 4954 1165 5008 reverentia
1207 4954 1325 5007 sine
1354 4953 1635 5007 dilectione
1662 4966 1846 5020 paena.

254 5026 346 5081 lis.
378 5024 721 5079 Admirantes
751 5024 891 5077 enim
921 5024 1163 5092 diligunt,
1192 5032 1245 5077 et
1269 5023 1547 5091 diligentes
1583 5022 1850 5092 admiran—

255 5106 347 5149 tur
378 5114 393 5150 :
421 5103 481 5148 ut
529 5091 1036 5163 inexstinguibilitcr
1078 5108 1172 5161 per
1215 5093 1617 5163 admirationem
1666 5091 1849 5163 ardeat

252 5165 503 5230 dilectio,
547 5174 601 5219 ct
643 5160 877 5219 suaviter
905 5165 960 5218 in
1000 5160 1282 5219 dilectione
1310 5162 1512 5217 ferveat
1547 5160 1845 5215 admiratio.

255 5234 399 5289 Nam
468 5235 589 5304 quia
652 5250 774 5289 eum
832 5250 989 5305 quem
1042 5235 1262 5298 vident,
1316 5232 1847 5305 perfecteAcompre-

255 5298 501 5361 hendere
555 5298 1163 5374 nunquam'sufliciunt,
1205 5306 1257 5357 in
1317 5298 1384 5357 eo
1437 5302 1584 5374 quasi
1624 5298 1848 5374 perad-

254 5376 604 5431 mirationem
633 5371 902 5445 evigilant.
929 5376 1137 5440 Quanto
1175 5383 1351 5428 autem
1378 5372 1733 5445 perspicacius
1767 5371 1850 5445 in-

256 5454 504 5508 tuentur,
547 5456 693 5500 tanto
720 5439 994 5501 ardentius
1036 5455 1236 5512 amant,
1278 5439 1419 5514 quod
1461 5439 1587 5497 vera
1624 5439 1851 5507 dulcedo

367 5630 509 5681 «tngo
531 5619 678 5679 addit,
706 5618 831 5670 Filii.

322 5686 344 5716 ⁹
373 5680 509 5745 Apud
532 5689 799 5746 nugonem,
825 5680 970 5746 quod.

323 5746 344 5777 ³
364 5742 523 5793 Lacus
543 5742 803 5793 mntilatus.

1937 2717 2019 2761 est
2042 2709 2057 2739 ι
2081 2725 2096 2773 ;
2126 2716 2450 2781 versantem
2470 2709 2695 2765 dulcedo
2730 2718 2927 2781 quanto
2956 2710 3241 2779 perfectius
3265 2710 3513 2776 sentitur,

1941 2787 2089 2850 tanto
2118 2779 2521 2850 desiderabilius
2544 2779 2828 2850 appetitur.
2854 2781 2935 2835 Ad
2968 2781 3103 2835 hanc
3120 2781 3517 2849 contemplatio.

1939 2849 2024 2901 nis
2064 2851 2232 2920 lucem
2262 2848 2440 2920 Maria:
2478 2848 2631 2906 mens
2672 2850 2876 2905 elevata
2906 2852 3098 2915 fuerat,
3123 2866 3242 2920 quae
3279 2848 3517 2906 calcatis

1939 2920 2125 2990 patrie
2151 2918 2484 2990 dulcedinem
2514 2922 2567 2975 in
2595 2920 3111 2990 verbis',expressit
3138 2918 3294 2990 quam
3322 2920 3511 2975 ineﬂ'a-

1945 2989 2119 3044 biliter
2161 2989 2582 3059 comprehendit.
2624 2991 2755 3045 Nam
2785 2989 3008 3046 cumse
3037 2989 3373 3060 magnificare
3419 2990 3521 3043 Do-

1942 3061 2144 3113 minum
2173 3060 2458 3129 perhibuit,
2486 3061 2836 3115 venerandam
2857 3061 2878 3092 ⁸
2906 3062 3166 3115 universis
3208 3061 3394 3114 aeterni
3423 3076 3519 3114 nu-

1943 3129 2101 3183 minis
2148 3131 2478 3198 majestatem
2527 3132 2733 3186 interna
2779 3132 2981 3187 visione
3024 3132 3263 3186 contueri
3307 3146 3367 3184 se
3405 3145 3520 3183 ma-

1945 3198 2135 3255 nifeste
2185 3200 2504 3267 declaravit;
2558 3216 2678 3257 eum
2729 3216 2854 3255 vero
2906 3216 2965 3256 se
3013 3201 3065 3255 in
3110 3215 3209 3255 suo
3257 3201 3523 3256 exsultare

1943 3270 2163 3324 salutari
2198 3272 2461 3337 asseruit,
2489 3281 2701 3340 gustum
2744 3286 2803 3326 se
2832 3272 3053 3326 internae
3082 3270 3375 3325 dulcedinis
3401 3284 3521 3340 per-

1944 3340 2154 3411 cepisse
2198 3340 2449 3411 ostendit.
2498 3340 2655 3397 Unde
2704 3350 2986 3411 utrumque
3030 3340 3266 3410 professa
3307 3350 3411 3403 cst,
3468 3348 3523 3394 et

1944 3410 2226 3465 Dominum
2266 3421 2321 3466 et
2348 3410 2675 3481 salvatorem
2708 3428 2721 3464 :
2753 3420 2809 3464 ut
2837 3410 2934 3481 pro
2962 3420 3219 3480 potestate
3247 3425 3346 3479 qua
3377 3411 3522 3481 omni

1944 3494 2055 3534 sua:
2091 3488 2349 3536 creaturae
2383 3480 2707 3545 dominatur,
2734 3480 2854 3550 jure
2894 3481 3231 3535 metuendum
3269 3480 3521 3550 ostende-

1946 3559 2031 3605 ret
2056 3567 2070 3615 ;
2103 3566 2201 3618 pro
2224 3550 2459 3606 bonitate
2489 3566 2640 3616 vero,
2671 3549 2791 3618 quia
2823 3550 3236 3605 misericorditer
3261 3549 3518 3619 quosdam

1945 3620 2134 3684 salvat,
2175 3620 2393 3690 dignum
2432 3620 2716 3676 dilectione
2740 3619 3189 3690 demonstraretf.
3235 3620 3441 3674 Veritas
3467 3620 3521 3673 in

1948 3691 2191 3753 Domino,
2236 3689 2291 3745 et
2328 3690 2382 3745 in
2423 3690 2697 3745 Salvatore
2732 3690 3114 3744 misericordia.
3145 3689 3349 3744 Veritas
3378 3690 3521 3743 enim

1945 3760 2011 3814 ad
2045 3761 2323 3815 Dominum
2355 3762 2603 3829 pertinet,
2635 3760 2995 3814 misericordia
3030 3769 3205 3813 autem
3243 3758 3308 3829 ad
3335 3758 3520 3829 Salva-

1950 3839 2151 3891 torem;
2196 3832 2247 3885 in
2277 3828 2496 3885 veritate
2523 3839 2699 3884 servat
2726 3839 2960 3883 tenorem
2984 3829 3222 3898 jnstitiae.
3254 3828 3387 3898 Quia
3429 3843 3524 3881 au-

1949 3909 2053 3955 tem
2081 3910 2135 3955 et
2162 3899 2404 3970 quaedam
2430 3902 2661 3955 errantia
2688 3900 2917 3969 gratuito
2942 3897 3007 3953 ad
3035 3899 3199 3970 vitam
3219 3897 3441 3970 colligit,
3468 3907 3525 3952 et

1947 3980 2159 4040 reparat
2178 3967 2244 4025 ad
2273 3970 2649 4034 salvationem;
2684 3967 2962 4039 propterea
2993 3967 3524 4040 magniﬁcamus_l)o-

1948 4037 2170 4104 minum,
2191 4050 2273 4120 _et_
2309 4042 2634 4120 exsultamus
2668 4037 2735 4120 in_
2759 4037 2973 4120 salutari
3000 4058 3013 4093 :
3037 4037 3523 4120 quiaquibusLest

1950 4111 2237 4167 reverenda
2253 4111 2445 4181 judieis
2461 4111 2681 4179 justitia,
2705 4110 2976 4181 dulcisest
3000 4106 3359 4181 misericordia
3373 4107 3394 4137 ⁸
3406 4106 3526 4181 Sal—

1948 4182 2180 4263 vatoris.
2226 4178 2506 4263 propterea
2551 4180 2963 4263 inquitAMaria,
3003 4178 3302 4263 Magniﬁce!
3343 4179 3516 4263 auium

1949 4268 2060 4305 mea
2084 4246 2378 4316 Dominum,
2406 4262 2453 4307 et
2479 4246 2745 4305 exsultauit
2771 4250 2977 4319 spiritus
3000 4246 3139 4303 metis
3166 4248 3220 4319 in
3249 4246 3356 4301 Deo
3383 4248 3527 4319 salu-

1950 4324 2048 4375 tari
2078 4340 2205 4376 meo.
2240 4321 2384 4377 Unus
2417 4332 2470 4376 et
2495 4321 2632 4376 idem
2658 4317 2876 4390 spiritus
2902 4328 2964 4390 et,
2994 4319 3076 4390 ad,
3100 4333 3159 4375 se
3196 4317 3374 4390 ipsum
3415 4318 3531 4390 spi-

1951 4393 2084 4447 ritus
2102 4393 2313 4457 dicitur,
2336 4402 2389 4447 et
2405 4392 2470 4446 ad
2495 4387 2911 4460 corpus'anima.
2943 4389 3169 4458 Spiritus
3185 4389 3204 4420 ⁷
3232 4387 3528 4460 naturalem

1951 4464 2279 4530 spiritualem
2308 4462 2491 4517 habuit
2515 4458 2940 4525 admirationem,
2963 4460 3137 4514 anima
3153 4458 3487 4530 corporalem
3510 4476 3534 4517 ἒ

1950 4526 2118 4602 quare
2164 4534 2338 4588 anima
2383 4532 2576 4587 dicitur
2620 4532 2856 4601 spiritus,
2901 4541 2955 4584 et
2995 4545 3028 4586 e
3076 4542 3358 4602 converso.
3409 4526 3531 4587 Iden

1952 4596 2128 4658 anima
2157 4603 2409 4666 humana,
2433 4604 2556 4673 quia
2578 4611 2632 4656 et
2649 4596 2774 4656 'esse
2801 4603 2853 4673 in
2876 4613 3104 4673 corpore
3122 4596 3360 4673 habetat.
3381 4607 3539 4673 extis».

1952 4689 2167 4742 corpus,
2201 4665 2624 4747 animagvocatur
2660 4680 2714 4747 et
2758 4665 2997 4747 spiritus}
3036 4669 3226 4724 Anima
3256 4665 3449 4747 dicitur
3476 4666 3545 4724 in.

1953 4741 2210 4816 quantum,
2237 4754 2319 4816 est
2346 4744 2452 4797 vita
2479 4741 3015 4816 corporis;__spiritus
3042 4748 3242 4816 autem,
3274 4741 3338 4816 in.
3360 4751 3532 4803 quan-

1956 4808 2064 4885 tum
2091 4824 2172 4868 est
2197 4815 2219 4847 ⁸
2236 4808 2853 4885 δυὺειειηιὶειβρὶτίιυειίέ.
2879 4810 2934 4864 In
2950 4823 3060 4885 _qua
3088 4808 3191 4885 vita
3217 4808 3389 4885 anima
3406 4820 3531 4885 per-

1956 4884 2118 4951 ditur,
2151 4893 2209 4938 ut
2236 4884 2455 4951 spiritus
2474 4876 2650 4935 salvus
2671 4883 2777 4945 fiat,
2807 4896 2927 4933 cum
2950 4876 3067 4951 haec
3086 4877 3194 4930 vita
3218 4876 3530 4951 despicitur,

1955 4963 2014 5009 ut
2043 4943 2377 5023 postmodum
2416 4970 2445 5007 a
2476 4953 2588 5007 Deo
2611 4952 2717 5023 vita
2757 4943 2955 5023 aeterna
2983 4948 3267 5023 tribuatur.
3306 4943 3533 5023 Seditio

1957 5016 2267 5089 nominavit,
2318 5024 2438 5093 quia
2479 5023 2531 5075 in
2570 5020 2789 5075 salutari
2833 5032 2950 5074 suo.
2995 5016 3343 5085 Omnipotens
3386 5016 3529 5068 enim

1955 5177 1989 5226 ά
2020 5117 2213 5227 uago,
2230 5112 2369 5225 [quia
2399 5112 2559 5177 ipsum
2600 5109 2762 5161 videre
2792 5120 2961 5170 sapere
2982 5113 3071 5169 est,
3108 5110 3154 5157 et
3195 5102 3322 5168 quod
3344 5102 3535 5157 videtur

1993 5190 2021 5225 u
2134 5190 2163 5226 ο
2178 5190 2228 5226 es
2252 5214 2264 5224 .

1993 5183 2163 5226 alcedo
2178 5183 2264 5226 est.

2018 5242 2038 5270 '
2061 5240 2192 5287 Addit
2213 5245 2365 5300 nugo,
2389 5234 2487 5300 suis
2509 5241 2605 5282 tam
2633 5228 2931 5283 mirabiliter.
2987 5288 3001 5300 θ

2020 5300 2204 5363 ηυδε,
2228 5298 2566 5355 reddendam;
2592 5302 2643 5344 et
2666 5306 2796 5363 mox,
2816 5298 3042 5343 numeris.
3125 5349 3137 5363 υ
3170 5362 3175 5363 ί
3207 5358 3235 5363 _
3325 5347 3337 5361 ,
3438 5347 3471 5363 ί.

2018 5362 2041 5393 ⁸
2064 5349 2204 5410 Adde.
2216 5372 2279 5410 ex
2304 5367 2500 5421 Hugone
2519 5393 2532 5416 ,
2548 5349 2683 5421 sane
2698 5352 2819 5421 quia
2838 5363 3070 5421 ωηυενδῳ
3090 5349 3181 5401 via:

1956 5409 2232 5489 ricordiaIet
2254 5409 2669 5489 veritdsme'rfccta
2691 5409 2794 5465 lima
2816 5420 2886 5464 est
2911 5413 3165 5489 Dominum
3185 5418 3230 5463 et
3251 5409 3538 5462 Salvatorem

1958 5483 2191 5549 conﬁteri,
2216 5495 2330 5552 cum
2343 5476 2514 5551 ueritas
2530 5476 2597 5538 in,
2616 5485 2733 5534 ctc.,
2754 5476 3125 5527 commendetur.

2021 5549 2042 5580 ⁸
2075 5555 2225 5595 Huszo.
2252 5542 2457 5593 cmlthet.

2113 5558 2225 5603 ugo,
2252 5558 2457 5593 cuttwet.

2022 5560 2042 5580 υ
2075 5560 2225 5607 nugo,
2252 5560 2457 5593 σηιιιυει.

2022 5609 2043 5639 ⁶
2076 5608 2225 5666 Idem,
2264 5612 2309 5655 et
2339 5601 2634 5653 cxsultanter
2664 5596 2956 5650 observanda
2992 5596 3345 5649 misericordia.

2022 5671 2042 5702 ⁷
2079 5678 2225 5718 locus
2246 5668 2552 5726 depravatus.

2022 5732 2045 5763 ⁸
2078 5739 2212 5793 Hugo
2235 5722 2363 5787 add.,
2384 5724 2563 5775 ratione
2589 5722 2815 5787 prmdita.

304 5829 415 5895 7(a)
437 5829 741 5895 naxttngonis
784 5826 1007 5895 Victorini
1048 5831 1268 5895 Tractatu
1320 5836 1469 5895 super
1514 5820 1785 5895 stagni/ictu
1822 5819 2053 5880 decerpta
2098 5826 2187 5877 per
2247 5813 2483 5862 incertum
2520 5810 2822 5873 scriptorem,
2856 5805 2940 5869 qui
2976 5812 3104 5868 Opus
3142 5804 3356 5865 Itugonis
3394 5810 3533 5861 egre.

260 5884 405 5955 gitur.
434 5884 694 5937 {mdissiine
711 5889 922 5950 corrupit
943 5894 991 5937 et
1009 5886 1164 5948 capite
1189 5900 1244 5936 ac
1265 5884 1497 5938 membris
1520 5884 1775 5934 truncavit.
