3992 6486
519 408 650 462 H39

518 520 655 575 Deus
696 527 957 589 potestate
983 533 1086 588 qua
1117 518 1379 573 universae
1418 522 1674 589 creatura:
1709 527 1819 568 sua:
1848 511 2092 589 domina-

514 603 618 654 tur,
661 582 913 643 Dominus
945 582 1180 643 omnium
1216 598 1330 651 est;
1362 585 1455 641 sed
1486 586 1681 656 pietate
1704 598 1807 652 qua
1836 582 2093 656 quosdam

513 653 738 721 tantum.
788 669 843 713 et
880 673 984 714 neu
1018 673 1225 722 omnes,
1272 658 1338 711 ad
1366 653 1528 709 vitam
1577 663 1806 723 reparat,
1851 653 2096 708 Salvator

508 730 746 785 omnium
787 730 804 762 ι
838 745 941 783 non
985 738 1086 783 est.
1128 728 1257 783 Nam
1311 725 1602 795 dominatio
1642 725 1756 795 ejus
1796 724 1861 777 ad
1906 736 2094 795 omnes

507 800 780 869 aequaliter
801 800 1050 867 respicit;
1076 799 1282 854 bonitas
1302 813 1431 869 vero
1456 796 1522 869 ad
1544 794 1799 869 quosdam
1826 802 2028 869 tantum
2047 794 2092 846 '.

510 863 649 940 lii-go
680 870 829 924 beata
860 863 1021 940 Virgo
1047 885 1116 938 qu
1141 885 1170 923 a
1218 863 1642 940 singulariter'se
1685 865 1906 940 electam
1942 863 2092 940 vide-

507 934 618 1021 iiat',
647 941 770 1008 quia
797 934 1133 1021 singulariter
1175 934 1395 1021 graiiain
1427 935 1905 1021 acceperat,_quansi_
1931 934 2093 1021 privi-

507 1003 908 1079 legio'quodani
949 1003 1225 1065 electiOuis
1253 1008 1446 1061 divina:
1475 1003 1805 1079 coniirmata.
1839 1003 2094 1058 ﬁduciali-

510 1075 592 1133 tei-
620 1075 792 1147 ipsum
820 1096 981 1147 quem
1025 1094 1118 1147 pro
1148 1080 1316 1132 salute
1354 1075 1532 1130 mundi
1563 1075 1724 1147 liiium
1752 1082 2089 1143 conceperat,

507 1145 661 1203 suum
683 1145 974 1204 etiam-cum
993 1145 1223 1203 lmtitiaet
1243 1145 2090 1202 exsuliationeSalvatoremvocat.

583 1219 715 1286 Quia
752 1220 969 1287 respexit
997 1220 1324 1272 humilitatem
1353 1218 1554 1270 ancilla:
1590 1231 1696 1287 sua:
1724 1214 1871 1287 (Luc.
1901 1230 1940 1287 ι,
1974 1215 2089 1287 48).

512 1285 634 1343 Haec
655 1300 735 1344 est
761 1285 918 1344 causa
938 1289 957 1320 ³
982 1289 1350 1344 exsultationis
1374 1302 1504 1350 sua),
1535 1286 1653 1353 quia
1679 1286 1892 1355 respexit
1917 1285 2088 1338 humi-

510 1359 701 1413 litatem
734 1360 937 1414 ancillte
977 1376 1083 1414 sure
1108 1375 1126 1413 :
1149 1374 1212 1414 ac
1240 1360 1281 1413 si
1308 1357 1467 1419 dicat,
1496 1357 1627 1424 Quia
1667 1355 1735 1411 de
1777 1355 1891 1425 ejus
1917 1358 2088 1424 gratia

510 1431 733 1499 exsulto,
768 1431 886 1486 ideo
919 1430 986 1484 ab
1012 1431 1125 1499 ipso
1152 1427 1409 1499 estquod
1453 1428 1699 1483 exsulto:
1731 1435 1786 1481 et
1814 1427 1938 1499 quia
1970 1426 2089 1499 e_jus

509 1498 649 1554 dona
685 1511 902 1569 propter
931 1495 1099 1569 ipsum
1130 1495 1308 1569 diligo,
1340 1497 1461 1553 ideo
1484 1499 1678 1569 inipso
1711 1495 1940 1569 exsulto.
1980 1495 2088 1551 Re-

512 1566 726 1638 spectus
751 1566 840 1625 Dei
868 1566 1035 1625 tribus
1075 1566 1245 1623 modis
1286 1569 1453 1636 accipi
1485 1566 1690 1631 solet‘;
1725 1567 2084 1638 videlicetise-

510 1636 741 1694 cundum
780 1641 1159 1710 cognitionem,
1190 1639 1493 1710 secundum,
1520 1636 2083 1710 gratiam,_secundum

505 1710 784 1779 judicium.
816 1708 889 1765 De
910 1711 1080 1779 primo
1102 1710 1387 1779 Apostolus
1403 1709 1445 1772 ⁸,
1473 1709 1657 1779 Omnia
1677 1708 1814 1761 nuda
1842 1716 1887 1761 et
1907 1718 2086 1779 aperta

508 1777 624 1834 sum
661 1781 819 1834 oculis
856 1777 967 1851 ejus
993 1777 1174 1847 (Hebr.
1205 1796 1276 1846 tv,
1306 1777 1417 1851 11ft).
1448 1778 1551 1851 Sed
1575 1794 1668 1851 per
1696 1779 1919 1851 gratiam
1937 1778 2086 1851 Deus

508 1865 612 1921 neu
643 1865 829 1904 omnes
857 1848 1069 1921 respicit
1098 1869 1111 1905 :
1139 1850 1284 1921 quia,
1328 1848 1473 1921 Oculi
1498 1848 1708 1921 Domini
1726 1918 1737 1921 Α
1748 1864 1903 1921 super
1918 1848 2087 1921 ju_s_tos

510 1918 681 1991 (θεαί.
713 1936 904 1991 xxxiii,
932 1915 1045 1991 {6),
1071 1915 1177 1991 etc'.
1202 1915 1471 1991 Detertio
1495 1919 1546 1972 iu
1579 1915 1933 1991 iiue_dicetur,
1964 1915 2085 1971 Ne-

505 1987 611 2058 scio
645 2006 730 2043 vos
757 1988 971 2058 (Matth.
1000 1987 1094 2052 vu.
1125 1989 1238 2058 9.3).
1267 1988 1412 2044 Oculi
1446 1987 1652 2044 Domini
1681 1987 1849 2042 bonos
1877 1998 1931 2043 et
1973 2002 2088 2042 ina-

508 2057 589 2130 los
621 2060 1067 2130 contemplantur.
1093 2057 1291 2115 Videre
1318 2059 1438 2130 Deo,
1464 2074 1558 2130 per
1594 2058 1973 2130 cognitionem,
2000 2066 2086 2113 est

506 2126 639 2182 nihil
653 2126 967 2197 eorum'qua:
978 2138 1099 2185 sunt
1110 2130 1352 2198 ignorare
1366 2146 1379 2182 :
1394 2126 1573 2183 videre
1585 2126 1678 2198 per
1688 2128 1907 2197 gratiam
1917 2170 1931 2194 ,
1944 2128 2084 2183 dona

504 2196 881 2255 misericordite
914 2197 1451 2265 impenderezvidere
1484 2196 1874 2264 per—judicium,
1911 2211 2073 2249 unum

503 2285 769 2340 quemque
798 2269 1104 2340 secundum,
1119 2281 1279 2339 opera
1320 2280 1414 2321 sua
1448 2266 1533 2340 vel
1560 2265 1627 2319 ad
1652 2265 1870 2335 gloriam
1900 2266 1981 2340 vel
2002 2265 2074 2321 ad

542 2336 716 2395 mnam
748 2340 1034 2397 destinare.
1079 2336 1364 2408 Respicere
1408 2338 1529 2408 plus
1559 2346 1650 2408 est
1677 2351 1836 2407 quam
1872 2336 2071 2408 videre.

542 2355 716 2395 mnam
748 2355 1034 2397 uesuuare.
1080 2355 1364 2408 nespicere
1408 2355 1529 2408 plus
1559 2355 1642 2392 es:
1677 2355 1836 2407 quam
1872 2355 2071 2391 Vlﬂere.

502 2355 788 2477 ﬁespicere
834 2425 929 2477 per
968 2410 1247 2480 gratiam‘,
1293 2417 1374 2463 est
1400 2409 1563 2480 prius
1604 2406 1840 2480 abiectos
1879 2416 1940 2480 et
1977 2406 2074 2461 de-

503 2480 718 2534 relictos
762 2478 996 2535 visitare.
1036 2478 1169 2533 Cum
1202 2479 1335 2531 bona
1367 2478 1600 2546 placatus
1625 2492 1721 2546 per
1764 2478 2070 2531 misericor-

502 2550 644 2603 diam
671 2550 936 2605 subtracta
966 2549 1214 2613 restituit,
1243 2563 1452 2602 rursum
1492 2562 1589 2618 per
1627 2557 1924 2618 respectum
1950 2560 2073 2617 gra-

504 2618 589 2672 tize
614 2620 679 2672 ad
705 2635 825 2675 eum
862 2633 922 2674 se
963 2619 1233 2674 convertit.
1278 2618 1420 2672 Bene
1458 2617 1585 2685 ergo
1624 2617 1784 2671 Maria
1824 2618 1990 2671 solam
2020 2618 2072 2672 in

504 2685 853 2744 humilitatem
872 2691 894 2722 ⁷
917 2689 1196 2743 Dominum
1225 2687 1524 2755 respexisse
1550 2694 1792 2753 testatur,
1836 2688 1957 2755 quia
1985 2687 2072 2742 di-

502 2759 736 2814 vinitatis
791 2760 1248 2829 propitiationem,
1294 2772 1453 2829 quam
1508 2758 1736 2829 humana
1780 2768 1966 2829 natura
2017 2757 2070 2829 in

500 2829 689 2895 primis
728 2826 1035 2898 parentibus
1071 2842 1167 2898 per
1205 2826 1508 2898 superbiam
1537 2826 1783 2898 perdidit,
1828 2826 1881 2898 iii
1909 2826 2070 2898 Maria

502 2914 597 2964 per
616 2896 960 2956 humilitatem
985 2896 1333 2965 recuperavit.
1359 2896 1488 2951 Nam
1520 2898 1640 2966 quia
1673 2896 1723 2949 in
1750 2909 1813 2951 ea
1839 2896 2067 2953 Verbum

501 2968 673 3023 Patris
720 2969 993 3037 corporis'l
1034 2968 1379 3023 substantiam
1423 2980 1579 3037 quam
1608 2966 1724 3037 sibi
1768 2966 1942 3021 uniret
1979 2981 2069 3020 as-

500 3040 742 3109 sumpsit,
772 3036 921 3109 quasi
948 3037 1013 3092 ad
1041 3053 1157 3109 eam
1180 3052 1335 3109 quam
1363 3036 1510 3109 prius
1533 3036 1801 3109 abjecerat
1827 3047 2068 3109 naturam

500 3106 884 3163 sublimandam
927 3124 1022 3176 per
1070 3106 1486 3162 misericordiam
1536 3107 1785 3176 respexit.
1830 3107 1962 3172 Quia
2009 3123 2069 3163 se

502 3177 842 3232 humilitatis’
871 3175 1009 3243 quod
1051 3186 1166 3232 erat
1206 3176 1449 3230 ancillam
1476 3175 1739 3245 cogitavit,
1771 3175 1904 3246 ideo,
1926 3177 2069 3246 quod

502 3262 609 3301 non
639 3256 772 3313 erat,
803 3246 1138 3301 sublimitatis
1160 3256 1329 3300 mater
1346 3260 1467 3315 esse
1486 3246 1680 3299 meruit
1703 3262 1717 3297 :
1748 3246 1868 3315 quia
1893 3245 2069 3302 humi-

502 3316 703 3371 lltatem
724 3318 955 3371 ostendit
994 3317 1260 3372 servitutis
1280 3316 1342 3369 ⁸⁸.
1374 3314 1614 3370 Servitus
1641 3324 1867 3385 quatuor
1894 3318 2067 3372 modis

502 3387 755 3441 variatur.
785 3386 1082 3442 Secundum
1113 3386 1466 3441 conditionem
1492 3386 1737 3452 servitus,
1759 3401 1861 3455 qua
1890 3388 2066 3443 omnia

500 3455 694 3511 divina:
722 3458 962 3511 servituti
1000 3456 1193 3511 debent
1219 3470 1339 3512 esse
1365 3456 1592 3525 obnoxia
1622 3472 1637 3509 :
1672 3455 1962 3525 quiaopus
1987 3457 2066 3511 fa-

500 3526 633 3581 ctori
673 3540 772 3581 suo
809 3526 908 3581 hoc
933 3542 1002 3581 ex
1029 3525 1331 3581 conditione
1359 3540 1453 3579 sua
1479 3524 1656 3591 debet,
1683 3524 1823 3595 quod
1846 3526 1963 3595 ejus
1985 3527 2068 3581 di-

500 3597 778 3666 spositioni
806 3596 1157 3666 obtemperet,
1186 3605 1240 3650 et
1268 3595 1505 3666 instituta
1534 3605 1816 3665 sequatur;
1846 3607 1905 3650 ut
1931 3597 2067 3653 sicut

498 3664 567 3721 ab
596 3668 710 3736 ipso
737 3665 931 3720 factum
967 3664 1069 3727 est,
1103 3667 1171 3720 ita
1190 3681 1305 3736 non
1334 3666 1433 3719 nisi
1460 3664 1527 3736 ab
1553 3666 1668 3732 ipso
1694 3674 1748 3736 et
1773 3666 2062 3721 secundum

499 3735 671 3803 ipsum
714 3736 942 3791 incedat.
994 3735 1294 3791 Secundum
1327 3735 1696 3790 necessitatem
1728 3735 1836 3789 Deo
1863 3738 2065 3793 servire

497 3805 744 3862 dicuntur
770 3822 946 3877 prava:
967 3807 1428 3877 voluntates,__qute
1453 3819 1573 3859 cum
1602 3805 1717 3873 ejus
1734 3805 2064 3877 jnssionibus

496 3874 1043 3942 contraire'nitantur,
1067 3891 1161 3945 per
1187 3874 1503 3946 inell‘abilem
1535 3884 1710 3930 tamen
1739 3875 1860 3946 ejus
1878 3876 2064 3946 dispo-

493 3946 739 4001 sitionem
770 3943 1145 4011 arctantur,‘ut
1170 3946 1245 3999 nil
1270 3947 1384 3999 sine
1417 3943 1534 4010 ejus
1561 3954 1688 3998 nutu
1714 3943 1779 3998 ad
1809 3943 2056 4002 ell‘ectum

496 4016 789 4083 perducere
832 4027 1069 4085 queant:
1100 4016 1337 4070 serviunt
1380 4015 1626 4085 nolentes
1669 4015 1784 4082 ejus
1831 4015 2061 4084 disposi-

495 4086 646 4149 tioni,
675 4087 762 4155 qui
791 4084 1028 4141 volentes
1054 4085 1276 4154 subjecti
1302 4100 1406 4139 non
1436 4094 1561 4155 sum
1580 4084 1742 4155 ipsius
1772 4094 2058 4154 praecepto.

495 4154 739 4209 Servitus
778 4170 898 4209 cum
949 4157 1161 4221 timore,
1200 4163 1285 4209 est
1328 4154 1539 4224 quando
1576 4154 1751 4208 divina
1799 4165 2058 4223 prtecepta

496 4241 601 4279 non
630 4241 693 4279 ex
715 4225 995 4280 dilectione
1013 4225 1315 4294 implemus,
1339 4225 1432 4278 sed
1453 4239 1515 4278 ex
1544 4224 1841 4279 formidine.
1863 4225 2060 4291 Quarta

493 4296 723 4349 servitus
750 4304 850 4359 est,
888 4293 1101 4364 quando
1123 4294 1421 4349 voluntarie
1462 4293 1577 4364 ejus
1610 4294 1937 4362 jnssionibus
1964 4296 2061 4350 ob-

493 4374 871 4433 temperamus,
908 4363 1036 4434 quia
1082 4363 1252 4433 ipsum
1297 4364 1383 4434 qui
1421 4363 1573 4433 jubet
1619 4364 1906 4433 diligimus,
1961 4380 2061 4421 nec

492 4434 633 4488 aliud
675 4435 727 4488 in
758 4444 936 4490 nostra
982 4434 1259 4497 servitute,
1291 4444 1439 4487 extra
1484 4434 1676 4503 ipsum,
1721 4434 2057 4490 commodum

491 4505 800 4573 qumrimus,
827 4519 983 4573 quam
1013 4515 1068 4557 ut
1096 4503 1387 4557 secundum
1417 4503 1586 4572 ipsum
1613 4504 1966 4566 ambulantes,
1990 4506 2057 4560 ad

493 4575 663 4642 ipsum
710 4575 1039 4644 pervenire“
1061 4573 1349 4628 valeamus.
1398 4573 1713 4629 Servitutem
1764 4573 2055 4629 secundum

488 4645 847 4699 conditionem
894 4654 1140 4713 parentes
1189 4644 1356 4697 nostri
1408 4645 1460 4699 in
1505 4644 1748 4713 paradiso
1784 4644 2057 4700 Conditori

494 4715 753 4769 exhibere
796 4715 1100 4777 noluerunt,
1123 4714 1336 4784 quando
1384 4714 1435 4767 in
1482 4714 1780 4783 superbiam
1806 4715 1929 4768 elati
1960 4714 2058 4769 de-

485 4793 771 4852 spexerunt
790 4800 909 4839 esse
933 4785 1035 4840 sub
1055 4783 1167 4848 illo,
1197 4783 1261 4837 ad
1288 4784 1428 4852 quod
1451 4786 1493 4816 ¹¹
1519 4783 1724 4838 fuerant
1740 4784 1970 4843 conditi:
2003 4794 2057 4839 et

490 4858 774 4909 voluerunt
818 4856 1055 4925 perversi
1118 4869 1238 4910 esse
1294 4857 1344 4908 in
1399 4854 1673 4925 tnajestete
1730 4854 2052 4921 consimiles,

480 4926 568 4992 qui
598 4939 702 4979 non
744 4923 896 4980 erant
942 4927 993 4979 in
1034 4934 1218 4980 natura
1248 4924 1479 4994 aequales
1497 4923 1560 4976 ".
1584 4923 1694 4978 Eva
1736 4938 1832 4993 per
1863 4938 2055 4995 super-

541 5058 557 5087 ⁸
594 5056 725 5119 Apud
748 5063 997 5119 nugonem
1014 5091 1029 5116 ,
1048 5069 1141 5106 non
1163 5055 1386 5119 omnium,

538 5119 561 5212 ξ
593 5114 999 5226 mitam
1017 5114 1203 5169 tantum
1220 5118 1284 5167 ad
1307 5115 1611 5169 salvatin
1641 5114 1887 5167 discernit.
1974 5130 1981 5137 ‘

593 5179 735 5229 Alias.
755 5179 929 5229 a'ratia.

538 5192 561 5212 ι
593 5192 735 5238 snas,
754 5192 929 5243 gratia.

535 5240 559 5332 :
590 5241 1053 5332 regesreges,
1076 5238 1129 5290 θη
1145 5245 1559 5303 mw“-

537 5309 557 5332 '
590 5309 738 5350 Locus
757 5309 1019 5351 truncatus.

537 5360 560 5432 ξ
592 5369 644 5432 et
664 5361 742 5411 hic
762 5360 895 5432 locus
914 5368 1182 5425 corruptus.

539 5422 560 5485 .’
596 5422 912 5485 υμεονίηξε

534 5482 557 5514 ³
590 5482 729 5541 Alias,
753 5482 928 5532 contis.

534 5544 573 5607 ε
590 5539 742 5607 nugo,
767 5542 1007 5594 humiliter
1024 5555 1043 5605 ;
1060 5548 1113 5592 et
1145 5556 1276 5605 mox,
1299 5539 1581 5594 sublimiter.

537 5605 581 5637 ¹⁰
616 5605 763 5654 Locus
781 5617 994 5653 mancus.

536 5666 577 5699 “
613 5672 766 5728 nugo,
788 5664 1074 5728 pertingere.

536 5728 580 5795 ξς
614 5724 760 5795 main,
777 5724 816 5795 ,ὰ
837 5724 1183 5795 quo_’,-'__etmox,
1212 5738 1428 5795 perverse
1450 5737 1559 5774 cum
1574 5724 1698 5794 illan

532 5788 578 5820 ιι
608 5784 755 5852 itngo'
777 5784 860 5841 me
878 5784 1009 5838 addit
1035 5784 1401 5837 :Ctmrénienter
1422 5798 1535 5849 ergo
1569 5784 1730 5849 gratia
1766 5784 1924 5839 enim
1966 5798 2044 5837 re-

460 5849 680 5912 mandet.

1952 397 2316 463 APPE‘NDIX.

3640 409 3783 467 H50

2201 518 2341 573 biam
2368 519 2665 568 creaturam
2696 510 2786 567 Dei
2808 525 2866 566 se
2892 526 3016 568 esse
3035 520 3248 580 etopus
3276 510 3371 567 Dei
3398 526 3507 567 non
3536 515 3789 570 consida-

2202 602 2347 645 rans.
2378 583 2486 637 Deo
2515 582 2771 652 parilicari
2803 581 3000 646 voluit;
3042 582 3203 637 Maria
3249 592 3427 637 autem
3466 597 3568 638 suo
3599 582 3789 642 faetort

2202 656 2472 712 humiliter
2498 650 2556 707 se
2596 650 2831 708 subdens
2858 652 3105 708 ancillam
3146 668 3204 706 se
3246 653 3544 707 nominavit
3576 670 3591 706 :
3624 664 3680 709 et
3704 654 3787 709 id.

2198 727 2342 784 circo
2387 723 2472 778 illa
2511 722 2737 792 ahjecta.
2773 731 2830 777 et
2876 724 2987 777 hazc
3025 723 3190 777 electa
3222 732 3323 778 est.
3354 721 3655 792 Superbam
3692 728 3790 781 de-

2198 799 2391 866 spexit,
2413 792 2747 866 etihumilem
2775 795 3007 866 respexit
3040 813 3061 866 :i
3081 793 3131 847 id
3166 794 3305 866 quod
3332 793 3565 866 superba
3607 798 3790 861 perdi.

2198 862 2295 933 dit,
2329 864 2543 921 humilis
2590 865 2808 933 recepit.
2854 865 2974 917 ideo
3017 864 3111 929 ait,
3157 862 3401 925 Respexit
3441 865 3788 921 humilitatem

2197 938 2399 991 ancilhe
2426 936 2588 989 sute‘.
2614 933 2717 989 Sed
2740 935 2875 987 servi
2909 933 2998 988 Dei
3025 934 3311 1001 aliquando
3339 950 3460 988 cum
3489 937 3651 990 etiam
3682 936 3786 990 hu-

2198 1008 2472 1063 militatem
2515 1005 2727 1069 habent,
2762 1004 3180 1059 humiliationem
3212 1020 3315 1057 non
3364 1006 3599 1072 habent;
3643 1022 3784 1061 nun-

2196 1095 2353 1148 quam
2386 1092 2511 1148 vero
2539 1074 2959 1148 huniiliatiouem
2997 1075 3112 1129 sine
3140 1074 3457 1148 humilitate.
3492 1076 3785 1148 Humilita-

2196 1145 2302 1204 tem
2333 1148 2447 1202 sine
2478 1145 2839 1199 humiliatione
2866 1145 3079 1209 habent,
3120 1146 3208 1214 qui
3239 1146 3361 1200 licet
3389 1161 3573 1200 coram
3604 1147 3783 1202 homi-

2196 1219 2350 1273 nibus
2379 1217 2505 1271 foris
2530 1214 2879 1283 despicabiles
2918 1231 3022 1269 non
3065 1225 3376 1284 appareant,
3421 1216 3565 1271 intus
3598 1229 3780 1275 tamen

2195 1287 2510 1343 humilitatis
2551 1286 2796 1339 meritum
2827 1301 3004 1339 coram
3039 1285 3146 1338 Deo
3194 1287 3506 1341 inviolatum
3554 1301 3781 1343 conser-

2193 1370 2340 1413 vant.
2383 1358 2522 1426 Ergo
2566 1355 2726 1409 Maria
2755 1371 2873 1425 qua:
2918 1354 3056 1422 apud
3101 1356 3263 1426 Deum
3297 1356 3515 1411 humilis
3544 1367 3684 1424 erat,
3728 1369 3781 1415 et

2192 1429 2331 1498 apud
2373 1425 2615 1482 homines
2646 1436 2861 1494 propter
2888 1425 3053 1498 Deum
3084 1425 3313 1498 abjecta,
3338 1428 3401 1498 in
3448 1437 3678 1497 utroque
3722 1446 3781 1485 se

2193 1497 2314 1555 esse
2342 1505 2639 1569 respectant
2659 1504 2895 1569 testatur
2924 1514 2937 1550 :
2964 1497 3085 1569 quia
3112 1497 3308 1569 eteius
3336 1497 3613 1552 humilitas
3638 1500 3779 1569 apud

2200 1568 2363 1625 Deum
2402 1565 2739 1639 acceptabilis
2781 1568 2896 1632 fuit,
2926 1565 2995 1620 et
3022 1567 3138 1639 ejes
3166 1565 3463 1639 humiliatio
3507 1570 3650 1639 apud
3674 1565 3778 1624 ho-

2196 1640 2366 1694 mines
2392 1641 2443 1693 in
2465 1635 2685 1709 gloriam
2706 1644 3047 1692 commutata.
3078 1635 3232 1709 Unde
3251 1640 3495 1709 sequitur
3526 1635 3659 1693 {Ex
3682 1641 3777 1694 hoc

2194 1710 2389 1763 beatam
2428 1708 2504 1762 me
2535 1708 2699 1761 dicent
2728 1724 2897 1760 omnes
2921 1708 3283 1776 generationes.
3327 1708 3509 1777 Usque
3548 1710 3619 1763 ad
3652 1710 3777 1767 illud

2189 1778 2621 1860 apuddiomines
2675 1778 3032 1860 opprobrium.
3070 1777 3369 1860 sterilitatis
3421 1791 3771 1860 portaverat:

2188 1853 2310 1923 quia
2352 1848 3065 1923 iniegritatemvirginitatis
3101 1848 3258 1923 thoro
3301 1848 3531 1904 maritali
3561 1867 3769 1923 praepo-

2190 1917 2367 1975 nebat.
2402 1917 2506 1974 Sed
2549 1917 2688 1973 unde
2718 1918 2769 1971 in
2814 1918 2974 1990 priori
3002 1919 3346 1990 generatione
3390 1917 3597 1990 carnali
3624 1917 3775 1990 quasi

2187 1990 2577 2045 maledictionis
2626 1989 2942 2043 sententiam
2999 1988 3270 2050 sustinuit,
3329 1989 3454 2043 inde
3506 1988 3656 2044 nunc
3708 1995 3774 2047 ab

2187 2060 2333 2115 omni
2369 2058 2948 2130 generationemortali
2978 2057 3402 2130 benedictionem
3431 2060 3771 2115 collaudabi-

2186 2130 2309 2210 iiter
2342 2127 2576 2210 recepit'
2605 2147 2616 2181 :
2647 2127 2769 2210 qilia
2793 2127 2874 2210 ab
2902 2127 3048 2181 omni
3089 2130 3435 2198 generatione
3463 2146 3564 2200 pro
3594 2130 3774 2187 lructu

2176 2197 2513 2253 fecunditatis
2537 2211 2669 2251 mea:
2689 2197 2841 2251 beata
2869 2211 3050 2252 vocor.

2250 2268 2381 2335 Quia
2405 2267 2520 2337 fecit
2546 2264 2669 2320 mihi
2693 2281 2889 2337 megna
2904 2267 2989 2336 qui
3016 2274 3190 2337 potens
3212 2276 3305 2333 est,
3331 2277 3379 2321 et
3403 2279 3644 2324 sanctum
3662 2288 3761 2326 no.

2175 2334 2287 2391 men
2317 2334 2425 2407 ejus
2454 2336 2606 2409 (Luc.
2627 2351 2667 2401 ι,
2694 2334 2804 2405 49).
2845 2334 3087 2409 Magnum
3120 2334 3239 2409 iuit,
3268 2347 3324 2391 ut
3349 2340 3503 2409 virgo
3531 2342 3654 2396 sine
3682 2344 3761 2395 vi-

2176 2408 2258 2462 rili
2296 2406 2498 2462 semine
2540 2407 2703 2461 lilium
2750 2406 3075 2475 conciperet.
3121 2406 3363 2475 Magnum
3393 2406 3514 2473 fuit,
3559 2422 3621 2465 ut
3662 2412 3762 2467 Dei

2176 2477 2347 2548 Patris
2398 2477 2627 2548 Verbum
2666 2491 2826 2548 carne
2870 2490 2966 2529 sua
3003 2475 3459 2548 iindutumiutero
3497 2492 3758 2548 gestaret.

2174 2547 2415 2617 Magnum
2442 2546 2557 2613 fuit,
2591 2546 2789 2601 utdum
2816 2544 3142 2617 seiancillam
3167 2546 3411 2600 confessa
3442 2544 3615 2613 esset,
3645 2568 3759 2605 ma-

2174 2614 2436 2673 ter'lieret
2475 2618 2553 2672 sui
2580 2615 2932 2686 plasmatoris.
2986 2614 3085 2681 Qui
3112 2625 3285 2685 potens
3310 2626 3402 2686 est.
3434 2618 3572 2684 Quia
3612 2622 3757 2675 credi

2173 2698 2350 2759 potest
2393 2687 2508 2757 ejus
2552 2684 2822 2759 poientia,
2876 2684 3143 2759 potentem
3194 2684 3440 2741 confessa
3487 2698 3575 2744 est
3616 2694 3757 2746 :sed

2171 2754 2365 2828 quanta
2403 2754 2494 2812 aut
2520 2754 2690 2828 qualis
2717 2754 3091 2823 comprehendi
3119 2771 3221 2809 non
3252 2766 3444 2828 potest.
3493 2759 3757 2816 Uonl‘essa

2172 2826 2256 2883 est
2292 2826 2602 2899 potentiam,
2628 2826 2893 2880 discutere
2936 2840 3039 2879 non
3066 2827 3440 2899 praesumpsit;
3475 2830 3601 2897 quia
3629 2832 3753 2886 sciri

2172 2896 2601 2954 non'convenit'
2645 2903 2839 2966 quanta
2888 2904 2991 2961 est,
3032 2896 3155 2966 quia
3198 2896 3401 2950 infinita
3446 2896 3552 2952 est.
3582 2900 3756 2955 Omne

2170 2969 2310 3038 quod
2341 2968 2580 3038 praevidit
2621 2981 2680 3039 se
2715 2967 2990 3039 facturum,
3037 2966 3188 3039 facit;
3223 2981 3335 3039 nec
3378 2967 3581 3037 aliquid
3612 2972 3754 3039 quod

2170 3034 2276 3109 non
2303 3034 2543 3109 praevidit
2572 3037 2682 3091 ﬁeri
2711 3050 2815 3090 non
2836 3034 3076 3109 dubium,
3096 3036 3188 3089 sed
3215 3036 3327 3090 lieri
3355 3034 3587 3093 necesse
3610 3034 3692 3095 est
3708 3043 3748 3090 δ.

2168 3105 2327 3163 Maria
2356 3124 2458 3163 non
2494 3109 2587 3172 ait,
2635 3108 2687 3160 in
2717 3120 2774 3161 se
2798 3114 2963 3178 ;_aut_,
3007 3105 3063 3178 in
3093 3120 3212 3178 me;
3243 3118 3355 3178 aut,
3391 3123 3490 3176 per
3517 3126 3605 3163 tne
3635 3112 3756 3178 fecit

2168 3195 2352 3249 magna
2374 3194 2393 3232 :
2418 3178 2511 3249 sed
2539 3178 2725 3247 inquit,
2751 3175 2894 3249 milii.
2916 3174 3065 3249 Quod
3085 3177 3229 3249 enim
3253 3174 3403 3249 inea
3420 3179 3488 3231 ad
3512 3174 3751 3235 omnium

2168 3245 2391 3305 salutem
2436 3245 2632 3302 factum
2677 3256 2777 3308 est,
2824 3245 3240 3315 hoc’privilegio
3289 3247 3632 3303 dilectionis'
3683 3251 3751 3306 ad

2168 3318 2282 3389 ejus
2308 3320 2525 3387 gloriam
2549 3317 2887 3387 singulariter
2913 3325 2995 3389 est
3015 3316 3339 3389 ordinatum.
3360 3315 3429 3389 Et
3449 3318 3574 3373 ideo
3593 3321 3747 3388 dixit,

2166 3386 2572 3459 niagna‘2quia
2616 3386 2934 3459 mysterium
2964 3387 3341 3459 incarnationis
3371 3386 3536 3459 Verbi
3583 3386 3749 3459 super

2166 3455 2342 3514 omnia
2391 3455 2600 3529 constai
2644 3455 2763 3512 esse
2802 3455 3086 3511 ineffabile.
3135 3455 3277 3529 Nihil
3321 3458 3467 3529 enim
3515 3455 3749 3529 unquam

2165 3535 2333 3599 magis
2361 3530 2551 3583 mirum
2578 3527 2905 3599 factumest,
2920 3540 3086 3599 quam
3118 3536 3176 3580 ut
3207 3526 3346 3599 Deus
3376 3528 3532 3583 tieret
3562 3526 3747 3598 hemo,

2165 3607 2221 3654 et
2259 3596 2452 3653 natura
2508 3596 3067 3667 incomprehensibilis
3100 3598 3341 3667 corporis
3392 3596 3747 3655 substantiam

2164 3669 2263 3723 sibi
2293 3671 2370 3724 sic
2399 3670 2591 3730 uniret,
2633 3676 2689 3722 ut
2716 3681 2815 3722 nec
2842 3667 3015 3737 minus
3058 3666 3108 3719 in
3139 3666 3205 3720 ea
3231 3675 3397 3733 esset,
3435 3669 3562 3737 quia
3607 3671 3659 3723 in
3690 3686 3750 3725 se

2164 3751 2279 3793 erat
2308 3740 2597 3804 immensa;
2625 3752 2723 3792 nec
2751 3737 2925 3791 minor
2949 3736 3001 3791 iu
3029 3751 3089 3791 se
3118 3737 3391 3807 existeret.
3420 3736 3547 3807 quia
3576 3741 3629 3793 in
3655 3741 3746 3796 illa

2164 3808 2297 3863 fuit"
2328 3817 2524 3863 creata.
2557 3809 2681 3863 llazc
2707 3822 2834 3877 ergo
2859 3816 2983 3861 sunt
3019 3822 3229 3876 magna.
3259 3806 3326 3860 Et
3364 3806 3489 3862 ideo
3516 3822 3746 3864 sanctum

2164 3895 2343 3933 nomen
2368 3880 2493 3948 ejus.
2526 3878 2659 3944 Quid
2687 3886 2770 3932 est
2795 3892 2995 3948 nomen
3007 3876 3157 3944 ejus?
3187 3877 3346 3931 Fama
3374 3878 3493 3946 ejus
3524 3879 3626 3947 (a).
3649 3881 3745 3935 No-

2163 3964 2284 4004 men
2312 3946 2449 4018 ejus,
2488 3949 2718 4017 c0gniti0
2746 3948 2860 4016 ejus
2890 3964 2903 4000 :
2929 3946 3081 4012 ﬁdes,
3117 3962 3311 4001 nomen
3337 3948 3473 4017 ejus.
3506 3946 3622 4003 Hoc
3649 3966 3745 4004 no-

2161 4034 2282 4073 men
2299 4031 2538 4073 sanetum
2564 4028 2646 4071 est
2662 4032 2782 4072 cum
2810 4018 3029 4082 sanctis;
3051 4033 3170 4072 cum
3194 4018 3395 4071 sanctis
3414 4018 3676 4087 gloriatur
3696 4022 3740 4087 ⁸,

2161 4104 2189 4141 a
2215 4090 2413 4143 sanctis
2434 4088 2779 4151 benedicitur,
2811 4101 2840 4139 a
2870 4087 3133 4155 perversis
3154 4086 3557 4154 blasphematur
3581 4107 3595 4143 :
3622 4086 3742 4155 quia

2160 4159 2285 4213 dum
2318 4159 2545 4213 Verbum
2581 4159 2633 4229 in
2660 4172 2821 4229 carne
2860 4157 3115 4221 nascitur,
3154 4157 3322 4227 gloria
3350 4158 3444 4213 Dei
3474 4174 3574 4229 per
3610 4157 3741 4216 Ver-

2160 4230 2283 4285 bum
2306 4230 2359 4283 in
2384 4228 2685 4281 hominibus
2710 4227 3027 4280 declaratur.

2235 4299 2299 4352 Et
2326 4298 2795 4378 misericordie‘ejus
2822 4297 3116 4378 a'progenie
3142 4297 3197 4350 in
3226 4298 3490 4378 progenies
3519 4300 3739 4353 timend-

2161 4368 2249 4423 lms
2268 4385 2377 4421 eum
2400 4366 2717 4438 (lbid.,50).’
2748 4366 2944 4438 Μεινίῳ,
2973 4366 3186 4436 inquam
3206 4407 3222 4430 ,
3256 4367 3399 4428 fecit,
3428 4384 3536 4421 non
3570 4378 3740 4427 tamen

2158 4437 2511 4508 singulariter,
2527 4439 2619 4492 sed
2636 4438 2722 4491 uni
2745 4437 3091 4508 excellenter:
3114 4447 3477 4508 verumtamen
3497 4442 3740 4495 omnibus

2160 4506 2484 4563 timentibus.
2540 4508 2706 4562 Nemo
2741 4522 2769 4559 a
2808 4507 2975 4575 gratia
3023 4506 3321 4561 excluditur
3348 4509 3390 4560 ’.
3450 4508 3739 4564 Potentiam

2160 4579 2274 4649 fecit
2292 4580 2345 4631 in
2370 4578 2571 4649 brachio
2596 4594 2704 4649 suo,
2736 4577 2969 4649 dispersit
2996 4578 3234 4649 superbos
3258 4589 3423 4631 mente
3441 4581 3614 4633 cordis
3643 4582 3737 4635 sui.

2162 4646 2350 4718 (Ibid,
2376 4648 2487 4718 51).
2508 4647 2630 4703 Haec
2655 4648 2742 4701 illa
2761 4647 3141 4718 misericordia.
3167 4663 3324 4715 quam
3346 4649 3661 4703 timentibus
3685 4666 3740 4705 se

2158 4716 2396 4773 exhibuit
2441 4716 2612 4772 Deus:
2644 4719 2764 4785 quia
2800 4716 3035 4788 Verbum
3056 4731 3223 4788 suum
3271 4732 3367 4788 per
3411 4730 3739 4788 assumptam

2157 4803 2370 4842 carnem
2401 4789 2453 4841 in
2488 4788 2627 4842 hunc
2655 4787 2909 4841 mundum
2949 4787 3110 4851 misit,
3145 4797 3199 4839 ut
3228 4802 3325 4854 per
3349 4787 3527 4856 ipsum
3555 4787 3740 4844 aereas

2158 4867 2445 4927 potestates
2470 4858 2667 4925 potenti
2698 4859 2890 4910 virtute
2916 4857 3237 4927 dcbellareti
3273 4865 3330 4910 et
3356 4873 3529 4926 genus
3555 4859 3740 4912 huma-

2158 4924 2282 4983 num
2309 4930 2376 4981 ab
2399 4924 2581 4982 earum
2604 4936 2862 4995 potestate
2890 4927 3194 4997 redimeret.
3217 4924 3319 4993 Ipsi
3346 4924 3492 4981 enim
3521 4931 3735 4997 superbi

2155 5007 2299 5062 sunt,
2322 5012 2455 5067 quos
2469 4998 2718 5067 dispersit
2738 4997 2896 5062 Deus,
2921 4996 3139 5066 ejiciens
3159 5011 3254 5052 eos
3276 4998 3418 5053 foras
3443 5013 3475 5052 a
3493 4996 3736 5056 cordibus

2217 5176 2236 5206 ³
2269 5172 2491 5231 Quadam
2509 5172 2587 5244 hie
2608 5187 2670 5223 ex
2701 5180 2902 5284 Hugpne
2924 5171 3208 5234 supplenda.

2217 5237 2236 5267 ¹
2268 5241 2420 5284 Huao.
2453 5242 2623 5284 merita
2645 5234 2757 5284 bene
2796 5241 2965 5284 tctzone
2992 5232 3208 5284 collauda

2215 5237 2236 5307 ξ
2268 5241 2420 5307 litigo,
2438 5233 2623 5307 merita
2645 5232 2965 5307 benedictione
2985 5232 3296 5284 collaudatur
3325 5246 3343 5283 :
3377 5244 3482 5285 tum
3522 5237 3733 5301 quaedam

2154 5296 2301 5345 habet
2325 5295 2400 5345 hic
2420 5295 2755 5345 desideranda.

2217 5358 2238 5419 ν
2270 5365 2420 5419 Hugo,
2454 5369 2545 5405 non
2568 5362 2731 5418 potest.

2214 5418 2237 5451 ⁸
2269 5417 2377 5467 Haec
2398 5419 2503 5481 luse
2526 5417 2650 5481 apud
2671 5425 2921 5481 nugonem
2934 5423 3220 5479 pertractata
3234 5417 3457 5467 consule.

2215 5482 2236 5511 ⁵
2268 5486 2418 5537 nugo,
2442 5478 2696 5529 electioms.

2216 5541 2236 5570 ⁸
2270 5537 2397 5589 Adde
2421 5554 2485 5589 ex
2509 5549 2726 5602 Hugone,
2748 5551 2837 5589 nec
2850 5537 3041 5589 addidit
3064 5537 3243 5601 qualia.

2214 5603 2234 5635 τ
2268 5609 2418 5663 nugo,
2439 5602 2597 5663 fuerat
2618 5607 2732 5650 tota.
2764 5660 2773 5663 _
2858 5659 2867 5663 _
2932 5658 2977 5663 __

2214 5615 2230 5635 τ
2269 5615 2418 5665 nugo,
2439 5615 2597 5663 [uerat
2618 5615 2732 5650 ιοια.

2156 5724 2167 5735 .
2215 5663 2238 5695 ⁸
2270 5671 2420 5735 nugo,
2446 5662 2553 5735 quia
2571 5676 2603 5712 a
2622 5660 2797 5713 sanctis
2818 5658 3146 5724 gloriﬁcatur;
3176 5667 3278 5709 tum
3308 5660 3529 5723 quaedam
3551 5662 3628 5711 hic
3658 5672 3725 5711 ex

2154 5724 2256 5786 ipso
2277 5722 2557 5786 supplenda.
2818 5722 2837 5724 ’⁷
2943 5722 2950 5724 ‘
3110 5780 3119 5790 _

2213 5786 2234 5848 '_
2270 5783 2410 5848 μηδεν
2434 5781 2700 5848 timentibus
2719 5781 2905 5848 M90159
2920 5782 3218 5848 ἐπικαίων-

2215 5845 2289 5907 (a)
2315 5846 2412 5897 vid.
2437 5844 2520 5896 lib.
2545 5846 2610 5896 de
2628 5844 2822 5909 Septem
2847 5846 2991 5895 vitiis.
