3992 6528
448 463 582 521 H325

452 577 659 649 [iteminl
687 575 979 649 alterutrum
1006 579 1208 649 peccata
1235 577 1411 649 vestra.
1424 563 1621 634 (Jacobi
1658 579 1713 622 v.
1745 560 2018 649 16),lq_uo-

452 634 613 704 inudo
652 634 1045 715 compleretur'?
1074 642 1209 715 lirgo
1235 638 1535 715 cicatricum
1566 649 1769 715 tuarum
1802 634 2019 715 arbiter,

455 703 545 773 Dei
577 718 721 779 vice,
753 703 996 767 dominus
1026 703 1665 779 adhibeaturpreshyter,
1698 712 1751 759 et
1774 703 1947 757 revela
1972 703 2022 779 ei

452 772 561 841 vias
589 772 747 841 tuas':
774 794 828 839 et
866 784 979 853 ipse
1019 780 1111 836 tibi
1150 772 1423 834 exhibebit
1452 772 1744 830 antidotum
1778 772 2020 828 recouci~

451 857 700 915 liationis.

522 924 745 981 CAPUT
786 923 851 977 γ.
891 918 1228 988 Confessionis
1266 916 1495 985 qua’dam
1528 914 1697 988 praxis
1723 912 2021 988 deceptioso.

457 997 634 1061 Qualis
674 1012 778 1048 esse
820 982 1013 1045 debeat.
1050 982 1423 1061 Confessionent
1451 982 1711 1061 comitetur
1741 982 2027 1061 paenitentia

456 1053 504 1122 2:
546 1068 716 1119 odium
757 1064 977 1133 peccati.
1014 1053 1503 1133 Neqti'eusjquidem,
1534 1054 1684 1133 sicuti
1715 1054 1925 1133 quidam
1953 1053 2027 1133 la-

455 1140 601 1192 ciunt
624 1178 639 1203 ,
681 1123 800 1189 cuin
846 1123 1393 1203 quadam__calliditate
1414 1124 1729 1203 _all_oqu_arisp
1754 1123 2028 1203 presbyte—

458 1224 572 1262 rmn
603 1193 877 1274 tquoniam'
892 1202 1017 1274 talis
1042 1199 1287 1274 allocutio
1314 1199 1383 1274 tui
1413 1197 1576 1274 ipsius
1602 1193 1737 1274 foret
1760 1193 2023 1274 deceptio.

458 1262 731 1331 Accedunt
771 1272 1027 1341 siquidem
1066 1268 1350 1341 deceptiosi
1390 1262 1454 1320 ad
1486 1264 1788 1341 sacerdotes
1807 1301 1836 1341 ,_
1856 1262 1923 1315 ita
1950 1262 2028 1315 eis

460 1344 809 1418 prmsentibus
836 1332 1223 1418 'c_onlit_entes_':
1252 1338 1358 1418 Ego
1390 1343 1634 1418 peccator
1653 1374 1668 1397 ,
1699 1332 1910 1418 domine
1939 1346 2025 1418 sa-

458 1401 666 1476 cerdos,
692 1413 901 1484 peccavi
927 1407 1266 1484 periurando,
1288 1401 1633 1484 adulterando
1657 1445 1671 1484 τ
1698 1401 2026 1484 fornicando,

459 1474 726 1540 hominem
754 1474 1065 1541 occidendo,
1090 1476 1411 1536 mentiendo,
1436 1474 1765 1543 sacrilegium
1787 1474 2033 1543 conimit-

461 1555 645 1617 temlo,
677 1550 933 1613 iurando,
966 1549 1235 1618 rapiendo.
1266 1546 1388 1600 llzec
1416 1542 1880 1618 omniaconimisi,
1908 1556 2026 1618 inea

459 1611 652 1694 culpa,
697 1622 779 1676 vel
820 1611 979 1689 opere
1004 1611 1129 1681 {vel
1165 1620 1459 1694 voluntate.
1493 1612 1690 1694 Itanisti
1714 1614 1877 1666 Deum
1907 1611 2029 1664 irri-

461 1683 670 1757 dentes,
687 1708 806 1747 cum
835 1683 1008 1745 tamen
1036 1704 1138 1741 non
1165 1686 1432 1750 irridetur,
1447 1683 1763 1757 conﬁtentur
1784 1697 1902 1757 qua;
1925 1696 2028 1757 non

465 1750 705 1820 fecerunt
734 1761 1133 1829 interpolantes,
1161 1758 1388 1829 revelata
1420 1754 1681 1829 velantes;
1714 1763 1771 1805 nt
1795 1750 2027 1829 sit_idem

464 1837 515 1889 in
547 1834 732 1890 eodem
762 1821 1029 1901 peccatum
1056 1821 1373 1901 denudasse,
1407 1833 1460 1878 et
1487 1823 1812 1901 denudatum
1827 1821 2029 1901 obum-

464 1904 643 1959 brasse
666 1945 680 1967 ,
710 1893 776 1957 de
802 1916 906 1975 quo
934 1898 1180 1975 socerdos
1210 1906 1332 1950 tunc
1358 1895 1607 1975 incertior
1629 1893 1878 1975 recedit,
1908 1906 2028 1944 cum

462 1984 603 2029 certa
637 1960 837 2026 incerte
864 1970 1107 2042 audierit.
1139 1967 1362 2042 0_q_uatn
1393 1964 1524 2042 bene
1547 1972 1601 2018 et
1621 1964 1765 2042 jus_te_
1788 1960 2031 2042 hujusce-

464 2044 605 2098 modi
645 2042 892 2097 versutiis
922 2037 1168 2093 sacerdos
1198 2032 1287 2090 ille
1315 2035 1648 2099 consuleret,
1681 2034 1722 2087 si
1751 2032 1833 2085 his
1858 2032 2031 2086 omni-

464 2113 560 2167 bus
590 2129 707 2182 quze
735 2111 968 2175 audivit,
996 2108 1248 2178 judicium
1281 2120 1431 2182 suum
1460 2111 1769 2182 apponeret,
1801 2100 2029 2182 etquasi

465 2171 621 2237 reuni
655 2183 721 2237 de
760 2171 1014 2235 omnibus
1036 2175 1353 2243 competenti
1384 2174 1712 2243 correctione
1742 2171 2025 2243 multaret,

502 2254 549 2305 ni
581 2268 637 2307 se
664 2253 730 2306 de
757 2251 1033 2313 omnibus,
1066 2241 1193 2300 nihil
1225 2244 1493 2312 excipiens
1517 2284 1533 2308 ,
1566 2242 1697 2313 nihil
1723 2257 1789 2313 ex
1816 2241 2029 2295 nomine

502 2271 549 2305 Ill
581 2269 637 2307 se
664 2269 730 2306 ae
757 2269 1033 2313 omnibus,
1066 2269 1193 2300 llllltl
1225 2269 1493 2312 excutiens
1517 2284 1533 2308 ,
1566 2269 1691 2295 ιιιιιιι
1723 2269 1789 2295 ελ
1816 2269 2029 2295 uult-mc

463 2269 736 2391 detegens,
768 2317 1265 2391 semetiniamando
1290 2329 1564 2384 aggressus
1590 2312 1703 2367 est!
1731 2312 1874 2391 Dona
1900 2326 2031 2379 quo-

463 2409 565 2463 que
589 2381 886 2446 inordinate
908 2388 1249 2463 dispensavit,
1273 2381 1470 2439 et't'unc
1492 2399 1593 2437 non
1616 2392 1729 2463 erat
1754 2381 1836 2435 his
1858 2382 2025 2463 locus,

464 2451 519 2517 ἐι
555 2464 932 2538 temperantior
968 2451 1122 2538 locus.
1141 2464 1283 2538 esset
1312 2470 1415 2538 quo
1438 2453 1751 2538 generalem
1788 2451 2028 2538 morbum

463 2522 681 2587 medico'
695 2532 941 2600 detegere
968 2528 1272 2604 debuisset,
1301 2522 1343 2604 si
1372 2522 1517 2594 prius
1542 2523 1781 2604 vulnera,
1811 2522 2026 2604 livores,

465 2605 645 2671 plagas
673 2594 934 2654 tumentes
960 2600 1057 2653 sibi
1085 2596 1412 2667 singillatim,
1441 2603 1595 2665 prout
1622 2594 1830 2663 gravius
1856 2594 2029 2646 visce-

465 2673 611 2727 ribus
641 2672 923 2733 instabant,
954 2671 1320 2724 eviscerasset.

535 2742 612 2795 Tu
651 2757 777 2795 vero
801 2782 816 2805 ,
851 2730 921 2794 [ili
952 2740 1059 2804 mi,
1093 2754 1196 2791 non
1227 2738 1297 2790 ita
1325 2736 1483 2790 l‘aeies
1506 2776 1521 2801 ,
1554 2732 1800 2804 quoniam
1832 2730 2029 2805 saniori

464 2812 685 2866 consilio
720 2802 1017 2865 crediturus
1038 2802 1115 2862 es.
1141 2810 1411 2861 Astantem
1434 2802 1611 2858 coram
1635 2811 1685 2857 te
1702 2802 2027 2856 sacerdotem

464 2884 706 2951 angelum
750 2881 843 2935 Dei
880 2879 1143 2951 existima.
1179 2876 1338 2951 _Lab_ia
1374 2875 1586 2946 quidem
1623 2873 1929 2951 sacerdotis,
1958 2873 2031 2927 ait

468 2943 747 3007 Ma'lacliias
767 2993 781 3012 ,
810 2949 1094 3004 custodiunt
1118 2943 1411 3008 scientiam,
1443 2954 1486 2999 et
1511 2951 1666 3014 legem
1688 2943 1946 3014 requirunt
1970 2958 2032 3014 ea:

465 3039 549 3075 ore
575 3024 700 3091 ejus.
732 3022 949 3091 Angelus
974 3020 1106 3072 enim
1131 3016 1335 3091 D_omini
1359 3012 1663 3091 exercituum
1687 3022 1757 3091 est
1778 3012 2027 3091 (Molacli.

467 3109 522 3158 ιι,
553 3082 630 3163 Ἱῖ.
675 3093 740 3146 Et
778 3082 896 3163 cum
935 3104 1035 3163 qua
1066 3098 1119 3142 et
1151 3088 1312 3163 Deum
1344 3094 1399 3139 et
1436 3085 1681 3163 angelum
1712 3084 1829 3163 ejus
1854 3082 2026 3163 decet,

465 3152 759 3217 reverentia
785 3162 873 3216 Dei
899 3152 1196 3213 ministrum
1217 3155 1398 3210 allare.
1425 3152 1581 3221 Aperi
1607 3154 1652 3207 ei
1676 3152 2029 3223 penetralium

468 3243 678 3286 tuorum
702 3231 1025 3285 abditissima
1053 3226 1287 3290 latibula,
1312 3223 1755 3279 conscientiarum
1777 3237 2030 3278 verecun-

465 3303 647 3357 darum
681 3300 935 3374 penitiora
966 3297 1145 3374 revela
1167 3296 1433 3366 repagula.
1470 3294 1583 3374 l_Vo_n
1607 3302 1675 3374 ,ιε
1718 3293 1907 3374 pudeat
1936 3307 2028 3348 co.

467 3388 577 3450 ram
600 3361 722 3450 _u|io
764 3370 939 3426 dicere
962 3366 1147 3450 ,_quod
1185 3361 1244 3420 te'
1264 3361 1370 3450 ιιὸὲ
1394 3364 1577 3450 puduit
1604 3361 1822 3417 forsitan
1851 3376 2029 3450 coram

469 3442 646 3496 multis
672 3450 724 3495 et
751 3456 867 3499 cum
897 3434 1074 3493 multis
1102 3436 1296 3491 facere.
1327 3434 1457 3489 Nam
1486 3435 1773 3488 humanum
1798 3440 1881 3486 est
1912 3449 2033 3499 pec-

467 3527 608 3576 care,
640 3511 984 3565 christianum
1015 3516 1095 3562 est
1119 3522 1147 3560 a
1175 3514 1389 3575 peccato
1412 3503 2029 3576 desistere,odiabolicum

467 3592 549 3636 est
586 3572 944 3650 perseverare.
990 3579 1127 3650 Ergo
1155 3572 1271 3650 quae
1300 3584 1530 3650 mentem
1561 3572 2029 3650 grav-insumer-

467 3641 600 3707 bant
622 3650 872 3711 facinora,
907 3649 1001 3703 Dei
1031 3641 1218 3715 angelo
1246 3645 1517 3699 manifesta
1548 3641 1720 3715 {nihil
1746 3642 2029 3715 obscurum

466 3722 668 3781 dicens,
713 3721 921 3789 culpam
965 3713 1122 3789 nullis
1162 3716 1470 3785 ambagibus
1513 3714 1820 3789 involvens,
1867 3713 2027 3789 nullis

466 3782 860 3847 circuitionibus
895 3788 1036 3857 quod
1075 3801 1255 3839 verum
1294 3782 1375 3857 est
1403 3787 1667 3857 operiens.
1700 3782 2029 3857 Designanda

465 3863 622 3916 etiam
653 3870 775 3915 sunt
811 3861 860 3914 in
887 3852 1078 3928 quibus
1104 3855 1331 3926 peccasti
1353 3852 1474 3928 loca
1498 3894 1513 3917 ,
1542 3854 1598 3928 si
1613 3852 1909 3907 recordaris
1933 3893 1956 3928 ,_
1977 3863 2032 3908 et

468 3941 735 4003 tempora;
768 3946 886 4003 cum
906 3924 1122 3997 'quibus'
1138 3926 1367 4003 peccasti
1390 3924 1651 4003 personis.
1681 3938 1787 3976 non
1815 3924 2028 4003 nomina

467 3994 697 4071 ipsarum
723 3994 739 4066 ,
770 3994 1013 4053 etiam'ut
1038 4012 1068 4071 a_
1098 3994 1314 4065 peccato
1338 3994 1594 4071 desistant
1611 4002 1832 4071 secreto
1856 3994 2027 4047 corri-

464 4064 633 4141 genda
665 4064 1025 4141 litniiliari‘tas;
1057 4064 1113 4141 in
1136 4065 1492 4141 quapeccasti
1523 4064 1698 4117 labilis
1726 4072 1855 4141 aetas
1879 4104 1894 4127 ,
1923 4078 2030 4131 quo

462 4132 629 4211 gradu
660 4140 769 4211 jam
798 4138 1045 4193 Ecclesia
1071 4132 1423 4211 inserviebas;
1456 4144 1629 4187 utrum
1654 4132 1842 4211 semei,
1869 4148 1936 4186 au
1964 4148 2028 4187 ex

465 4202 881 4271 consuetudine;
934 4216 1108 4260 utrum
1153 4205 1488 4264 necessitate,
1540 4217 1606 4256 an
1649 4202 2029 4271 exrvoluntate

464 4280 704 4334 cecidisti
734 4296 747 4332 :
777 4270 875 4331 his,
901 4278 1039 4329 enim
1076 4273 1318 4329 omnibus
1356 4287 1448 4326 sua
1489 4272 1686 4326 instant
1720 4270 1933 4338 judicia.
1974 4272 2029 4327 Si

468 4350 608 4414 enim
637 4349 688 4406 iu
707 4346 918 4416 iudiciis
940 4343 1283 4416 sarcularibus
1301 4358 1331 4416 a
1353 4342 1482 4416 locis
1504 4342 1614 4416 loda
1638 4340 2025 4416 discernuntur,

465 4410 808 4472 alia'cens'ura
832 4415 1125 4469 vindicatur
1143 4412 1479 4465 homicidium
1508 4412 1561 4465 in
1581 4411 1718 4480 regis
1737 4410 1904 4475 curia,
1926 4412 2027 4466 alia

468 4488 519 4539 in
564 4486 654 4548 via
691 4485 897 4555 publiea
923 4484 1099 4555 ,__alia_
1122 4482 1173 4535 in
1203 4482 1409 4555 agresti
1434 4481 1589 4555 villa;
1616 4481 1895 4555 aliquando
1932 4495 2029 4555 pro

451 4544 707 4624 'tempojre
739 4551 1063 4624 temporibus
1087 4544 1371 4624 ignoscitur
1396 4549 1651 4624 infantizr,
1678 4544 1908 4605 defertur
1931 4544 2030 4604 ali-

468 4615 692 4684 quaitdo
722 4615 1015 4684 senectuti,
1046 4615 1167 4684 quia:
1200 4615 1375 4668 media
1403 4615 1647 4670 defervet
1682 4626 1815 4672 mtas
1847 4635 2038 4676 severa

467 4683 1018 4749 cohibetur-habena;
1042 4683 1093 4737 in
1113 4684 1452 4739 solemnibus
1473 4688 1780 4755 principum
1806 4691 1821 4722 ³
1850 4692 2044 4745 natali-

468 4755 561 4808 tiis
576 4754 1078 4823 perpetrata,feroci
1101 4756 1412 4823 plectuntur
1427 4754 1748 4813 exterminio
1767 4761 2045 4816 facinora:

469 4823 552 4879 sic
576 4836 629 4880 et
647 4832 841 4878 caetera
864 4836 1070 4895 quanto
1087 4826 1519 4883 districtioribns
1546 4829 1881 4885 eliminanda
1912 4842 2042 4886 sunt

470 4895 1063 4968 animadversionibus.
1088 4897 1141 4951 in
1172 4898 1308 4952 locis
1333 4898 1442 4952 Deo
1465 4900 1719 4961 sacratis.
1742 4901 1796 4954 in
1831 4909 2044 4968 tempo-

468 4965 627 5040 ribos
653 4965 807 5021 festis
825 4967 944 5040 Deo
968 4968 1187 5031 dicatis,
1210 4969 1265 5021 in
1292 4975 1451 5040 aetate
1472 4971 1809 5037 diseretiori,
1830 4971 1884 5025 in
1915 4965 2042 5040 per-

470 5036 621 5110 souis
650 5038 872 5110 proprie
915 5038 1023 5110 Deo
1051 5040 1336 5110 delegatis,
1359 5039 1415 5093 in
1458 5040 1717 5109 gradibus
1745 5036 2042 5097 cummissa

470 5106 923 5183 sublimioribus_._
944 5107 1136 5165 Nonne
1154 5106 1240 5166 cui
1267 5110 1387 5178 plus
1405 5106 1790 5175 committitur.
1817 5112 1942 5183 plus
1975 5113 2044 5167 ab

470 5192 538 5230 eo
567 5178 849 5246 exigitur?
879 5179 1074 5235 Nonne
1108 5183 1289 5236 minus
1313 5188 1400 5236 est
1434 5183 1706 5237 hominem
1740 5178 2037 5246 occidisse,

469 5262 633 5315 quam
660 5249 949 5324 homines}
987 5249 1180 5307 Nonne
1207 5252 1384 5324 levius
1415 5262 1499 5308 est
1530 5254 1694 5307 semel
1716 5253 2040 5324 deliquisse,

469 5332 632 5385 quam
650 5320 893 5394 centies?
910 5321 1103 5394 Nonne
1113 5322 1433 5379 celeriorem
1451 5326 1812 5394 consequitur
1829 5320 2040 5379 veniam

468 5401 535 5441 ex
569 5391 899 5465 necessitate
933 5393 1223 5462 cecidisse,
1278 5409 1446 5465 quam
1490 5409 1558 5449 ex
1603 5391 1936 5452 voluntate?
1972 5394 2041 5450 Et

469 5461 723 5526 quamvis
755 5460 1082 5536 ubicumque
1112 5460 1390 5528 peccetur,
1416 5476 1696 5534 peccatum
1730 5481 1946 5536 semper
1971 5466 2042 5520 sit

469 5538 776 5607 peccatum,
794 5531 1006 5607 nullum
1021 5543 1255 5603 tempus,
1275 5531 1428 5589 nulla
1441 5544 1595 5595 aetas.
1614 5538 1759 5591 nulla
1786 5531 2038 5607 persona,

472 5600 655 5676 nullus
675 5603 825 5676 locus
842 5604 1053 5656 muniat
1062 5600 1376 5676 peccantem
1391 5622 1422 5659 a
1446 5618 1699 5676 peccato;
1725 5600 1905 5661 tamen
1926 5600 2040 5661 haec

470 5668 654 5748 utnnia
690 5670 851 5748 modo
892 5687 1003 5748 suo
1040 5668 1386 5748 discutienda
1433 5668 1581 5742 sunt,
1619 5668 1880 5748 quoniam
1923 5676 2040 5733 haec

470 5741 652 5795 omnia
681 5741 844 5795 modo
860 5743 1203 5812 corripienda
1223 5754 1276 5799 et
1290 5741 1613 5818 corrigenda
1633 5741 1783 5804 Sunt.
1808 5749 1933 5804 Haec
1945 5764 2042 5802 an-

528 5881 545 5912 ⁸
573 5880 723 5941 Alias,
747 5872 1007 5946 praecipue.

1905 446 2239 504 APPENDIX

3581 451 3700 507 “5'3

2132 573 2237 637 tem
2268 566 2444 622 omnia
2469 607 2485 627 .
2529 583 2647 637 quae
2672 566 2717 623 si
2753 575 3043 631 taceantur,
3084 565 3169 624 vel
3195 566 3338 622 dicta
3377 564 3572 621 callide
3598 569 3700 636 pal-

2128 634 2344 698 lientnr,
2373 634 2600 691 animant
2624 638 2895 707 jngulant;
2927 638 2970 692 si
2999 637 3357 702 denudentur,
3391 651 3516 691 cum
3546 634 3699 705 poeni-

2130 707 2289 759 tentia
2323 719 2663 762 evanescunt.
2701 707 2758 761 ln
2785 708 3005 761 nihilum
3033 707 3320 767 redigenda
3347 707 3540 761 ordine
3568 722 3700 761 com-

2130 777 2324 844 petenti
2375 793 2734 846 prosequere,
2787 779 2904 832 sine
2953 776 3429 833 circumlocutione
3472 776 3701 831 edissere

2131 854 2344 914 peccata
2372 864 2465 916 pro
2487 848 2709 908 viribus.
2741 848 2846 902 imo
2868 847 3089 902 viriliter
3106 848 3403 915 exstirpare
3425 846 3699 902 contende.

2132 916 2274 989 lleu!
2305 918 2697 989 cnrAerubeseis
2718 918 2977 981 conﬁleri,
3010 918 3151 989 quod
3179 918 3354 989 facere
3376 932 3701 989 nequaquam

2130 987 2426 1040 erubuisti'.’
2475 987 2657 1041 Melius
2686 999 2767 1042 est
2795 990 2810 1020 ¹
2840 987 3159 1041 εοιτιιιιιιιιο
3197 988 3585 1056 aliquantulum
3625 1003 3702 1041 ru-

2131 1055 2275 1127 boris
2303 1058 2544 1119 tolerare,
2582 1073 2735 1125 quam
2770 1058 2820 1111 in
2847 1058 2933 1111 die
2960 1058 3137 1127 iudicii
3166 1055 3345 1112 coram
3370 1067 3449 1110 tot
3476 1057 3703 1113 millibus

2133 1125 2404 1180 hominum
2434 1128 2577 1196 gravi
2603 1127 2819 1197 depulsa
2846 1125 3153 1183 dendtatum
3178 1129 3475 1183 tabescere.

2203 1197 2595 1251 Confessionem
2620 1207 2759 1250 tuam
2784 1199 3091 1265 paenitentia
3113 1198 3430 1252 comitetur:
3456 1197 3701 1267 quoniam

2132 1265 2201 1340 ita
2234 1267 2323 1320 tibi
2354 1269 2649 1340 remittetur
2674 1268 2921 1337 iniquitas
2948 1278 3055 1322 tua.
3084 1269 3149 1322 Et
3173 1310 3186 1333 ,
3219 1267 3359 1321 Beati
3383 1265 3605 1340 quorum
3629 1285 3703 1322 re-

2131 1336 2295 1408 missa:
2331 1350 2445 1390 sunt
2485 1336 2803 1406 iniquitates,
2839 1348 2882 1392 et
2923 1355 3133 1408 quorum
3165 1347 3293 1391 tecta
3344 1336 3461 1391 sunt
3510 1349 3704 1406 peccata

2132 1406 2303 1489 (Βίας.
2335 1424 2482 1489 xxxi,
2509 1409 2585 1478 l).
2612 1408 2816 1489 Peccati
2843 1406 3055 1489 quoque
3091 1408 3378 1489 confessio,
3414 1410 3703 1489 peccatoris

2131 1486 2209 1530 est
2251 1476 2554 1541 damnatio;
2602 1476 2905 1545 paenitentia
2957 1476 3084 1532 vero
3130 1478 3527 1532 confessionem
3581 1480 3703 1547 parit

2132 1547 2334 1628 utilem.
2360 1547 2546 1601 Odium
2573 1563 2783 1628 quoque
2810 1549 3039 1628 peccatis
3065 1548 3561 1628 adliibendnm‘est,
3583 1564 3713 1628 quo.

2132 1618 2270 1669 niam
2304 1628 2635 1685 peccatorum
2682 1618 2903 1682 amicus,
2946 1618 3137 1671 animm
3182 1634 3291 1671 sua:
3319 1626 3400 1671 est
3442 1619 3701 1672 inimicus.

2133 1685 2197 1739 Et
2224 1688 2461 1756 perfecto
2489 1689 2611 1742 odio
2639 1687 2862 1758 odienda
2885 1698 3008 1742 sunt
3035 1698 3271 1758 peccata,
3292 1689 3551 1758 quoniam
3580 1688 3703 1743 facta

2132 1767 2255 1809 sunt
2283 1758 2435 1811 nobis
2466 1759 2696 1812 inimica.
2719 1757 3112 1813 Momeutaneas
3132 1768 3308 1812 autem
3332 1757 3577 1825 ipsorum
3601 1759 3704 1813 ille-

2132 1826 2337 1891 cebras,
2382 1844 2498 1897 quae
2526 1828 2590 1881 ad
2628 1836 3050 1882 momentaneam
3087 1829 3263 1881 cordis
3305 1828 3704 1896 percussionem

2131 1907 2353 1965 possunt
2389 1898 2669 1961 annullari,
2712 1912 2804 1966 per
2836 1913 3059 1967 quorum
3096 1898 3522 1952 annullationem
3563 1910 3705 1953 teter-

2132 1982 2252 2020 nam
2306 1967 2598 2036 possidebis
2642 1968 2901 2036 requiem,
2960 1983 3054 2037 per
3102 1966 3612 2022 thesaurizationcm
3654 1969 3702 2023 in

2131 2036 2420 2091 cruciatum
2449 2038 2545 2090 ibis
2571 2038 2878 2092 infernalcm
2910 2080 2926 2101 ,
2958 2036 3099 2093 nolle
3128 2037 3404 2092 destruere
3431 2054 3558 2093 cum
3592 2053 3705 2101 pos-

2131 2106 2225 2178 sis,
2266 2117 2515 2162 extrema:
2557 2117 2640 2162 est
2677 2107 2977 2163 dementiae.
3027 2106 3293 2178 Conﬁtere
3324 2109 3521 2178 igitur,
3550 2106 3707 2178 chare

2131 2176 2225 2240 mi,
2264 2178 2479 2249 nomine
2507 2187 2659 2231 tenus
2686 2193 2802 2249 qua:
2832 2187 2902 2249 te,
2924 2178 3229 2249 remordent
3247 2176 3456 2249 ﬂagitia
3480 2220 3496 2243 ,
3525 2177 3707 2249 detege

2132 2248 2432 2317 specialiter
2469 2264 2584 2316 quae
2622 2248 2726 2301 scis
2765 2248 3045 2314 specialia;
3077 2248 3382 2315 quotidiana
3426 2250 3493 2302 de
3523 2248 3705 2317 quibus

2133 2331 2237 2370 non
2267 2316 2405 2388 luisti
2436 2318 2683 2388 mundus,
2714 2317 2901 2372 saltem
2932 2318 3251 2388 cogitatione
3279 2318 3332 2372 in
3364 2316 3596 2388 collecta
3620 2335 3705 2388 ge-

2133 2387 2302 2441 nerali
2342 2403 2591 2459 appone:
2624 2387 2806 2459 sicque
2847 2403 2914 2459 ex_
2953 2387 3282 2459 indulgentia
3330 2387 3568 2459 conﬁde.
3601 2387 3703 2443 iam

2131 2471 2258 2510 vero
2286 2458 2562 2513 sacerdote
2587 2458 2829 2512 consulto
2852 2457 2919 2512 ad
2949 2457 3129 2512 Deum'
3143 2458 3418 2512 referenda
3463 2468 3593 2512 sunt
3629 2467 3705 2513 tua

2131 2526 2343 2593 delicta,
2376 2528 2474 2596 ipsi
2509 2528 2617 2597 jam
2652 2538 2776 2581 tunc
2803 2537 2958 2581 erunt
2984 2527 3351 2595 prtesentanda
3389 2546 3403 2579 :
3437 2543 3548 2581 non
3577 2531 3706 2583 enim

2132 2598 2251 2653 talis
2279 2598 2615 2668 praesentatio
2645 2598 2776 2650 ultra
2809 2599 2906 2651 erit
2936 2598 3279 2668 infructuosa.
3323 2597 3392 2652 Et
3434 2599 3579 2667 quod
3612 2598 3707 2653 lor-

2131 2667 2288 2723 sitan
2328 2670 2523 2724 oblitns
2573 2668 3054 2739 prmiermiseram,
3101 2667 3438 2739 debitoribus
3492 2670 3602 2723 tuis
3649 2685 3705 2723 ex

2131 2740 2291 2793 corde
2319 2739 2525 2794 dimitte
2548 2738 2724 2794 debita
2752 2756 2868 2807 sna,
2891 2749 2946 2795 et
2968 2756 3155 2795 omnes
3184 2738 3432 2796 homines
3459 2740 3515 2795 in
3546 2739 3703 2795 Deum

2132 2818 2346 2879 prepler
2368 2811 2528 2865 Deum
2556 2809 2732 2879 dilige.

2200 2879 2425 2953 CAPUT
2452 2880 2540 2934 VI.
2582 2878 2892 2953 mulieribus
2930 2880 3036 2934 lucc
3073 2881 3358 2953 conscripta
3396 2898 3524 2935 esse.
3560 2881 3706 2953 Pagi.
3778 2880 3785 2885 ’

2132 2950 2270 3021 nube
2298 2961 2493 3021 nostrae
2521 2951 2671 3019 quasi
2698 2950 3010 3021 documenta
3038 2951 3159 3005 vilia
3186 2950 3436 3021 videntur
3460 2962 3515 3006 et
3540 2950 3709 3021 despi-

2131 3020 2338 3081 cabilia,
2373 3020 2492 3088 quia
2523 3036 2627 3074 non
2655 3029 2777 3075 sunt
2805 3019 3069 3075 rhetorico
3100 3021 3223 3075 llatu
3249 3029 3304 3076 et
3329 3020 3471 3075 fastu
3494 3019 3707 3076 cothur-

2132 3099 2253 3143 nata
2286 3108 2301 3143 :
2334 3090 2573 3145 videntur
2609 3099 2663 3146 et
2703 3090 2962 3157 superﬂua
2985 3130 3001 3156 ,
3044 3092 3293 3158 quoniam
3334 3092 3709 3146 eruditioribus

2132 3158 2246 3214 luce
2272 3161 2445 3215 omnia
2476 3168 2627 3216 erant
2664 3160 2861 3230 pervia.
2896 3159 3000 3216 Sed
3031 3170 3114 3216 est
3148 3162 3434 3230 aliquando
3466 3171 3526 3216 ut
3555 3162 3709 3217 multa

2132 3232 2374 3285 noverint
2398 3231 2623 3295 eruditi,
2651 3230 2718 3285 de
2746 3230 2933 3299 quibus
2964 3246 3067 3285 non
3097 3230 3477 3286 dubitaverunt
3497 3273 3511 3291 .
3546 3241 3600 3286 et
3622 3247 3709 3286 co-

2130 3302 2296 3371 gitant
2340 3310 2397 3356 ut
2442 3299 2905 3371 eodemidiscendi
2956 3316 3152 3369 genere
3200 3302 3388 3355 eadem
3433 3301 3712 3371 didicerint

2131 3370 2336 3426 Omnes.
2369 3371 2472 3426 Sed
2503 3385 2600 3426 nos
2624 3370 2690 3425 de
2721 3370 2891 3424 minus
2927 3372 3197 3439 capacium
3229 3386 3455 3425 numero
3486 3370 3707 3433 fuimus,

2131 3453 2182 3496 et
2208 3441 2474 3510 quomodo
2499 3442 2668 3496 lassus
2693 3440 2790 3494 bos
2808 3441 2995 3505 calcet,
3022 3442 3301 3510 perspicue
3328 3442 3598 3495 novimus.
3622 3443 3711 3496 Ac-

2132 3522 2404 3567 cesserant
2431 3511 2587 3566 etiam
2617 3510 2682 3565 ad
2714 3525 2809 3564 nos
2836 3510 3109 3565 animabus
3137 3512 3248 3565 suis
3277 3512 3486 3565 constili
3516 3526 3709 3566 concu-

2132 3583 2445 3651 piscmtium
2466 3582 2675 3649 c0piosa
2703 3579 2991 3648 frequentia
3017 3597 3030 3632 ε
3055 3590 3108 3633 et
3127 3580 3341 3650 quidam
3365 3596 3430 3635 ex
3453 3582 3708 3650 simplici-

2134 3662 2260 3715 tate,
2283 3652 2494 3721 quidam
2520 3652 2587 3705 ita
2615 3651 2969 3720 loquebantur
2992 3666 3055 3705 ex
3089 3651 3372 3705 industria.
3403 3651 3514 3705 Illis
3538 3662 3707 3705 autem

2133 3731 2290 3791 prout
2308 3720 2467 3776 nobis
2500 3721 2768 3786 collibuit,
2798 3721 3177 3776 consuluimns.
3206 3720 3323 3775 Tibi
3354 3736 3485 3775 vero
3514 3722 3597 3775 cui
3623 3737 3710 3777 cor

2133 3801 2371 3871 nostrum
2398 3791 2596 3871 arctius
2621 3791 2872 3871 invigilat,
2902 3799 2955 3844 et
2984 3806 3139 3871 quem
3167 3791 3407 3871 epistolae
3431 3802 3709 3871 respectus

2133 3863 2342 3927 visitat,
2372 3862 2620 3931 quoniam
2659 3860 2810 3931 dolor
2848 3860 3337 3931 impatientissimus
3374 3861 3515 3915 tollit
3537 3860 3708 3916 collo-

2133 3931 2325 4001 quendi
2351 3930 2592 4001 gratiam,
2619 3946 2680 3983 ex
2712 3930 2791 3983 bis
2815 3944 2930 4001 qua:
2953 3945 3019 3985 ex
3044 3932 3172 4000 ipsis
3194 3930 3470 4001 hausimus
3499 3933 3709 4001 peritio-

2134 4000 2318 4056 ribus’I
2356 4000 2801 4083 Ιιιιιιιξχιιιιειτιιιιιιι
2840 4000 3149 4055 direximus.
3181 4000 3361 4082 'Tuum
3403 4000 3707 4083 estigitur:

2133 4081 2278 4125 tuum
2313 4084 2387 4126 est
2411 4112 2427 4136 ,
2461 4071 2550 4125 tibi
2588 4086 2795 4138 quoque
2836 4071 3287 4139 peruecessarium
3326 4080 3443 4133 est,
3482 4071 3573 4141 qui
3614 4074 3710 4126 sub

2132 4143 2318 4195 mortis
2355 4141 2577 4211 articqu
2618 4141 2818 4209 positus
2857 4155 2949 4206 es,
2976 4142 3192 4209 jamque
3220 4141 3263 4194 si
3294 4141 3464 4211 videri
3496 4151 3707 4211 posset,

2130 4222 2357 4283 mortem
2386 4210 2593 4283 videres
2621 4227 2634 4262 :
2661 4219 2921 4283 quatenus
2951 4226 3013 4264 ex
3044 4221 3222 4264 nostra
3250 4210 3554 4283 eruditione
3580 4213 3707 4283 vigi-

2132 4282 2343 4341 lautior,
2374 4282 2458 4334 vel
2492 4281 2665 4336 exitus
2704 4279 2867 4348 ipsius
2907 4283 3219 4335 necessitate
3253 4279 3708 4347 cireumspection

2132 4351 2225 4405 tibi
2257 4350 2527 4420 invigiles,
2559 4350 2648 4403 tibi
2684 4350 2961 4419 provideas
2981 4392 2994 4413 ,
3028 4351 3119 4404 tibi
3146 4352 3417 4405 consulas.
3448 4351 3505 4407 Si
3535 4360 3707 4407 autem

2132 4421 2183 4475 in
2211 4422 2404 4475 nostris
2425 4420 2874 4492 tractatibusqu
2905 4421 3177 4492 nesciebas
3205 4421 3456 4492 iudicavi,
3481 4422 3566 4476 vel
3592 4437 3708 4492 qua:

2130 4492 2335 4548 sciebas
2378 4492 2565 4544 iterum
2608 4490 2896 4553 inculcavi,
2940 4490 3028 4543 tibi
3073 4502 3246 4545 tamen
3288 4491 3339 4544 in
3382 4490 3621 4559 utroque
3648 4508 3710 4545 ex

2130 4576 2334 4615 summa
2366 4576 2487 4631 erga
2522 4560 2867 4631 tediligentia
2900 4568 3144 4631 nostrum
3185 4560 3470 4614 desudavit
3508 4563 3708 4616 exerci~

2130 4632 2280 4685 tium.
2313 4632 2378 4686 Et
2414 4632 2459 4684 si
2499 4630 2590 4684 tibi
2632 4646 2737 4683 non
2781 4630 3048 4698 proderit,
3089 4631 3338 4699 quoniam
3382 4631 3502 4685 ha'c
3539 4634 3708 4685 omnia

2129 4701 2370 4765 sciebas,
2409 4700 2595 4754 barum
2635 4700 2923 4754 dictionum
2964 4700 3369 4754 commonitoria
3411 4708 3710 4763 ennncxio;

2128 4771 2439 4841 quibusdam
2486 4771 2669 4841 saltem
2716 4771 2889 4823 minus
2934 4770 3113 4841 sciolis
3156 4770 3415 4839 prodesse
3459 4772 3710 4832 habebit,

2129 4840 2257 4895 mihi
2293 4856 2500 4911 quoque.
2539 4840 2621 4894 cui
2648 4848 2715 4911 pte
2750 4840 3142 4911 commonuisse
3178 4840 3559 4909 voluptuosum
3594 4852 3707 4905 est,

2128 4908 2375 4981 quoniam
2406 4908 2530 4981 mihi
2562 4908 2809 4981 satisfeci,
2840 4909 3051 4981 valebit.

2198 4979 2421 5035 CAPUT
2446 4981 2480 5034 \’
2491 4979 2551 5035 ll.
2578 4980 2767 5046 Quibus
2785 4980 3123 5033 sacerdotibus
3146 4990 3351 5048 peccata
3376 4981 3709 5035 enuntianda.

2127 5049 2230 5106 Sed
2268 5065 2334 5105 ne
2371 5050 2610 5125 quaedam
2644 5050 2990 5125 quorumdam
3027 5051 3713 5125 superstitiopresbytero-

2126 5136 2243 5175 rum
2282 5134 2312 5173 a
2355 5120 2506 5174 nobis
2546 5121 2739 5173 intacta
2781 5120 2929 5188 quasi
2970 5120 3144 5189 ignota
3186 5120 3549 5189 transigatur;
3574 5135 3713 5176 nunc

2125 5190 2508 5260 aliquantulum
2538 5190 2705 5244 nostri
2731 5190 2992 5260 sermonis
3016 5192 3425 5255 consummatio,
3459 5192 3709 5258 quoniam

2124 5259 2302 5333 c_oram
2349 5260 2454 5314 illis
2493 5259 2849 5333 conﬁtendum
2892 5269 3009 5323 est,
3054 5260 3304 5330 respiciat
3344 5262 3708 5333 presbyteros.

2125 5330 2284 5385 Esset
2310 5340 2485 5385 autem
2524 5330 2573 5383 id
2613 5330 2848 5385 scribere
2881 5330 3367 5400 supervacaneum.
3404 5330 3527 5386 nisi'
3542 5331 3707 5385 errori

2124 5402 2332 5471 cuidam
2356 5401 2463 5468 jam
2488 5401 2539 5455 in
2562 5401 2753 5471 multos
2773 5402 3003 5470 serpenti
3028 5400 3452 5471 praetenderetur
3470 5403 3706 5456 obvium.

2124 5469 2309 5541 Melius
2337 5479 2416 5524 est
2448 5486 2659 5539 quoque
2696 5469 3006 5540 ignorantize
3031 5469 3481 5541 presbyterorum
3511 5486 3706 5525 consu-

2124 5540 2259 5603 lere,
2292 5556 2448 5610 quam
2487 5540 2787 5609 ignorantes
2825 5541 2877 5595 in
2916 5540 3219 5613 ignorantia
3236 5557 3337 5613 sua
3368 5542 3710 5613 ineastigatos

2123 5625 2397 5681 remanere
2423 5627 2434 5662 ε
2463 5620 2640 5681 posset
2668 5619 2847 5681 autem,
2864 5619 2917 5664 et
2943 5610 3054 5681 tibi,
3084 5611 3337 5680 quoniam
3365 5613 3544 5666 nocuit
3563 5610 3704 5665 inul-

2121 5680 2206 5745 tis,
2242 5694 2456 5734 nocere.
2487 5680 2651 5733 Prout
2677 5680 2920 5749 superius
2945 5680 3244 5736 intimatum
3274 5691 3377 5749 cst,
3405 5695 3580 5738 coram
3609 5695 3699 5735 sae

2185 5818 2200 5846 ι
2236 5821 2363 5867 τινες..
2388 5810 2561 5862 lautius
2583 5819 2669 5863 est.

2188 5876 2209 5906 ι
2240 5882 2367 5931 ωδε..
2391 5872 2653 5938 peritiores.
