3992 6514
372 375 509 431 “65

368 494 561 549 cedunt
602 492 667 546 ad
710 491 1007 546 Dominum.
1049 488 1178 543 Nam
1208 490 1253 543 si
1284 489 1531 559 plangere
1573 490 1932 551 voluerimus,

368 566 467 633 ipsi
498 563 649 617 nobis
679 562 1017 633 insultabutit
1040 559 1178 633 beati
1223 569 1512 630 martyres,
1555 570 1610 633 et
1652 560 1861 633 dicent,
1893 562 1936 614 0

368 630 586 694 fideles.
618 647 652 686 ο
680 647 898 700 regnum
933 630 1021 685 Dei
1047 630 1317 698 cupientes
1336 670 1349 693 ,
1380 644 1474 683 vos
1501 631 1589 698 qui
1619 630 1809 683 charos
1840 646 1934 684 ve-

367 714 508 759 stros
535 702 761 756 delicatc
786 701 1071 755 morientes
1091 741 1105 763 ,
1139 700 1188 753 in
1222 700 1370 753 lectis
1396 700 1574 768 utique
1613 709 1665 753 et
1710 700 1898 767 plumis
1918 742 1932 765 ,

366 788 489 829 cum
522 787 749 828 mmrore
790 770 1034 840 plangitis
1056 777 1111 824 et
1139 770 1360 839 lugetis;
1387 771 1430 823 si
1457 785 1562 840 eos
1588 784 1615 822 a
1642 769 1935 825 Gentilibus

367 856 585 914 promer
608 838 804 914 nomeu
826 838 1028 914 Domini
1056 838 1279 896 cruciari
1314 848 1378 914 et
1400 838 1623 894 interfici
1651 840 1932 914 videretis,

366 909 493 982 quid
526 912 716 967 facturi
744 910 964 966 essetis?
991 913 1096 982 Aut
1131 926 1235 982 non
1255 909 1411 982 vobis
1450 912 1719 982 praecessit
1752 926 1935 982 exem-

367 979 549 1053 plum?
590 980 1219 1053 Abraliamhpatriarcha
1244 979 1407 1053 filium
1439 979 1673 1053 unicum
1704 980 1936 1035 offerens

364 1048 719 1113 sacrificium,
751 1048 924 1118 gladio
958 1049 1269 1104 obedientia:
1307 1048 1563 1117 jugulavit
1597 1048 1759 1117 (Gen.
1794 1065 1898 1103 χχιι
1920 1092 1933 1113 ,

370 1124 472 1193 10)
505 1142 517 1176 :
549 1138 647 1176 nec
676 1122 722 1175 ei
746 1137 910 1193 quem
943 1130 1085 1193 tanto
1119 1118 1846 1193 amore_dilex_it,_pepercitf
1882 1131 1936 1173 ut

369 1188 597 1247 Domino
625 1191 878 1245 obedieus
916 1191 1245 1259 probaretur.
1289 1188 1395 1243 Sed
1433 1190 1474 1241 si
1516 1188 1700 1241 dicatis
1726 1231 1739 1250 ,
1789 1190 1934 1243 illum

369 1272 586 1331 propter
627 1261 717 1316 Dei
757 1261 857 1314 hoc
899 1262 1477 1340 fecisseprazceptumt
1510 1260 1937 1340 CIIVOSdlaiitillS

367 1328 730 1401 pne—ceptum,
791 1340 998 1401 utnon
1048 1329 1241 1401 tristes,
1276 1328 1390 1383 sitis
1439 1329 1505 1382 de
1554 1328 1938 1401 dormientibus

369 1399 414 1473 (i
439 1399 833 1473 Tliess.'iv,12).
857 1400 955 1473 Qui
972 1413 1099 1469 ergo
1120 1400 1335 1473 minima
1357 1406 1461 1473 non
1483 1410 1714 1473 servant,
1738 1399 1935 1473 majora

365 1469 579 1541 quando
608 1471 931 1526 servabunt?
961 1473 1042 1541 An
1069 1469 1301 1541 nescitis
1341 1469 1463 1538 quia
1487 1470 1715 1541 animus
1753 1470 1843 1539 qui
1883 1471 1934 1523 in

370 1538 565 1597 talibus
610 1543 891 1610 frangitur,
941 1540 1006 1593 ad
1060 1538 1277 1610 fortiora
1328 1539 1583 1610 reprobus
1635 1538 1937 1610 invenitur?

366 1612 500 1679 Quis
532 1608 921 1666 titnens'rivum
944 1652 958 1675 ,
992 1624 1138 1663 mare
1168 1608 1452 1678 aliquando
1494 1608 1820 1677 ingreditur?
1847 1609 1935 1664 Sic

364 1678 458 1752 qui
486 1683 683 1752 plangit
712 1681 1044 1752 impatienter
1072 1679 1365 1752 amissum,
1390 1678 1828 1752 quandopoterit
1869 1680 1934 1733 ad

368 1748 930 1823 martyrii'pervenire
977 1748 1287 1823 certamen?
1323 1748 1453 1823 Nam
1492 1749 1580 1823 qui
1612 1748 1662 1802 in
1703 1750 1783 1823 his
1808 1765 1937 1823 cou-

364 1817 585 1944 stans'let
604 1817 968 1944 magpanimus
982 1819 1179 1881 existit,
1197 1818 1305 1888 jam
1331 1817 1428 1872 sibi
1450 1817 1670 1887 gradum
1686 1819 1751 1873 ad
1771 1820 1937 1887 potio-

364 1908 426 1944 ra
456 1908 513 1944 su
554 1903 717 1944 sterni
750 1930 765 1943 .

358 1908 426 1948 ra
456 1901 765 1945 substernit.

440 1960 663 2017 CAPUT
704 1960 767 2014 V.
817 1958 1090 2031 Egregium
1135 1960 1198 2012 de
1243 1959 1336 2031 hoc
1382 1957 1589 2031 Doridis
1623 1959 1931 2031 exemplum.

376 2030 545 2087 Vestes
572 2033 741 2101 nigras
769 2026 931 2085 luctus
954 2026 1077 2100 crgo
1105 2032 1234 2101 ferre
1274 2028 1415 2101 haud
1444 2028 1592 2101 l_ic_et._
1614 2026 1817 2101 (Et/inici
1842 2046 1932 2101 au-

366 2102 475 2155 dita
496 2103 590 2171 ﬁlii
616 2096 772 2156 morte
798 2096 1417 2171 responsum._Ptongendi
1436 2096 1658 2171 Ethnici,
1690 2097 1936 2171 Judwiac

365 2168 709 2226 catechunteui
736 2168 1018 2225 morientes.
1045 2168 1529 2238 Tristitia’satlutaris
1558 2182 1806 2238 quantum.
1836 2169 1936 2222 Re-

366 2242 662 2309 capitulatio
686 2241 930 2295 sermonis
958 2239 1239 2309 utriusque.
1259 2237 1533 2309 Sufficiam
1559 2237 1687 2301 limo,
1722 2238 1930 2303 fratres,

365 2308 442 2365 ad
469 2314 653 2366 mortis
680 2320 1037 2380 contemptum
1060 2351 1075 2374 ,
1103 2319 1157 2364 et
1180 2308 1248 2380 ad
1286 2310 1396 2378 spei
1427 2308 1615 2380 futura:
1649 2310 1932 2380 confirma-

367 2382 588 2436 tionem.
627 2379 979 2451 Superest’ut
1017 2395 1178 2433 unum
1219 2379 1288 2451 de
1324 2379 1931 2451 tveteribtts‘exemplum

368 2452 656 2520 proferam.
678 2447 816 2520 quod
838 2465 1047 2505 omnem
1078 2449 1494 2520 consolationem
1521 2447 1697 2514 faciat,
1721 2457 1775 2503 et
1794 2449 1932 2520 quod

365 2519 528 2575 etiam
562 2519 879 2591 patientibus
916 2520 1091 2591 cordis
1118 2519 1333 2591 auribus
1361 2520 1478 2572 volo
1515 2528 1700 2591 omnes
1727 2519 1928 2591 audire.

367 2591 535 2646 David
563 2589 655 2645 rex
688 2606 909 2661 magnus
949 2590 1111 2643 filium
1136 2589 1431 2661 dilectum,
1460 2603 1617 2657 quem
1648 2589 1785 2642 sicut
1821 2590 1934 2661 ani-

364 2677 509 2716 mam
534 2659 797 2731 propriam
822 2660 1101 2729 diligebat,
1134 2659 1306 2712 infirm
1318 2659 1441 2731 i_tate
1470 2672 1804 2731 percussum,
1837 2660 1934 2731 ini-

366 2728 751 2801 patieiitissime
796 2728 1037 2801 ferebat;
1066 2738 1119 2783 et
1158 2744 1277 2782 cum
1326 2729 1551 2801 humana
1570 2728 1697 2801 _ja_m
1741 2729 1933 2801 auxilia

361 2796 499 2873 nihil
528 2801 879 2873 prodessent,_
915 2817 975 2873 se
1017 2799 1187 2873 ipsum
1208 2799 1486 2873 _convcrtit_
1519 2796 1604 2873 ad;
1629 2799 1929 2873 Domitium.

364 2867 617 2940 Deposita
643 2872 803 2941 regali
833 2871 1019 2941 gloria,
1038 2867 1181 2941 sedit
1207 2869 1259 2923 in
1293 2867 1630 2941 terra,jac_uit
1660 2869 1709 2921 in
1735 2868 1928 2941 cilicio,

363 2938 473 2995 non
501 2938 859 3007 manducavit,
885 2956 991 2994 non
1032 2939 1190 2995 bibit.
1224 2948 1422 3007 septem
1456 2938 1641 2991 diebus
1670 2940 1933 2993 continuis

358 3026 530 3066 orans
566 3012 729 3066 Deum
749 3053 763 3076 ,
795 3012 840 3065 si
878 3010 1015 3065 forte
1043 3010 1143 3063 sibi
1174 3009 1311 3063 filius
1348 3009 1650 3062 donaretur.
1684 3011 1935 3063 Accesse-

361 3092 491 3136 runt
516 3083 756 3137 seniores
778 3082 967 3136 domus
991 3081 1105 3147 ejus
1124 3120 1138 3143 ,
1167 3080 1500 3133 consolantes
1530 3087 1846 3147 rogaverunt
1877 3088 1933 3133 ut

360 3166 555 3220 panem
583 3162 837 3215 sumeret,
866 3152 1020 3205 veriti
1059 3149 1284 3220 neforte
1308 3149 1431 3203 dum
1466 3149 1627 3202 filium
1668 3148 1827 3203 vellet
1855 3151 1931 3202 vi-

358 3219 514 3288 vere,
543 3223 658 3292 ipse
683 3232 805 3276 ante
828 3219 1109 3292 deficeret.
1127 3219 1239 3272 Non
1271 3228 1554 3292 potuerunt
1580 3227 1894 3292 extorquere
1913 3261 1929 3285 ,

358 3308 473 3346 non
503 3289 724 3362 cogere;
751 3307 900 3345 amor
927 3291 1072 3362 enim
1102 3290 1381 3362 impatiens
1406 3289 1539 3362 solet
1564 3289 1796 3362 pericula
1821 3291 1929 3359 ipsa

356 3358 725 3417 contemnere.
756 3362 904 3417 .lacet
932 3375 1023 3414 rex
1063 3360 1118 3413 in
1162 3360 1405 3428 squalore
1449 3358 1603 3413 cilicii
1645 3358 1934 3427 aegrotante

357 3432 477 3486 filio
506 3450 519 3485 :
548 3448 646 3487 nec
666 3432 826 3487 verba
853 3430 1054 3484 faciunt
1074 3430 1509 3491 consolationem,
1531 3442 1630 3482 nec
1654 3429 1763 3497 ipsa
1781 3443 1931 3484 esca-

357 3518 483 3557 ruin
510 3503 796 3558 necessitas
825 3509 996 3555 vocat.
1026 3500 1172 3553 Mens
1194 3500 1403 3553 tristitia
1432 3501 1660 3567 pascitur
1680 3500 1722 3565 ',
1746 3508 1930 3567 pectus

354 3572 549 3627 dolore
588 3572 844 3636 reficitur,
877 3571 1013 3624 oculi
1063 3571 1324 3639 lacrymas
1364 3583 1459 3636 pro
1502 3569 1925 3639 potibustfluunt.

357 3642 507 3696 Inter
537 3643 649 3696 brec
679 3641 871 3696 factum
898 3649 981 3694 est
1010 3640 1148 3709 quod
1178 3638 1494 3694 decreverat
1522 3638 1677 3709 Deus.
1712 3638 1931 3692 Moritur

356 3729 513 3783 puer.
540 3712 688 3767 Uxor
712 3712 773 3783 in
820 3713 990 3773 luctu,
1030 3708 1138 3763 tota
1181 3709 1371 3763 domus
1409 3709 1458 3761 in
1493 3708 1720 3783 planctu,
1754 3711 1928 3783 famuli

356 3778 537 3851 pavidi
558 3824 570 3845 ,
599 3782 722 3851 quid
753 3782 905 3836 fieret
932 3789 1284 3835 exmstuantes
1312 3796 1323 3831 :
1352 3792 1508 3851 neino
1538 3780 1676 3832 enim
1704 3778 1930 3851 audebat

350 3848 579 3907 domino
608 3848 771 3906 tilium
800 3861 1064 3906 mortuum
1094 3852 1336 3903 nuntiare
1357 3848 1402 3914 ³,
1438 3848 1683 3902 timentes
1708 3848 1891 3917 utique
1912 3890 1926 3913 ,

352 3939 429 3978 ne
473 3924 561 3978 ille
603 3924 693 3992 qui
726 3924 804 3977 sic
838 3922 1172 3992 impatienter
1209 3920 1381 3992 adhuc
1412 3918 1584 3992 vivutn
1612 3919 1851 3987 lugebat,
1884 3922 1928 3973 si

349 3994 594 4048 audisset
620 3988 1057 4055 mortuum,'vit:e
1088 3990 1282 4045 faceret
1320 3991 1501 4042 finem.
1527 3988 1657 4041 Dum
1687 3996 1930 4055 strepunt

351 4065 539 4117 famuli
570 4064 707 4117 inter
732 4077 791 4117 se
810 4105 825 4129 ,
856 4063 978 4115 dum
1008 4061 1184 4115 tristes
1208 4100 1222 4122 ,
1251 4060 1385 4113 alter
1412 4058 1475 4112 ad
1501 4060 1724 4112 alterum
1752 4059 1930 4113 dicere

349 4144 450 4187 aut
474 4135 662 4187 suadet
689 4143 780 4187 aut
800 4141 971 4195 vetat,
1002 4131 1257 4185 intellexit
1285 4129 1473 4190 David,
1509 4129 1768 4198 prmvenit
1795 4145 1929 4183 nun—

350 4206 490 4261 tios.
523 4221 589 4259 an
634 4205 793 4257 vitam
841 4204 979 4256 filius
1020 4202 1328 4256 exhalasset
1372 4200 1677 4267 interrogat.
1724 4198 1927 4269 Negare

350 4291 465 4329 non
496 4282 731 4342 possunt,
763 4272 954 4326 factum
982 4270 1472 4342 ﬂetibusindicant.
1512 4269 1593 4322 Fit
1635 4284 1927 4342 concursus

350 4340 604 4399 insolitus
625 4344 668 4406 ⁸.
692 4344 1019 4411 exspectatio
1041 4340 1256 4411 grandis
1281 4348 1335 4395 et
1363 4350 1560 4404 metus,
1585 4355 1651 4393 ne
1678 4341 1801 4409 quid
1827 4342 1925 4411 sibi

350 4415 578 4483 periculi
610 4414 722 4479 pius
743 4413 766 4445 ⁸
791 4421 938 4482 pater
969 4410 1205 4483 inferret.
1229 4410 1405 4483 Surgit
1429 4410 1683 4483 continuo
1707 4426 1800 4465 rex
1828 4410 1932 4483 Da-

347 4480 444 4538 vid
474 4486 541 4539 de
569 4485 762 4549 cilicio,
793 4480 961 4552 Surgit
989 4481 1190 4546 hilaris,
1214 4480 1553 4552 quasililium
1576 4494 1728 4534 suum
1751 4480 1928 4552 audis~

347 4565 436 4610 set
462 4556 775 4609 incolumem
804 4571 816 4605 :
845 4551 989 4607 vadit
1012 4552 1077 4605 ad
1108 4551 1345 4615 balneas,
1373 4551 1509 4603 lavat
1535 4551 1924 4619 corpusculum,

352 4624 505 4679 vadit
536 4625 600 4678 ad
628 4625 910 4691 templum,
941 4622 1126 4676 adorat
1150 4621 1346 4687 Deum,
1376 4621 1615 4691 epulatur
1641 4636 1759 4674 cum
1791 4624 1927 4673 ami-

346 4698 456 4757 cis,
482 4690 802 4764 compressis
821 4693 1083 4764 suspiriis,
1108 4692 1306 4764 gemitu
1328 4692 1471 4744 omni
1491 4690 1756 4764 deposito,
1779 4692 1925 4745 vultu

344 4767 464 4835 jam
496 4761 636 4820 laeto.
664 4761 924 4818 Mirantur
949 4762 1261 4835 domestici,
1307 4768 1522 4835 stupent
1552 4761 1705 4835 amici
1737 4775 1924 4835 novam

345 4830 405 4891 et
437 4838 665 4890 subitam
692 4834 1147 4889 conversationem
1169 4832 1189 4863 ⁸
1215 4850 1227 4885 :
1253 4830 1450 4887 audent
1487 4830 1735 4901 denique,
1760 4832 1922 4885 inter-

350 4922 565 4971 rogare,
600 4905 726 4976 quid
756 4905 857 4958 sibi
887 4903 1045 4976 vellet
1072 4902 1203 4976 hoc,
1232 4909 1434 4976 ut‘cum
1468 4902 1679 4976 vivente
1708 4900 1819 4976 titio
1847 4902 1925 4955 sic

346 4970 850 5041 dolueritfmortuo
880 4989 983 5027 non
1014 4971 1257 5026 doleret?
1284 4970 1574 5041 Respondit
1603 4971 1681 5041 vir
1707 4970 1795 5024 ille
1817 4986 1927 5023 ma-

344 5040 700 5116 gnanimitate
721 5042 1289 5116 praecipuus,_Necess_e
1306 5040 1414 5116 fuit
1440 5057 1560 5095 cum
1588 5040 1760 5116 adhuc
1784 5042 1927 5116 vive-

346 5110 436 5171 ret
481 5117 643 5179 filius,
685 5110 737 5170 et
793 5110 1058 5169 humiliari
1086 5154 1102 5179 ,
1151 5122 1204 5166 et
1244 5112 1519 5180 jejuuare,
1563 5120 1617 5164 et
1654 5110 1833 5180 lugere
1876 5113 1925 5163 in

344 5198 639 5254 conspectu
672 5185 910 5249 Domini;
951 5193 1064 5237 erat
1105 5182 1244 5235 enim
1274 5195 1397 5249 spes
1435 5182 1749 5254 impetrandi
1775 5196 1923 5254 coms

345 5250 561 5313 meatus
605 5257 767 5311 vitre'
802 5272 815 5307 :
848 5265 903 5309 at
947 5270 1073 5310 vero
1117 5262 1392 5321 postquam
1438 5250 1680 5304 voluntas
1719 5251 1924 5305 Do:niui

412 5394 430 5426 ⁸
467 5398 580 5455 Its,
623 5389 926 5455 gfadiopcue
939 5384 1205 5455 jugulum,
1224 5389 1466 5455 ructante
1485 5384 1641 5455 opteri
1662 5382 1891 5455 pepercit.

410 5455 433 5485 ³
468 5453 604 5511 editi,
623 5450 879 5501 necessitas
908 5450 1159 5511 avocavit;
1189 5450 1429 5495 tristitiam
1452 5450 1631 5508 patum
1665 5457 1682 5492 :
1709 5450 1759 5492 et
1794 5458 1922 5501 mox,

340 5514 577 5625 manalis
590 5508 862 5624 magi:
890 5508 1059 5575 ﬂuunt.

407 5641 430 5671 δ
465 5612 568 5693 ἱιῗέἶῖ

405 5703 429 5765 ξ
464 5695 849 5765 ipsi“!
869 5702 1023 5757 ναιετ-

405 5763 429 5793 ⁸
463 5760 595 5817 aditi,
620 5760 985 5809 conversionem.

402 5824 423 5853 τ
460 5828 556 5872 Non
580 5810 728 5870 habet
751 5826 851 5877 διε..
876 5818 1001 5873 tite.
1737 5810 1769 5851 ί

1281 376 1365 430 DE
1402 372 1908 431 CONSOLATIONE
1950 376 2374 432 MORTUOKUM
2406 378 2634 435 SERMO
2675 379 2739 435 Il.

3477 389 3610 443 ll“

2045 492 2178 565 facta
2221 502 2301 565 est
2321 494 2579 565 ,ttstultum
2623 504 2705 548 est
2734 504 2786 549 et
2829 496 3042 565 impium
3082 500 3315 553 animum
3354 501 3613 557 lamenta-

2046 563 2189 641 tione
2219 562 2390 615 inutili
2424 566 2678 641 macerari
2712 584 2724 618 :
2757 562 3041 641 sic__di§ens
3061 610 3075 631 ,
3109 569 3217 641 Ego
3239 569 3320 641 ibo
3342 572 3410 626 ad
3435 574 3611 637 illum,

2045 632 2131 684 ille
2160 648 2258 710 non
2288 643 2557 686 revertetur
2582 635 2649 710 od
2674 651 2749 710 me
2778 636 2805 710 _(
2831 635 2869 689 ll
2897 636 3021 707 Reg.
3064 632 3175 702 xu:
3207 640 3369 695 16-25
3391 643 3429 710 ).
3476 632 3613 697 Ecce

2045 702 2342 777 exemplum
2378 702 2819 777 magnanimitatis
2849 702 3005 776 atque
3032 710 3257 763 virtutis.
3285 702 3435 777 Quod
3458 714 3500 766 si
3524 714 3613 769 ille

2051 772 2208 843 David
2236 771 2407 843 adhuc
2438 774 2535 825 sub
2556 774 2668 843 lege
2700 771 3036 842 positus-[sub
3056 779 3143 833 illa
3170 795 3273 834 non
3296 771 3415 835 dico
3446 784 3611 838 licen-

2048 842 2138 904 tia,
2164 842 2254 895 sed
2283 842 3029 911 necessitateilamentationis,
3053 849 3129 902 sic
3152 851 3384 905 animum
3408 868 3436 905 a
3462 852 3605 908 luctu

2048 913 2391 965 irrationabili
2417 914 2680 980 separavit
2703 916 2742 979 ’,
2777 916 2852 968 sic
2877 918 3139 971 tristitiam
3183 936 3329 974 suam
3368 937 3613 977 suorum-

2045 998 2146 1049 que
2176 984 2498 1051 compescuit
2529 1000 2540 1034 :
2574 984 2785 1056 hosqui
2810 986 2917 1053 jam
2957 988 3056 1041 sub
3080 990 3243 1056 gratia
3276 1007 3479 1056 sumus,
3508 997 3608 1049 sub

2046 1060 2187 1131 certa
2214 1067 2307 1120 spe
2334 1054 2732 1131 resttrrectionis
2755 1094 2767 1114 .
2790 1056 2979 1123 quibus
3008 1054 3179 1131 omnis
3207 1060 3411 1114 tristitia
3440 1054 3605 1117 inter-

2045 1121 2256 1183 dicitur,
2284 1138 2387 1190 qua
2416 1121 2589 1178 fronte
2617 1121 2855 1178 mortuos
2890 1137 3098 1178 nostros
3136 1127 3416 1184 Gentilium
3464 1149 3611 1188 more

2046 1191 2378 1261 plangimus,
2428 1192 2658 1247 ululatus
2702 1193 2913 1247 insanos
2960 1196 3265 1261 attollimus,
3311 1200 3468 1254 veluti
3504 1202 3610 1256 alio

2044 1276 2237 1328 genere
2278 1260 2592 1335 bacchantes
2614 1304 2629 1327 ,
2658 1266 2941 1317 conscissis
2973 1266 3161 1319 tunicis
3200 1260 3409 1335 pectora
3439 1272 3607 1326 nuda-

2045 1332 2370 1404 uiushverba
2397 1333 2571 1404 inania
2598 1344 2651 1387 et
2676 1335 2873 1387 nmnias
2893 1337 2913 1365 '
2939 1336 3075 1387 circa
3106 1332 3296 1404 Corpus
3320 1348 3373 1393 et
3402 1343 3601 1396 tumul-

2045 1410 2155 1454 tum
2184 1400 2205 1431 ³
2225 1400 2455 1476 defuncti
2469 1404 2797 1476 cantamus?
2819 1404 3093 1476 Postremo
3114 1400 3272 1460 etiam
3289 1423 3388 1476 qua
3408 1413 3609 1465 ratione

2044 1480 2219 1542 vestes
2245 1475 2422 1539 nigras
2447 1473 2729 1542 tingimus,
2755 1475 2853 1527 nisi
2885 1484 2937 1528 ut
2966 1491 3063 1528 nos
3103 1492 3224 1530 vere
3268 1473 3506 1533 infideles
3550 1492 3606 1534 et

2043 1541 2266 1620 miseros
2298 1541 2632 1620 uolitantum
2663 1542 2902 1620 fletibus,
2924 1545 3026 1620 _sed
3054 1548 3209 1599 etiam
3251 1550 3485 1603 vestibus
3512 1566 3606 1620 ap-

2045 1612 2364 1683 probemus?
2395 1612 2576 1665 Aliena
2611 1622 2736 1666 sunt
2761 1613 2858 1668 ista
2877 1656 2891 1679 ,
2920 1614 3109 1670 fratres
3129 1655 3144 1679 ,
3173 1625 3423 1672 extranea
3452 1612 3605 1683 sun't.

2043 1696 2146 1734 non
2180 1682 2335 1757 tieetit
2365 1699 2376 1733 :
2404 1693 2457 1757 et
2484 1684 2527 1736 si
2553 1683 2793 1747 licerent,
2814 1700 2927 1757 tuon
2952 1683 3225 1757 decorent.
3244 1686 3347 1741 Sed
3370 1682 3610 1757 aliquant;

2044 1758 2125 1804 tos
2163 1750 2232 1805 de
2272 1752 2538 1828 fratribus
2562 1755 2957 1828 c_t_sororibus_,
3005 1756 3125 1809 licet
3165 1755 3292 1810 fides
3324 1750 3530 1828 propria
3556 1771 3612 1815 et

2044 1830 2361 1892 pra-ceptum
2393 1821 2597 1875 Domini
2628 1822 2793 1876 fortes
2831 1823 3017 1890 faciat,
3046 1821 3523 1892 parentum'tamen
3555 1838 3609 1884 et

2043 1891 2340 1965 vicinorum
2361 1892 2541 1965 Opinio
2579 1892 2814 1965 debilitat
2852 1902 2906 1947 et
2944 1891 3136 1963 frangit
3169 1914 3181 1949 :
3217 1912 3282 1949 ne
3324 1897 3513 1965 lapidei
3554 1912 3609 1954 et

2041 1960 2285 2033 crudeles
2324 1962 2663 2033 judicentur,
2691 1963 2733 2015 si
2781 1960 3108 2031 pepercerim
3152 1960 3466 2022 vestimento
3482 1968 3524 2033 ⁸,
3560 1971 3605 2024 si

2042 2046 2147 2083 non
2176 2032 2371 2085 insanis
2400 2031 2623 2107 luctibus
2652 2032 2849 2086 fuerint
2877 2033 3297 2107 debacchati._Et
3325 2036 3425 2092 hoc
3449 2031 3607 2107 quam

2042 2115 2232 2172 vanum
2262 2110 2376 2165 est,
2400 2117 2564 2172 quam
2602 2103 2871 2171 ineptum,
2905 2103 3181 2172 opiniones
3218 2103 3491 2161 hominum
3518 2126 3605 2161 er-

2038 2170 2269 2244 rantium
2297 2170 2558 2240 cogitare;
2582 2170 2774 2244 etnon
2788 2170 2995 2238 timere,
3020 2190 3085 2229 ne
3108 2175 3229 2244 quid
3257 2176 3428 2231 minus
3450 2179 3607 2232 faciat

2039 2239 2106 2294 dc
2134 2239 2235 2314 fide
2264 2239 2419 2314 quam
2449 2240 2720 2314 suscepit?
2744 2241 2919 2309 Quare
2946 2259 3050 2297 non
3076 2239 3244 2314 magis
3284 2246 3436 2301 discit
3479 2249 3609 2302 tole-

2041 2312 2261 2381 rantiam
2289 2312 2377 2381 ille
2406 2312 2493 2380 qui
2521 2312 2637 2381 talis
2656 2322 2755 2381 est,
2778 2328 2940 2381 quare
2965 2328 3067 2366 non
3099 2329 3127 2365 a
3157 2312 3242 2369 me
3267 2314 3423 2370 discit
3451 2316 3606 2372 fidem

2042 2379 2131 2434 ille
2166 2379 2253 2449 qui
2288 2379 2480 2435 dubius
2515 2380 2634 2435 est?
2662 2379 2882 2447 Quando
2910 2384 3116 2437 etiamsi
3154 2393 3328 2438 tantus
3356 2386 3425 2439 sit
3453 2388 3607 2440 dolor

2040 2450 2299 2526 ejusmodi
2323 2451 2571 2526 pectoris,
2602 2453 2757 2526 tacite
2778 2453 2967 2526 debeat
2987 2454 3182 2526 luctum
3212 2469 3370 2509 sensu
3402 2456 3607 2526 digere-

2042 2535 2101 2573 re
2114 2520 2156 2591 ξ,
2188 2532 2239 2574 et
2268 2536 2370 2575 non
2402 2521 2610 2575 levitate
2636 2522 2715 2574 sui
2745 2522 2903 2575 animi
2934 2522 3221 2591 publicare.

2111 2590 2282 2645 Unum
2323 2591 2495 2644 adhuc
2520 2591 2637 2644 volo
2668 2590 2962 2660 proponere
2991 2594 3294 2659 exemplum
3335 2593 3402 2648 ad
3435 2598 3604 2649 corri-

2038 2660 2239 2729 gendos
2256 2676 2359 2733 eos
2371 2661 2458 2729 qui
2486 2660 2657 2729 plangi
2680 2672 2915 2733 mortuos
2935 2662 3273 2733 arbitrantur.
3294 2663 3605 2733 Exemplum

2038 2738 2212 2784 autem
2242 2730 2307 2785 de
2333 2730 2658 2802 Paganormn
2687 2730 2911 2802 thistoria
2941 2741 3039 2802 est.
3073 2732 3190 2786 Fuit
3213 2733 3422 2802 quidam
3457 2730 3601 2801 prin-

2038 2815 2164 2873 ceps
2191 2817 2419 2873 paganus
2442 2800 2540 2872 (α),
2568 2802 2655 2873 qui
2684 2801 2908 2873 liabebat
2931 2801 3092 2855 filium
3120 2800 3351 2868 unicum,
3375 2800 3607 2873 satisque

2038 2870 2307 2924 dilectum.
2349 2868 2664 2924 llic'cum’in
2693 2868 2949 2938 Capitolio
2980 2873 3133 2925 idolis
3163 2873 3272 2925 suis
3309 2874 3489 2939 gentili
3514 2868 3604 2929 er-

2038 2954 2159 3010 rore
2193 2940 2512 2993 sacrificaret
2532 2982 2547 3005 ,
2591 2942 2859 2994 nuntiatur
2886 2942 2934 2995 ei
2964 2942 3101 3010 quod
3133 2942 3271 2997 filius
3299 2943 3389 2996 ille
3420 2945 3606 3000 unicus

2038 3008 2289 3081 defuisset
2310 3012 2349 3081 ἐ.
2374 3010 2485 3063 Non
2518 3010 2725 3079 reliquit
2753 3026 2903 3064 sacra
2932 3008 3051 3081 qua:
3077 3014 3295 3081 gerebat
3337 3014 3389 3065 in
3431 3016 3602 3067 mani-

2037 3079 2157 3144 bus,
2190 3095 2292 3152 non
2321 3080 2648 3152 lacrymavit,
2673 3097 2771 3152 nec
2792 3079 3006 3134 omnino
3023 3079 3303 3150 suspiravit
3326 3101 3340 3137 :
3365 3082 3457 3136 ενι]
3477 3086 3604 3152 quid

2038 3151 2344 3217 respondit,
2383 3150 2580 3203 audite.
2611 3151 2928 3220 Sepeliatur,
2973 3151 3138 3219 inquit
3170 3169 3181 3202 :
3211 3153 3425 3206 memini
3463 3150 3603 3208 enim

2038 3234 2125 3289 me
2152 3220 2315 3274 filium
2346 3220 2593 3289 genuisse
2619 3221 2915 3275 mortalem.
2947 3220 3077 3275 Vide
3106 3236 3416 3289 responsum
3436 3264 3451 3287 ,
3484 3224 3604 3278 vide

2038 3288 2267 3362 hominis
2298 3288 2480 3359 pagani
2509 3291 2756 3343 virtutem
2785 3309 2796 3343 :
2826 3300 2882 3344 nt
2912 3306 3008 3344 nec
3036 3288 3329 3357 exspectari
3358 3307 3417 3347 se
3430 3292 3603 3362 jusse-
3656 3356 3657 3359 η

2036 3359 2135 3418 rit.
2162 3360 2258 3429 vel
2306 3368 2362 3413 ut
2406 3370 2666 3428 prirseiite
2708 3376 2765 3415 se
2806 3362 3089 3429 sepultura:
3120 3362 3258 3415 filius
3286 3359 3600 3417 traderetur.

2037 3428 2173 3495 Quid
2204 3430 2425 3502 agimus,
2456 3429 2663 3494 fratres,
2691 3431 2733 3483 si
2763 3428 3003 3502 diabolus
3027 3432 3165 3485 hunc
3188 3432 3237 3484 in
3260 3431 3399 3486 diem
3418 3430 3604 3502 judicii

2036 3514 2215 3553 coram
2254 3499 2465 3553 Christo
2502 3509 2686 3554 contra
2726 3516 2822 3553 nos
2860 3500 3148 3569 producat,
3197 3510 3250 3554 et
3294 3499 3467 3567 dicat,
3510 3503 3605 3557 llic

2040 3584 2188 3623 meus
2217 3570 2409 3634 cultor,
2438 3584 2594 3637 quem
2625 3584 2723 3638 ego
2737 3571 3032 3693 (frtestigiis
3060 3570 3384 3639 decipiebam
3435 3574 3567 3628 meis
3586 3616 3601 3636 .

2040 3649 2091 3692 ut
2122 3638 2342 3693 serviret
2382 3642 2535 3693 εςυοὶε
2565 3649 2618 3693 et
2644 3656 2734 3693 sur
2777 3641 2821 3693 is
2859 3640 3186 3693 simulacris:
3230 3642 3316 3693 cui
3357 3655 3457 3693 ego
3500 3658 3599 3693 nec

2037 3649 2091 3692 ut
2122 3638 2342 3693 serviret
2382 3642 2535 3693 εςυοὶε
2565 3649 2618 3693 et
2644 3638 2821 3693 surdis
2859 3638 3191 3701 simulacris;
3230 3642 3316 3694 cui
3357 3655 3457 3710 ego
3500 3658 3599 3695 nec

2037 3710 2477 3763 resurrectionem
2508 3725 2537 3762 a
2570 3710 2789 3762 mortuis
2808 3750 2821 3772 ,
2854 3724 2952 3763 nec
2982 3710 3283 3778 paradisum
3306 3750 3319 3771 ,
3366 3726 3462 3765 nec
3490 3726 3605 3767 cm-

2037 3778 2207 3833 lorum
2257 3794 2415 3847 regna
2468 3779 2844 3850 promiseram;
2890 3778 2980 3850 hic
3023 3779 3117 3832 filii
3161 3780 3605 3850 nobilissapiens

2037 3849 2174 3903 unici
2200 3861 2424 3903 mortem
2447 3864 2542 3902 nec
2558 3848 2742 3913 doluit,
2762 3863 2861 3902 nec
2886 3848 3158 3917 ingemuit,
3188 3866 3284 3903 nec
3310 3848 3398 3903 tali
3420 3848 3605 3907 nuntio

2038 3934 2153 3972 mea
2181 3933 2334 3972 sacra
2362 3918 2595 3973 deseruit
2623 3936 2635 3971 :
2661 3918 2733 3971 tui
2763 3928 2936 3973 autem
2959 3919 3262 3985 Christiani,
3296 3919 3370 3973 tui
3397 3919 3599 3985 fideles,

2036 4003 2132 4057 pro
2150 3989 2340 4058 quibus
2371 3988 2490 4042 ideo
2519 3988 2802 4058 crucifixus
2831 3997 2884 4042 et
2908 3998 3147 4043 mortuus
3173 4004 3231 4043 es
3250 4030 3265 4051 ,
3296 3998 3352 4043 ut
3377 3998 3603 4045 mortem

2036 4056 2135 4127 ipsi
2165 4056 2268 4112 non
2296 4060 2565 4123 timerent,
2587 4056 2683 4112 sed
2706 4066 2887 4112 essent
2907 4058 2974 4112 de
2994 4059 3383 4113 resurrectione
3407 4061 3599 4123 securi,

2036 4144 2139 4182 non
2161 4128 2331 4182 solum
2354 4128 2532 4197 lugent
2551 4135 2788 4182 mortuos
2806 4138 2859 4183 et
2880 4142 3009 4183 voce
3028 4137 3081 4181 et
3106 4128 3305 4193 habitu,
3326 4129 3418 4183 sed
3443 4131 3601 4184 etiam

2035 4198 2101 4252 ad
2131 4200 2408 4253 ecclesiam
2429 4197 2713 4265 procedere
2729 4198 3152 4260 confunduntur;
3175 4199 3425 4267 aliquanti
3442 4201 3600 4254 etiam

2036 4269 2135 4337 ipsi
2179 4269 2357 4323 clerici
2403 4269 2473 4322 tui
2518 4277 2571 4321 et
2612 4278 2850 4337 pastores
2881 4268 3229 4323 ministerium
3260 4286 3411 4322 suum
3442 4270 3605 4324 inter-

2036 4340 2281 4404 mittunt,
2314 4346 2562 4393 vacantes
2594 4338 2790 4403 luctui,
2830 4343 2978 4407 quasi
3025 4340 3335 4393 insultantes
3377 4350 3477 4393 tua:
3512 4357 3603 4392 vo-

2036 4409 2259 4463 luntati?
2282 4409 2495 4475 Quare?
2514 4408 2645 4479 Quia
2666 4422 2798 4479 quos
2820 4409 3053 4471 voluisti.
3075 4410 3143 4464 de
3167 4410 3347 4464 saeculi
3375 4410 3601 4479 caligine

2034 4480 2101 4533 ad
2133 4490 2183 4534 te
2214 4480 2433 4533 vocasti.
2461 4478 2597 4547 Quid
2639 4478 2705 4532 ad
2750 4478 2864 4532 lucc
2906 4480 3230 4548 respondere
3278 4478 3603 4548 poterimus,

2036 4549 2265 4604 fratres?
2286 4550 2471 4606 Nonne
2495 4549 2734 4603 confusio
2756 4564 2850 4602 nos
2875 4549 3256 4618 apprehendet,
3279 4565 3399 4603 cum
3427 4550 3477 4603 in
3505 4550 3603 4611 hac

2036 4629 2184 4688 parte
2211 4620 2486 4676 inferiores
2512 4619 2753 4689 gentibus
2781 4619 3113 4689 invenimur?
3136 4621 3198 4673 Et
3221 4620 3399 4689 utique
3433 4620 3597 4689 lugeri

2034 4690 2192 4745 debet
2219 4704 2473 4760 paganus,
2500 4688 2588 4771 qui
2619 4690 2863 4771 nesciens
2890 4688 3077 4771 Deum,
3111 4704 3237 4771 mox.
3263 4688 3323 4771 ut
3347 4688 3592 4771 moritor.

2035 4758 2367 4830 rectogcur'su
2394 4758 2564 4830 pergit
2587 4758 2652 4813 ad
2683 4773 2914 4830 pinnam.
2941 4758 3126 4830 Plangi
3153 4759 3314 4813 debet
3350 4758 3599 4830 ludimus.

2034 4831 2123 4898 qui
2165 4827 2528 4885 Cliristo'non
2570 4828 2821 4890 credens,
2867 4827 3097 4882 animani
3139 4844 3288 4898 suam
3321 4827 3601 4898 perditioni

2036 4896 2325 4969 deputavit.
2353 4898 2645 4955 Dolendum
2676 4908 2767 4969 est
2786 4898 2939 4965 plane
2976 4899 3044 4953 de
3083 4896 3479 4969 catechumenis
3511 4914 3605 4950 no-

2033 4968 2160 5025 stris
2180 5013 2195 5036 ,
2224 4972 2269 5025 si
2301 4978 2391 5024 aut
2418 4984 2511 5023 sua
2540 4968 2905 5023 incredulitate
2924 5008 2937 5028 ,
2964 4977 3055 5021 aut
3083 4968 3399 5036 negligentia
3430 4969 3604 5035 proxi—

2033 5055 2263 5105 morum,
2293 5042 2409 5095 sine
2436 5040 2698 5108 baptismo
2726 5037 2943 5108 salutari
2973 5038 3310 5108 recesserint.
3338 5036 3605 5091 Caeterum

2034 5112 2123 5180 qui
2149 5106 2518 5165 sanctificatus‘
2536 5110 2700 5180 gratia
2724 5148 2739 5171 ,
2766 5107 3002 5175 signatus
3026 5106 3129 5180 title
3152 5147 3166 5169 ,
3193 5109 3606 5180 conversatione

2037 5176 2306 5247 probatus,
2332 5180 2412 5233 vel
2438 5176 2731 5233 innocentia
2759 5191 2980 5247 securus
3008 5177 3074 5231 de
3104 5176 3428 5247 lioctmundo
3455 5193 3602 5231 rece-

2035 5245 2125 5310 dit,
2155 5250 2527 5303 lieatilicandus
2542 5257 2642 5309 est.
2661 5262 2766 5300 non
2785 5246 3061 5315 lugendus,
3083 5245 3483 5312 desiderandus,
3502 5263 3604 5300 nou

2098 5383 2110 5409 ¹
2149 5379 2284 5437 Editi,
2300 5376 2551 5439 superarit.

2096 5440 2114 5473 ³
2149 5447 2250 5498 Ms.,
2272 5446 2316 5489 et
2348 5452 2484 5489 vana.

2098 5504 2118 5535 ³
2147 5510 2289 5563 Certe
2307 5500 2568 5563 legendum
2591 5508 2684 5557 est,
2708 5497 2961 5563 tumidum.
3031 5507 3082 5563 tt.

2097 5566 2115 5592 ⁸
2150 5571 2246 5611 Non
2270 5559 2417 5611 lialkt
2442 5570 2540 5618 Ms.,
2564 5575 2605 5610 ει
2634 5559 2931 5621 pepercerim
2954 5560 3235 5621 uestimento.

2095 5626 2113 5656 '
2139 5624 2272 5681 Fditi,
2285 5622 2517 5683 dirigere;
2529 5631 2579 5671 et
2590 5620 2639 5671 iu
2652 5620 2825 5681 verbo,
2837 5620 3354 5683 publicare,tractatum
3365 5620 3591 5672 chthlunt

2096 5686 2117 5717 ⁸
2150 5692 2305 5744 Forte,
2328 5684 2580 5746 defunctus
2609 5690 2745 5746 esset.

2095 5748 2167 5809 (ιι)
2193 5742 2551 5809 ιίοιηὲιῇιιὲννὶά.
2579 5744 2666 5794 'I‘it.
2700 5746 2792 5793 liv.
2813 5742 2896 5795 lib.
2916 5745 2969 5809 ﬁt:
2991 5743 3270 5793 Plutarchus
3292 5743 3606 5807 Atmpbtegtu.

2034 5804 2201 5858 Lacon.
2224 5804 2379 5858 simile
2403 5808 2580 5857 dictum
2598 5821 2626 5855 a
2648 5813 2871 5857 ucomoo
2894 5804 3063 5854 refert.
