4016 6502
525 447 661 510 liti?

523 565 883 637 plangendus;
938 564 1029 618 sed
1081 563 1468 637 desiderandus
1519 578 1638 637 eum
1699 561 2100 637 moderatione,

522 631 644 690 cum
683 640 912 689 sciamus
955 649 1052 690 nos
1092 637 1236 704 ipsos
1265 634 1636 688 accedentibus
1663 631 1990 701 temporibus
2019 649 2105 689 se-

517 719 759 762 Cllllll‘OS.

593 777 765 846 Terge
808 774 968 841 igitur
1010 775 1273 846 laerymas
1295 817 1308 835 ,
1342 774 1634 828 intermitte
1663 773 1888 846 suspiria
1909 814 1922 838 ,
1955 787 2104 846 com-

521 862 682 914 pesce
704 841 974 914 'g'emitus,
1007 860 1039 899 ο
1073 841 1274 906 fidelis;
1318 853 1370 897 ct
1403 860 1497 913 pro
1536 849 1632 897 hac
1663 844 1873 897 tristitia
1903 844 2107 914 saluta-

518 930 634 972 rem
691 917 833 970 illam
890 915 1048 969 indue
1103 915 1411 976 tristitiam,
1471 914 1651 983 utique
1704 929 1860 983 quam
1917 913 2104 968 beatus

522 987 812 1056 Apostolus
846 985 1139 1056 secundum
1168 986 1331 1038 Deum
1363 1000 1482 1056 esse
1509 984 1856 1056 memoravit,
1883 999 2000 1052 quze
2021 998 2106 1037 sa-

519 1053 682 1112 lutem
715 1055 958 1115 stabilem
989 1056 1126 1109 solet
1150 1056 1357 1123 operari
1382 1054 1456 1124 (ll
1493 1054 1611 1108 Cor.
1637 1070 1728 1119 vn,
1763 1053 1862 1121 10)
1886 1069 1901 1117 ;
1926 1056 2106 1122 utique

519 1125 888 1196 pmnitentiam
932 1124 1221 1196 facinorum
1261 1125 1694 1196 commissorum.
1731 1124 1980 1178 Scrutare
2010 1139 2103 1196 pej-

515 1194 637 1251 ctus
663 1205 834 1257 tuum,
865 1197 1132 1264 pr0priam
1161 1195 1494 1265 interrogans
1521 1195 1900 1250 conscientiam
1927 1235 1941 1258 ,
1971 1202 2026 1248 et
2055 1194 2100 1246 si

523 1266 765 1319 invenias
799 1265 994 1333 aliquid
1027 1266 1387 1332 pmnitendum
1418 1267 1433 1332 (
1461 1266 1701 1318 invenies
1741 1274 1916 1318 autem
1943 1305 1955 1322 .
1984 1279 2103 1317 cum

519 1340 596 1391 sis
636 1336 871 1404 homo);
904 1334 1054 1389 trahe
1082 1335 1307 1402 suspiria
1342 1335 1392 1388 in
1432 1333 1799 1400 eonfeSsionc,
1832 1334 1990 1388 funde
2029 1334 2105 1387 la-

519 1421 731 1478 crymas
756 1406 807 1459 in
840 1406 1102 1478 «natione,
1128 1405 1534 1478 estosollicitus
1557 1405 1623 1458 de
1651 1415 1820 1458 morte
1848 1404 1932 1478 illa
1957 1420 2100 1478 ve_ra,

518 1475 594 1530 de
616 1491 768 1544 pcena
798 1477 1008 1537 animae,
1044 1484 1160 1529 esto
1190 1475 1447 1528 Sollicitus
1478 1476 1543 1527 de.
1575 1484 1812 1542 peccato,
1841 1476 1978 1528 sicut
2006 1475 2106 1527 Da-

517 1547 607 1601 vid
653 1545 782 1598 dicit
811 1563 824 1599 :
860 1547 1110 1609 Quoniam
1154 1546 1486 1614 iniquitatem
1513 1563 1674 1598 mcam
1721 1545 1991 1614 pronuntio
2014 1587 2026 1605 ,
2057 1553 2104 1597 et

520 1616 765 1670 sollicitus
791 1633 874 1668 ero
913 1631 1004 1684 pro
1032 1613 1246 1683 peccato
1275 1633 1381 1669 meo
1417 1619 1432 1685 (
1461 1613 1602 1668 Psal.
1637 1613 1814 1669 xxxx-tt
1839 1659 1851 1677 ,
1881 1617 1945 1669 19
1969 1615 2021 1684 );
2051 1625 2105 1668 et

522 1695 626 1740 iton
657 1686 724 1739 de
749 1687 988 1754 corporis
1017 1687 1172 1755 hujus
1197 1687 1472 1755 temporali
1493 1687 1840 1739 dissolutione
1869 1686 2106 1738 terrebe-

523 1759 618 1822 ris,
647 1756 786 1826 quod
819 1771 913 1810 suo
941 1763 1180 1824 tempore
1208 1756 1258 1809 in
1289 1757 1613 1814 melius,l)co
1637 1756 2104 1826 jubcnte,rcpara-

522 1825 685 1881 bitur.
710 1827 838 1881 Vide
864 1826 1312 1895 quemadmodum
1337 1839 1618 1895 utrumque
1643 1825 1903 1879 Sententia
1926 1825 2104 1878 divina

515 1898 791 1966 complexa
814 1906 914 1957 est,
942 1896 1125 1950 dicens
1152 1914 1164 1947 :
1202 1896 1345 1949 Venit
1373 1898 1498 1949 liora
1521 1913 1634 1948 cum
1659 1897 1845 1949 mortui
1873 1897 1957 1964 qui
1983 1903 2101 1948 sunt

514 1974 568 2021 in
593 1968 927 2036 monumentis
948 1977 1228 2036 resurgant.
1251 1968 1386 2021 Ecce
1414 1968 1691 2030 securitas,
1717 1981 1841 2020 ecce
1863 1976 2105 2036 contem-

516 2036 638 2105 ptus
668 2037 873 2090 mortis.
903 2035 1005 2091 Sed
1033 2035 1157 2105 quid
1190 2038 1467 2106 sequitur?
1493 2037 1592 2100 Qui
1620 2037 1749 2090 bona
1777 2039 2022 2108 fecerunt,
2052 2035 2104 2088 in

515 2108 928 2161 resurrectionem
958 2108 1103 2168 vitta;
1129 2108 1215 2176 qui
1239 2118 1404 2160 autem
1428 2108 1562 2158 mala
1591 2119 1816 2177 egerunt,
1845 2110 1897 2159 in
1922 2122 2097 2159 resur—

516 2179 786 2230 rectionem
822 2177 1007 2247 judicii
1032 2177 1226 2247 (Joan.
1257 2194 1308 2240 ν,
1337 2178 1440 2241 (28,
1481 2177 1551 2231 29
1574 2179 1590 2246 )
1617 2195 1629 2230 :
1653 2193 1780 2232 ecce
1822 2177 2105 2230 diversitas

518 2247 928 2316 resurgentium.
977 2246 1202 2301 Omnem
1244 2249 1458 2316 quidem
1500 2263 1719 2301 necesse
1760 2257 1842 2301 est
1883 2261 2102 2316 carnem

513 2315 796 2386 resurgere
825 2317 1081 2370 duntaxat
1105 2315 1386 2371 humanam
1414 2335 1426 2370 :
1457 2317 1550 2371 sed
1581 2318 1750 2371 bonus
1772 2327 2016 2387 resurget
2037 2315 2103 2369 ad

512 2388 698 2470 vitam,
729 2387 898 2441 malus
924 2399 1162 2470 resurget
1185 2388 1256 2470 ad
1276 2404 1510 2470 pinnam,
1539 2388 1679 2442 sicut
1706 2388 1960 2455 scriptum
1983 2397 2070 2468 est
2086 2403 2101 2439 :

514 2455 640 2510 Ideo
665 2475 764 2510 non
790 2467 1050 2526 resurgent
1079 2455 1219 2528 impii
1243 2455 1296 2511 in
1313 2459 1534 2528 judicio.
1559 2476 1716 2520 neque
1740 2468 2026 2526 peccatores
2052 2459 2104 2528 in

510 2529 725 2600 concilio
751 2528 766 2559 ¹
785 2529 1047 2597 justorum
1073 2529 1092 2600 (
1120 2527 1262 2581 Psal.
1295 2527 1332 2592 I,
1357 2530 1452 2600 5).
1487 2528 1556 2584 Ut
1589 2544 1717 2598 ergo
1747 2529 1929 2600 nonin
1955 2527 2102 2600 judi-

509 2598 650 2653 cium
693 2598 1420 2667 resurgamus,‘intermissa
1459 2601 1647 2652 mortis
1696 2599 1903 2652 tristitia
1955 2598 2102 2652 illam

514 2669 880 2734 pmttitenliatn
916 2677 968 2720 et
995 2669 1263 2722 tristitiam
1296 2684 1569 2723 sumamus
1590 2711 1603 2733 ,
1637 2680 1690 2724 et
1716 2685 1897 2724 curam
1930 2669 2102 2721 bono-

513 2755 628 2792 rum
659 2753 880 2807 operum
906 2753 970 2794 ac
993 2738 1114 2791 vitae
1145 2739 1384 2792 melioris
1409 2737 1720 2802 habeamus,
1744 2751 1798 2792 et
1820 2739 1884 2792 ad
1911 2739 2010 2790 hoc
2034 2739 2104 2792 sit

513 2810 667 2863 nobis
708 2808 959 2878 cogitatio
1007 2808 1163 2877 hujus
1212 2809 1414 2863 funeris
1460 2820 1515 2862 et
1541 2811 1850 2873 cadaveris,
1881 2817 1938 2863 ut
1965 2810 2103 2862 ’nos

511 2879 763 2933 mortales
794 2893 913 2933 (3338
956 2878 1262 2933 noverimus
1284 2920 1298 2944 ,
1342 2890 1396 2934 et
1423 2895 1518 2950 per
1543 2879 1678 2935 hanc
1703 2880 2102 2950 cogitationem,

572 3014 593 3104 ζ
627 3012 1052 3122 ξεωεὶεοτὶιιίωιι,
1080 3011 1294 3062 consilio.

699 3109 729 3124 ..
755 3087 780 3124 e
807 3111 817 3121 .

699 3109 729 3132 .,
755 3109 817 3124 υ..

1991 449 2352 508 APPENDlX.

3645 460 3758 522 H68

2209 566 2720 638 salutemrnostram.
2754 565 2878 638 dum
2911 576 3119 638 tempus
3148 578 3248 630 est,
3278 569 3402 624 dum
3433 570 3581 638 licet,
3613 578 3750 631 mini-

2211 652 2295 689 me
2323 637 2648 711 negligamus
2673 654 2686 689 :
2712 637 2920 711 scilicet
2942 648 3031 691 aut
3057 637 3436 695 fruetiticantes
3465 643 3515 696 in
3545 637 3745 711 melius,

2205 716 2299 760 aut
2327 707 2671 761 emendantes
2709 707 2750 759 si
2803 709 3107 776 ignorantes
3136 713 3428 765 erravimus
3458 729 3470 764 :
3501 729 3562 768 ne
3600 707 3754 771 subito

2210 779 2571 852 praeoccupati
2589 777 2676 830 die
2703 779 2908 852 mortis,
2939 793 3241 852 qumramus
3266 783 3492 848 spatium
3515 789 3751 852 poeniten-

2209 846 2317 912 ti:c,
2346 857 2399 901 et
2427 862 2532 900 non
2561 847 2801 928 invenire
2814 846 3095 928 _possi.rnns
3117 864 3132 914 ;
3157 846 3457 928 quieramus
3482 846 3753 928 eleemosy-

2211 932 2304 994 nas
2331 932 2569 987 erogare,
2593 925 2654 994 _et
2679 917 2988 974 satisfacere
3015 934 3110 988 pro
3139 920 3370 986 delictis,
3397 938 3492 977 nec
3520 925 3650 994 quod
3674 917 3755 982 v'oo

2211 987 2382 1040 lumus
2408 987 2747 1040 eotICedatur.

2278 1057 2501 1112 Ostensa
2526 1059 2700 1126 igitur,
2735 1056 2956 1129 fratres,
2990 1058 3176 1114 mortis
3202 1063 3497 1116 communis
3519 1063 3755 1129 ‘,ostenss

2208 1126 2561 1197 laerymarum
2595 1128 2993 1192 interdictione,
3024 1139 3316 1185 mOnSIrata
3348 1126 3579 1187 veterum
3604 1134 3754 1189 adhuc

2208 1195 2496 1267 fragilitate
2533 1206 2588 1252 et
2626 1213 2729 1251 non
2759 1197 3174 1252 Christianitatis
3213 1201 3411 1256 virtute
3436 1245 3450 1267 ,
3491 1214 3754 1260 monstrato

2213 1267 2418 1337 Domini
2447 1277 2782 1322 sacramento
2809 1277 2862 1321 et
2891 1271 3262 1337 Apostolorum
3294 1271 3362 1325 de
3393 1277 3754 1329 resurrectione

2208 1335 2529 1392 doetnnento
2549 1380 2564 1403 ,
2596 1335 3027 1400 commemoratis
3057 1341 3432 1406 Apostolorum
3461 1343 3682 1405 actibus,
3711 1354 3756 1400 et

2210 1421 2498 1480 martyrum
2525 1409 2876 1480 passionibus,
2906 1419 3124 1462 ostenso
3147 1421 3402 1478 pr:cterea
3432 1412 3585 1466 David
3604 1429 3757 1469 exem-

2209 1478 2428 1547 plo,'et
2467 1478 2680 1548 gentilis
2727 1479 2956 1531 hominis
2999 1480 3215 1548 insnpcr
3251 1482 3423 1543 laeto,
3456 1483 3517 1535 ad
3545 1485 3756 1538 ultimum

2209 1550 2452 1616 exposita
2480 1559 2534 1603 et
2563 1549 2717 1602 noxia
2743 1559 2796 1602 et
2823 1550 2946 1620 utili
2967 1550 3201 1614 tristitia,
3231 1551 3312 1603 illa
3344 1568 3463 1620 qum
3490 1565 3654 1618 nocet,
3677 1556 3756 1609 ista

2208 1634 2326 1686 qme
2354 1635 2446 1686 per
2477 1620 2838 1688 pmnitentiam
2872 1619 3047 1672 salvat
3079 1638 3092 1671 :
3129 1620 3209 1673 his
3236 1619 3484 1676 omnibus
3509 1625 3582 1679 sic
3605 1637 3758 1678 Osten-

2208 1689 2299 1750 sis,
2329 1691 2452 1763 quid
2483 1705 2580 1743 nos
2610 1688 2784 1763 facere
2810 1689 2917 1763 ja_m
2942 1689 3092 1763 aliud
3117 1699 3348 1763 oportet,
3375 1690 3561 1763 fratres
3581 1736 3595 1758 ,
3623 1710 3756 1763 quam

2207 1761 2403 1827 gratias
2442 1769 2660 1826 agentes
2702 1760 2808 1813 lleo
2861 1760 2998 1812 Patri
3045 1760 3224 1814 dicere
3247 1803 3260 1824 ,
3297 1759 3416 1814 Fiat
3449 1759 3665 1816 voluntas
3688 1775 3758 1816 tua

2207 1829 2335 1902 sicut
2363 1832 2416 1884 in
2446 1831 2569 1884 caelo
2601 1840 2645 1881 et
2676 1831 2728 1883 in
2765 1840 2898 1902 terra
2942 1829 2960 1900 (
2986 1827 3170 1883 Matth.
3203 1847 3288 1894 Vl,
3328 1834 3391 1886 10
3419 1834 3436 1902 )
3468 1850 3481 1884 :
3517 1844 3565 1886 tu
3589 1834 3756 1888 dedisti

2210 1901 2408 1966 vitam,
2443 1911 2497 1954 tu
2528 1901 2847 1954 constituisti
2879 1911 3136 1966 mortem;
3183 1910 3236 1954 tn
3281 1902 3486 1956 inducis
3523 1903 3573 1958 in
3613 1920 3758 1958 srccu-

2210 1970 2316 2023 lmn
2339 2011 2352 2034 ,
2386 1980 2439 2024 tu
2468 1971 2649 2024 educis
2676 1971 2742 2024 de
2782 1971 3010 2033 saeculo,
3055 1980 3108 2025 et
3145 1986 3263 2025 cum
3296 1972 3544 2026 eduxeris
3569 1989 3754 2036 servas;

2209 2041 2340 2094 nihil
2381 2043 2527 2113 enim
2567 2041 2775 2113 deperit
2799 2049 3044 2113 tuorum,
3075 2042 3162 2110 qui
3187 2044 3565 2113 inecrcapillum
3593 2045 3755 2113 capitis

2207 2127 2390 2183 eorum
2423 2111 2594 2180 perire
2625 2111 2805 2183 dixisti
2827 2111 2973 2175 (Luc.
3001 2127 3108 2183 xxi,
3147 2112 3254 2183 18).
3281 2111 3492 2181 Auferes
3517 2111 3756 2182 enimspi-

2207 2182 2362 2234 ritum
2393 2198 2585 2240 eorum,
2619 2191 2664 2235 et
2693 2182 2926 2248 deﬁcient
2946 2222 2958 2244 ,
2990 2191 3036 2234 et
3062 2182 3115 2235 in
3147 2182 3329 2235 terram
3360 2200 3507 2235 suam
3533 2194 3753 2237 reverteri.

2210 2261 2322 2314 tur;
2351 2253 2443 2306 sed
2483 2254 2674 2305 emittes
2701 2252 2940 2320 Spiritum
2972 2261 3114 2304 tuum
3143 2263 3189 2304 et
3218 2255 3540 2315 creabantur,
3562 2265 3604 2307 et
3627 2270 3750 2307 reno-

2207 2323 2345 2393 uabis
2386 2323 2565 2392 faciem
2611 2332 2756 2393 terra:
2785 2323 2800 2393 (
2834 2320 2972 2393 Psal.
2999 2337 3088 2376 CIII
3110 2364 3125 2388 ,
3148 2322 3238 2385 29,
3265 2323 3334 2377 50
3355 2323 3416 2393 )?
3443 2325 3561 2378 Hmc
3587 2327 3724 2377 verba
3741 2365 3754 2387 ,

2211 2391 2419 2456 fratres,
2451 2394 2604 2459 digna
2641 2391 2915 2452 tidelibus.
2948 2391 3060 2446 haec
3090 2391 3649 2448 medicina‘salutaris:
3679 2395 3757 2447 hac

2208 2464 2427 2531 Spongia
2470 2462 2850 2518 consolationis
2896 2462 3141 2516 detersus
3181 2465 3402 2525 oculus,
3440 2465 3538 2518 hoc
3580 2463 3755 2518 infusus

2207 2535 2426 2604 collyrio
2466 2533 2687 2588 rationis
2711 2574 2724 2597 ,
2759 2549 2862 2604 non
2897 2533 3054 2585 modo
3097 2535 3390 2588 caecitatem
3432 2550 3496 2588 ex
3540 2535 3756 2602 despera-

2210 2603 2352 2658 tione
2379 2620 2483 2658 non
2509 2605 2724 2668 sentiet,
2755 2603 2848 2658 sed
2878 2617 2976 2657 nec
3004 2603 3174 2672 lippes
3203 2604 3407 2672 aliquas
3435 2606 3649 2658 tristitia.-
3670 2618 3758 2656 sus.

2210 2674 2430 2738 tinebit;
2493 2675 2617 2744 quin
2670 2675 2845 2742 potius
2894 2673 3088 2744 oculis
3142 2673 3320 2728 cordis
3377 2675 3551 2728 lucida
3598 2685 3755 2729 cuncta

2208 2742 2526 2813 respiciens,
2550 2744 2691 2798 dicct
2711 2742 3000 2797 secundum
3029 2745 3476 2812 patientissimum
3499 2745 3636 2798 ἱΙΙιιιιι
3652 2745 3752 2804 Job.

2209 2816 2460 2868 Dominus
2486 2817 2621 2867 dedit
2640 2857 2653 2877 ,
2685 2813 2926 2868 Dominus
2962 2813 3201 2880 abstulit;
3227 2815 3353 2867 sicut
3388 2814 3598 2869 Domino
3624 2818 3756 2867 visum

2207 2897 2302 2948 est,
2331 2888 2401 2938 ita
2430 2886 2715 2956 factumest
2740 2900 2758 2936 :
2777 2885 2852 2956 sit,
2868 2901 3046 2937 nomen
3076 2883 3280 2938 Domini
3311 2885 3617 2939 benedictum
3638 2884 3654 2956 (
3678 2883 3759 2937 Job

2210 2973 2248 3022 I,
2279 2957 2369 3026 2|)
2399 2959 2449 3010 in
2477 2955 2670 3010 sarcula
2697 2955 3035 3008 saeculorum.
3069 2956 3260 3009 Amen.

2279 3070 2296 3101 ⁸
2332 3074 2473 3117 Forte
2495 3066 2805 3116 addendum:
2831 3072 2978 3126 sorte,
3011 3066 3113 3124 vel,
3135 3066 3427 3118 conditione.

584 3156 660 3210 Eo
689 3157 788 3212 loci
816 3157 1009 3224 legitur
1034 3156 1170 3226 apud
1208 3157 1306 3209 PP.
1341 3157 1713 3213 Benedictinos
1742 3174 1755 3210 :
1796 3178 1813 3211 ι
1847 3153 2058 3212 Excuso
2094 3157 2201 3226 jam
2229 3153 2506 3222 superiore
2536 3151 2698 3226 folio,
2728 3152 2871 3206 venit
2907 3153 2964 3226 in_
2989 3168 3177 3226 manus
3206 3163 3417 3226 nostras
3450 3155 3759 3226 Remigianns

508 3227 702 3291 codex,
735 3223 994 3281 annorum
1025 3223 1137 3280 fere
1166 3227 1288 3286 800.
1320 3229 1602 3282 continens
1635 3231 1860 3294 primum
1890 3245 1954 3282 ex
1984 3223 2324 3283 sermonibus
2353 3223 2779 3296 prarccdentibus
2800 3237 2920 3276 cum
2950 3223 3118 3278 hocce
3144 3225 3300 3278 titulo
3331 3242 3344 3277 :
3377 3224 3564 3296 Incipit
3591 3225 3756 3279 libellus

513 3298 581 3350 de
610 3298 956 3351 consolatione
976 3298 1150 3351 mortis
1178 3298 1341 3351 sancti
1364 3297 1583 3354 Joannis
1609 3293 2166 3370 Constantiiwpolitani
2192 3296 2431 3366 episcopi.
2475 3313 2494 3346 ι
2615 3293 2685 3346 Μ.

1989 3444 2103 3503 DM

1037 3544 1102 3600 IN
1142 3543 1564 3602 TRACTATUS'I
1606 3545 1694 3599 DE
1734 3445 2103 3599 RECTIgUDI

2213 3439 2646 3594 ιᾶξῼΗΟΗΟᾸΕ
2683 3535 3296 3592 CONVERSATIONIS.

584 3657 769 3710 Exstat
799 3657 896 3710 iste
924 3664 1182 3710 tractatus
1210 3657 1260 3710 in
1290 3656 1427 3711 libro
1449 3658 1686 3713 secundo
1714 3656 1850 3710 Vita-3
1879 3656 1936 3714 S.
1970 3655 2122 3726 Eligii
2163 3652 2397 3722 episcopi
2427 3649 2798 3705 Noviomensis
2821 3693 2835 3712 ,
2883 3666 2999 3720 cap.
3032 3652 3100 3706 15
3124 3693 3139 3715 ,
3170 3653 3429 3707 collectus
3456 3654 3685 3708 nimirum
3707 3663 3758 3703 ac

500 3745 804 3815 descriptus
833 3759 995 3815 Opera
1043 3747 1282 3800 Audoeni
1314 3746 1446 3801 Vita:
1467 3747 1706 3817 ejusdem
1737 3748 2001 3808 auctoris,
2031 3743 2122 3814 qui
2151 3743 2372 3813 piiSsimi
2401 3741 2646 3811 przesulis
2676 3742 2875 3796 monita
2902 3741 2966 3794 ad
3009 3743 3222 3813 plebem
3281 3759 3434 3799 suam
3481 3743 3754 3814 quotidiana

501 3849 556 3894 et
585 3839 846 3908 praecipua
873 3839 1332 3908 comprehendere
1362 3841 1463 3894 hoc
1484 3855 1733 3895 sermone
1759 3840 1979 3895 studuit.
2006 3837 2196 3892 Diebus
2220 3853 2437 3908 namque
2460 3836 2697 3906 singulis,
2723 3835 2793 3889 ait
2819 3836 3112 3904 Audoenus,
3136 3838 3329 3905 plebem
3357 3840 3457 3894 sibi
3475 3840 3757 3894 commissi!!!

501 3931 886 4002 infatigabiliter
910 3931 1220 3985 salutaribus
1266 3932 1470 3985 monitis
1496 3931 1977 3986 exhortabatur.....
2016 3929 2156 3984 Nam
2183 3929 2408 3984 collectis
2445 3927 2667 3999 undique
2705 3927 2775 3980 ad
2802 3928 3061 3982 ecclesiam
3092 3931 3249 3985 turbis
3292 3931 3454 3985 multa
3499 3931 3680 4002 quidem
3721 3937 3758 3982 ιι

503 4040 686 4094 magna
717 4021 925 4075 breviter
975 4023 1026 4076 in
1055 4039 1285 4078 sermone
1309 4024 1572 4094 complexa
1596 4066 1610 4089 ,
1635 4023 1724 4077 sed
1750 4025 1800 4077 in
1828 4023 2166 4091 aedificatione
2199 4020 2534 4092 spiritualiter
2556 4019 2760 4089 copiosa
2779 4060 2796 4087 ,
2838 4036 2952 4074 cum
2983 4023 3277 4094 prophetica
3321 4025 3515 4092 ﬁducia
3561 4027 3758 4080 exaltant

501 4131 689 4175 uocem,
713 4113 1060 4184 hujuscemodi
1087 4114 1155 4167 ad
1197 4130 1281 4168 eos
1313 4115 1601 4186 proferebat
1627 4115 1818 4168 monita
1846 4129 1866 4168 :
1895 4114 2037 4185 Rogo
2063 4129 2150 4166 vos
2175 4153 2190 4176 ,
2221 4115 2402 4183 fratres
2426 4110 2715 4164 charissimi
2733 4150 2750 4178 ,
2774 4120 2820 4164 et
2850 4127 2963 4164 cum
2983 4114 3168 4183 grandi
3196 4115 3482 4169 Ititniilitate
3514 4116 3750 4177 admoneo,

502 4214 596 4258 etc.
627 4205 996 4274 Reprmsentat
1023 4203 1146 4260 illuc
1170 4205 1461 4260 Audoenus
1487 4221 1790 4261 sermonem
1821 4206 2108 4275 integrum,
2141 4219 2313 4275 eoque
2337 4203 2485 4257 finito
2506 4202 2718 4267 subiicit
2747 4221 2763 4257 :
2799 4201 2924 4257 Htec
2947 4208 3236 4260 summatim
3263 4209 3326 4261 de
3351 4211 3482 4261 tanti
3508 4209 3597 4263 viri
3630 4204 3755 4279 fami—

503 4295 714 4350 liaribus
744 4295 944 4348 monitis
972 4294 1227 4364 hucusque
1277 4310 1518 4350 narrasse
1544 4295 1792 4367 sufficiat;
1820 4311 1933 4364 quae
1958 4296 2044 4350 ille
2081 4295 2174 4349 etsi
2199 4310 2300 4348 non
2339 4291 2430 4348 sub
2461 4291 2613 4346 unius
2653 4289 2754 4346 diei
2795 4293 3011 4347 articulo
3056 4311 3118 4349 ea:
3155 4296 3333 4350 ordine
3370 4307 3426 4350 ut
3451 4298 3636 4367 digesta
3663 4302 3756 4350 sunt

505 4386 849 4457 percurrebat,
881 4387 1090 4442 diuersis
1119 4397 1286 4442 tamen
1327 4372 1636 4456 temporibus
1657 4387 1952 4457 hujusmodi
1976 4402 2172 4456 semper
2196 4394 2453 4458 pracepta
2481 4382 2684 4454 papulis
2722 4383 3006 4438 intimabat.
3035 4385 3278 4441 Concinit
3310 4397 3465 4442 vetns
3494 4388 3653 4441 codex
3677 4399 3756 4438 uo»

503 4488 619 4533 ster
645 4477 1068 4540 Germanensis,
1093 4476 1185 4548 qui
1216 4477 1357 4532 hunc
1406 4477 1579 4548 ipsum
1610 4487 1891 4532 tractatum
1935 4477 2160 4533 seorsim
2209 4477 2279 4532 ab
2322 4475 2476 4544 Eligii
2507 4472 2622 4527 Vita
2661 4474 2916 4544 scriptum
2955 4477 3171 4532 exhibet
3215 4494 3335 4532 cum
3373 4479 3542 4534 hocce
3592 4478 3755 4534 titulo:

502 4569 766 4640 Incipiunt
806 4585 1060 4624 sermones
1110 4568 1241 4622 beati
1275 4568 1457 4640 Eligii,
1487 4585 1613 4640 quos
1641 4585 1755 4623 cum
1780 4586 1978 4624 summa
2025 4570 2193 4624 studio
2220 4568 2350 4640 plebi
2397 4567 2681 4638 proferebat
2721 4567 3195 4639 exlocupletissimo
3219 4573 3389 4626 cordis
3429 4574 3673 4627 thesauro.
3699 4570 3755 4624 Ea

504 4672 684 4718 tamen
709 4674 829 4731 qua:
855 4661 925 4715 ibi
957 4659 1159 4731 profert
1200 4659 1436 4731 Eligius,
1469 4661 1632 4716 traxit
1656 4676 1792 4731 pene
1817 4661 1993 4714 omnia
2025 4676 2089 4714 ex
2117 4659 2434 4714 Ctesarianis
2469 4657 2849 4722 Sermonibus,
2881 4659 2970 4728 qui
2999 4675 3094 4730 per
3125 4660 3352 4716 Galliam
3396 4664 3684 4718 universam
3715 4667 3758 4712 el

504 4773 599 4823 per
625 4753 905 4824 Hispanias
934 4763 1255 4824 procurante
1275 4751 1507 4808 Caesarie
1538 4752 1633 4826 (uti
1656 4767 1687 4806 a
1713 4752 1869 4808 nobis
1913 4752 2046 4806 alias
2070 4751 2410 4806 observatum
2435 4747 2553 4820 fuit)
2591 4752 2642 4802 in
2672 4749 2916 4804 ecclesiis
2961 4751 3355 4806 lectitabantur.
3405 4754 3503 4809 Adi
3535 4753 3655 4808 tomi
3685 4765 3757 4805 su-

493 4846 728 4920 perioris
753 4844 1139 4916 Appendicem,
1172 4855 1226 4900 et
1249 4841 1436 4900 confer
1461 4859 1739 4899 sermones
1761 4843 1833 4899 29
1854 4885 1870 4908 ,
1901 4842 1991 4908 78,
2019 4842 2103 4898 11(

2208 4840 2294 4906 16,
2319 4841 2445 4907 Nl,
2461 4839 2728 4906 $0,259,
2746 4839 2873 4904 258,
2897 4840 3022 4902 265,
3045 4841 3172 4906 966,
3201 4843 3331 4906 275,
3359 4844 3488 4912 275,
3512 4845 3633 4910 277,
3649 4841 3753 4905 278.

505 4939 631 5003 279,
658 4934 787 4997 289,
816 4946 920 4990 etc.
957 4935 1014 4990 In
1041 4935 1147 4990 illis
1173 4945 1225 4990 et
1255 4933 1366 5002 ipsa
1391 4934 1544 5004 Eligii
1576 4935 1739 4988 verba
1772 4933 2011 5002 reperies
2029 4973 2046 4998 ,
2077 4941 2130 4986 et
2159 4931 2305 4986 locos
2333 4931 2591 5001 quosdam
2625 4928 2830 5000 planius
2856 4947 3013 5002 quam
3042 4933 3197 4989 isthic
3223 4937 3534 5005 explicatos.
3567 4938 3637 4992 Ex
3663 4949 3757 4990 setb

501 5047 686 5094 mone,
715 5029 861 5082 verbi
889 5029 1080 5097 gratia,
1115 5027 1238 5090 129,
1267 5043 1321 5080 ιι.
1348 5028 1402 5090 2,
1435 5038 1492 5083 et
1529 5043 1593 5082 ex
1640 5027 1777 5092 150,
1811 5044 1866 5082 ιι.
1900 5028 1927 5082 1
1957 5036 2012 5079 et
2034 5025 2091 5090 2,

2208 5025 2392 5093 alliges
2415 5024 2556 5094 quod
2587 5023 2676 5078 hic
2700 5065 2714 5088 ,
2741 5041 2794 5078 ιι.
2824 5025 2859 5080 5
2878 5067 2892 5089 ,
2923 5027 3135 5096 legitur,
3168 5028 3360 5084 Nullus
3379 5032 3568 5086 vetulas
3592 5030 3758 5102 faciat:

503 5126 591 5181 ubi
637 5124 866 5180 .lacobus
909 5121 1226 5178 Sirmondus
1275 5121 1493 5192 perinde
1520 5131 1676 5190 atque
1705 5120 1756 5174 in
1801 5121 2029 5174 concilio
2075 5117 2562 5183 Autissiodorensi,
2607 5117 2948 5171 scribendum
3001 5119 3182 5173 vitatas
3227 5124 3462 5191 putabat.
3497 5123 3616 5177 Item
3647 5122 3758 5174 hanc

505 5220 660 5291 Eligii
691 5218 1004 5276 sententiam
1037 5233 1091 5270 ιι.
1119 5215 1170 5280 9,
1200 5214 1299 5280 Qui
1321 5224 1438 5268 ante
1458 5214 1706 5284 legitimas
1733 5213 1936 5282 nuptias
1979 5199 2308 5265 concubinam
2339 5210 2521 5262 habere
2543 5211 2834 5279 prtesumit,
2865 5212 3008 5282 pejus
3037 5223 3244 5280 peccat,
3271 5231 3425 5284 quam
3466 5216 3548 5285 qui
3579 5210 3757 5266 adulte-

502 5312 635 5364 rium
665 5310 958 5374 ccmmittit,
988 5307 1065 5362 sic
1092 5306 1480 5376 accipiendam,
1515 5314 1570 5358 ut
1594 5305 1746 5374 pejus
1772 5319 1994 5374 peccare
2025 5304 2112 5358 ille
2156 5318 2260 5357 non
2290 5302 2358 5357 ob
2385 5301 2529 5355 aliud
2574 5302 2929 5369 existimetur,
2976 5304 3075 5358 nisi
3101 5306 3221 5373 quia
3262 5307 3424 5377 ipsius
3448 5307 3634 5362 factum
3661 5320 3759 5373 per-

505 5401 804 5454 niciosioris
833 5398 1062 5468 exempli
1085 5407 1164 5452 est
1187 5437 1203 5462 ,
1230 5397 1407 5452 disces
1432 5413 1498 5450 ex
1546 5395 1783 5464 ejusdem
1830 5398 1868 5448 Λ
1880 5393 2153 5464 ppendicis
2182 5407 2430 5446 sermone
2474 5390 2583 5446 288
2605 5433 2620 5457 ,
2652 5408 2703 5445 η.
2735 5393 2790 5458 5,
2821 5401 2876 5447 et
2899 5409 2964 5447 ex
2989 5393 3095 5448 289
3120 5436 3134 5457 ,
3170 5412 3225 5449 ιι.
3253 5397 3288 5450 Δ
3310 5437 3322 5458 ,
3347 5398 3434 5452 ubi
3465 5397 3598 5451 hanc
3627 5396 3752 5447 istius

500 5491 787 5547 sententia:
814 5493 1073 5545 rationem
1099 5490 1253 5544 affert
1279 5489 1544 5544 Ctesarius
1567 5529 1581 5555 ,
1616 5489 1752 5556 Quia
1775 5489 1860 5557 qui
1881 5487 2133 5541 adulterat
2155 5529 2169 5547 ,
2199 5487 2367 5539 adhuc
2397 5495 2499 5538 tam
2525 5501 2676 5556 grave
2712 5486 2903 5539 malum
2929 5497 3114 5542 secrete
3134 5489 3238 5542 vult
3274 5506 3537 5560 agere.....
3560 5489 3640 5542 ille
3663 5498 3756 5540 vero

506 5584 594 5654 qui
622 5582 817 5653 publice
852 5583 1186 5636 concubinam
1227 5581 1408 5636 habere
1437 5582 1766 5636 roluerit.....
1791 5597 1899 5635 rem
1926 5581 2282 5635 exsecrabilem
2309 5589 2410 5633 toto
2441 5580 2628 5650 populo
2667 5580 2865 5633 vidente
2908 5579 3112 5636 licenter
3138 5600 3192 5637 se
3211 5593 3356 5654 putat
3380 5585 3652 5638 admittere.
3680 5578 3754 5634 Sic

504 5689 702 5744 nempe
726 5673 844 5728 aliis
865 5673 1067 5744 praebet
1091 5673 1427 5729 occasionem
1457 5675 1704 5740 errandi,
1727 5682 1786 5728 ut
1810 5673 2025 5745 impune
2058 5673 2218 5728 licere
2248 5672 2298 5726 id
2325 5671 2565 5725 credant.
2599 5670 2728 5726 Nam
2771 5683 2973 5741 peccata
2998 5715 3012 5735 ,
3041 5675 3114 5728 uti
3144 5676 3219 5729 ait
3244 5677 3562 5748 Augustinus
3582 5675 3629 5728 in
3659 5671 3751 5726 En-

504 5765 734 5825 chiridio
779 5781 895 5834 cap.
947 5764 1015 5817 80
1036 5805 1048 5828 ,
1077 5764 1306 5834 quamvis
1339 5781 1521 5834 magna
1559 5779 1603 5818 et
1642 5765 1892 5820 horrenda
1911 5807 1925 5828 ,
1955 5781 2070 5844 cum
2096 5765 2150 5819 in
2197 5763 2612 5818 consuetudinem
2660 5764 2916 5828 verterint,
2941 5775 3027 5819 aut
3057 5785 3214 5836 parva
3252 5779 3340 5821 aut
3365 5767 3504 5821 nulla
3531 5781 3632 5819 esse
3652 5775 3748 5815 mf

503 5863 712 5913 duntur.

1868 6477 2270 6490 --Α-
