4016 6500
515 424 647 483 1175

509 564 637 616 pore
664 546 942 600 custodiat.
978 544 1046 600 Et
1073 542 1280 616 quoties
1292 543 1354 616 in
1381 549 1534 596 nocte
1559 539 1782 616 escitati
1800 539 2022 598 fueritis.
2043 547 2098 593 ct

508 610 726 671 somnus
752 632 817 671 ex
843 615 1011 672 oculis
1037 610 1329 669 evolaverit
1348 655 1363 679 ,
1397 627 1517 665 mox
1551 611 1703 664 labiis
1739 610 1946 678 signum
1977 624 2098 663 cru-

507 691 586 740 cis
625 695 891 742 occurrat.
925 686 1072 740 Mens
1113 701 1324 753 qunque
1351 681 1680 736 orationibus
1705 691 2009 748 occupetur,
2033 694 2096 753 ac

510 757 603 810 Dei
645 767 908 832 prmeepta
941 757 992 812 in
1023 749 1188 832 corde
1214 749 1528 832 volvantur,
1563 769 1629 832 ne
1655 752 1864 832 stupidp
1897 749 2095 832 pectori

509 822 728 894 repente
764 822 1016 895 subrepat
1043 828 1316 890 inimicus,
1349 825 1432 880 vel
1468 839 1558 894 per
1591 822 1811 895 fatuanr
1834 822 2093 895 incuriam

505 891 689 966 serpat
735 896 800 952 ad
853 891 1085 952 animam
1134 891 1479 953 adversarius
1524 894 1729 966 avidus.
1776 894 1993 948 Etcum
2040 891 2093 944 in

505 963 666 1038 sensu
693 967 844 1038 vobis
877 980 1084 1038 turpem
1109 968 1431 1038 suggesserit
1459 963 1864 1038 cogitationem,
1885 978 2094 1038 propo-

508 1037 617 1092 nite
643 1039 794 1092 vobis
820 1035 1054 1094 futurum
1085 1039 1178 1094 Dei
1205 1035 1461 1108 judicium
1479 1079 1492 1097 .
1526 1035 2055 1108 inferniqsupplicium
2073 1070 2093 1100 ,

502 1108 765 1172 gehennae
794 1125 1008 1178 pinnas,
1034 1105 1220 1163 tartari
1251 1108 1497 1164 tenebras
1525 1123 1539 1158 :
1571 1105 1858 1178 qu;einipii
1889 1105 2094 1174 patien-

505 1188 610 1232 tur.
639 1180 691 1234 Si
725 1177 838 1234 h:ec
869 1178 1127 1243 feceritis,
1169 1180 1347 1233 statim
1384 1178 1551 1246 turpis
1599 1177 1847 1245 cogitatio
1894 1190 2093 1229 evane-

504 1259 647 1312 scet,
678 1266 776 1304 nec
806 1267 900 1305 vos
923 1251 1134 1305 deseret
1169 1251 1332 1304 virtus
1371 1247 1603 1308 Christi;
1647 1248 1766 1315 quia
1794 1261 1980 1300 verum
2010 1255 2093 1299 est

503 1321 648 1385 quod
673 1322 929 1390 propheta
961 1322 1101 1374 canit
1123 1363 1136 1382 ,
1168 1321 1441 1390 Sperantes
1469 1321 1521 1373 in
1559 1316 1780 1372 Domino
1809 1317 2087 1370 misericor-

502 1390 597 1464 diu
613 1392 940 1464 circumdabit
971 1391 1155 1464 (Psal.
1187 1408 1330 1455 xxxr,
1363 1390 1476 1464 10).

575 1463 630 1516 9.
671 1463 747 1532 (11)
778 1461 882 1518 Sed
919 1457 1040 1516 cum
1075 1462 1188 1515 hinc
1233 1457 1445 1526 omnia,
1489 1459 1776 1532 auxiliante
1825 1457 2086 1522 Domino,

508 1531 859 1600 implereritis
879 1574 893 1597 ,
923 1535 1112 1586 scitote
1138 1532 1258 1601 quia
1289 1531 1390 1584 hoc
1416 1531 1640 1584 moleste
1669 1539 1983 1601 accepturus
2009 1537 2087 1584 est

501 1599 777 1661 diabolus.
805 1602 948 1670 quod
977 1599 1272 1657 videat‘vos
1309 1617 1338 1656 a
1369 1602 1622 1656 societate
1648 1615 1741 1653 sua
1771 1599 2046 1670 discedere
2071 1616 2086 1663 ;

503 1683 558 1725 et
587 1673 657 1727 ob
685 1673 786 1729 hoc
811 1669 1038 1728 fortasse
1063 1674 1268 1742 aliquas
1309 1673 1574 1740 nequitias
1616 1678 1708 1723 aut
1753 1669 2088 1742 infirmitates

500 1743 650 1796 vobis
675 1745 940 1798 immittet.
963 1743 1138 1798 Nolite
1155 1740 1255 1810 pro
1282 1743 1381 1797 hoc
1400 1743 1718 1811 desperare;
1752 1741 1872 1808 quia
1902 1740 1965 1793 ad
1996 1755 2089 1794 vos

501 1815 806 1882 probandos
836 1815 1108 1880 permittet
1147 1813 1248 1867 hoc
1280 1813 1418 1867 Deus
1447 1813 1557 1867 tieri
1579 1853 1594 1877 ,
1629 1819 1685 1864 ut
1714 1821 1998 1882 cognoscat
2041 1811 2086 1864 si

502 1881 567 1937 ex
592 1893 702 1938 toto
726 1884 889 1940 corde
932 1900 1030 1938 vos
1056 1885 1119 1939 ad
1148 1885 1265 1953 ejus
1306 1882 1724 1938 misericordiam
1760 1881 1970 1946 tenetis,
2002 1882 2086 1936 vel

500 1954 549 2007 si
575 1957 832 2009 veraciter
852 1955 905 2008 in
927 1970 1046 2010 eum
1074 1957 1310 2010 creditis.
1337 1955 1440 2009 Sed
1472 1964 1526 2009 et
1552 1968 1644 2007 vos
1669 1962 1856 2006 cuncta
1885 1953 2087 2019 patien-

503 2033 586 2078 ter
615 2025 852 2090 snﬂ'erte,
899 2036 953 2080 et
984 2026 1145 2080 Deum
1199 2027 1248 2078 in
1289 2027 1537 2079 omnibus
1584 2021 1882 2078 benedicite
1934 2032 1990 2074 ut
2029 2022 2083 2076 in

499 2095 658 2165 vobis
682 2097 850 2164 possit
880 2096 1087 2164 impleri
1112 2097 1249 2165 quod
1280 2097 1536 2162 scriptum
1569 2104 1668 2165 est,
1691 2093 1875 2146 Beatus
1901 2093 1976 2145 vir
1998 2095 2084 2165 qui

499 2163 1047 2236 su/I'ert’tentationem.
1072 2163 1310 2232 quoniam
1339 2183 1448 2218 cum
1484 2164 1916 2236 probatusfuerit,
1945 2164 2081 2216 acci-

499 2235 601 2303 piet
636 2254 875 2309 coronam
918 2238 1033 2291 vita:
1063 2236 1264 2309 (Jacobi
1305 2253 1342 2300 1,
1367 2234 1502 2309 12).
1547 2234 1864 2309 0111181111ιιι11·
1893 2249 1985 2286 Vos
2028 2243 2083 2288 et

501 2309 602 2378 line
649 2308 790 2376 quod
819 2309 946 2363 dicit
977 2303 1263 2378 Apostolus
1303 2326 1315 2360 :
1348 2306 1479 2373 Quia
1527 2323 1640 2360 cum
1681 2303 2002 2378 tribulamur,
2049 2321 2081 2358 a

497 2375 720 2447 Domino
739 2375 1063 2447 corripiatur,
1108 2388 1158 2430 ut
1199 2395 1297 2431 non
1327 2395 1440 2429 cum
1461 2378 1555 2430 hoc
1577 2377 1763 2427 mundo
1785 2379 2082 2447 damnentur

499 2449 548 2518 (I‘
583 2445 700 2502 Cor.
736 2465 812 2512 XI,
843 2445 954 2519 32).
996 2448 1210 2502 Necnon
1240 2459 1290 2519 et
1315 2448 1438 2501 illud
1472 2464 1490 2500 :
1513 2445 2080 2519 Flage_llu_t__Dcus_om-

499 2515 617 2570 item
641 2519 805 2585 ﬁlium
830 2515 976 2587 quem
1004 2520 1179 2588 recipit
1209 2518 1390 2586 (Hebr.
1415 2515 1626 2588 311,76).
1647 2516 1712 2569 Et
1748 2516 1873 2569 illud
1901 2535 1913 2570 :
1939 2517 2079 2580 Quos

496 2599 634 2641 irritat
662 2588 934 2653 Dominus,
959 2587 1124 2658 arguit
1151 2599 1196 2642 et
1233 2590 1444 2659 castigat
1471 2587 1648 2657 (Prov.
1676 2602 1750 2649 tn,
1787 2587 1892 2659 11).
1926 2588 2077 2655 Quod

498 2659 549 2712 si
575 2662 735 2713 semel
768 2661 850 2714 vel
881 2661 960 2712 bis
991 2661 1252 2728 nequitias
1279 2658 1409 2729 quas
1435 2659 1692 2722 immittit,
1728 2658 1947 2729 viriliter
1997 2667 2076 2712 at—

496 2744 608 2797 que
629 2731 853 2785 fideliter
879 2747 976 2801 pro
1017 2727 1106 2784 Dei
1139 2727 1320 2785 amore
1355 2729 1746 2801 sustinueritis;
1779 2727 1848 2781 ita
1902 2727 2074 2796 ipsum

497 2812 679 2862 postea
709 2818 736 2853 a
767 2799 941 2854 vestra
969 2801 1304 2856 iufestatione
1334 2801 1470 2854 Deus
1508 2799 1814 2868 dignabitur
1843 2801 2073 2866 repelle-

495 2884 579 2935 re,
607 2881 663 2925 ut
688 2873 910 2926 ulterius
937 2872 1086 2925 vobis
1114 2887 1380 2940 utinquam
1408 2871 1572 2938 pOSsit
1601 2886 1813 2923 nocere.
1851 2869 1919 2921 lta
1947 2885 2074 2939 ergo

494 2955 592 2994 vos
615 2942 659 2995 si
691 2943 800 2996 veri
832 2954 886 2995 et
914 2940 1017 2994 no'n
1046 2941 1162 2995 falsi
1192 2941 1463 2994 christiani
1494 2943 1643 3004 estis,
1670 2953 1856 2993 omnes
1886 2940 2072 2992 diabo-

495 3010 625 3066 licas
674 3013 1153 3066 circuinventiones
1195 3011 1357 3080 fugite
1393 3025 1457 3065 ac
1505 3010 1797 3077 despicite,
1857 3019 1912 3064 ct
1965 3019 2072 3064 tota

492 3091 674 3137 mente
705 3097 798 3136 vos
837 3083 903 3137 ad
943 3083 1104 3136 Deutn
1138 3091 1347 3145 tenete;
1377 3089 1435 3135 ttt
1475 3096 1819 3149 qua-cumque
1847 3081 2070 3134 adversa

492 3153 645 3206 vobis
672 3152 917 3206 inimicus
949 3151 1247 3212 immiserit.
1297 3156 1559 3220 patienter
1598 3161 1652 3204 et
1681 3150 1887 3204 fortiter
1939 3152 2072 3205 tole-

492 3223 644 3292 retis.
675 3222 804 3275 Nam
831 3233 884 3277 et
909 3223 952 3276 si
975 3239 1067 3292 per
1094 3223 1374 3291 sortilegos
1394 3230 1485 3275 aut
1510 3221 1718 3275 divinos
1740 3221 1912 3288 aliqua
1937 3238 2072 3290 pne-

491 3291 706 3356 dixerit,
755 3302 811 3347 et
841 3294 911 3346 ita
957 3291 1214 3354 evenerit,
1246 3293 1408 3346 nolite
1451 3293 1628 3345 mirari
1656 3309 1668 3343 :
1703 3293 1822 3354 quia
1852 3294 2069 3359 spiritus

563 3379 589 3415 r
634 3379 756 3416 aera
803 3364 1060 3421 volantes.
1109 3362 1261 3416 facile
1304 3372 1522 3430 possunt
1559 3361 1852 3432 praevidere
1894 3363 2066 3432 aliqua

533 3443 685 3486 itura.
719 3434 790 3488 De
818 3434 913 3487 hac
932 3449 987 3487 re
1008 3434 1180 3487 divina
1204 3434 1476 3501 Scriptura
1497 3432 2020 3487 contestatur-dicens
2050 3453 2063 3488 :

494 3501 708 3556 Etiamsi
735 3521 850 3557 vera
882 3506 1015 3556 vobis
1048 3504 1284 3567 dixerint,
1327 3504 1481 3556 nolite
1527 3505 1726 3556 credere
1762 3504 1873 3564 eis;
1913 3514 2066 3557 tentat

489 3574 623 3626 enim
652 3593 737 3628 vos
766 3573 1008 3628 Dominus
1035 3575 1172 3628 Deus
1207 3585 1382 3636 vester,
1409 3583 1580 3626 utrum
1609 3573 1822 3626 linteatis
1861 3591 1972 3626 eum
1999 3593 2066 3629 an

489 3661 589 3697 non
620 3645 792 3715 (Deut.
825 3661 936 3702 xm.
962 3647 1039 3713 5).
1075 3644 1204 3698 Illud
1248 3645 1406 3698 etiam
1435 3648 1641 3705 scitote,
1678 3645 1794 3713 quia
1827 3660 1922 3696 nec
1947 3662 2060 3712 vos,

489 3729 587 3769 nec
615 3716 809 3785 aliquid
841 3716 980 3784 quod
1008 3716 1072 3768 ad
1102 3730 1195 3768 vos
1226 3716 1473 3782 pertinet,
1513 3715 1708 3768 lazdere
1742 3715 1933 3782 poterit
1966 3717 2064 3769 itii-

487 3786 674 3850 micus,
704 3787 801 3840 nisi
828 3797 1080 3853 quanttnn
1105 3786 1406 3856 permiserit
1428 3785 1582 3840 Deus.
1605 3785 1866 3838 Permittit
1887 3798 2062 3841 autem

487 3857 590 3910 hoc
623 3857 780 3920 Deus,
809 3859 929 3926 quia
958 3867 1169 3925 peceata
1200 3858 1475 3911 hominum
1506 3857 1617 3909 hinc
1654 3857 1888 3922 exigunt.
1929 3856 2062 3911 Per-

486 3927 647 3980 mittit
670 3937 850 3982 antem
880 3928 1086 3982 duabus
1106 3943 1170 3980 ex
1196 3926 1371 3981 causis
1398 3945 1410 3980 :
1445 3937 1501 3980 ut
1527 3935 1620 3979 aut
1650 3927 1834 3994 probet
1862 3927 1906 3979 si
1940 3927 2060 3982 boni

483 3998 632 4061 estis,
664 4011 754 4052 aut
785 4000 1006 4067 castiget
1051 3999 1095 4052 si
1149 4009 1476 4066 peceatores.
1524 3997 1628 4050 Sed
1669 3997 1756 4064 qui
1801 3997 2063 4064 patienter

483 4067 932 4136 dispensationem
977 4069 1067 4122 Dei
1113 4069 1455 4127 sustinuerit.
1500 4075 1557 4120 ut
1608 4083 1727 4120 cum
1772 4068 2062 4136 perdiderit

483 4137 701 4204 aliquid,
733 4139 896 4198 dicat.
929 4138 1174 4191 Dominus
1196 4138 1354 4199 dedit,
1393 4137 1634 4190 Dominus
1665 4137 1906 4198 abstulit;
1933 4139 2060 4191 sicut

459 4207 702 4260 (Domino
735 4207 947 4276 placuit,
991 4210 1060 4260 ita
1087 4213 1276 4277 factum
1297 4218 1367 4261 est
1390 4225 1408 4261 :
1429 4209 1492 4260 sit
1523 4224 1700 4260 nomen
1750 4206 1953 4259 Domini
1978 4209 2062 4262 be-

483 4277 733 4349 nedictum
763 4278 880 4345 (Job
937 4295 974 4342 t,
1001 4277 1092 4349 21)
1117 4296 1130 4342 ;
1162 4294 1257 4347 pro
1288 4279 1383 4331 ista
1415 4278 1660 4344 patientia
1689 4287 1779 4330 aut
1807 4293 2059 4334 coronam

484 4348 707 4414 recipiet
731 4349 775 4401 si
817 4349 993 4416 justus
1027 4359 1128 4412 est,
1172 4357 1264 4402 aut
1293 4349 1507 4416 indulge
1533 4349 1670 4416 -tiain
1699 4349 1742 4400 si
1793 4361 2058 4414 peccator.

481 4417 630 4481 Quod
662 4418 704 4471 si
733 4415 1158 4480 murmuraverit,
1187 4419 1268 4472 vel
1299 4415 1694 4485 desperaverit;
1723 4433 1898 4471 rerqu
1921 4420 2064 4486 pari-

483 4497 566 4541 ter
605 4496 660 4542 et
693 4488 884 4542 animie
933 4489 1184 4543 damnum
1227 4489 1474 4543 incurret.
1517 4488 1621 4542 Sed
1663 4488 1791 4540 mihi
1834 4489 2057 4556 credite,

483 4558 694 4620 fratres,
723 4562 842 4628 quia
865 4559 909 4612 si
937 4576 1000 4613 ex
1032 4568 1144 4612 toto
1177 4559 1340 4613 corde
1381 4573 1593 4626 semper
1639 4559 1690 4611 in
1739 4559 1926 4612 timore
1968 4561 2057 4616 Dei

483 4629 886 4696 permanseritis
906 4672 918 4690 ,
951 4639 1006 4682 et
1036 4637 1296 4697 praecepta
1337 4631 1451 4696 ejus
1481 4629 1854 4693 custodieritis,
1903 4631 1973 4683 ita
2006 4643 2060 4686 ut

482 4699 656 4752 nullas
686 4715 752 4754 ex
784 4701 962 4769 gentili
985 4701 1366 4754 consuetudine
1393 4700 2058 4755 adinventionesobserve-

481 4770 592 4834 tis;
626 4771 753 4824 nihil
789 4772 936 4824 vobis
982 4771 1227 4824 iniinicus
1275 4786 1468 4824 nocere
1495 4771 1709 4838 poti-rit,
1748 4770 1840 4823 sed
1882 4773 2057 4827 omnia

477 4851 652 4894 vestra
681 4842 1154 4910 prosper-abutitur.
1180 4843 1342 4894 llecto
1368 4841 1506 4893 enim
1535 4841 1823 4894 christiano
1849 4857 1947 4894 nec
1966 4857 2060 4896 au-

476 4913 624 4979 guria
650 4953 666 4976 ,
718 4928 816 4966 nec
850 4913 953 4966 alia
988 4913 1237 4981 quielibet
1264 4913 1511 4981 figmenta
1555 4927 1747 4964 nocere
1797 4924 2053 4980 possunt:

476 4981 599 5050 quia
644 4983 732 5035 ubi
770 4985 975 5046 signum
1016 4983 1189 5036 crucis
1218 4997 1336 5035 cuni
1367 4982 1469 5035 lidc
1508 4992 1559 5036 et
1583 4981 1772 5035 timore
1803 4981 1890 5036 Dei
1919 4999 2056 5051 pra:-

476 5055 720 5117 eesserit,
753 5054 880 5106 nihil
911 5055 978 5106 ibi
1009 5054 1414 5120 poteritnocere
1442 5053 1705 5105 inimicus.
1732 5051 1948 5119 Tepidts
1970 5071 2059 5107 ve-

476 5138 538 5176 ro
567 5131 622 5176 et
649 5125 1034 5193 negligentibus
1073 5124 1192 5178 ideo
1231 5138 1423 5177 nocere
1456 5132 1674 5191 possunt
1697 5163 1712 5185 ,
1745 5124 1863 5190 quia
1901 5125 2058 5178 relin-

475 5204 701 5262 quentes
739 5195 831 5249 Dei
880 5205 1164 5264 νηιξειιριςι,
1215 5210 1310 5263 per
1351 5195 1486 5264 vita;
1513 5207 1624 5246 Sua:
1683 5194 2055 5262 negligentiam

478 5279 636 5328 prava
659 5280 817 5330 opera
847 5263 1170 5328 exercendo,
1209 5265 1306 5333 ipsi
1358 5280 1417 5319 se
1461 5263 1762 5316 dieinonum
1811 5267 2056 5332 potestati

475 5343 765 5401 spontanea
797 5337 1007 5390 tradunt
1037 5337 1338 5389 voluntate:
1367 5335 1453 5403 qui
1485 5333 1598 5387 siin
1627 5335 1844 5388 servitio
1859 5333 2054 5389 Christi

483 5415 904 5473 perSeVerarent,
936 5415 991 5461 et
1019 5421 1114 5473 per
1141 5406 1254 5473 ejus
1275 5407 1527 5458 auxilium
1557 5405 1893 5459 solummodo
1923 5422 2053 5461 con-

478 5471 736 5544 ﬁderent,
767 5475 891 5544 nihil
932 5471 1148 5542 prorsus
1172 5471 1306 5529 ntali
1335 5485 1659 5544 paterentur.

552 5540 742 5613 lO._(b)
775 5541 895 5613 llaec
914 5540 1041 5613 ergo
1067 5547 1316 5610 scientes,
1335 5540 1469 5600 totis
1505 5559 1601 5599 Vos
1630 5545 1829 5600 viribus
1853 5545 1919 5600 ad
1962 5547 2052 5601 Dei

481 5610 894 5685 misericordiam
938 5610 1133 5676 tenete,
1175 5630 1335 5682 Opera
1368 5617 1505 5670 bona
1550 5631 1762 5684 semper
1790 5618 1951 5685 agite,
2001 5628 2056 5673 et

479 5680 547 5733 de
571 5680 864 5734 substantia
890 5691 1063 5738 vestra
1085 5680 1404 5754 pauperibus
1427 5680 1787 5756 erogata—Qui
1811 5680 1928 5760 plus
1956 5688 2052 5743 ha-

723 5828 870 5930 iii-3'
891 5816 1375 5935 331363331
1391 5881 1595 5935 spread.
1622 5887 1732 5935 tonsi

615 5881 703 5926 .Ex
727 5891 870 5930 sum
891 5879 976 5942 78,
994 5895 1075 5932 nn.
1099 5880 1150 5941 6v,
1169 5879 1216 5929 5.
1238 5879 1287 5943 ς’..
1313 5882 1366 5933 in
1388 5881 1595 5945 Append.
1622 5887 1737 5937 tomi
1758 5887 1804 5937 5.

1987 412 2346 475 ΛΡΡΕΜΗΧ.

3632 443 3743 502 11⁸16

2203 537 2314 627 bet,
2337 540 2463 627 plus
2491 541 2689 627 tribuat
2703 544 2835 627 ;‘._qu.i
2865 560 2989 627 vero
3009 547 3204 627 minus,
3233 546 3418 606 de‘lroc
3446 553 3554 627 ipso
3574 557 3736 627 Iurgia.

2202 617 2290 695 tot:
2335 610 2520 695 beatus
2559 623 2632 694 ,ει
2676 610 2878 695 hilaris.
2911 610 3281 695 Unusquisque
3326 610 3736 695 quod-puerinon

2203 680 2402 759 tribuat
2438 700 2451 736 :
2483 684 2604 751 quia
2657 685 2902 759 nimirum
2952 697 3033 740 est
3068 680 3210 743 unde
3253 680 3514 759 gaudebit:
3559 680 3736 755 Seiilic't;

2203 751 2294 825 qui
2339 752 2430 825 dat
2461 767 2667 822 parum,
2710 756 2936 823 accipiet
2978 751 3409 822 tnttltutnfsicnt
3432 764 3660 820 Dominus

2200 821 2488 904 apostolos
2518 826 2774 904 promittit
2800 821 3017 904 dicens,
3049 821 3350 904 Centuplum
3371 835 3589 904 accipiet,
3618 849 3657 890 et
3679 821 3738 893 si:

2201 900 2304 979 tam
2331 903 2575 979 cateruam
2595 895 2870 979 possidebit
2886 896 3094 979 (Matth.
3121 895 3231 955 stx'.
3255 901 3369 971 29).
3396 895 3506 979 Dai,
3534 895 3738 979 inquam,

2201 976 2498 1044 numinum,
2527 974 2581 1018 et
2602 976 2876 1044 com-parat
2902 969 3120 1023 caeleste
3142 969 3399 1044 regnum;
3431 975 3517 1028 dat
3551 969 3735 1044 parvani

2202 1035 2497 1115 peetttiiam,
2530 1045 2584 1089 et
2629 1039 2759 1090 emit
2794 1040 2956 1115 vitam
2988 1035 3260 1115 :letrriiatii.
3295 1042 3492 1098 Tenete
3517 1035 3632 1115 ergo
3660 1066 3737 1106 vos

2197 1102 2264 1184 and
2291 1104 2682 1184 eleemosynam
2705 1123 2720 1171 ;
2743 1109 2888 1184 quia,
2907 1109 3042 1162 sicut
3069 1111 3323 1184 scriptum
3339 1128 3440 1178 est,
3459 1102 3738 1184 eleeinosyiui

2199 1171 2265 1250 ξιξ
2284 1186 2440 1250 morte
2461 1171 2655 1250 liberat,
2687 1188 2734 1230 et
2757 1171 2843 1247 qui
2867 1196 2976 1232 eam
3005 1171 3198 1250 fecerit,
3231 1201 3332 1238 non
3359 1171 3444 1238 ibii
3475 1188 3523 1239 in
3539 1171 3736 1245 tenebirii

2198 1241 2348 1323 (Tob.
2372 1262 2443 1311 tv,
2467 1250 2488 1302 1
2490 1247 2578 1323 1).
2601 1241 2972 1323 Unusquisque
2991 1241 3243 1320 quantum
3270 1258 3533 1323 przrvalet,
3564 1241 3736 1314 tanturn

2198 1317 2450 1383 porrigat.
2481 1316 2580 1395 Qui
2614 1316 3123 1395 habet—aurumfdet
3145 1316 3332 1378 aurum
3361 1343 3372 1378 :
3407 1335 3462 1380 et
3489 1331 3570 1395 qui
3604 1331 3736 1386 habet

2195 1397 2494 1465 argentum,
2517 1388 2607 1465 t_let
2633 1399 2955 1465 argentum:
2981 1394 3067 1463 qui
3099 1409 3226 1447 vero
3265 1411 3370 1450 non
3415 1388 3564 1452 habet
3596 1416 3733 1465 pet-no

2195 1416 2494 1455 angustum,
2517 1416 2607 1442 uel.
2633 1416 2909 1458 argentum
2943 1416 3067 1463 :qul
3100 1416 3226 1447 vero
3265 1416 3370 1450 11011
3415 1416 3564 1452 111111111
3655 1419 3733 1454 (flio

2195 1456 2360 1538 niam,
2385 1472 2503 1538 cum
2534 1459 2679 1538 bono
2693 1460 2871 1514 animo
2899 1462 2989 1516 det
3017 1465 3413 1538 pauperibuset
3443 1416 3734 1538 buccei’lﬁm;

2193 1534 2247 1610 et
2274 1527 2317 1580 si
2348 1543 2453 1610 non
2481 1528 2638 1582 habet
2665 1530 2950 1610 integram,
2982 1527 3142 1610 circo
3167 1537 3306 1610 quod
3340 1537 3498 1591 habet
3535 1527 3730 1610 frangat,

2193 1606 2249 1650 et
2279 1608 2480 1678 partem
2522 1615 2688 1678 egeno
2721 1603 2935 1678 tribuat.
2984 1603 3127 1659 Sciat
3154 1606 3272 1678 quia
3295 1610 3534 1675 quamvis
3577 1603 3734 1678 parum

2193 1681 2312 1743 cum
2337 1668 2476 1743 bono
2505 1670 2685 1724 animo
2713 1671 2985 1735 tribuerit,
3019 1668 3346 1743 acceptzibile
3380 1679 3490 1732 Deo
3512 1668 3622 1733 erit.
3651 1682 3735 1734 Do.

2195 1737 2371 1814 t_ninus
2393 1739 2537 1814 enim
2556 1755 2660 1814 non
2697 1744 2848 1812 copia
2877 1737 3162 1814 largitatis,
3185 1748 3278 1799 sed
3315 1748 3664 1804 benevolentia
3691 1763 3734 1806 et

2192 1806 2474 1885 devotione
2507 1806 2800 1885 delectatur
2832 1824 2885 1867 et
2910 1806 3154 1881 pascitur
3177 1817 3464 1885 largientis.
3500 1819 3560 1875 Ut
3582 1833 3733 1876 autent

2191 1879 2366 1962 nullus
2387 1895 2588 1948 pauper
2612 1879 3042 1962 abeleeniosypa
3069 1901 3128 1962 se
3150 1879 3404 1942 excusare
3428 1894 3603 1962 possit.
3641 1893 3736 1962 ipse

2193 1947 2451 2004 Dominus
2483 1947 2576 2019 pro
2602 1953 2767 2026 calice
2788 1947 3167 2026 aqute'frigida:
3187 1973 3246 2010 se
3273 1947 3569 2014 mercedem
3592 1947 3736 2015 reddi-

2190 2027 2366 2097 turum
2397 2035 2528 2097 esse
2547 2025 2788 2090 promisit
2815 2024 3111 2097 (Mallia—it,
3141 2027 3252 2097 42).
3297 2029 3397 2096 Qui
3427 2032 3561 2084 enitn
3590 2051 3615 2083 a
3645 2034 3735 2088 Deo

2190 2090 2368 2170 plures
2397 2090 2916 2170 facultateshaccepit,
2941 2090 3110 2170 magis
3135 2090 3522 2168 111111116111111011
3554 2105 3734 2170 pericu-

2187 2159 2296 2213 lum
2323 2161 2624 2235 sustinebit.
2655 2159 2834 2217 Potuit
2855 2159 3055 2235 nempe
3080 2159 3435 2225 υθ1ιεόιηῖιεε
3460 2159 3638 2226 divi-tes
3665 2176 3732 2226 fa-

2186 2245 2312 2309 cere
2339 2233 2489 2309 :_sed_
2521 2247 2782 2309 pauperes
2822 2236 2941 2290 ideo
2964 2233 3013 2290 in
3042 2238 3142 2294 hoc
3192 2242 3388 2294 mundo
3419 2257 3537 2296 esse
3569 2245 3730 2309 voluit,

2188 2311 2242 2376 t_tt
2263 2301 2454 2376 divites
2479 2301 2733 2358 haberent
2757 2309 3024 2374 quomodo
3052 2320 3259 2376 peccata
3292 2328 3382 2363 sua
3417 2301 3729 2368 redimet-ent:

2184 2370 2452 2427 Rediuiite
2468 2389 2601 2452 ergo
2632 2390 2745 2452 vos,
2774 2370 3092 2452 charissim'i,
3128 2380 3250 2432 dtnn
3279 2381 3487 2452 habetis
3527 2386 3572 2437 in
3601 2397 3730 2452 pote-

2184 2452 2320 2522 state
2349 2445 2606 2511 pretium;
2655 2445 2784 2522 date
2828 2448 3222 2522 elcemosynatn
3266 2451 3333 2506 de
3377 2452 3516 2508 bono
3542 2445 3734 2522 et'justo

2184 2512 2387 2588 labore,
2418 2523 2472 2566 et
2501 2531 2604 2567 non
2636 2515 2704 2568 de
2724 2519 2945 2571 alterius
2984 2512 3188 2588 rapina.
3216 2524 3408 2575 Audite
3450 2512 3734 2581 nimio-ante

2184 2581 2325 2662 fores
2355 2596 2556 2662 vestras
2581 2600 2838 2662 pauperes
2870 2581 3135 2657 rogantes,
3158 2600 3214 2644 ut
3244 2603 3295 2645 et
3326 2593 3426 2660 ipsi
3475 2611 3564 2662 pro
3603 2597 3732 2648 vobis

2181 2652 2233 2727 ip
2261 2654 2540 2727 diejudicii
2563 2652 2765 2722 rogent.
2800 2652 3119 2727 Prophetam
3141 2652 3398 2716 attendite
3412 2652 3732 2719 clamantem:

2183 2723 2283 2804 Qui
2319 2727 2596 2805 arertgrit,_
2627 2727 2814 2796 inquit,
2871 2723 3041 2783 aurem
3091 2748 3234 2805 suam
3277 2733 3344 2786 ab
3383 2752 3554 2805 egeno,
3582 2748 3622 2789 et
3643 2738 3732 2804 ipse

2177 2794 2424 2872 intimabit
2447 2794 2741 2872 Dominum,
2779 2810 2824 2852 et
2855 2816 2953 2852 non
2993 2802 3224 2855 exaudiet
3254 2820 3364 2855 eum
3410 2794 3593 2872 ἶΙθνου.
3635 2794 3729 2872 xui,

2179 2865 2291 2942 15).
2326 2866 2624 2942 Date‘et‘go
2649 2868 2715 2942 de
2761 2885 2826 2922 eo
2855 2873 2993 2938 quod
3036 2873 3176 2924 Dens
3215 2874 3360 2926 dedit
3390 2865 3574 2938 vobis;
3625 2865 3725 2942 quia

2178 2934 2291 3014 ipse
2321 2937 2512 3014 accipit
2536 2934 2674 3014 quod
2708 2934 3024 3014 pauperibus
3053 2943 3210 2996 datis.
3233 2943 3335 3011 Ipsi
3358 2934 3571 3014 quidem
3591 2934 3724 3009 dalis,

2176 3006 2269 3077 sed
2301 3007 2447 3061 vobis
2477 3008 2528 3060 in
2553 3008 2785 3063 futurum
2803 3006 3192 3077 transmittitis;
3231 3006 3334 3067 non
3363 3006 3729 3071 undeventreni

2177 3075 2462 3156 impleatis,
2488 3078 2579 3156 si-d
2608 3080 2748 3156 unde
2766 3079 3006 3156 Daumius
3036 3075 3385 3153 exstinguatis
3421 3105 3434 3140 :
3463 3090 3578 3156 quia
3621 3090 3727 3141 sicut

2175 3162 2304 3214 aqua
2326 3149 2597 3227 (length-rguit
2623 3150 2808 3227 ignem,
2837 3153 2907 3227 i_t_a_
2929 3149 3242 3223 eleemosyna
3267 3149 3536 3227 exstinguit
3573 3175 3726 3225 perca-

2175 3226 2278 3297 tum
2329 3216 2514 3297 (Decii.
2572 3216 2659 3297 ηιξ
2692 3222 2803 3297 55)-.
2848 3222 2978 3297 Illuc
3007 3216 3256 3297 ltoiiiinus
3299 3243 3395 3292 per
3434 3216 3731 3297 propin-tam

2173 3288 2300 3341 dicit
2333 3306 2344 3340 :
2377 3289 2579 3362 Dabunt
2609 3292 2793 3360 singuli
2815 3288 3723 3362 redemptionemanimarumsuarum,

2172 3368 2217 3439 et
2242 3375 2340 3410 non
2367 3360 2458 3439 erit
2483 3360 2533 3412 in
2559 3362 2631 3439 eis
2655 3363 2855 3415 morbus
2886 3380 3048 3439 neque
3074 3382 3240 3419 casus.
3286 3368 3419 3423 Date
3439 3386 3587 3439 ergo,
3617 3360 3724 3423 dunt

2172 3428 2314 3492 licet,
2341 3430 2759 3499 redemptionem
2807 3428 3102 3487 animarum
3142 3448 3436 3492 vestrarum
3464 3460 3475 3492 :
3499 3428 3726 3493 redimite

2171 3514 2266 3581 vos
2297 3501 2391 3568 ipsi
2419 3500 2543 3553 dum
2578 3503 2768 3567 vivitis,
2790 3505 2911 3573 quia
2934 3514 3052 3573 post
3078 3518 3300 3562 mortem
3329 3525 3490 3563 nemo
3507 3526 3594 3564 Vos
3621 3511 3725 3564 τω..

2170 3587 2334 3624 tmere
2361 3581 2554 3641 potest.

2245 3643 2329 3696 H.
2359 3643 2430 3714 (a)
2466 3642 2836 3710 Unusquisque
2862 3643 2930 3698 de
2973 3647 3111 3713 quali
3155 3647 3365 3714 ingenio
3406 3652 3487 3706 vel
3524 3652 3726 3704 artificio

2167 3713 2322 3786 vivit,
2344 3713 2412 3767 de
2444 3714 2557 3786 ipso
2595 3714 2853 3786 decimam
2885 3717 2992 3769 Deo
3028 3717 3076 3769 in
3125 3713 3444 3786 pauperibus
3475 3724 3553 3775 vel
3577 3723 3726 3775 eccle-

2168 3785 2269 3861 siis
2293 3782 2472 3861 donet.
2505 3785 2981 3861 Considerct‘qnia
3011 3782 3186 3861 omnia
3221 3782 3311 3841 Dei
3343 3802 3470 3845 Sunt
3511 3809 3598 3860 per
3623 3810 3724 3861 qua:

2167 3855 2316 3915 vivit.
2340 3856 2450 3908 sive
2477 3864 2613 3907 terra
2639 3896 2653 3918 ,
2683 3855 2793 3908 sive
2820 3855 3055 3920 flumina,
3085 3859 3201 3912 sive
3230 3855 3544 3916 semina.vel
3569 3855 3722 3916 omnia

2167 3941 2286 4002 qua:
2322 3925 2422 3979 sub
2455 3925 2593 4002 curio
2622 3926 2703 4002 vel
2734 3941 2892 4002 super
2922 3927 3282 4002 coelosnsunr:
3323 3941 3379 3984 et
3423 3934 3466 3985 si
3501 3935 3607 4002 ipse
3633 3949 3726 3987 non

2167 3995 2418 4069 tledisset,
2448 3995 2576 4047 nihil
2605 3997 2783 4069 utique
2812 3997 3050 4069 haberet.
3079 3998 3207 4051 Nam
3244 4001 3381 4055 Dens
3408 3995 3615 4067 noster,
3643 4005 3721 4069 qui

2166 4066 2413 4143 dignatur
2441 4075 2606 4118 totum
2635 4067 3069 4143 dar_e_,_decii_nam
3099 4071 3183 4143 de
3205 4085 3302 4143 suo
3326 4073 3572 4143 dignatur
3593 4091 3618 4124 a
3645 4066 3724 4126 tio-

2270 4147 2528 4211 repetcre,
2567 4153 2668 4188 non
2699 4137 2798 4188 sibi
2833 4139 3059 4211 penitus,
3093 4140 3184 4192 sed
3211 4142 3363 4194 nobis
3385 4135 3720 4211 profuturam.

2167 4207 2255 4260 Sic
2281 4208 2420 4260 enitn
2465 4207 2576 4273 ipse
2614 4221 2706 4274 per
2746 4210 3057 4275 prophetam
3100 4213 3339 4277 promisit
3387 4207 3566 4268 dit-ens
3598 4232 3611 4268 :
3642 4215 3721 4265 lu.—

2166 4281 2307 4353 [erte,
2340 4277 2502 4353 inquit
2527 4319 2543 4353 ,_
2566 4294 2764 4353 omnem
2795 4278 3036 4353 decimum
3073 4281 3124 4331 in
3155 4282 3347 4335 horreis
3376 4301 3500 4337 mets
3519 4325 3533 4348 ,
3561 4296 3602 4336 rt
3624 4302 3724 4353 pro-

2165 4348 2276 4400 bale
2316 4365 2394 4401 me
2442 4349 2493 4399 in
2524 4348 2620 4422 Itis,
2654 4348 2776 4422 dicit
2805 4347 3046 4422 Dominus
3083 4353 3169 4402 :si
3204 4369 3302 4404 non
3329 4347 3574 4422 aperuero
3609 4347 3723 4407 nobis

2165 4427 2445 4471 cataractas
2466 4417 2596 4480 cwli,
2629 4429 2672 4469 et
2703 4416 2926 4482 eﬂ'udero
2957 4421 3089 4472 vobis
3109 4424 3304 4543 (ructus
3335 4416 3483 4478 tirrw
3505 4443 3646 4495 usque
3667 4425 3723 4475 ad

2166 4487 2530 4540 abtmdantiam
2563 4487 2813 4543 (illulaclt.
2843 4505 2916 4543 111.
2956 4491 3077 4543 101.
3131 4493 3332 4543 {eddite
3373 4497 3722 4543 ermrlslu-mrr

2166 4487 2530 4564 abundantiam
2563 4487 2813 4564 (Malaclt.
2843 4505 2916 4551 ttt,
2956 4491 3077 4559 10).
3109 4487 3332 4564 itedtlile
3373 4511 3501 4564 ergo
3524 4487 3722 4549 liDt‘lllt'l'

2163 4559 2422 4632 decimam
2445 4574 2511 4612 ex
2550 4558 2796 4632 oninilius
2834 4576 2950 4632 qua:
2994 4558 3271 4628 pessiiletis
3316 4558 3479 4632 super
3526 4575 3719 4629 terram,

2203 4628 2303 4701 und
2334 4629 2654 4701 eugiioscitis
2687 4629 2792 4682 Deo
2820 4630 3028 4697 placere
3049 4672 3062 4694 ,
3091 4632 3157 4684 de
3190 4628 3456 4688 frumento
3480 4679 3494 4701 ,
3526 4637 3592 4690 de
3617 4628 3720 4688 vino

2163 4645 2303 4750 (1111111
2334 4645 2654 4696 engiioscnts
2687 4645 2792 4682 ueo
2820 4645 3028 4697 placere
3049 4672 3062 4694 ,
3091 4645 3157 4684 ue
3190 4645 3456 4688 Irmizento
3480 4679 3494 4701 ,
3526 4645 3592 4690 de
3617 4645 3720 4688 vino

2163 4715 2230 4774 t_e
2256 4699 2540 4774 legumine,
2572 4699 2639 4752 de
2670 4701 2809 4774 ferio,
2839 4701 2904 4752 de
2932 4717 3062 4753 auro
3083 4743 3095 4761 .
3123 4702 3189 4755 de
3216 4717 3467 4772 argi-nlo,
3497 4708 3561 4760 de
3587 4722 3723 4774 peetr

2163 4769 2330 4835 ribus,
2359 4770 2573 4836 insuper
2603 4779 2654 4823 et
2699 4770 2935 4823 lanarum
2964 4786 3034 4824 ex
3063 4775 3236 4825 oviuin
3280 4769 3539 4831 tonsioue.
3571 4769 3723 4830 Nolito

2163 4842 2228 4894 de
2251 4851 2441 4894 cuncta
2463 4841 2752 4893 substantia
2784 4851 2952 4894 vestra
2973 4842 3213 4896 fraudare
3234 4844 3496 4899 decimam
3520 4866 3531 4900 :
3561 4863 3622 4901 ne
3647 4862 3725 4897 vo-

2163 4912 2244 4965 bis
2273 4926 2461 4964 uovem
2505 4922 2682 4980 partes
2719 4909 3046 4973 animantur,
3088 4923 3141 4967 et
3179 4914 3288 4965 sola
3333 4916 3539 4969 decima
3572 4932 3718 4971 rema-

2165 4990 2306 5053 neat.
2333 4980 2711 5035 Convertitnini
2729 4981 2803 5053 ad
2828 4980 2946 5044 hoc,
2974 4982 3099 5036 dicit
3125 4983 3397 5049 Dominus,
3422 4997 3477 5039 nt
3505 4988 3719 5053 aperiam

2166 5052 2316 5104 vobis
2332 5061 2624 5104 cataractas
2639 5051 2780 5114 C(BIi,
2799 5063 2850 5103 et
2864 5054 3126 5106 elfundani
3153 5054 3303 5107 vobis
3321 5051 3720 5111 benedictionem

2163 5137 2334 5175 meum
2363 5121 2595 5195 (J_bid._7
2619 5122 2657 5190 ).
2790 5123 2957 5195 igitur
2975 5123 3228 5178 dederitis
3257 5127 3554 5182 voluntarie
3577 5169 3590 5187 ,
3620 5129 3720 5195 plus

2162 5207 2374 5266 semper
2405 5192 2654 5244 Dominus
2680 5191 2993 5266 dabitgvobis
3018 5212 3029 5245 :
3063 5195 3105 5246 si
3138 5210 3238 5266 non
3267 5196 3540 5262 dederitis,
3566 5191 3723 5266 quan-

2163 5264 2431 5333 ticmnqne
2460 5277 2721 5332 pauperes
2748 5264 2798 5314 in
2829 5263 2958 5316 locis
3001 5265 3049 5316 in
3073 5265 3261 5333 quibus
3303 5263 3722 5330 habitatis,'taine

2163 5335 2354 5386 mortui
2385 5331 2600 5393 fuerint,
2635 5343 2899 5386 tantormn
2921 5331 3320 5388 hotnicidiorntn
3351 5338 3424 5390 rei
3454 5340 3618 5391 eritis.
3647 5336 3720 5389 lii-

2162 5419 2320 5472 super
2342 5403 2589 5457 immittet
2614 5403 2764 5456 Vobis
2783 5403 3038 5457 Dominus
3061 5406 3410 5472 pestilentiam
3432 5418 3486 5461 et
3511 5408 3718 5460 famem:

2161 5485 2213 5528 et
2254 5473 2485 5542 perdetis
2539 5481 2701 5525 totum
2753 5474 2900 5542 quod
2951 5475 3177 5538 habetis,
3226 5492 3428 5530 necnon
3473 5479 3638 5532 adhuc
3675 5488 3720 5531 et

2161 5545 2367 5597 animas
2401 5555 2621 5597 vestras.
2653 5543 2721 5598 Ut
2757 5555 2932 5597 autem
2983 5545 3101 5600 iure
3149 5548 3299 5601 vobis
3348 5564 3453 5601 non
3502 5550 3718 5610 veniant,

2159 5614 2406 5670 festinate
2433 5631 2552 5667 cuin
2576 5616 2715 5667 bono
2743 5617 2922 5668 animo
2946 5616 3093 5677 dare,
3129 5617 3268 5672 unde
3295 5620 3498 5672 animas
3536 5629 3719 5673 vestras

2163 5685 2675 5756 possitisreditnere.
2697 5683 2804 5740 Nec
2817 5686 3021 5756 eligatis
3041 5688 3124 5742 cui
3147 5689 3557 5744 misericordiam
3576 5689 3717 5743 facia-

2163 5754 2251 5824 tis,
2280 5771 2349 5812 ne
2375 5754 2514 5811 forte
2540 5757 2866 5825 prietereatis
2893 5754 3031 5811 'eutn
3070 5758 3158 5828 qui
3189 5769 3424 5815 meretur
3451 5761 3713 5830 accipere:

2227 5888 2299 5953 ca)
2322 5888 2419 5941 vid.
2449 5901 2595 5951 serm.
2620 5888 2727 5950 377,
2755 5899 2836 5940 un.
2868 5890 2910 5950 1,
2936 5891 2984 5951 5,
3004 5892 3053 5943 in
3076 5892 3344 5954 Appendice
3371 5894 3484 5942 tonsi
3501 5894 3548 5942 ὅ.
