4016 6496
579 429 714 487 1179

568 540 783 605 UIatth.
812 561 843 601 v
867 587 885 613 ,
914 543 1026 612 52).
1059 541 1396 598 Concublnas
1443 555 1572 613 vero
1617 539 1732 594 sive
1774 548 1898 613 ante
1949 540 2161 613 nuptias

570 619 684 674 sive
725 627 847 689 post
869 610 1085 689 nuptias
1123 613 1320 689 habere
1365 610 1748 689 prohibemus:
1777 610 1897 689 quia
1941 611 2162 664 omnino

569 679 811 744 illicitum
841 679 1102 742 estham
1130 683 1220 754 qui
1263 679 1488 754 uxorem
1521 679 1804 749 legitimam
1833 681 2027 754 ducere
2065 696 2161 754 eo-
2183 727 2202 736 ς

571 761 737 828 gitat,
761 758 980 827 dignum
1028 763 1110 811 est
1149 751 1208 809 ut
1245 751 1598 828 virginitatem
1645 767 1809 828 usque
1854 751 1918 804 ad
1952 753 2162 819 nuptias

570 822 872 894 ciistodiztf,
914 838 968 881 et
1019 835 1138 895 post
1188 825 1396 892 nuptias
1453 823 1650 876 nullam
1701 822 1921 895 alteram
1970 833 2164 895 pra-ter

572 915 730 953 unam
762 892 1049 968 legitimam
1081 895 1358 968 conjugem
1385 901 1690 968 cognoscat,
1709 893 1846 968 sicut
1887 892 2159 968 apostolus

574 971 770 1024 Paulus
800 962 1071 1038 praecepit.
1105 967 1219 1034 Ipse
1251 962 1404 1018 lidem
1433 972 1620 1038 servet
1637 963 1684 1016 ei
1710 1004 1726 1027 ,
1754 963 1890 1038 sicut
1916 978 2032 1015 eam
2062 962 2159 1014 sibi

571 1034 815 1096 servare'
847 1034 992 1104 vult;
1026 1053 1124 1092 nec
1168 1043 1351 1104 peccet
1393 1051 1512 1088 cum
1556 1034 1654 1086 alia
1679 1073 1695 1096 ,
1724 1034 1860 1104 sicut
1886 1048 1984 1104 nec
2010 1047 2159 1104 suam

575 1127 695 1164 cum
729 1111 834 1163 alio
861 1102 984 1163 viro
1009 1110 1117 1162 vult
1160 1102 1380 1174 peccare
1413 1124 1426 1159 :
1457 1105 1647 1158 timens
1679 1103 1803 1157 illud
1816 1102 1973 1174 _quod
2022 1103 2160 1156 idem

575 1181 850 1247 apostolus
893 1172 1199 1234 terribiliter
1215 1178 1523 1247 "proclamat
1556 1174 1776 1247 dicens,
1808 1172 2164 1247 Fornicatores

573 1243 625 1304 et
651 1252 908 1304 adulteros
927 1249 1172 1317 judicabit
1201 1246 1336 1299 Deus
1356 1244 1534 1315 (Hebr.
1555 1260 1668 1317 sui,
1698 1244 1775 1313 4).
1799 1245 1877 1311 (a)
1900 1243 2163 1314 Quidquid

577 1321 721 1376 enim
780 1321 850 1375 de
895 1315 1015 1386 jure
1065 1319 1308 1373 connubii
1361 1315 1668 1370 mulieribus
1720 1332 1822 1386 non
1879 1317 2037 1379 licet,
2069 1329 2166 1386 nec

585 1393 708 1445 viris
748 1385 968 1446 omnino
1013 1391 1151 1443 licet.
1181 1388 1309 1442 Nam
1347 1387 1436 1456 qui
1485 1395 1606 1439 ante
1631 1385 1913 1456 legitimas
1957 1385 2165 1452 nuptias

583 1461 782 1517 habere
827 1461 1176 1516 conetibinam
1217 1455 1527 1529 przvsumit,
1560 1455 1708 1529 pejus
1754 1464 1936 1529 peccat
1961 1497 1976 1522 ,
2005 1472 2164 1525 quam

580 1532 669 1601 qui
714 1532 1032 1586 adulterium
1081 1527 1400 1592 committit;
1433 1536 1488 1582 et
1526 1527 1594 1601 ob
1643 1527 1744 1601 hoc
1771 1527 1958 1601 dignus
2006 1537 2085 1581 est
2135 1541 2166 1579 a

583 1597 856 1656 consortio
896 1601 1316 1656 Christianorum
1357 1598 1613 1664 separari.
1643 1597 1792 1662 Quod
1839 1599 1880 1651 si
1923 1614 2024 1649 non
2058 1613 2170 1664 pte-

583 1674 819 1737 nituerit,
848 1682 1044 1728 aeterna
1077 1672 1218 1724 illum
1250 1671 1459 1723 flamma
1492 1669 1606 1722 sine
1631 1667 1868 1722 remedio
1889 1667 2162 1722 crnciabil.

659 1743 744 1798 16.
785 1744 1119 1812 Quapropter
1143 1783 1158 1804 ,
1185 1740 1474 1812 Christiane
1499 1781 1513 1801 ,
1546 1737 1665 1812 fuge
1715 1738 2114 1812 fornicationem
2149 1779 2165 1802 ,

583 1809 840 1869 erubesce
873 1809 980 1880 jam
1004 1809 1125 1868 sub
1166 1811 1332 1865 oculis
1372 1810 1459 1863 Dei
1492 1817 1546 1863 et
1573 1809 1892 1878 Angelorum
1927 1825 2165 1875 peccare.

584 1883 840 1953 Capitalia
877 1879 1106 1938 crimina
1159 1883 1304 1953 omni
1355 1883 1470 1934 nisu
1498 1879 1790 1953 detestare
1815 1920 1829 1943 ,
1861 1895 1996 1953 qua:
2047 1888 2171 1933 sunt

585 1949 957 2024 sacrilegium,
1000 1951 1397 2024 homicidium,
1448 1950 1802 2024 adulterium,
1857 1949 2172 2024 falsum__te-

586 2019 894 2098 stimonium
924 2065 940 2089 ,
989 2023 1186 2098 furtum
1220 2064 1234 2098 ε
1289 2022 1519 2098 rapina__,
1573 2020 1818 2089 superbia
1848 2061 1867 2098 _,
1929 2019 2120 2098 invidia
2152 2061 2168 2084 ,

586 2091 828 2160 avaritia,
862 2094 1152 2158 iracundia,
1189 2094 1442 2146 ebrietas.
1475 2092 1598 2146 ll:ce
1625 2100 1748 2144 sunt
1777 2090 1915 2144 enim
1947 2090 2168 2144 crimina

586 2181 706 2234 qua:
750 2174 995 2234 mergunt
1042 2165 1285 2218 homines
1322 2165 1370 2216 in
1411 2162 1722 2234 supplicium
1771 2169 2027 2214 arternum
2059 2177 2171 2234 :_ex

585 2231 781 2304 quibus
808 2231 1127 2305 quicumque
1168 2235 1217 2288 in
1246 2249 1303 2287 se
1329 2233 1409 2286 vel
1440 2249 1597 2305 unum
1619 2231 1823 2305 habere
1851 2231 2120 2305 cognoscit
2154 2273 2168 2296 ,

586 2301 632 2359 si
666 2301 1174 2373 pteuiteutiam'nou
1213 2305 1412 2368 egerit,
1438 2303 1552 2356 sine
1582 2302 1690 2357 ullo
1728 2301 1965 2373 remedio
1996 2301 2045 2354 in
2077 2317 2171 2369 ge-

591 2371 763 2432 beima
798 2377 932 2446 ignis
959 2375 1184 2430 ardebit.
1218 2376 1280 2429 Et
1308 2375 1447 2446 ideo,
1477 2391 1510 2425 o
1538 2373 1713 2446 anima
1744 2371 2066 2446 christiana,
2097 2373 2173 2446 vi:

624 2448 711 2511 ila,
742 2441 855 2508 ora,
888 2463 1016 2501 cave
1045 2462 1256 2514 semper
1282 2443 1531 2512 pra’dicta
1554 2443 1773 2496 crimina
1807 2459 1818 2514 ξ
1844 2451 1896 2494 et
1921 2441 2171 2514 quidquid

624 2464 711 2511 Ita,
742 2464 855 2508 ora,
888 2464 1016 2501 cave
1045 2464 1256 2514 semper
1282 2464 1531 2512 pra’mcm
1554 2464 1773 2496 erumna
1807 2464 1818 2493 :
1844 2464 1896 2494 et
1921 2464 2171 2509 qumqqu

586 2464 712 2571 boui
741 2517 1016 2586 prtevales,
1039 2532 1137 2587 age
1164 2532 1260 2587 pro
1284 2517 1388 2568 vita
1414 2513 1822 2587 teterna._Aperi
1856 2511 2173 2580 pauperibus

589 2584 804 2642 manum
831 2598 974 2642 tuam
997 2605 1012 2651 ;
1045 2584 1102 2641 ut
1129 2586 1371 2642 Christus
1398 2586 1489 2638 tibi
1517 2584 1714 2650 aperiat
1739 2585 1953 2653 januam
1980 2598 2128 2636 suam
2155 2622 2168 2645 ,

587 2669 644 2712 et
694 2658 857 2729 intres
885 2659 934 2712 in
965 2658 1152 2729 gaudia
1186 2657 1436 2729 paradisi.
1467 2655 1580 2708 Noli
1624 2654 1737 2723 ipse
1779 2665 1828 2707 te
1867 2654 2077 2729 tradere
2121 2654 2170 2706 in

592 2727 942 2796 perditionem
964 2722 992 2792 ξ
1003 2729 1124 2798 quia
1155 2722 1413 2798 Christus
1439 2741 1554 2798 pro?
1574 2733 1624 2779 te
1647 2722 1810 2779 suum
1838 2722 2021 2777 cll‘udit
2043 2739 2172 2798 san-

585 2793 822 2866 guinem.
867 2793 1097 2854 Satis-te
1135 2797 1352 2852 charum
1404 2793 1585 2850 habuit
1617 2837 1631 2859 ,
1665 2810 1820 2863 quem
1872 2805 1976 2846 tam
2009 2793 2173 2866 charo

591 2865 761 2938 pretio
781 2869 1126 2936 comparavit.
1150 2869 1366 2922 ’l‘erreal
1398 2876 1448 2920 te
1472 2876 1644 2920 metus
1665 2866 1942 2938 geliennm,
1964 2880 2068 2932 quo
2095 2865 2174 2918 sic

592 2935 764 3006 possis
788 2935 1055 2994 abstinere
1083 2939 1152 2993 ab
1177 2939 1427 3006 operibus
1458 2938 1652 3004 pravis.
1685 2935 1839 2989 Omni
1873 2936 1998 2988 hora
2031 2950 2175 2988 mor-

593 3005 698 3063 tem
713 3009 910 3078 adesse
937 3025 1090 3078 spera
1109 3051 1122 3072 ,
1152 3005 1406 3063 etfntnra
1431 3007 1627 3078 judicia
1653 3006 1747 3078 Dei
1774 3021 1934 3078 super
1960 3013 2011 3058 te
2027 3005 2173 3074 jugi-

594 3091 672 3134 ter
702 3077 924 3133 lormida
957 3075 979 3133 τ’
1003 3090 1058 3132 ιιι
1089 3079 1180 3132 tibi
1213 3080 1375 3143 possit
1404 3077 1569 3145 aptari
1597 3075 1738 3144 quod
1761 3076 2012 3142 scriptum
2043 3086 2124 3127 est
2154 3117 2170 3141 ,

591 3151 774 3204 Beatus
801 3150 950 3204 homo
977 3150 1062 3217 qui
1082 3165 1277 3217 semper
1296 3157 1367 3202 est
1390 3146 1599 3216 pavidus
1625 3145 1805 3213 (Prov.
1840 3162 2026 3217 sxvm,
2059 3147 2169 3217 14).

589 3219 741 3287 Quod
788 3223 925 3274 male
966 3215 1132 3273 fecisti
1181 3215 1403 3271 emenda
1441 3217 1568 3271 dum
1617 3227 1806 3284 potes,
1838 3215 1961 3287 dum
2011 3215 2172 3269 hach

592 3285 859 3344 licentiam
890 3291 1106 3358 pmoite.
1135 3287 1350 3342 Veniam
1376 3304 1479 3341 non
1503 3287 1757 3358 desperes
1783 3287 1825 3339 si
1854 3285 1920 3358 ad
1951 3288 2167 3340 meliora

589 3356 949 3430 convertaris;
982 3361 1101 3430 quia
1138 3359 1440 3430 desperatio
1471 3357 1618 3430 pejor
1647 3367 1728 3430 est
1754 3356 2168 3430 o_mui_peccato.

591 3428 668 3498 (ὁ)
698 3425 1016 3485 Nullateuus
1046 3445 1172 3500 ergo
1216 3425 1283 3482 de
1334 3429 1427 3483 Dei
1474 3425 1847 3500 misericordia
1895 3425 2166 3500 desperes,

591 3497 691 3554 nec
734 3508 854 3566 post
890 3497 1352 3568 rentnm'peccata
1378 3541 1393 3562 ,
1425 3514 1524 3553 nec
1573 3506 1692 3567 post
1729 3497 1872 3551 mille
1901 3497 2167 3568 crimina:

587 3570 712 3638 quia
759 3571 898 3625 nulla
944 3581 1026 3626 est
1079 3567 1183 3624 tam
1227 3569 1442 3640 grandis
1487 3569 1673 3636 culpa,
1704 3583 1822 3640 quae
1867 3567 2172 3640 paenitendo

591 3637 695 3694 non
721 3641 910 3696 haheat
941 3643 1169 3696 veniam.
1201 3637 1452 3707 Quamvis
1477 3655 1603 3706 ergo
1630 3639 1852 3706 quisque
1881 3647 1931 3707 te
1958 3637 2128 3692 irritet
2152 3680 2167 3702 ,

587 3711 831 3780 quamvis
858 3713 1202 3775 convicietur,
1230 3706 1472 3780 quamvis
1501 3710 1744 3773 iniuriam
1777 3708 1865 3761 tibi
1897 3706 2051 3780 faciat
2075 3723 2090 3772 ;
2117 3720 2169 3761 ιιι

591 3778 741 3845 tace,
790 3784 993 3851 patiens
1042 3793 1158 3837 eSto
1180 3825 1195 3848 ,
1229 3778 1326 3836 nec
1366 3780 1628 3850 rependas
1661 3778 2089 3851 contumeliam;
2118 3787 2172 3832 et

591 3848 803 3908 melius
833 3853 1055 3907 tacendo
1087 3853 1270 3908 vinces
1325 3848 1592 3919 injuriam.
1649 3848 1782 3905 Cum
1833 3849 2171 3903 maledicitur

586 3922 702 3982 tibi,
736 3931 789 3976 ιιι
812 3923 1033 3978 benedic
1059 3940 1070 3974 :
1097 3933 1153 3978 et
1177 3937 1418 3990 magnam
1450 3921 1671 3976 habebis
1699 3919 1957 3989 gratiam,
1990 3920 2032 3973 si
2064 3934 2169 3974 non

587 3991 750 4046 laedas
776 4009 804 4045 a
832 4010 938 4062 quo
967 3995 1124 4049 laesus
1151 4009 1230 4048 es.
1257 3993 1466 4046 Nullum
1493 3991 1774 4057 despicias,
1796 4004 2164 4062 nongservum,

589 4078 694 4116 non
720 4059 945 4132 egenum
977 4080 989 4117 :
1021 4065 1144 4132 quia
1192 4063 1412 4117 forsitan
1443 4062 1629 4115 mt-lior
1668 4070 1750 4116 est
1782 4059 1920 4132 apud
1959 4060 2124 4113 Deum
2151 4101 2167 4122 ,

586 4147 744 4198 quam
767 4131 850 4198 tu;
877 4143 932 4187 et
957 4131 1076 4203 quia
1104 4149 1318 4203 omnes,
1332 4131 1620 4203 secundum
1637 4131 1986 4203 AApostolum,
2011 4147 2168 4182 unum

586 4217 774 4256 sumus
799 4204 852 4256 in
877 4201 1077 4258 Christo
1105 4203 1228 4256 Jesu
1256 4201 1450 4266 (Gulat.
1482 4218 1537 4255 ιιι
1559 4243 1571 4262 .
1589 4201 1716 4269 9.8);
1749 4209 1802 4270 et
1823 4202 1940 4270 quia
1971 4217 2068 4252 non
2097 4209 2169 4254 est

587 4287 918 4339 personarum
963 4285 1196 4340 acceptor
1250 4271 1385 4325 Deus
1433 4272 1568 4340 (Act.
1601 4286 1637 4324 ι
1667 4312 1679 4328 .
1707 4269 1804 4338 54)
1834 4269 1848 4333 ς
1877 4271 2004 4334 sed,
2033 4272 2170 4324 sicut

586 4342 842 4409 seriptum
868 4351 971 4405 est,
1005 4343 1354 4410 Unusquisque
1376 4342 1510 4411 quod
1534 4342 1702 4411 fecerit
1728 4341 1930 4411 bonum,
1958 4341 2053 4392 hoc
2077 4357 2167 4411 ac-

585 4412 735 4476 cipiet
762 4428 794 4464 a
827 4411 1060 4476 Domino,
1091 4409 1192 4468 sive
1217 4409 1421 4474 servus,
1454 4409 1552 4465 sive
1582 4411 1704 4464 liber
1731 4409 1944 4478 (Ephes.
1980 4425 2053 4465 νι.
2087 4409 2164 4480 8).

586 4481 700 4535 Νιηι
733 4483 980 4537 detrahas
1010 4485 1158 4538 fratri
1189 4493 1298 4546 tuo,
1329 4497 1426 4535 nec
1457 4481 1616 4536 facias
1644 4480 1962 4535 calumniam
1992 4483 2170 4546 proxi-

586 4567 675 4605 mo
703 4562 822 4619 tuo,
856 4568 956 4608 nec
980 4555 1030 4608 vi
1059 4553 1327 4623 opprimas
1355 4569 1473 4605 eum
1502 4570 1515 4606 ς
1543 4552 1634 4605 sed
1663 4551 1920 4623 sicutper
1951 4551 2164 4623 illoysen

583 4623 777 4677 dicitur
800 4665 814 4684 .
848 4625 907 4678 Si
935 4621 1228 4693 paupertate
1247 4622 1533 4689 compulsus
1563 4622 1836 4674 vendiderit
1859 4637 1917 4672 se
1951 4621 2037 4674 tibi
2055 4622 2164 4686 fra-

584 4703 658 4746 ter
683 4704 796 4750 tuus
817 4736 831 4757 ,
865 4711 964 4748 non
993 4696 1180 4765 effliges
1199 4707 1734 4765 etnnrntoreservorunt
1763 4708 1849 4758 per
1871 4693 2162 4765 potentiam,

582 4765 670 4817 sed
700 4781 814 4818 cum
847 4761 1146 4819 timore'Dei
1173 4781 1264 4833 age
1289 4764 1423 4816 circa
1447 4762 1610 4816 illum.
1647 4761 1900 4833 Memento
1929 4763 2167 4833 quoniam

582 4845 635 4888 tu
657 4853 824 4890 servus
850 4853 900 4889 es
927 4835 1106 4903 (Levit.
1143 4830 1276 4899 xx'v,
1305 4835 1374 4889 59
1399 4876 1414 4896 ,
1441 4835 1511 4889 45
1534 4876 1549 4898 ,
1585 4835 1691 4903 41).
1726 4830 1846 4885 Non
1871 4831 2034 4903 oderis
2059 4837 2168 4900 fra-

581 4917 706 4959 trem
755 4917 894 4960 tuum
936 4902 988 4960 in
1034 4905 1185 4960 corde
1228 4903 1454 4969 tuo;sed
1498 4904 1692 4972 publice
1724 4919 1880 4971 argue
1905 4902 2082 4972 illum.
2111 4914 2165 4956 ut

579 4993 681 5030 non
721 4977 906 5032 habeas
946 4994 1097 5047 super
1137 4977 1284 5030 illum
1324 4971 1582 5047 peccatum
1613 4971 1722 5044 (Id.
1745 4989 1863 5047 ius,
1891 4971 2001 5047 17).
2031 4972 2166 5027 Hinc

575 5057 632 5101 et
664 5049 916 5104 Dominus
942 5043 1304 5117 in’Evangelio
1325 5043 1486 5110 dicit,
1520 5045 1582 5099 Si
1611 5043 1886 5117 peccaverit
1907 5043 1957 5095 in
1980 5053 2027 5117 te
2051 5047 2164 5117 fra-

577 5127 653 5171 ter
681 5129 793 5174 tuus
814 5159 828 5179 ,
857 5120 1054 5189 corripe
1077 5112 1220 5172 illum
1248 5119 1377 5189 inter
1407 5125 1452 5170 te
1474 5126 1531 5189 ct
1559 5112 1724 5189 ipsum
1753 5112 2160 5189 solum_(lllatth.

575 5203 735 5257 xvut,
768 5191 878 5260 15);
911 5201 964 5245 et
989 5184 1198 5244 rursum
1219 5187 1329 5260 ,Si
1357 5187 1556 5260 septies,
1585 5185 1771 5260 inquit,
1800 5185 1852 5236 in
1882 5184 1963 5237 die
1989 5201 2165 5260 pecca-

575 5253 729 5323 verit,
757 5271 802 5313 et
830 5253 972 5313 toties
999 5253 1280 5324 pmnituerit
1299 5300 1313 5323 ,
1344 5253 1538 5309 dimitte
1570 5255 1614 5310 ei
1644 5254 1795 5325 (Luc.
1825 5269 1970 5325 xvii.
2004 5253 2164 5318 4);ct

575 5327 765 5399 iterum
787 5373 802 5390 ,
832 5330 892 5385 Si
921 5328 1074 5396 offers
1093 5372 1107 5393 ,
1141 5329 1348 5399 inquit,
1377 5343 1560 5380 munus
1597 5324 1756 5399 tuum
1779 5324 1846 5377 ad
1889 5324 2092 5399 altare,
2113 5335 2162 5399 et

572 5397 642 5453 ibi
665 5395 1168 5468 recordatusfueris,
1198 5395 1316 5465 quia
1347 5401 1505 5469 frater
1529 5406 1646 5449 tuus
1670 5396 1815 5469 habet
1845 5395 2039 5462 aliquid
2066 5395 2160 5469 ad-

573 5483 770 5520 versum
799 5478 863 5529 te,
886 5465 1111 5538 relinque
1138 5470 1206 5522 ibi
1231 5465 1413 5520 munus
1445 5478 1585 5520 tuum
1613 5476 1729 5538 ante
1752 5467 1944 5538 altare,
1971 5475 2018 5518 et
2037 5465 2162 5518 vade

570 5537 713 5606 prius
741 5534 1055 5608 reconciliari
1081 5541 1226 5608 fratri
1247 5549 1362 5608 tuo:
1385 5548 1430 5592 et
1465 5547 1581 5608 tunc
1607 5537 1809 5608 veniens
1842 5534 2022 5600 offeres
2047 5552 2162 5587 mtt-

571 5605 664 5658 nus
687 5617 826 5658 tuum
851 5605 1059 5672 (Matth.
1081 5605 1144 5674 'v,
1174 5607 1420 5675 23et‘24).
1453 5607 1575 5662 llaec
1599 5616 1671 5673 te,
1699 5605 2008 5671 Christiane,
2027 5622 2160 5674 pra:-

630 5756 708 5818 (a)
731 5754 832 5806 vid.
863 5765 1014 5804 serat.
1039 5755 1149 5812 289,
1187 5769 1268 5803 nn.
1304 5756 1352 5814 3,
1385 5755 1443 5815 4;
1479 5756 1586 5815 ess,
1622 5770 1672 5804 n.
1712 5757 1759 5817 ὅ,
1795 5756 1845 5805 in
1885 5756 2159 5818 Appendice

570 5827 678 5866 tuon
702 5821 750 5867 ὅ.

629 5878 700 5942 (ὑ)
727 5880 799 5930 sic
819 5887 971 5928 scrin.
991 5875 1098 5938 9.38,
1122 5891 1171 5926 ιι.
1198 5875 1243 5924 Ξ.

2025 408 2393 476 ΔΡΡΕΜΗΧ.

3700 427 3810 486 1180

2269 545 2420 618 cepta
2469 548 2723 594 revocent
2758 538 2824 594 ad
2867 537 3204 618 concordiam
3225 580 3242 607 ,
3275 539 3388 598 lucc
3435 542 3604 618 dulcia
3645 549 3811 611 Christi

2271 606 2656 681 medicamenta
2681 616 2889 681 curent
2933 606 3042 663 odii
3082 606 3295 664 vulnera
3330 628 3488 681 :quas
3519 617 3562 670 si
3608 606 3810 678 contexi:

2271 678 2474 764 pseris,
2509 679 2894 764 terribilemjn
2939 689 2990 734 te
3009 682 3344 764 osent‘entiam
3391 678 3692 764 retorques‘,
3729 711 3811 764 qua

2269 747 2502 827 dicitur,
2532 747 2831 827 Ontnisﬂui
2851 749 3105 827 _ira_scitu_r
3129 754 3274 820 fratri
3293 769 3425 827 suo,
3455 747 3569 810 reus-
3603 747 3690 812 erit
3698 747 3816 827 Ῑιῖάεζ

2269 819 2346 871 cio
2375 835 2395 872 ,ο
2423 819 2503 872 vel
2529 859 2544 884 ,
2575 820 2660 887 qui
2701 820 2882 874 dixerit
2926 823 3075 890 fratri
3116 819 3208 874 suo
3235 865 3249 885 ,
3285 824 3484 890 Racha,
3517 837 3602 880 aut
3643 819 3784 890 Fatue

2271 905 2390 964 reus
2412 891 2504 942 erit
2528 879 2770 964 gehenuw
2791 879 2967 961 ignis'(
2986 889 3118 964 Ibid.
3150 891 3222 946 22
3311 895 3448 952 Ecce
3471 879 3814 964 audistiitTa'.

2274 959 2501 1040 rissime,
2531 959 2655 1029 quid
2685 959 2904 1040 timeas,
2931 963 3056 1040 quid
3087 964 3357 1040 observes.
3394 965 3536 1040 Habe
3564 959 3688 1040 ergo
3707 959 3814 1030 elui.

2272 1031 2528 1111 ritatemh
2566 1043 2685 1086 tene
2731 1032 3215 1111 patientiam,_luge
3247 1034 3572 1111 discordiam
3595 1031 3817 1111 ,impouc

2273 1098 2452 1153 frenos
2498 1102 2689 1170 lingua:
2715 1098 2818 1156 tua;
2847 1143 2867 1174 ,ν
2897 1119 2963 1156 ne
2990 1098 3174 1156 trahat.
3195 1105 3258 1157 ad
3286 1098 3816 1174 gehennam'anintani

2274 1177 2416 1224 tuam
2448 1174 2609 1240 :quia
2675 1173 2963 1227 secundum
2996 1173 3325 1241 Scriptorum
3351 1219 3365 1238 ,
3401 1177 3542 1232 Mors
3585 1192 3630 1234 et
3670 1186 3818 1240 vitain

2273 1241 2503 1294 manibus
2530 1243 2715 1317 linguae
2746 1244 2971 1317 consistit
2995 1246 3011 1307 (
3025 1244 3180 1317 Prov;
3204 1261 3335 1300 xvm
3359 1288 3375 1311 ,
3402 1250 3460 1302 2|
3476 1255 3494 1317 )
3519 1265 3534 1314 ;
3558 1261 3605 1303 et
3641 1252 3721 1308 Vir
3741 1258 3818 1310 lin-

2271 1327 2456 1394 guosus
2479 1330 2576 1394 non
2599 1313 2842 1394 diriqetur
2865 1314 2914 1366 in
2946 1325 3079 1394 terra
3105 1315 3123 1384 (
3147 1314 3290 1394 P_sal.
3314 1313 3535 1384 exstitit,
3565 1322 3670 1394 19).

2346 1383 2433 1458 11.
2477 1384 2599 1458 ll:th
2623 1385 2847 1458 sollicita
2865 1383 3300 1458 (anisideratione
3326 1383 3644 1458 pensantes;
3661 1395 3818 1454 fratres

2273 1451 2573 1528 charissimi
2597 1496 2611 1515 ,
2647 1455 2990 1528 verbasimul
3033 1467 3083 1510 et
3117 1473 3296 1528 mores
3322 1451 3640 1528 componite.
3669 1451 3819 1521 Secta:-

2276 1524 2401 1604 mini
2428 1539 2638 1604 semper
2661 1525 2938 1604 justitiam,
2963 1537 3136 1581 amate
3163 1527 3359 1604 Christi
3384 1524 3664 1602 princepla.
3697 1538 3816 1592 Dere-

2275 1593 2470 1660 linquat
2504 1597 2689 1662 impius
2731 1597 2861 1648 viam
2902 1613 3045 1649 suam
3066 1637 3080 1658 ,
3107 1607 3154 1650 et
3179 1598 3254 1650 vir
3285 1593 3488 1663 iniquus
3531 1593 3819 1664 coqitationes

2272 1681 2393 1717 suas
2423 1682 2441 1719 .'
2468 1675 2513 1718 et
2541 1676 2816 1742 revertatur
2849 1665 2915 1742 ad
2949 1668 3255 1742 Dominum,
3279 1671 3414 1725 sicut
3450 1665 3696 1742 propheta
3731 1679 3817 1732 cla.

2275 1744 2382 1808 mat
2402 1776 2420 1808 ,
2447 1747 2492 1789 et
2520 1737 2828 1808 miserebitur
2856 1740 2996 1806 ejus;
3021 1741 3138 1806 quia
3165 1741 3278 1808 pius
3310 1754 3380 1796 est
3409 1737 3480 1796 ad
3502 1737 3820 1808 ignoscendum

2276 1803 2430 1874 (Isai.
2461 1823 2545 1870 LV,
2575 1808 2650 1875 7).
2683 1807 2797 1875 Ipse
2824 1803 2964 1860 enim
2987 1803 3237 1864 admonet
3262 1810 3445 1867 dicens
3465 1855 3480 1876 ,
3505 1803 3820 1872 Convertimint

2371 1894 2449 1955 me
2471 1919 2484 1940 ,
2514 1887 2560 1930 et
2584 1879 2772 1955 sonabo
2804 1880 3127 1955 contritiones
3157 1881 3173 1911 ¹
3209 1895 3394 1936 vestras
3423 1886 3440 1945 (
3463 1885 3592 1940 Osee
3625 1904 3706 1941 XIV
3727 1931 3740 1954 ,
3764 1889 3820 1955 5,

2277 1948 2351 2013 5).
2381 1948 2440 2000 Et
2469 1964 2652 2002 rursus
2676 1966 2688 1998 :
2717 1949 2936 2012 Qutvrite
2954 1949 3138 2003 bonum
3166 1960 3214 2004 et
3242 1969 3340 2004 non
3372 1958 3564 2009 malum
3593 2000 3606 2015 ,
3633 1971 3682 2010 ut
3711 1948 3820 2012 visa;

2276 2018 2372 2080 tis;
2399 2027 2443 2070 et
2469 2020 2559 2070 erit
2583 2017 2834 2072 vobiscum
2877 2019 3124 2072 Dominus
3161 2024 3492 2078 exercituum.
3525 2027 3587 2080 Et
3616 2030 3782 2083 iterum
3807 2048 3818 2083 :

2281 2087 2430 2141 Odile
2455 2091 2665 2160 malum,
2695 2101 2740 2142 et
2766 2091 2957 2160 diligite
2986 2092 3192 2156 bonum;
3216 2104 3267 2144 ut
3297 2108 3593 2150 misereatur
3615 2099 3823 2154 Dominus

2278 2160 2426 2238 vestri
2447 2158 2465 2229 (
2488 2160 2696 2238 Amos_v
2721 2201 2734 2220 ,
2763 2161 2826 2214 14
2852 2158 2874 2225 ,’
2899 2163 2964 2213 15
2982 2161 3027 2238 Δ).
3056 2161 3189 2215 Ecce
3219 2163 3319 2238 hoc
3341 2166 3454 2234 ipse
3487 2168 3728 2222 Dominus
3751 2186 3820 2238 per

2281 2233 2589 2298 prophetam
2615 2230 2838 2288 clamat:
2865 2241 2919 2284 et
2950 2233 2992 2284 si
3021 2248 3106 2284 me
3133 2233 3317 2288 audire
3342 2230 3681 2292 contemnitis
3701 2282 3714 2300 ,
3738 2230 3820 2293 sal—

2280 2310 2384 2372 tem
2422 2301 2502 2354 vel
2539 2301 2708 2368 ipsmn
2737 2301 2935 2372 audite.
2979 2301 3094 2370 Ipse
3135 2305 3293 2357 etiam
3337 2306 3385 2358 in
3416 2308 3698 2372 Evangelia
3719 2327 3822 2364 con-

2278 2371 2479 2424 solatur
2510 2371 3045 2450 peccatoresdicens,
3078 2372 3193 2450 ζιξοη
3217 2377 3325 2428 veni
3350 2371 3700 2450 rocarejustas
3720 2423 3732 2444 ,
3756 2383 3822 2434 sed

2278 2448 2653 2516 peccatoresin
2701 2442 3042 2516 ptenitentiam
3077 2442 3226 2506 (Luc.
3252 2461 3316 2509 v,
3346 2448 3466 2508 5‘2).
3511 2442 3626 2516 liae
3670 2442 3822 2505 iterum

2250 2512 2528 2588 admonet
2558 2513 2766 2588 dicens.
2802 2513 3258 2588 Primutnqntcrite
3282 2533 3496 2586 regnum
3531 2512 3617 2572 Dei
3641 2533 3684 2573 et
3701 2523 3823 2588 justi-

2279 2584 2398 2658 tiam
2420 2585 2548 2652 ejus,
2573 2595 2616 2637 et
2639 2585 2939 2658 h_tec_omnia
2957 2584 3258 2658 adjiciantur
3273 2584 3405 2642 vobis
3429 2588 3636 2656 (Matth.
3659 2584 3721 2651 vi,
3736 2592 3822 2658 33).

2280 2653 2344 2727 Et
2377 2655 2572 2727 iterum
2598 2672 2610 2706 :
2648 2654 2810 2707 Petita
2831 2697 2845 2715 ,
2876 2665 2922 2707 et
2947 2654 3147 2707 dabitur
3175 2657 3309 2709 vobis
3334 2653 3585 2727 :qutcrite
3611 2705 3625 2718 .
3651 2674 3691 2714 et
3714 2653 3825 2715 inrc-

2277 2725 2423 2797 nietis
2444 2725 2713 2797 ,‘_pulsate,
2745 2736 2789 2777 ct
2821 2727 3076 2797 aperietur
3122 2727 3256 2779 vobis
3285 2732 3300 2797 (
3325 2725 3406 2781 Id.
3456 2747 3525 2785 vu
3549 2773 3562 2792 ,
3591 2733 3674 2797 7).
3703 2732 3826 2784 Modo

2275 2794 2418 2850 enim
2462 2795 2715 2850 Dominus
2754 2811 2848 2864 pro
2893 2795 3140 2850 iueﬂ'abili
3176 2794 3368 2864 pietate
3409 2817 3508 2854 sua
3555 2794 3653 2855 non
3685 2802 3824 2855 soluat

2276 2865 2562 2938 admouet,
2591 2866 2684 2922 sed
2721 2875 2776 2919 et
2809 2876 2959 2938 rogat
3003 2875 3068 2919 ut
3097 2879 3478 2924 convertamur
3520 2873 3586 2927 ad
3615 2888 3742 2927 eunt.
3765 2874 3822 2938 (a)

2279 2935 2566 3007 Audiamus
2599 2953 2726 3005 ergo
2762 2951 2884 2991 eum
2910 2937 3053 3007 dum
3086 2949 3267 3007 rogat;
3296 2955 3362 2992 ne
3389 2941 3435 2994 si
3470 2958 3578 2996 non
3607 2935 3825 3005 facimus,

2277 3024 2383 3062 non
2417 3006 2596 3080 audiat
2622 3024 2718 3062 nos
2744 3022 2865 3080 c_ut_n
2900 3006 3176 3076 iudicabit.
3207 3010 3504 3065 Audiamus
3551 3025 3603 3067 et
3630 3013 3826 3080 Scriptu-

2278 3095 2390 3150 ram
2418 3077 2682 3150 dicentem
2701 3121 2718 3150 ε
2749 3076 2890 3150 Fili,
2925 3080 3158 3150 miserere
3180 3080 3365 3134 animo:
3395 3090 3503 3136 tua:
3531 3083 3720 3150 placens
3738 3076 3827 3134 'Dro

2278 3148 2472 3272 (Eccli.
2519 3165 2626 3202 xxx
2655 3191 2667 3212 ,
2695 3149 2808 3215 2t).
2842 3148 2979 3217 Quid
3032 3148 3097 3201 ad
3145 3148 3260 3204 huic
3295 3148 3589 3218 respondet
3637 3155 3826 3206 humana

2301 3219 2568 3272 raeilitas?
2601 3222 2736 3272 Deus
2765 3229 2916 3272 rogat
2939 3229 2995 3272 ιιι
3022 3219 3094 3272 tui
3127 3221 3430 3272 miserearis
3452 3264 3467 3272 -
3500 3234 3556 3272 et
3606 3239 3703 3272 non
3727 3225 3824 3272 vis:

2301 3219 2568 3286 ragilitas?
2601 3222 2736 3274 Deus
2765 3229 2916 3288 rogat
2939 3229 2995 3272 ut
3022 3219 3094 3272 tui
3127 3221 3430 3276 miserearis
3452 3264 3467 3286 ,
3500 3234 3556 3278 et
3606 3239 3703 3278 non
3727 3225 3824 3276 vis:

2276 3289 2545 3359 quomodo
2575 3300 2626 3345 te
2657 3291 2833 3344 audiet
2861 3291 2915 3344 in
2939 3290 3038 3364 _die
3069 3293 3404 3364 necessitatis
3430 3295 3822 3364 supplicantem.

2276 3376 2397 3432 Cum
2440 3368 2492 3413 ιιι
2535 3376 2656 3414 eum
2706 3376 2801 3430 pro
2845 3371 2896 3415 te
2939 3360 3075 3432 ipso
3101 3375 3204 3414 non
3247 3362 3398 3417 audis
3449 3360 3750 3432 rogantem?
3782 3362 3825 3416 Si

2277 3430 2438 3503 modo
2489 3433 2602 3503 ba'c
2644 3432 2982 3498 neglexeritis
3003 3473 3018 3494 ,
3055 3430 3265 3496 fratres,
3290 3433 3418 3503 quid
3465 3430 3663 3488 facietis
3691 3435 3736 3488 in
3759 3433 3825 3486 die

2271 3501 2491 3569 jndicii,
2524 3502 2604 3556 vel
2649 3503 2712 3555 ad
2758 3503 2910 3568 cujus
2951 3503 3267 3569 conl‘ugietis
3312 3501 3620 3559 auxilium?
3653 3504 3736 3568 Si,
3763 3504 3825 3555 in-

2275 3588 2466 3638 quam,
2500 3572 2660 3626 modo
2691 3572 3031 3638 neglexeritis
3070 3575 3191 3626 talia
3223 3573 3314 3628 Dei
3346 3573 3681 3630 hortamenta
3704 3615 3718 3638 ,
3743 3590 3771 3627 ιι
3791 3591 3826 3625 ~u

2275 3641 2538 3711 cll'ugietis
2583 3651 2721 3714 tunc
2774 3643 2961 3697 inferni
3005 3653 3263 3698 tormenta
3305 3664 3319 3700 :
3368 3661 3472 3700 nec
3526 3661 3619 3700 vos
3671 3645 3827 3714 poterit

2275 3728 2462 3784 aurum
2509 3713 2595 3767 vel
2640 3723 2917 3784 argentum
2964 3714 3224 3779 liberare,
3256 3730 3434 3782 neque
3479 3713 3826 3782 divitize,qu:n

2277 3799 2417 3855 mmc
2443 3783 2494 3837 in
2525 3783 2729 3853 angulis
2754 3785 3079 3839 absconditis
3099 3825 3113 3845 .
3145 3795 3199 3837 et
3235 3800 3299 3838 ex
3330 3786 3532 3855 quibus
3561 3795 3827 3853 arrogantes

2273 3853 2445 3908 effecti
2499 3855 2721 3909 salutem
2775 3864 3004 3908 vestram
3047 3855 3194 3910 obliti
3242 3853 3393 3908 estis.
3456 3857 3592 3911 Hinc
3639 3866 3827 3923 namque

2277 3924 2530 3978 Dominus
2559 3942 2653 3993 per
2679 3927 2988 3993 prophetam
3011 3924 3158 3984 dicit.
3207 3924 3433 3979 Visitabo
3462 3944 3618 3994 super
3643 3943 3720 3980 vos
3741 3940 3826 3977 nia-

2274 3995 2324 4046 la
2346 4037 2360 4057 ,
2386 4005 2431 4047 et
2455 3996 2704 4064 quiescere
2747 3996 2932 4066 facium
2972 3996 3257 4066 superbiam
3297 3997 3581 4064 impiorum
3603 4039 3616 4058 ,
3645 4008 3687 4050 et
3708 4011 3826 4048 arra.

2272 4066 2497 4140 gantiam
2527 4065 3041 4140 fortium'lnimiliabo
3067 4065 3218 4135 (Isai.
3252 4082 3377 4140 xm,
3410 4068 3530 4140 11).
3563 4068 3628 4140 Et
3652 4081 3824 4140 rursum

2272 4135 2526 4190 admonet
2548 4137 2730 4190 dicens
2753 4176 2768 4199 ,
2802 4134 2982 4189 Redite
3005 4176 3020 4198 ,
3055 4134 3500 4206 praevaricatores,
3527 4139 3594 4191 ad
3615 4155 3695 4190 cor
3720 4137 3734 4203 (
3757 4134 3824 4187 Id.

2275 4221 2418 4268 sui,
2447 4207 2501 4274 8)
2527 4223 2539 4258 :
2569 4208 2806 4276 quiescite
2841 4223 2990 4278 agere
3018 4223 3245 4273 perverse
3264 4248 3280 4270 .
3311 4208 3495 4262 discite
3521 4211 3642 4264 bene
3665 4211 3824 4278 facere,

2271 4279 2550 4330 succurrite
2582 4293 2820 4348 oppresso
2843 4317 2858 4338 ,
2883 4276 3161 4348 (defendite
3210 4294 3524 4348 pauperem,
3569 4290 3614 4332 et
3661 4276 3825 4348 viduam

2272 4348 2608 4488 216773130)"
2653 4347 2699 4401 et
2754 4347 3007 4417 pupillum
3051 4349 3205 4402 nolite
3257 4350 3571 4404 calumniari
3614 4347 3734 4421 (Id.
3775 4362 3820 4407 ι.

2355 4433 2382 4469 c
2463 4435 2479 4470 ι
2535 4457 2548 4471 .

2355 4419 2548 4471 etl'il.

2346 4489 2431 4542 18.
2476 4485 2597 4543 lltec
2648 4503 2812 4554 ergo,
2864 4487 3084 4554 fratres,
3123 4488 3174 4542 in
3220 4498 3402 4544 mente
3451 4485 3822 4555 retinete,h:ec

2271 4573 2593 4626 magnopere
2633 4559 2903 4613 custodire
2944 4559 3205 4614 festinate.
3253 4560 3495 4628 Pugnate
3538 4571 3595 4614 ut
3632 4555 3821 4628 separati

2272 4643 2301 4680 a
2341 4627 2554 4682 diabolo
2579 4671 2593 4693 ,
2616 4629 3013 4696 conjungamini
3055 4629 3162 4682 Deo
3191 4631 3279 4698 qui
3309 4627 3406 4684 vos
3439 4627 3699 4685 redemit.
3721 4629 3818 4680 Stti-

2273 4709 2432 4766 peant
2457 4699 2654 4755 Gentes
2696 4700 2764 4753 de
2801 4700 3206 4754 conversatione
3252 4710 3425 4754 vestra
3461 4717 3481 4757 :
3508 4713 3564 4756 et
3602 4701 3645 4754 si
3679 4699 3822 4753 detra-

2270 4767 2401 4822 hant
2447 4770 2598 4824 vobis
2627 4812 2641 4828 .
2673 4769 2833 4825 etiam
2884 4780 2938 4822 et
2991 4770 3245 4824 irrideant
3296 4769 3708 4825 Christianitatis
3751 4780 3821 4818 vos

2268 4853 2432 4906 Opera
2453 4841 2676 4906 sectari,
2709 4857 2775 4894 ne
2798 4841 3186 4894 conturbemini
3211 4856 3276 4895 ex
3307 4839 3440 4905 hoc;
3477 4839 3819 4906 reddentenim

2268 4905 2336 4962 de
2362 4925 2427 4964 eo
2458 4905 2736 4966 rationem.
2776 4910 2962 4964 Totam
2990 4927 3118 4979 ergo
3142 4926 3291 4978 spem
3312 4921 3553 4966 vestram
3588 4913 3637 4965 in
3661 4905 3819 4964 Chriin

2269 4980 2631 5035 misericordia
2665 4982 2842 5049 ponite
2868 5000 2880 5034 :
2903 4990 2958 5035 et
2987 4997 3090 5034 non
3122 4981 3294 5034 solum
3323 4981 3391 5034 ab
3413 4991 3540 5035 actu
3573 4979 3819 5050 impudico.

2267 5050 2361 5104 sed
2410 5052 2570 5106 etiam
2619 5067 2648 5104 a
2693 5051 3101 5119 cogitationibus
3139 5050 3370 5105 sordidis
3407 5054 3619 5106 animas
3657 5058 3822 5119 vestras

2267 5123 2531 5192 custodite
2559 5139 2572 5183 ;
2601 5123 2721 5190 quia
2763 5115 3035 5175 ‘ltominus
3093 5122 3231 5174 Dens
3275 5121 3451 5190 justus
3488 5123 3652 5192 judex
3687 5130 3734 5175 et
3773 5115 3824 5168 dc

2267 5191 2675 5260 cogitationibus
2709 5191 2928 5260 judicat.
2978 5192 3044 5245 Et
3087 5192 3188 5246 hoc
3234 5207 3427 5246 moneo
3453 5235 3470 5258 ,
3497 5191 3501 5192 “
3525 5195 3709 5246 fratres
3733 5230 3760 5260 ,ί
3782 5195 3824 5239 ut

2268 5259 2575 5332 superbiam
2603 5259 2815 5332 penitus
2841 5262 3140 5331 deponatis,
3177 5279 3272 5329 per
3297 5278 3456 5329 quam
3487 5263 3558 5318 de
3585 5259 3824 5332 εαξη)ρἰ-

2267 5331 2422 5386 holus
2461 5328 2663 5387 corruit
2687 5350 2699 5386 :
2722 5333 2844 5401 quia
2871 5375 2886 5397 ,
2915 5328 3066 5385 'sieut
3110 5328 3383 5400 apostolus
3430 5344 3687 5394 testatur,
3718 5328 3824 5401 Dent

2265 5403 2494 5473 superbis
2518 5403 2724 5466 resistit,
2741 5395 2793 5455 et
2815 5395 3088 5456 humilibus
3107 5395 3197 5455 dat
3220 5404 3438 5473 gratiam
3462 5402 3664 5466 (Jacobi
3682 5417 3741 5459 IV,
3757 5395 3822 5473 Δ6)-

2271 5471 2420 5526 Unde
2452 5475 2707 5527 Dominus
2738 5474 3104 5539 in'Evangelio
3127 5471 3255 5527 dicit
3274 5513 3289 5533 ,
3325 5473 3508 5528 Omnis
3536 5475 3665 5528 enim
3693 5471 3762 5531 qui
3785 5479 3825 5517 ω

2265 5544 2485 5605 exultat,
2527 5543 2906 5607 humiliabitur;
2955 5553 3001 5596 et
3042 5544 3130 5609 qui
3175 5560 3228 5596 se
3271 5543 3528 5606 humiliat,
3560 5539 3824 5609 excitabitur

2268 5611 2417 5682 (Luc.
2451 5629 2569 5677 xw,
2603 5613 2710 5684 11).
2742 5615 2807 5668 Et
2842 5615 3065 5680 iterum,
3093 5612 3212 5668 Nisi
3246 5615 3474 5670 conversi
3500 5608 3822 5684 fueritisdti‘

2330 5820 2345 5850 ί
2385 5824 2511 5871 \tss.,
2533 5813 2818 5865 mtersioncs.

2332 5877 2403 5940 (τι.)
2431 5884 2489 5926 Es
2517 5890 2664 5926 serui.
2691 5876 2766 5936 ἓξ),
2789 5891 2835 5925 n.
2861 5877 2907 5939 5,
2935 5878 2983 5927 in
3011 5875 3214 5941 Appeud.
3247 5877 3356 5926 tomi
3379 5876 3429 5926 ὅ.
