4016 6520
272 494 397 550 1181

268 601 511 672 ficiantini
538 599 665 672 sicut
706 601 932 672 parvuli,
964 611 1063 672 non
1089 595 1337 672 inti-abitis
1372 596 1425 647 in
1454 611 1659 661 regnum
1690 592 1849 672 coelo-

267 664 380 727 runt
402 671 422 742 (
444 670 630 724 Matth.
648 664 791 742 Διξιιι
811 707 827 733 ,
858 666 950 742 5).
974 664 1201 742 «Ιιιι-ιιιιόὶ-
1224 667 1381 742 etiam
1411 665 1850 742 consuelndinem

269 735 509 798 funditus
553 739 813 801 omittite;
846 735 966 805 quia
1012 736 1164 790 valde
1193 738 1241 787 in
1293 735 1393 788 hac
1419 750 1567 803 parte
1597 735 1690 789 Dei
1720 750 1851 798 prae-

268 816 438 884 eeptis
462 807 741 884 contraitis
764 849 781 884 ,_
801 806 1032 884 _Domino
1078 808 1128 859 in
1163 806 1447 884 Evangelio
1488 805 1801 871 prohibente
1835 820 1847 855 :

274 876 419 946 Dico,
466 879 670 947 inquit,
701 878 837 930 vobis
856 894 956 930 non
975 876 1155 945 jurare
1195 880 1431 947 omnino,
1451 890 1606 947 neque
1640 892 1726 943 per
1747 886 1850 926 ter-

275 972 380 1007 ram
404 994 419 1015 ,
446 945 606 1023 neque
648 966 735 1018 per
769 958 922 1014 caput
947 962 1145 1023 tneque
1168 946 1419 1023 peraliud
1456 945 1852 1023 quodcumque:

270 1025 331 1081 sit
364 1014 533 1075 autem
559 1014 722 1074 sermo
752 1031 931 1077 υθειιγ,
966 1014 1089 1079 Est,
1113 1026 1207 1077 est;
1235 1014 1375 1079 Non,
1399 1032 1517 1067 non.
1543 1014 1849 1081 lnjurianti-

271 1094 369 1146 bus
396 1105 607 1161 quoque
634 1089 813 1161 vobis,
842 1086 1075 1161 proferte
1105 1096 1361 1161 praerepta
1389 1086 1688 1161 Deiquibus
1714 1084 1849 1138 dici-

271 1176 386 1226 tur,
417 1156 547 1213 Ilico
575 1159 710 1211 vobis
741 1174 839 1210 non
866 1158 1093 1210 resistere
1120 1158 1251 1208 malo
1283 1156 1407 1207 :sed
1446 1156 1488 1207 si
1524 1157 1632 1222 quis
1668 1164 1714 1206 te
1739 1170 1852 1223 per-

269 1225 479 1286 cusscrit
508 1232 559 1283 in
587 1230 842 1282 dexteram
869 1227 1148 1290 maxillam,
1178 1225 1339 1293 prtebe
1369 1226 1411 1277 ei
1436 1235 1479 1277 et
1504 1227 1749 1288 alterum;
1774 1232 1848 1285 et,

274 1303 373 1369 Qui
401 1301 502 1354 vult
524 1299 742 1352 tunicam
781 1308 917 1349 tuam
952 1297 1154 1369 tollere,
1186 1297 1406 1369 remittas
1432 1295 1486 1369 ei
1525 1296 1806 1369 et‘palliton
1832 1309 1851 1355 ,°

268 1364 326 1426 c't
361 1374 581 1430 iterum,
618 1369 713 1433 Qui
757 1370 877 1436 petit
919 1383 950 1418 a
980 1376 1026 1418 te
1050 1408 1072 1436 ,ν
1096 1365 1162 1416 da
1188 1366 1265 1427 ei;
1290 1375 1333 1416 et
1358 1367 1440 1436 qui
1478 1364 1606 1436 tollit
1628 1380 1739 1436 qtttB
1764 1374 1852 1436 tua

267 1453 423 1504 sunt,
452 1457 514 1493 ne
540 1450 737 1507 repetas
758 1434 885 1506 '(Id.
915 1452 948 1490 ν
973 1477 987 1500 ,
1014 1435 1181 1489 Idi-57
1206 1476 1221 1499 ,
1253 1436 1321 1489 59
1346 1434 1503 1505 ,⁷40,)
1538 1434 1627 1487 42.
1654 1434 1849 1487 Orandi

271 1515 454 1581 utique
500 1508 946 1581 rationemiillam
992 1508 1216 1581 teneatis
1268 1520 1485 1581 necesse
1534 1515 1614 1581 est
1644 1547 1658 1570 ,
1691 1519 1845 1581 quam

271 1575 529 1636 Dominus
561 1580 809 1648 prrccepit
837 1577 1063 1648 dicens,
1091 1576 1217 1627 Cum
1247 1577 1433 1648 oratis,
1467 1592 1564 1627 non
1592 1575 1645 1626 in
1680 1575 1850 1648 ιιιιιιιὶτ

270 1653 443 1721 loqnio
468 1692 483 1712 ,
510 1644 597 1721 sed
638 1650 688 1701 in
714 1644 908 1721 secreto
925 1645 1089 1721 cordis
1115 1655 1287 1721 orate;
1310 1654 1354 1721 et
1387 1644 1732 1721 Paterﬁvester
1766 1646 1849 1711 qui
1880 1668 1885 1676 -

268 1712 404 1775 videt
429 1722 479 1773 in
498 1720 759 1780 absconso,
784 1717 957 1771 reddet
979 1716 1132 1769 vobis.
1158 1715 1287 1774 Scit.
1313 1714 1497 1780 inquit.
1529 1712 1680 1767 Pater
1695 1725 1851 1765 vester

340 1792 394 1843 id
417 1806 545 1856 apus
564 1790 624 1842 sit
650 1789 806 1852 vobis,
829 1797 1093 1856 antequam
1123 1786 1295 1851 petatis
1324 1801 1435 1856 eum
1458 1783 1569 1856 (Id.
1598 1800 1674 1856 vi,
1698 1784 1841 1856 ὅτε).

340 1808 392 1843 ια
417 1808 545 1856 opus
564 1808 624 1842 διι
650 1808 806 1852 vovts,
829 1808 1093 1856 attthuam
1123 1808 1295 1851 putans
1324 1808 1435 1835 eum
1458 1808 1569 1851 (tu.
1601 1808 1669 1846 Vl,
1698 1808 1841 1852 υοο).

267 1808 402 1916 πως
446 1874 573 1928 ergo
618 1859 815 1922 verba,
844 1856 1174 1928 charissimi,
1208 1855 1462 1928 recolite,
1506 1854 1619 1907 luec
1654 1853 1851 1928 jngiter

271 1924 537 2000 praecepta
562 1927 980 2000 reminiseiinini.
1006 1924 1333 2000 Ubicumque
1362 1927 1509 2000 estis.
1537 1924 1846 2000 int-_iuoriam

270 1993 473 2055 Christi
505 2000 556 2052 in
586 1998 851 2065 colloquio
884 1997 1135 2048 miscete:
1157 1996 1276 2062 quia
1309 1996 1420 2062 ipse
1448 1994 1593 2056 dicit,
1613 1993 1708 2047 Ubi
1733 2003 1849 2065 sunt

271 2072 375 2123 duo
401 2070 475 2123 vel
503 2080 601 2121 tres
630 2064 915 2136 congregati
936 2066 990 2118 in
1010 2066 1208 2136 nomine
1228 2080 1336 2116 meo
1357 2104 1371 2128 ,
1387 2064 1459 2136 _ibi
1480 2080 1592 2115 sunt
1613 2066 1662 2115 in
1680 2064 1849 2136 medio

270 2156 446 2194 eorum
472 2138 582 2209 (Id.
609 2133 757 2197 sviti,
778 2136 890 2203 20).
920 2134 1358 2209 Scandalaetiam
1380 2134 1540 2209 fugite
1566 2152 1577 2186 :
1601 2134 1723 2209 quia
1748 2133 1851 2209 Do-

272 2212 450 2263 miuus
479 2203 883 2277 graviter'not'at
910 2220 1030 2259 eunt
1062 2204 1296 2277 quilites
1317 2206 1565 2277 concitat,
1588 2203 1845 2277 dicendo:

280 2277 372 2333 Va:
408 2272 596 2331 homini
622 2277 700 2330 illi
729 2294 817 2347 per
848 2291 993 2347 quem
1017 2274 1309 2347 scandalum
1338 2275 1465 2327 venit
1494 2272 1654 2347 (Ibid.
1682 2273 1758 2338 7).
1793 2272 1846 2326 lu

272 2350 644 2418 compassioue
686 2344 810 2400 vero
823 2417 830 2418 ί
844 2344 1099 2418 proximi‘
1115 2344 1253 2418 illam
1269 2346 1610 2418 sententiam
1627 2352 1801 2418 tenete
1830 2384 1845 2407 ,

271 2435 375 2488 qua
404 2412 468 2472 ἰιι
496 2418 778 2486 Evangelio
803 2417 993 2488 dicitur
1015 2454 1031 2479 ,
1062 2413 1161 2478 Qui
1193 2415 1336 2488 habet
1358 2414 1483 2488 duas
1505 2415 1697 2488 tunicas
1722 2454 1735 2474 ,
1767 2412 1848 2488 det

270 2483 372 2542 non
416 2483 721 2549 habentifet
760 2486 843 2554 qui
883 2485 1025 2537 habet
1074 2502 1210 2554 iseas
1234 2525 1248 2546 ,
1274 2483 1503 2536 similiter
1546 2485 1718 2552 faciat.
1753 2484 1847 2554 ΑΕι

277 2559 438 2622 illud,
472 2557 631 2621 Date,
663 2566 709 2610 et
730 2552 928 2608 dabitur
958 2554 1090 2606 vobis
1122 2553 1266 2623 (an.
1298 2570 1373 2618 tu,
1406 2554 1491 2611 1|;
1518 2570 1585 2611 vn.
1611 2555 1724 2613 58).
1751 2552 1853 2604 110-

271 2630 481 2683 minicis
528 2643 741 2695 semper
768 2634 1091 2679 mementote
1123 2626 1294 2676 verbis
1323 2623 1509 2691 quibus
1540 2624 1761 2683 dicitur,
1789 2623 1849 2695 Si

270 2698 556 2752 manseritis
579 2698 629 2749 in
647 2692 748 2759 ine,
771 2706 815 2749 et
844 2695 989 2748 verba
1010 2711 1119 2745 utea
1144 2696 1194 2747 in
1217 2696 1349 2745 vobis
1377 2694 1666 2757 manserint,
1686 2692 1848 2757 quod—

270 2786 481 2839 cumque
511 2768 768 2839 petieritis,
786 2766 869 2839 ﬁet
894 2765 1029 2817 vobis
1051 2762 1410 2839 (Joan._xv,7).
1437 2762 1609 2839 Ipsum
1642 2775 1849 2831 quoque

274 2834 587 2907 Apostolum
616 2836 793 2890 audite
820 2834 1171 2898 clamantem,
1207 2834 1422 2901 Tempus
1449 2836 1587 2885 breve
1610 2842 1699 2907 est
1717 2848 1735 2885 .'
1766 2849 1847 2883 re-

273 2904 469 2979 liquum
499 2918 590 2972 est,
620 2907 777 2974 utqui
800 2907 979 2958 habent
1005 2914 1459 2979 uxoresitanquam
1486 2920 1583 2979 non
1614 2904 1848 2979 habentes

271 2973 373 3032 sint
393 2996 409 3042 ;
431 2989 475 3031 et
501 2980 584 3047 qui
611 2973 765 3047 ﬂent,
789 2987 1027 3043 tanquam
1058 2992 1156 3026 non
1186 2976 1388 3047 ﬂentes;
1413 2982 1457 3025 et
1477 2973 1563 3047 qni
1583 2973 1799 3047 gaudent
1830 3012 1847 3038 ,

271 3043 523 3111 tanquam
562 3043 661 3100 non
703 3046 1013 3116 gaudentes;
1058 3053 1103 3098 et
1145 3045 1228 3113 qui
1274 3053 1481 3116 utuntur
1507 3044 1600 3116 hoc
1640 3043 1843 3116 mundo,

273 3132 521 3189 tanquam
557 3134 658 3189 non
704 3113 911 3189 utantur
930 3116 1240 3189 _:__pr_q:terit
1297 3115 1430 3189 enim
1487 3113 1651 3182 ﬁgura
1702 3113 1850 3189 hujus

272 3183 450 3243 mundi
480 3188 525 3257 (l
551 3186 669 3242 Cor.
702 3202 795 3251 vn,
824 3183 1041 3252 29-51).
1072 3184 1345 3257 Utiautcm
1372 3184 1488 3252 plus
1514 3183 1848 3257 concupisca-

275 3274 394 3313 mus
421 3252 657 3313 cuélestia
686 3272 841 3326 quam
870 3265 1077 3308 terrena
1098 3295 1112 3320 ,
1142 3252 1729 3326 Dominumaudiamus
1766 3253 1849 3326 di-

272 3340 482 3384 centem
514 3347 525 3379 :
558 3324 719 3381 Nihil
745 3327 873 3379 enint
905 3327 1103 3393 prodest
1143 3325 1331 3377 homini
1356 3365 1369 3383 ,
1397 3325 1438 3375 si
1469 3324 1707 3375 mundum
1734 3324 1849 3373 uni-

273 3416 468 3453 versum
503 3400 738 3463 lucretur,
765 3397 949 3449 animt?
974 3412 1086 3448 vero
1111 3411 1216 3448 suae
1241 3394 1588 3447 detrimentum
1633 3394 1852 3463 patiatur

272 3469 505 3535 (Matth.
558 3484 644 3522 xvi
673 3509 688 3531 ,
718 3462 849 3535 26).
888 3466 951 3520 Ut
999 3480 1125 3519 vero
1172 3465 1453 3532 diligamus
1496 3462 1848 3535 clunitatem,

272 3539 598 3609 evangelista
644 3534 1162 3609 Joanneshortatur
1216 3535 1438 3609 diccns,
1583 3534 1852 3609 diligamus

273 3602 483 3663 invice'm
508 3649 523 3673 ,
556 3608 690 3661 Deus
716 3608 769 3660 in
794 3605 934 3659 nobis
964 3614 1150 3668 manet,
1182 3615 1226 3657 et
1254 3604 1472 3656 Charitas
1497 3604 1605 3672 ejus
1634 3602 1684 3653 in
1714 3602 1853 3654 nobis

275 3672 617 3749 perfecta’est.
653 3679 717 3732 Et
748 3678 937 3749 iterum
968 3690 986 3729 :
1019 3674 1151 3727 Deus
1179 3675 1399 3749 Charitas
1428 3682 1498 3749 est
1521 3712 1536 3734 ,
1569 3682 1614 3723 et
1640 3672 1723 3749 qui
1746 3688 1853 3723 ma.

275 3740 435 3802 itet'in
458 3750 699 3802 charitate
722 3789 737 3812 ,
768 3748 819 3799 in
848 3744 957 3798 Deo
984 3753 1147 3797 ntanet
1167 3786 1183 3810 ,
1218 3754 1263 3796 et
1308 3743 1437 3795 Deus
1464 3744 1515 3794 in
1545 3740 1674 3812 eo_(I
1693 3740 1849 3794 Joan.

275 3836 349 3881 tv,
383 3819 451 3873 12
470 3860 487 3885 ,
517 3820 625 3883 16).
650 3810 863 3871 Necnon
891 3826 943 3870 et
971 3815 1163 3869 Paulus
1186 3812 1551 3885 excellentiam
1581 3810 1852 3885 cli'aritatis

273 3880 432 3944 simili
472 3880 629 3943 modo
677 3887 907 3955 profert,
941 3886 1160 3938 dicens:
1186 3885 1247 3939 Si
1277 3882 1673 3955 distribuerant
1717 3880 1853 3934 cibos

275 3976 555 4030 pauperum
598 3952 768 4011 omnes
796 3958 1057 4030 facultates
1088 3971 1259 4030 meas,
1286 3965 1329 4005 et
1359 3954 1401 4005 si
1437 3952 1692 4004 tradidero
1735 3967 1851 4030 c._,r-

274 4021 395 4102 pus.
419 4046 593 4102 meum
607 4021 1061 4102 Aita__ut'ardeain,
1094 4025 1580 4102 c‘ltaritatemﬂutem
1617 4038 1715 4101 non
1761 4021 1853 4073 ha-

273 4092 462 4162 buero,
486 4100 615 4153 nihil
644 4098 767 4151 mihi
791 4098 989 4166 prodest
1018 4094 1061 4161 (l
1090 4095 1207 4148 Cor.
1237 4110 1363 4166 sui,
1392 4094 1466 4163 δ).
1486 4092 1850 4166 ιιίιιφ-ιιεηιιιι

270 4160 460 4226 niouet
483 4171 694 4233 dicens,
729 4160 913 4220 omnia
938 4160 1098 4220 vestra
1122 4167 1173 4218 in
1201 4160 1441 4218 charitate
1463 4164 1585 4229 ﬁunt
1604 4160 1712 4231 (ιιι.
1737 4176 1850 4225 xvi,

273 4242 394 4306 ιι).
425 4241 490 4293 Et
518 4241 707 4293 iterum
728 4280 742 4303 ,
792 4238 930 4290 Alter
971 4237 1175 4289 alterius
1198 4250 1370 4306 (onera
1415 4244 1605 4306 portate
1626 4273 1640 4296 ,
1689 4241 1731 4283 et
1751 4233 1845 4306 _sic

269 4302 616 4378 adimplebitis
657 4311 818 4379 legent
855 4306 1039 4379 Christi
1063 4305 1079 4376 (
1105 4305 1276 4379 Galat.
1304 4322 1388 4379 ιι,
1421 4304 1512 4379 2)ἷ
1537 4303 1662 4379 _lpse
1694 4302 1851 4354 etiam

273 4373 479 4453 pravos
499 4373 737 4453 quosque
758 4378 823 4431 ad
852 4373 1114 4453 tramitem
1142 4375 1480 4443 perfectionis
1502 4373 1691 4453 illiutde
1712 4387 1855 4425 coer-

268 4442 407 4506 cens
432 4442 586 4512 dicit,
624 4442 1025 4572 Quiffurabatur,
1042 4442 1154 4515 jam
1180 4464 1279 4499 non
1307 4451 1500 4515 [aretur
1533 4442 1746 4512 (Ephes.
1780 4457 1851 4507 tv,

268 4522 397 4572 28').
432 4522 498 4572 Et
520 4521 676 4572 illttd.
760 4520 891 4572 uaite
916 4517 1316 4572 fornicationem.
1353 4515 1484 4572 Onia
1509 4530 1654 4567 omne
1680 4529 1851 4572 πιείρας

268 4522 397 4591 28).
432 4522 498 4575 Et
520 4521 644 4574 illttd
661 4559 676 4584 ,
710 4515 891 4587 Fugite
915 4517 1316 4591 fornicationem.
1353 4515 1484 4580 Quia
1509 4530 1654 4567 omne
1679 4529 1854 4591 pecco.

273 4584 391 4645 tum
413 4591 757 4659 quodcumque
785 4584 952 4659 fecerit
972 4594 1141 4645 homo,
1166 4597 1307 4639 extra
1336 4601 1519 4659 corpus
1539 4593 1632 4645 est;
1658 4584 1743 4652 qui
1761 4599 1857 4659 ait-

269 4674 379 4716 sem
405 4651 710 4730 fornicatur,
734 4651 795 4712 in.
814 4676 993 4730 corpus
1016 4675 1160 4730 suum
1187 4665 1379 4730 peccat.
1414 4655 1479 4708 Et
1508 4651 1717 4730 iterum,
1749 4651 1857 4730 Ne-

268 4748 373 4802 que
405 4724 553 4802 'avari
605 4724 811 4802 regnum
842 4724 955 4802 Dei
977 4724 1295 4802 possidebunt
1321 4768 1335 4790 ,
1360 4742 1513 4794 neque
1551 4724 1809 4802 fornicirrii
1836 4764 1851 4788 ,

270 4795 435 4868 neque
454 4795 703 4865 adulteri,
736 4817 889 4866 neque
914 4795 1092 4851 ebriosi
1112 4841 1124 4857 ,
1145 4814 1301 4866 neque
1329 4800 1496 4868 (ures,
1522 4811 1677 4862 neque
1700 4795 1855 4868 ntale—

269 4864 398 4934 dici,
418 4888 573 4941 neque
594 4864 858 4941 rapaces“
882 4870 996 4941 Cor.
1022 4885 1093 4931 vx,
1120 4864 1274 4941 8)
1294 4866 1398 4933 10).
1426 4866 1566 4941 Idem
1585 4864 1855 4941 aposiolus

269 4934 621 5011 cupiditatem
652 4934 907 4995 cecrcens
944 4937 1311 5011 dic_it,_liadi.c
1340 4936 1567 5011 omninnt
1590 4934 1853 5011 _nialorum

270 5004 621 5080 cst-cupiditas
655 5012 694 5080 (l
726 5011 851 5063 Tim.
882 5007 1069 5080 ΠΛΟ).
1102 5004 1733 5080 Ergo,fratres,_ahji_cite
1762 5019 1855 5055 cu-

273 5076 572 5154 piditatem,
593 5076 867 5154 sectamini
890 5079 1217 5154 charitatcin,
1244 5078 1497 5154 deponite
1509 5076 1849 5154 impietatem.

270 5144 586 5224 supportate
614 5153 838 5224 invicem
868 5166 987 5224 cum
1020 5144 1342 5224 humilitate,
1374 5144 1499 5199 illud
1531 5144 1852 5224 omnimodis

272 5214 815 5297 priircav'eiites_qttotl
864 5220 1150 5297 Apostolus
1196 5218 1258 5297 ad
1304 5216 1571 5297 [fontanos
1614 5214 1853 5297 scribens

275 5286 435 5348 infert
456 5334 471 5359 ,
510 5286 856 5356 Revelabitur,
889 5286 1129 5358 inquiens
1154 5330 1166 5351 ,
1200 5289 1276 5340 ira
1319 5286 1411 5338 Dei
1450 5286 1671 5359 de_caelo
1701 5300 1853 5359 super

268 5354 471 5419 omnem
493 5365 795 5434 impietatem
817 5354 862 5415 et
884 5354 1186 5434 injustitianr
1200 5355 1649 5434 _Itontinunt_(Rqrn.
1674 5368 1711 5415 ι,

272 5435 490 5488 Necnon
539 5424 593 5487 et
642 5434 768 5487 illud
817 5424 956 5501 quod
998 5446 1139 5501 voce,
1172 5427 1430 5501 Veritatis
1567 5424 1852 5501 Evangelia

272 5509 635 5558 cmnminatur
667 5522 678 5557 :
715 5504 814 5569 Qui
834 5494 1049 5570 Taciunt
1070 5540 1085 5564 ,
1129 5499 1326 5566 inquit,
1360 5496 1669 5570 iniquitatem
1698 5534 1711 5554 ,
1739 5494 1852 5570 mit-

273 5585 444 5628 tentur
469 5576 520 5629 in
547 5564 798 5628 caminum
820 5564 972 5642 ignis;
990 5572 1055 5624 ibi
1072 5571 1163 5623 erit
1184 5564 1397 5642 ﬂetuset
1422 5567 1607 5620 stridor
1629 5564 1852 5615 dentium

276 5645 508 5717 (Matth.
553 5660 643 5699 λιιι
674 5685 688 5707 ,
719 5640 855 5717 50
880 5642 1247 5717 Considerate
1281 5640 1437 5717 igitur
1486 5650 1643 5717 quam
1669 5648 1852 5717 _sa-vns

270 5704 541 5785 quamque
585 5704 896 5785 tremendus
924 5713 1010 5785 sit
1035 5712 1120 5765 ille
1148 5704 1321 5785 ignisi
1353 5716 1407 5762 et
1435 5709 1521 5785 qui
1560 5704 1719 5785 modo
1758 5718 1853 5785 nec

275 5775 439 5839 unum
459 5775 675 5855 quidem
705 5784 892 5839 sull'crt
906 5781 1123 5855 digitum
1137 5775 1199 5855 iii
1228 5782 1398 5855 ignem
1418 5775 1651 5855 mittere,
1671 5775 1854 5829 timeat

275 5858 345 5915 ibi
376 5849 496 5910 cuni
526 5866 636 5910 toto
664 5870 887 5924 corpore
914 5849 1181 5907 in'smcula
1211 5849 1457 5924 cruciari.

352 5928 437 5985 19.
466 5926 615 5999 [biga
645 5913 774 5998 ergti
799 5939 909 5991 vos,
944 5934 997 5978 ut
1028 5925 1069 5979 si
1100 5923 1257 5976 vultis
1287 5920 1352 5973 ab
1393 5918 1483 5973 illo
1527 5916 1645 5987 igne
1672 5914 1753 5971 vol
1784 5913 1850 5966 ab

1065 484 1149 539 DE
1188 482 1645 540 RiiCTlTUDiNE
1692 480 2100 536 ελτιιυιιιΑς.
2130 481 2735 541 CONVERSATIONIS.

3398 489 3536 543 1182

1969 596 2053 670 illa
2087 610 2240 670 pinna
2266 596 2497 657 liberari.
2528 596 2792 670 desistatis
2812 597 2919 668 jam
2946 599 3173 668 amplius
3198 614 3416 670 pecuare
3440 619 3454 655 :
3480 612 3537 659 et

1964 667 2241 719 Dominum
2280 683 2375 738 per
2405 668 2712 735 prOphetam
2753 667 3008 722 attendite
3040 667 3384 732 ’clamantem.
3432 670 3528 728 Re-

1959 738 2206 789 vertimini
2234 738 2517 790 recedentes
2542 740 2603 789 ab
2631 738 2972 807 iniquitatibus
3008 742 3213 805 vestris,
3255 754 3301 795 et
3344 744 3531 797 sonabo

1958 824 2043 859 vos
2075 807 2285 871 (Ezech.
2311 823 2456 868 xvut,
2490 808 2599 873 52).
2630 808 2695 861 Ει
2728 811 2913 863 iterum
2957 827 2970 862 :
3018 809 3156 864 Nolo
3182 822 3411 877 mortem,
3446 817 3531 868 in-

1958 879 2091 952 quit,
2120 878 2280 952 impii,
2315 878 2401 932 sed
2416 888 2481 952 _ut
2505 889 2778 952 revertatur
2807 881 3028 952 et_vivatr
3048 880 3153 937 (Id.
3190 896 3379 943 χχχιιι,
3410 884 3525 952 11).

1959 947 2022 1000 Et
2052 963 2145 1025 per
2168 946 2353 1025 Isaiam
2381 949 2800 1025 clamatdicens,
2847 950 3063 1025 Quandg
3090 968 3355 1025 conversus
3392 946 3535 1025 inge—

1957 1019 2174 1092 mueris,
2219 1018 2384 1071 salvus
2411 1020 2508 1071 eris
2537 1018 2685 1092 (Isai.
2719 1036 2838 1092 χιιι,
2874 1020 2992 1092 '22).
3035 1022 3133 1075 Per
3170 1022 3282 1075 Joel
3320 1018 3534 1092 quoque

1956 1088 2200 1142 similiter
2227 1099 2528 1141 commonet
2549 1088 2750 1152 dicens,
2770 1088 3116 1143 Convertimini
3146 1092 3211 1143 ad
3241 1109 3318 1146 me
3340 1088 3393 1146 in
3428 1088 3533 1147 toto

1956 1157 2106 1232 corde
2134 1169 2314 1221 vestro,
2346 1160 2397 1232 in
2418 1160 2618 1232 jejunio
2638 1169 2685 1232 et
2708 1161 2827 1228 ﬂetu
2849 1168 2895 1212 et
2921 1160 3299 1232 plaitctu(10el.
3328 1178 3386 1228 tt,
3416 1164 3528 1228 12).

1960 1227 2096 1281 Ecce
2124 1236 2251 1296 quot
2277 1227 2571 1282 testimonia
2604 1229 2667 1282 ad
2699 1227 3097 1283 Conversiouem
3125 1227 3353 1285 vestram
3370 1227 3432 1286 ex
3452 1233 3533 1286 di-

1960 1298 2095 1349 vinis
2142 1299 2370 1351 oraculis
2420 1299 2619 1370 prolata
2662 1310 2804 1352 sunt.
2853 1299 3078 1369 Vigilate
3115 1316 3242 1370 ergo
3270 1304 3528 1368 sollicite;

1956 1369 2077 1441 quia
2106 1378 2302 1436 quanto
2331 1369 2632 1441 prosimutn
2667 1370 2823 1422 finem
2857 1370 3035 1441 mundi
3057 1369 3300 1425 diabolus
3323 1374 3534 1441 prospi-

1955 1439 2047 1510 cit,
2079 1445 2226 1510 tanto
2253 1438 2517 1510 crudelius
2545 1449 2725 1492 contra
2751 1440 3080 1510 Christianos
3108 1442 3254 1493 sazvit
3282 1459 3295 1493 :
3326 1438 3380 1494 ut
3407 1438 3530 1510 quia

1954 1509 2061 1560 cito
2089 1522 2147 1561 se
2174 1507 2530 1561 damnandum
2560 1509 2865 1576 cognoscit,
2914 1511 3091 1577 plures
3138 1510 3235 1564 sibi
3274 1507 3449 1565 socios
3476 1514 3529 1567 in

1954 1591 2165 1646 pinnam
2186 1578 2526 1648 _multip|icet,
2556 1594 2675 1631 cum
2703 1581 2895 1648 quibus
2922 1582 3103 1647 utique
3131 1580 3247 1633 sine
3276 1582 3379 1635 line
3403 1597 3529 1635 cru-

1955 1650 2143 1702 cietur.
2170 1646 2365 1703 Cavete
2391 1664 2517 1716 ergo
2556 1646 2836 1712 attentius,
2870 1659 2922 1702 et
2941 1646 3138 1719 jugiter
3166 1666 3285 1703 eum
3318 1651 3413 1705 Dei
3461 1653 3531 1705 ti-

1955 1733 2103 1778 more
2144 1719 2531 1771 conversamini
2566 1736 2578 1770 :
2611 1722 2839 1773 scientes
2867 1720 2985 1787 quia
3026 1721 3385 1789 unusquisque
3436 1736 3531 1777 ve-

1954 1799 2121 1841 strum
2154 1790 2749 1859 AngelumDeihabet,
2791 1791 2878 1858 qui
2919 1790 3166 1843 observat
3190 1789 3386 1858 jugiter
3410 1807 3530 1859 qua:

1953 1859 2143 1929 egerit.
2164 1858 2289 1911 Etsi
2312 1858 2523 1926 quidem
2552 1858 2685 1913 bene
2701 1859 2829 1925 agit,
2848 1860 3091 1926 gaudium
3118 1869 3303 1913 sancto
3327 1862 3531 1929 Angelo

1954 1929 2053 1981 sibi
2083 1928 2372 1982 adhairenti
2404 1930 2567 1996 gignit
2608 1947 2619 1982 :
2662 1931 2703 1981 si
2733 1945 2859 1982 vero
2899 1930 3033 1982 mala
3079 1944 3239 1997 opera
3274 1942 3526 1996 exercet,

1954 1999 2209 2065 Auge-lum
2236 2009 2474 2052 sanctum
2502 2014 2531 2051 a
2558 2014 2617 2053 se
2645 2000 2884 2067 repellit,
2912 2008 2965 2052 et
2985 2000 3267 2067 malignum
3295 1999 3392 2052 sibi
3413 2000 3529 2054 da:-

1957 2084 2167 2138 monem
2196 2068 2487 2137 conjungit.
2515 2069 2881 2138 Quapropter,
2928 2068 3247 2132 charissimi,
3290 2068 3402 2123 hare
3442 2085 3528 2125 me

1955 2137 2222 2205 loquente,
2240 2138 2497 2191 introrsus
2516 2138 2582 2191 ad
2612 2137 2705 2191 vos
2733 2141 2919 2201 redite,
2947 2140 3297 2193 conscientias
3324 2148 3528 2193 vestras

1952 2207 2198 2261 discutite
2230 2224 2243 2259 :
2278 2209 2320 2260 si
2351 2208 2536 2276 dignas
2562 2217 2766 2261 mentes
2792 2208 3013 2275 angelici
3044 2208 3294 2262 consortii
3320 2211 3523 2275 geritis,

1953 2278 2267 2347 prmvidete;
2295 2286 2349 2332 et
2371 2279 2414 2331 si
2449 2293 2543 2331 vos
2573 2278 2740 2332 bonos
2764 2294 2827 2331 ac
2856 2278 3043 2343 dignos
3071 2279 3176 2331 Deo
3198 2280 3523 2347 censpicitis,

1951 2346 2018 2399 de
2048 2348 2250 2401 meritis
2281 2348 2469 2401 vestris
2514 2363 2782 2415 nunquam
2827 2349 3053 2414 superba
3098 2357 3275 2402 mente
3322 2346 3525 2416 pricsu-

1951 2418 2124 2482 matis,
2177 2417 2269 2470 sed
2319 2418 2483 2482 magis
2508 2418 2575 2471 de
2602 2426 2798 2471 eadem
2830 2433 2949 2471 cum
2983 2417 3276 2470 humilitate
3318 2428 3522 2472 cavete.

1953 2487 2006 2540 Si
2048 2501 2174 2540 vero
2217 2489 2445 2555 peccatis
2481 2503 2574 2539 vos
2620 2487 2878 2541 obnoxios
2923 2489 3176 2551 cernitis,
3227 2487 3527 2542 nullatenus

1951 2557 2233 2623 desperate
2262 2556 2503 2627 (Lautum
2534 2558 2689 2611 facite
2719 2559 2768 2610 in
2800 2557 2959 2611 corde
2991 2566 3197 2627 pactum
3228 2573 3349 2610 cum
3391 2558 3522 2623 Deo,

1953 2637 2008 2679 ut
2032 2631 2139 2692 jam
2171 2626 2393 2696 amplius
2416 2642 2518 2681 non
2552 2630 2833 2697 peccetis);
2861 2627 2952 2681 sed
2982 2626 3294 2681 liducialiter
3317 2629 3523 2683 veniam

1952 2706 2179 2763 Sperate,
2220 2699 2337 2766 quia
2388 2698 2639 2751 Dominus
2681 2698 2852 2751 sinum
2898 2712 3007 2750 sum.
3054 2698 3263 2766 pietatis
3315 2698 3527 2753 assidue

1953 2767 2218 2834 patefacit,
2251 2776 2306 2821 et
2342 2784 2528 2823 omnes
2581 2767 2645 2821 ad
2686 2782 2744 2821 se
2798 2768 3037 2835 recipere
3116 2782 3208 2835 per
3258 2768 3526 2836 pceniten-

1956 2839 2077 2890 tiam
2126 2839 2331 2907 quierit.
2386 2837 2514 2891 Nam
2564 2837 2662 2891 etsi
2717 2837 2925 2891 adulter
2963 2838 3101 2906 quis,
3133 2847 3223 2891 aut
3252 2839 3522 2899 meretrix,

1952 2917 2043 2961 aut
2073 2908 2172 2972 fur,
2204 2917 2295 2961 aut
2319 2908 2580 2972 ebriosus,
2610 2917 2698 2961 aut
2727 2908 2973 2970 mendax,
3002 2908 3082 2961 vel
3107 2908 3265 2960 etiam
3296 2907 3523 2961 filiorum

1954 2986 2171 3030 necator
2199 2978 2380 3041 fuerit;
2417 2988 2617 3031 tantum
2644 2978 2711 3031 de
2740 2989 2933 3031 cetero
2963 2978 3222 3045 [)(Buitcns
3242 2986 3440 3040 caveat,
3471 2987 3527 3031 et

1955 3048 2247 3117 indulgebit
2274 3048 2345 3100 illi
2380 3050 2534 3101 Deus.
2570 3048 2913 3102 Publicauum
2943 3047 3009 3100 de
3039 3048 3342 3115 Evangelia,
3372 3056 3426 3100 ct
3452 3049 3528 3099 la-

1954 3127 2182 3183 tronem,
2201 3134 2419 3171 necnon
2443 3127 2496 3171 et
2517 3119 2869 3177 meretricem,
2892 3117 2982 3171 sed
3009 3126 3062 3170 et
3090 3117 3305 3170 Paulum
3334 3118 3527 3172 sumite

1955 3189 2005 3242 in
2050 3189 2371 3257 exemplum,
2401 3189 2489 3257 qtti
2516 3188 2583 3242 de
2606 3190 2893 3256 semetipso
2921 3188 3081 3251 dicit,
3117 3187 3268 3239 Prius
3299 3189 3371 3257 fui
3412 3187 3524 3240 bla-

1954 3259 2193 3324 sphemus
2224 3268 2268 3312 et
2301 3268 2584 3326 persecutor
2612 3268 2655 3311 et
2685 3258 3067 3311 contumeliosus
3090 3273 3108 3321 ;
3134 3258 3220 3310 sed
3248 3258 3529 3311 misericor-

1954 3329 2092 3381 diam
2129 3329 2219 3381 Dei
2233 3339 2539 3398 consecutus
2554 3346 2685 3391 sunt,
2709 3329 2826 3398 quia
2845 3328 3082 3398 ignorans
3109 3329 3202 3396 feci
3220 3329 3269 3380 in
3292 3327 3527 3380 incredu-

1955 3399 2093 3480 lit-ate
2123 3397 2340 3480 (ITim.
2376 3415 2412 3464 ι,
2448 3399 2556 3480 15).
2601 3399 2666 3452 Ει
2694 3396 2786 3452 vos
2814 3396 2959 3467 ergo.
2986 3399 3029 3480 si
3064 3396 3196 3480 forte
3225 3399 3529 3480 ignoranter

1955 3467 2259 3531 admisistis,
2296 3478 2537 3535 reparate
2576 3484 2691 3531 vos,
2736 3482 2935 3536 qiueso.
2968 3468 3091 3520 dum
3124 3467 3265 3528 licet,
3291 3482 3382 3535 per
3413 3482 3529 3536 pa:-

1957 3540 2247 3591 nitentiam.
2298 3538 2629 3593 Conlilemini
2673 3539 2896 3591 Domino
2938 3538 2989 3590 in
3047 3538 3168 3590 totis
3223 3538 3529 3605 primordiis

1956 3612 2145 3662 vestris
2167 3650 2180 3669 ,
2233 3610 2479 3675 quoniam
2529 3608 2696 3661 bonus
2739 3617 2823 3662 est
2853 3626 2865 3659 :
2895 3608 3072 3661 doleat
3100 3622 3193 3659 vos
3222 3624 3324 3659 non
3356 3608 3529 3675 egisse

1955 3679 2092 3747 quod
2123 3680 2315 3732 bonum
2347 3688 2447 3731 est.
2481 3678 2546 3731 Et
2574 3678 2662 3745 qui
2694 3679 2935 3745 pmnitet,
2968 3678 3033 3730 ita
3062 3677 3335 3745 paeniteat,
3360 3685 3419 3729 ut
3444 3677 3529 3729 υι-

1956 3749 2120 3802 terius
2140 3749 2248 3816 jam
2278 3748 2495 3816 lugenda
2523 3764 2624 3800 non
2650 3749 2964 3800 committat.
2992 3747 3056 3800 Et
3075 3747 3163 3813 qui
3187 3749 3527 3813 pauperiores

1957 3819 2007 3872 in
2040 3819 2141 3873 hoc
2167 3820 2362 3871 sarculo
2404 3818 2532 3871 estis
2554 3858 2570 3882 ,
2617 3818 2777 3870 nolite
2806 3820 2875 3868 ob
2901 3816 3000 3869 hoc
3023 3816 3325 3869 contristari
3362 3832 3374 3868 :
3405 3816 3528 3884 quia

1956 3890 1998 3942 si
2031 3889 2165 3942 bene
2190 3888 2363 3956 agitis,
2395 3887 2614 3940 ditiores
2642 3887 2792 3940 eritis
2820 3888 2869 3939 in
2892 3887 3048 3941 cmlo.

2026 3958 2115 4012 20.
2144 3958 2376 4025 Denique
2402 3966 2583 4010 cavete
2614 3972 2680 4009 ne
2713 3957 2831 4025 quis
2876 3966 3080 4021 turpem
3122 3969 3421 4025 sermonem
3461 3969 3528 4007 ex

1956 4045 2047 4082 ore
2079 4024 2312 4096 proferat.
2341 4045 2352 4079 :
2377 4037 2449 4090 et,
2473 4024 2771 4096 secundum
2794 4027 3124 4096 Aposnolum,
3154 4024 3360 4077 Fabulis
3378 4025 3530 4078 variis

1956 4108 2002 4151 et
2041 4094 2279 4151 doctrinis
2315 4098 2468 4151 nolite
2489 4097 2659 4151 seduci
2697 4094 2874 4163 (Hebr.
2909 4112 3018 4155 χιιι,
3054 4095 3133 4158 9).
3158 4096 3260 4149 Sed
3289 4097 3527 4161 corripite

1955 4170 2201 4238 inquietos
2220 4166 2982 4238 ,fonsolantinipusillanimes,
3018 4166 3268 4238 patientes
3286 4175 3437 4218 estote
3462 4164 3531 4217 ad

1957 4235 2127 4293 omnes
2155 4238 2211 4308 (Ι
2235 4237 2411 4291 Thess.
2441 4254 2492 4300 v,
2533 4235 2644 4303 14).
2689 4238 2752 4290 Et
2788 4237 3137 4308 omnisseer
3166 4236 3328 4289 malus
3354 4250 3535 4308 satiare

1957 4320 2117 4364 vestro
2166 4304 2264 4362 non
2296 4308 2774 4378 pi'ocedat(Epltes.
2821 4322 2891 4369 tv,
2943 4304 3058 4375 21)),
3106 4306 3354 4378 timentes
3403 4304 3532 4378 illud

1957 4380 2099 4448 quod
2150 4375 2403 4448 scriptum
2451 4375 2574 4443 est,
2609 4375 2907 4448 Pervertunt
2950 4393 3119 4435 mores
3158 4376 3325 4448 (bonos
3374 4375 3535 4448 collo-

1956 4446 2074 4519 quia
2125 4446 2273 4503 malai
2301 4452 2317 4517 (
2346 4450 2361 4503 l
2395 4448 2511 4503 Cor.
2543 4464 2628 4510 xv.
2664 4448 2776 4519 53).
2795 4447 3073 4515 Crapulam
3099 4446 3255 4519 etiam
3278 4454 3331 4499 et
3356 4446 3533 4519 ebrio.

1958 4514 2117 4575 tatem
2147 4514 2533 4588 perhorrescite
2565 4536 2577 4571 :
2606 4514 3004 4587 quianominus
3029 4532 3123 4585 per
3141 4516 3401 4588 seipsum
3433 4514 3535 4588 hoc

1958 4585 2227 4660 redarguit
2250 4591 2454 4652 dicens,
2496 4585 2674 4660 qucte
2702 4606 2763 4642 ne
2798 4597 3067 4660 graventur
3103 4587 3261 4660 corda
3287 4595 3457 4660 vestra_
3477 4585 3532 4660 in

1958 4653 2171 4729 crapula
2199 4671 2245 4713 et
2270 4658 2670 4727 ebrietate(Luc.
2694 4653 2927 4725 “1,30.
2962 4658 3026 4729 [th
3048 4653 3529 4729 Apestolusprobi-

1958 4724 2273 4793 bet'dicens,
2309 4730 2481 4782 Nolite
2518 4724 2753 4782 inebriari
2795 4724 2929 4788 vino.
2970 4728 3022 4779 in
3070 4744 3167 4795 quo
3215 4734 3285 4777 est
3330 4724 3535 4795 luxnria

1960 4802 2173 4871 (Ephes.
2207 4818 2259 4863 v,
2291 4800 2403 4868 18).
2439 4800 2629 4852 l’rocul
2656 4798 2818 4871 dubio
2851 4799 2992 4849 enim
3029 4793 3119 4863 qui
3148 4796 3265 4871 plus
3305 4793 3531 4871 manduf

1958 4866 2043 4924 cat
2068 4882 2158 4924 aut
2186 4872 2319 4926 bibit
2344 4866 2500 4939 quam
2534 4869 2766 4939 expedit,
2791 4878 2844 4919 et
2867 4877 3137 4939 peccatum
3181 4866 3438 4927 incurrit,
3480 4870 3535 4916 et

1958 4944 2234 4996 sanitatem
2264 4941 2280 4972 ¹
2307 4937 2519 4993 servare
2556 4954 2660 4991 non
2690 4938 2826 4990 valet
2871 4955 2883 4987 :
2924 4937 3043 5003 quia
3076 4950 3197 4987 eum
3232 4942 3415 4987 venter
3441 4942 3533 4987 aut

1957 5028 2107 5065 vena:
2154 5011 2311 5065 nimia
2344 5010 2540 5063 fuerint
2574 5010 2815 5061 satietate
2850 5009 3084 5072 repletur.
3137 5005 3277 5058 illico
3318 5018 3535 5057 necesse

1958 5092 2040 5135 est
2066 5092 2120 5134 ut
2146 5080 2307 5134 libido
2338 5082 2387 5132 in
2422 5079 2670 5132 nietnhris
2695 5086 2996 5145 generetur.
3017 5073 3164 5127 Unde
3182 5084 3235 5145 _et
3255 5074 3375 5127 alibi
3405 5073 3537 5145 seri-

1960 5162 2102 5221 ptum
2125 5163 2224 5213 est,
2262 5149 2440 5201 Vinum
2464 5149 2673 5221 multum
2701 5143 2921 5221 palatum
2938 5143 3220 5221 amaritudo
3241 5154 3308 5197 est
3328 5144 3533 5221 attinnt,

1956 5212 2003 5275 et
2032 5223 2181 5275 ruina
2225 5220 2568 5286 multiplicans
2597 5212 2903 5286 imprudenti
2928 5212 3275 5286 oﬂensionetn,
3308 5214 3535 5286 minuens

1956 5296 2207 5355 virtutem,
2240 5298 2283 5342 et
2323 5283 2511 5357 faciens
2537 5283 2744 5340 vulnera
2778 5285 2963 5354 (Eccli.
2996 5299 3158 5357 xxiii,
3190 5284 3278 5357 59,
3322 5283 3432 5352 40).
3468 5283 3536 5338 Ει

1960 5364 2072 5415 hare
2100 5354 2483 5430 quidenfdico.
2516 5374 2620 5411 non
2651 5365 2705 5430 ut
2730 5365 3023 5430 creaturam
3048 5354 3357 5430 Dei_malam
3384 5369 3531 5407 asse-

1960 5448 2069 5485 ram
2087 5473 2101 5494 ,
2120 5423 2223 5483 "aut
2243 5429 2473 5496 judicent
2501 5442 2620 5481 esse
2649 5425 3038 5496 damnandam;
3065 5423 3158 5478 sed
3190 5432 3249 5496 ut
3286 5439 3381 5477 vos
3409 5440 3537 5478 cau-

1960 5504 2120 5555 tiores
2173 5494 2545 5564 sobrioresque
2593 5496 2832 5550 reddata.
2895 5494 3005 5549 Imo
3040 5503 3096 5549 et
3141 5494 3425 5556 admoneo,
3480 5502 3538 5547 ut

1959 5572 2153 5626 nullam
2207 5570 2297 5622 Dei
2347 5580 2644 5622 creaturam
2696 5565 2884 5620 dicatis
2941 5566 3169 5628 malam;
3216 5567 3339 5633 quia
3398 5564 3538 5618 Dens

1957 5650 2145 5695 runcta
2177 5638 2328 5693 valde
2358 5639 2492 5691 bona
2523 5638 2720 5691 creavit
2747 5633 2897 5708 (Gen.
2922 5651 2959 5697 ι,
2987 5634 3099 5707 51).
3122 5634 3250 5688 Nam
3269 5649 3539 5708 qua-cunt—

1956 5727 2061 5781 que
2091 5711 2243 5764 nobis
2272 5709 2407 5763 mala
2434 5722 2553 5762 esse
2581 5704 2827 5781 videntur
2854 5716 2944 5781 aut
2970 5704 3197 5781 nocent;
3246 5714 3432 5781 nostro
3458 5704 3539 5757 vi-

1956 5774 2053 5843 lio,
2086 5795 2191 5835 non
2220 5794 2313 5834 sua
2355 5788 2562 5847 natura,
2598 5778 2753 5833 nobis
2781 5777 2917 5832 mala
2960 5777 3209 5833 existunt.
3262 5774 3493 5844 Ideoque
3515 5810 3536 5840 .

2024 5919 2037 5950 ι
2076 5923 2203 5969 κει,
2236 5911 2549 5966 saturitatem.
