  <div class='ocr_page' id='page_1' title='image "/cluster/home/n/w/nwhite01/storage/ocr_20150623/40-41/uc1.31175026811482/606.png"; bbox 0 0 3992 6496; ppageno 0'>
   <div class='ocr_carea' id='block_1_1' title="bbox 306 372 444 427">
    <p class='ocr_par' dir='ltr' id='par_1_1' title="bbox 306 372 444 427">
     <span class='ocr_line' id='line_1_1' title="bbox 306 372 444 427; baseline 0.022 -3"><span class='ocrx_word' id='word_1_1' title='bbox 306 372 444 427; x_wconf 66' lang='lat' dir='ltr'><strong>illi?</strong></span> 
     </span>
    </p>
   </div>
   <div class='ocr_carea' id='block_1_2' title="bbox 287 490 1869 562">
    <p class='ocr_par' dir='ltr' id='par_1_2' title="bbox 287 490 1869 562">
     <span class='ocr_line' id='line_1_2' title="bbox 287 490 1869 562; baseline -0.004 -12"><span class='ocrx_word' id='word_1_2' title='bbox 287 514 336 550; x_wconf 83' lang='lat' dir='ltr'><strong>et</strong></span> <span class='ocrx_word' id='word_1_3' title='bbox 390 509 495 548; x_wconf 85' lang='lat' dir='ltr'><strong>non</strong></span> <span class='ocrx_word' id='word_1_4' title='bbox 553 492 857 562; x_wconf 72' lang='lat' dir='ltr'><strong>germinare</strong></span> <span class='ocrx_word' id='word_1_5' title='bbox 901 507 1104 546; x_wconf 88' lang='lat' dir='ltr'><strong>ramum</strong></span> <span class='ocrx_word' id='word_1_6' title='bbox 1155 492 1375 546; x_wconf 89' lang='lat' dir='ltr'><strong>fractum</strong></span> <span class='ocrx_word' id='word_1_7' title='bbox 1422 490 1609 562; x_wconf 81' lang='lat' dir='ltr'><strong>salutis</strong></span> <span class='ocrx_word' id='word_1_8' title='bbox 1654 499 1869 546; x_wconf 63' lang='lat' dir='ltr'><strong>aeternae</strong></span> 
     </span>
    </p>
   </div>
   <div class='ocr_carea' id='block_1_3' title="bbox 286 560 1873 635">
    <p class='ocr_par' dir='ltr' id='par_1_3' title="bbox 286 560 1873 635">
     <span class='ocr_line' id='line_1_3' title="bbox 286 560 1873 635; baseline -0.001 -21"><span class='ocrx_word' id='word_1_9' title='bbox 286 565 528 635; x_wconf 66' lang='lat' dir='ltr'><strong>gtet‘ltlille</strong></span> <span class='ocrx_word' id='word_1_10' title='bbox 554 560 865 635; x_wconf 70' lang='lat' dir='ltr'><strong>aecipimus.</strong></span> <span class='ocrx_word' id='word_1_11' title='bbox 895 563 1206 635; x_wconf 62' lang='lat' dir='ltr'><strong>Ariditatem</strong></span> <span class='ocrx_word' id='word_1_12' title='bbox 1235 578 1362 617; x_wconf 90' lang='lat' dir='ltr'><strong>vero</strong></span> <span class='ocrx_word' id='word_1_13' title='bbox 1391 562 1490 616; x_wconf 87' lang='lat' dir='ltr'><strong>rivi</strong></span> <span class='ocrx_word' id='word_1_14' title='bbox 1514 577 1545 616; x_wconf 88' lang='lat' dir='ltr'><strong>a</strong></span> <span class='ocrx_word' id='word_1_15' title='bbox 1577 560 1718 635; x_wconf 82' lang='lat' dir='ltr'><strong>fonte</strong></span> <span class='ocrx_word' id='word_1_16' title='bbox 1737 576 1873 635; x_wconf 64' lang='lat' dir='ltr'><strong>pra;-</strong></span> 
     </span>
    </p>
   </div>
   <div class='ocr_carea' id='block_1_4' title="bbox 287 631 1868 704">
    <p class='ocr_par' dir='ltr' id='par_1_4' title="bbox 287 631 1868 704">
     <span class='ocr_line' id='line_1_4' title="bbox 287 631 1868 704; baseline -0.004 -14"><span class='ocrx_word' id='word_1_17' title='bbox 287 631 402 696; x_wconf 50' lang='lat' dir='ltr'><strong>i-isi.</strong></span> <span class='ocrx_word' id='word_1_18' title='bbox 440 636 491 688; x_wconf 91' lang='lat' dir='ltr'><strong>in</strong></span> <span class='ocrx_word' id='word_1_19' title='bbox 518 650 582 688; x_wconf 90' lang='lat' dir='ltr'><strong>eo</strong></span> <span class='ocrx_word' id='word_1_20' title='bbox 607 631 747 702; x_wconf 83' lang='lat' dir='ltr'><strong>quod</strong></span> <span class='ocrx_word' id='word_1_21' title='bbox 772 633 968 701; x_wconf 90' lang='lat' dir='ltr'><strong>Spiritu</strong></span> <span class='ocrx_word' id='word_1_22' title='bbox 1001 643 1184 704; x_wconf 87' lang='lat' dir='ltr'><strong>sancto</strong></span> <span class='ocrx_word' id='word_1_23' title='bbox 1209 641 1512 697; x_wconf 76' lang='lat' dir='ltr'><strong>vacuantur,</strong></span> <span class='ocrx_word' id='word_1_24' title='bbox 1542 632 1633 703; x_wconf 88' lang='lat' dir='ltr'><strong>qui</strong></span> <span class='ocrx_word' id='word_1_25' title='bbox 1657 632 1724 685; x_wconf 90' lang='lat' dir='ltr'><strong>ab</strong></span> <span class='ocrx_word' id='word_1_26' title='bbox 1751 631 1868 685; x_wconf 83' lang='lat' dir='ltr'><strong>uni-</strong></span> 
     </span>
    </p>
   </div>
   <div class='ocr_carea' id='block_1_5' title="bbox 288 705 1145 772">
    <p class='ocr_par' dir='ltr' id='par_1_5' title="bbox 288 705 1145 772">
     <span class='ocr_line' id='line_1_5' title="bbox 288 705 1145 772; baseline -0.005 -9"><span class='ocrx_word' id='word_1_27' title='bbox 288 716 398 763; x_wconf 80' lang='lat' dir='ltr'><strong>tale</strong></span> <span class='ocrx_word' id='word_1_28' title='bbox 426 714 762 770; x_wconf 85' lang='lat' dir='ltr'><strong>separantur,</strong></span> <span class='ocrx_word' id='word_1_29' title='bbox 790 705 1145 772; x_wconf 77' lang='lat' dir='ltr'><strong>agnoscimus.</strong></span> 
     </span>
    </p>
   </div>
   <div class='ocr_carea' id='block_1_6' title="bbox 360 772 1867 844">
    <p class='ocr_par' dir='ltr' id='par_1_6' title="bbox 360 772 1867 844">
     <span class='ocr_line' id='line_1_6' title="bbox 360 772 1867 844; baseline -0.003 -14"><span class='ocrx_word' id='word_1_30' title='bbox 360 775 588 831; x_wconf 79' lang='lat' dir='ltr'><strong>CAPUT</strong></span> <span class='ocrx_word' id='word_1_31' title='bbox 630 772 766 828; x_wconf 77' lang='lat' dir='ltr'><strong>Xlll.</strong></span> <span class='ocrx_word' id='word_1_32' title='bbox 797 774 1100 828; x_wconf 88' lang='lat' dir='ltr'><strong>Sanctorum</strong></span> <span class='ocrx_word' id='word_1_33' title='bbox 1127 775 1316 829; x_wconf 80' lang='lat' dir='ltr'><strong>meritis</strong></span> <span class='ocrx_word' id='word_1_34' title='bbox 1347 773 1459 844; x_wconf 76' lang='lat' dir='ltr'><strong>quis</strong></span> <span class='ocrx_word' id='word_1_35' title='bbox 1483 773 1733 844; x_wconf 82' lang='lat' dir='ltr'><strong>particeps</strong></span> <span class='ocrx_word' id='word_1_36' title='bbox 1759 772 1867 840; x_wconf 82' lang='lat' dir='ltr'><strong>ﬁat.</strong></span> 
     </span>
    </p>
   </div>
   <div class='ocr_carea' id='block_1_7' title="bbox 283 844 1866 916">
    <p class='ocr_par' dir='ltr' id='par_1_7' title="bbox 283 844 1866 916">
     <span class='ocr_line' id='line_1_7' title="bbox 283 844 1866 916; baseline -0.003 -16"><span class='ocrx_word' id='word_1_37' title='bbox 283 847 606 906; x_wconf 78' lang='lat' dir='ltr'><strong>Sanctorum</strong></span> <span class='ocrx_word' id='word_1_38' title='bbox 635 846 1063 916; x_wconf 83' lang='lat' dir='ltr'><strong>communionem</strong></span> <span class='ocrx_word' id='word_1_39' title='bbox 1094 865 1106 898; x_wconf 93' lang='lat'><strong>:</strong></span> <span class='ocrx_word' id='word_1_40' title='bbox 1141 846 1216 916; x_wconf 91' lang='lat' dir='ltr'><strong>(a)</strong></span> <span class='ocrx_word' id='word_1_41' title='bbox 1248 847 1298 899; x_wconf 93' lang='lat' dir='ltr'><strong>id</strong></span> <span class='ocrx_word' id='word_1_42' title='bbox 1327 855 1427 916; x_wconf 88' lang='lat' dir='ltr'><strong>est,</strong></span> <span class='ocrx_word' id='word_1_43' title='bbox 1460 860 1580 916; x_wconf 85' lang='lat' dir='ltr'><strong>cum</strong></span> <span class='ocrx_word' id='word_1_44' title='bbox 1611 844 1716 916; x_wconf 82' lang='lat' dir='ltr'><strong>illis</strong></span> <span class='ocrx_word' id='word_1_45' title='bbox 1744 858 1866 896; x_wconf 79' lang='lat' dir='ltr'><strong>san-</strong></span> 
     </span>
    </p>
   </div>
   <div class='ocr_carea' id='block_1_8' title="bbox 284 913 1866 984">
    <p class='ocr_par' dir='ltr' id='par_1_8' title="bbox 284 913 1866 984">
     <span class='ocr_line' id='line_1_8' title="bbox 284 913 1866 984; baseline -0.004 -13"><span class='ocrx_word' id='word_1_46' title='bbox 284 921 390 971; x_wconf 81' lang='lat' dir='ltr'><strong>ctis</strong></span> <span class='ocrx_word' id='word_1_47' title='bbox 430 918 517 984; x_wconf 87' lang='lat' dir='ltr'><strong>qui</strong></span> <span class='ocrx_word' id='word_1_48' title='bbox 550 917 603 969; x_wconf 89' lang='lat' dir='ltr'><strong>in</strong></span> <span class='ocrx_word' id='word_1_49' title='bbox 646 913 745 968; x_wconf 86' lang='lat' dir='ltr'><strong>hac</strong></span> <span class='ocrx_word' id='word_1_50' title='bbox 772 929 930 984; x_wconf 90' lang='lat' dir='ltr'><strong>quam</strong></span> <span class='ocrx_word' id='word_1_51' title='bbox 960 913 1292 984; x_wconf 75' lang='lat' dir='ltr'><strong>suscepimus</strong></span> <span class='ocrx_word' id='word_1_52' title='bbox 1338 915 1438 968; x_wconf 85' lang='lat' dir='ltr'><strong>fide</strong></span> <span class='ocrx_word' id='word_1_53' title='bbox 1464 915 1695 968; x_wconf 87' lang='lat' dir='ltr'><strong>defuncti</strong></span> <span class='ocrx_word' id='word_1_54' title='bbox 1726 923 1866 974; x_wconf 86' lang='lat' dir='ltr'><strong>sunt,</strong></span> 
     </span>
    </p>
   </div>
   <div class='ocr_carea' id='block_1_9' title="bbox 285 984 1872 1054">
    <p class='ocr_par' dir='ltr' id='par_1_9' title="bbox 285 984 1872 1054">
     <span class='ocr_line' id='line_1_9' title="bbox 285 984 1872 1054; baseline -0.003 -13"><span class='ocrx_word' id='word_1_55' title='bbox 285 987 547 1041; x_wconf 70' lang='lat' dir='ltr'><strong>Societate</strong></span> <span class='ocrx_word' id='word_1_56' title='bbox 591 994 646 1040; x_wconf 90' lang='lat' dir='ltr'><strong>et</strong></span> <span class='ocrx_word' id='word_1_57' title='bbox 689 985 800 1054; x_wconf 87' lang='lat' dir='ltr'><strong>spei</strong></span> <span class='ocrx_word' id='word_1_58' title='bbox 849 988 1221 1040; x_wconf 89' lang='lat' dir='ltr'><strong>eommuuioue</strong></span> <span class='ocrx_word' id='word_1_59' title='bbox 1269 996 1562 1039; x_wconf 76' lang='lat' dir='ltr'><strong>teneamur.</strong></span> <span class='ocrx_word' id='word_1_60' title='bbox 1610 985 1666 1040; x_wconf 89' lang='lat' dir='ltr'><strong>Si</strong></span> <span class='ocrx_word' id='word_1_61' title='bbox 1715 984 1872 1053; x_wconf 79' lang='lat' dir='ltr'><strong>igitur</strong></span> 
     </span>
    </p>
   </div>
   <div class='ocr_carea' id='block_1_10' title="bbox 286 1055 1868 1113">
    <p class='ocr_par' dir='ltr' id='par_1_10' title="bbox 286 1055 1868 1113">
     <span class='ocr_line' id='line_1_10' title="bbox 286 1055 1868 1113; baseline -0.004 -3"><span class='ocrx_word' id='word_1_62' title='bbox 286 1075 412 1113; x_wconf 90' lang='lat' dir='ltr'><strong>cum</strong></span> <span class='ocrx_word' id='word_1_63' title='bbox 437 1058 633 1110; x_wconf 78' lang='lat' dir='ltr'><strong>sanctis</strong></span> <span class='ocrx_word' id='word_1_64' title='bbox 660 1055 711 1108; x_wconf 94' lang='lat' dir='ltr'><strong>in</strong></span> <span class='ocrx_word' id='word_1_65' title='bbox 736 1064 934 1108; x_wconf 78' lang='lat' dir='ltr'><strong>aeterna</strong></span> <span class='ocrx_word' id='word_1_66' title='bbox 967 1057 1069 1110; x_wconf 88' lang='lat' dir='ltr'><strong>vita</strong></span> <span class='ocrx_word' id='word_1_67' title='bbox 1099 1058 1524 1112; x_wconf 86' lang='lat' dir='ltr'><strong>conunuuionem</strong></span> <span class='ocrx_word' id='word_1_68' title='bbox 1556 1055 1750 1109; x_wconf 87' lang='lat' dir='ltr'><strong>habere</strong></span> <span class='ocrx_word' id='word_1_69' title='bbox 1777 1071 1868 1105; x_wconf 54' lang='lat' dir='ltr'><strong>vo.</strong></span> 
     </span>
    </p>
   </div>
   <div class='ocr_carea' id='block_1_11' title="bbox 285 1124 1868 1197">
    <p class='ocr_par' dir='ltr' id='par_1_11' title="bbox 285 1124 1868 1197">
     <span class='ocr_line' id='line_1_11' title="bbox 285 1124 1868 1197; baseline -0.003 -16"><span class='ocrx_word' id='word_1_70' title='bbox 285 1129 481 1191; x_wconf 84' lang='lat' dir='ltr'><strong>lumus,</strong></span> <span class='ocrx_word' id='word_1_71' title='bbox 518 1126 582 1180; x_wconf 86' lang='lat' dir='ltr'><strong>de</strong></span> <span class='ocrx_word' id='word_1_72' title='bbox 605 1126 898 1197; x_wconf 85' lang='lat' dir='ltr'><strong>imitatione</strong></span> <span class='ocrx_word' id='word_1_73' title='bbox 928 1141 1110 1180; x_wconf 88' lang='lat' dir='ltr'><strong>eorum</strong></span> <span class='ocrx_word' id='word_1_74' title='bbox 1142 1127 1454 1197; x_wconf 81' lang='lat' dir='ltr'><strong>cogitemus.</strong></span> <span class='ocrx_word' id='word_1_75' title='bbox 1489 1127 1695 1180; x_wconf 86' lang='lat' dir='ltr'><strong>Debent</strong></span> <span class='ocrx_word' id='word_1_76' title='bbox 1729 1124 1868 1178; x_wconf 91' lang='lat' dir='ltr'><strong>enim</strong></span> 
     </span>
    </p>
   </div>
   <div class='ocr_carea' id='block_1_12' title="bbox 287 1195 1871 1265">
    <p class='ocr_par' dir='ltr' id='par_1_12' title="bbox 287 1195 1871 1265">
     <span class='ocr_line' id='line_1_12' title="bbox 287 1195 1871 1265; baseline -0.004 -12"><span class='ocrx_word' id='word_1_77' title='bbox 287 1200 342 1253; x_wconf 87' lang='lat' dir='ltr'><strong>in</strong></span> <span class='ocrx_word' id='word_1_78' title='bbox 387 1197 537 1252; x_wconf 69' lang='lat' dir='ltr'><strong>nobis</strong></span> <span class='ocrx_word' id='word_1_79' title='bbox 577 1195 775 1265; x_wconf 90' lang='lat' dir='ltr'><strong>aliquid</strong></span> <span class='ocrx_word' id='word_1_80' title='bbox 805 1211 1189 1265; x_wconf 78' lang='lat' dir='ltr'><strong>recognoscere</strong></span> <span class='ocrx_word' id='word_1_81' title='bbox 1212 1195 1284 1250; x_wconf 87' lang='lat' dir='ltr'><strong>de</strong></span> <span class='ocrx_word' id='word_1_82' title='bbox 1323 1201 1434 1250; x_wconf 87' lang='lat' dir='ltr'><strong>suis</strong></span> <span class='ocrx_word' id='word_1_83' title='bbox 1463 1197 1765 1256; x_wconf 89' lang='lat' dir='ltr'><strong>virtutibus,</strong></span> <span class='ocrx_word' id='word_1_84' title='bbox 1814 1203 1871 1248; x_wconf 90' lang='lat' dir='ltr'><strong>ut</strong></span> 
     </span>
    </p>
   </div>
   <div class='ocr_carea' id='block_1_13' title="bbox 287 1266 1868 1339">
    <p class='ocr_par' dir='ltr' id='par_1_13' title="bbox 287 1266 1868 1339">
     <span class='ocr_line' id='line_1_13' title="bbox 287 1266 1868 1339; baseline -0.003 -16"><span class='ocrx_word' id='word_1_85' title='bbox 287 1287 388 1339; x_wconf 88' lang='lat' dir='ltr'><strong>pro</strong></span> <span class='ocrx_word' id='word_1_86' title='bbox 417 1269 569 1321; x_wconf 87' lang='lat' dir='ltr'><strong>nobis</strong></span> <span class='ocrx_word' id='word_1_87' title='bbox 595 1267 878 1339; x_wconf 76' lang='lat' dir='ltr'><strong>dignentur</strong></span> <span class='ocrx_word' id='word_1_88' title='bbox 918 1267 1138 1320; x_wconf 83' lang='lat' dir='ltr'><strong>Domino</strong></span> <span class='ocrx_word' id='word_1_89' title='bbox 1168 1269 1485 1337; x_wconf 77' lang='lat' dir='ltr'><strong>siipplicare.</strong></span> <span class='ocrx_word' id='word_1_90' title='bbox 1513 1266 1566 1322; x_wconf 91' lang='lat' dir='ltr'><strong>Si</strong></span> <span class='ocrx_word' id='word_1_91' title='bbox 1597 1269 1737 1320; x_wconf 89' lang='lat' dir='ltr'><strong>enim</strong></span> <span class='ocrx_word' id='word_1_92' title='bbox 1765 1275 1868 1319; x_wconf 89' lang='lat' dir='ltr'><strong>tor-</strong></span> 
     </span>
    </p>
   </div>
   <div class='ocr_carea' id='block_1_14' title="bbox 287 1337 1864 1406">
    <p class='ocr_par' dir='ltr' id='par_1_14' title="bbox 287 1337 1864 1406">
     <span class='ocr_line' id='line_1_14' title="bbox 287 1337 1864 1406; baseline -0.004 -12"><span class='ocrx_word' id='word_1_93' title='bbox 287 1337 468 1394; x_wconf 81' lang='lat' dir='ltr'><strong>iuenta</strong></span> <span class='ocrx_word' id='word_1_94' title='bbox 497 1353 615 1406; x_wconf 66' lang='lat' dir='ltr'><strong>quae</strong></span> <span class='ocrx_word' id='word_1_95' title='bbox 644 1337 811 1390; x_wconf 91' lang='lat' dir='ltr'><strong>sancti</strong></span> <span class='ocrx_word' id='word_1_96' title='bbox 853 1339 1218 1404; x_wconf 88' lang='lat' dir='ltr'><strong>pertulerunt,</strong></span> <span class='ocrx_word' id='word_1_97' title='bbox 1250 1339 1388 1392; x_wconf 90' lang='lat' dir='ltr'><strong>ferre</strong></span> <span class='ocrx_word' id='word_1_98' title='bbox 1414 1353 1518 1391; x_wconf 88' lang='lat' dir='ltr'><strong>non</strong></span> <span class='ocrx_word' id='word_1_99' title='bbox 1553 1351 1864 1406; x_wconf 87' lang='lat' dir='ltr'><strong>possumus,</strong></span> 
     </span>
    </p>
   </div>
   <div class='ocr_carea' id='block_1_15' title="bbox 286 1406 1870 1476">
    <p class='ocr_par' dir='ltr' id='par_1_15' title="bbox 286 1406 1870 1476">
     <span class='ocr_line' id='line_1_15' title="bbox 286 1406 1870 1476; baseline -0.003 -14"><span class='ocrx_word' id='word_1_100' title='bbox 286 1411 378 1464; x_wconf 89' lang='lat' dir='ltr'><strong>vel</strong></span> <span class='ocrx_word' id='word_1_101' title='bbox 402 1421 584 1464; x_wconf 89' lang='lat' dir='ltr'><strong>contra</strong></span> <span class='ocrx_word' id='word_1_102' title='bbox 626 1409 792 1474; x_wconf 85' lang='lat' dir='ltr'><strong>malas</strong></span> <span class='ocrx_word' id='word_1_103' title='bbox 825 1410 1302 1476; x_wconf 75' lang='lat' dir='ltr'><strong>concupiscentias,</strong></span> <span class='ocrx_word' id='word_1_104' title='bbox 1338 1409 1466 1476; x_wconf 88' lang='lat' dir='ltr'><strong>ipsis</strong></span> <span class='ocrx_word' id='word_1_105' title='bbox 1491 1406 1870 1461; x_wconf 82' lang='lat' dir='ltr'><strong>intercedenti-</strong></span> 
     </span>
    </p>
   </div>
   <div class='ocr_carea' id='block_1_16' title="bbox 288 1477 1871 1548">
    <p class='ocr_par' dir='ltr' id='par_1_16' title="bbox 288 1477 1871 1548">
     <span class='ocr_line' id='line_1_16' title="bbox 288 1477 1871 1548; baseline -0.005 -13"><span class='ocrx_word' id='word_1_106' title='bbox 288 1480 412 1545; x_wconf 86' lang='lat' dir='ltr'><strong>bus,</strong></span> <span class='ocrx_word' id='word_1_107' title='bbox 443 1494 815 1548; x_wconf 71' lang='lat' dir='ltr'><strong>repugnemus.</strong></span> <span class='ocrx_word' id='word_1_108' title='bbox 845 1477 975 1532; x_wconf 87' lang='lat' dir='ltr'><strong>Nam</strong></span> <span class='ocrx_word' id='word_1_109' title='bbox 1017 1495 1115 1534; x_wconf 89' lang='lat' dir='ltr'><strong>nec</strong></span> <span class='ocrx_word' id='word_1_110' title='bbox 1142 1479 1428 1539; x_wconf 82' lang='lat' dir='ltr'><strong>Abraham,</strong></span> <span class='ocrx_word' id='word_1_111' title='bbox 1459 1493 1555 1532; x_wconf 91' lang='lat' dir='ltr'><strong>nec</strong></span> <span class='ocrx_word' id='word_1_112' title='bbox 1579 1478 1743 1541; x_wconf 88' lang='lat' dir='ltr'><strong>Isaac,</strong></span> <span class='ocrx_word' id='word_1_113' title='bbox 1772 1491 1871 1548; x_wconf 89' lang='lat' dir='ltr'><strong>nec</strong></span> 
     </span>
    </p>
   </div>
   <div class='ocr_carea' id='block_1_17' title="bbox 285 1547 1871 1617">
    <p class='ocr_par' dir='ltr' id='par_1_17' title="bbox 285 1547 1871 1617">
     <span class='ocr_line' id='line_1_17' title="bbox 285 1547 1871 1617; baseline -0.003 -12"><span class='ocrx_word' id='word_1_114' title='bbox 285 1552 456 1606; x_wconf 87' lang='lat' dir='ltr'><strong>Jacob</strong></span> <span class='ocrx_word' id='word_1_115' title='bbox 485 1547 646 1603; x_wconf 88' lang='lat' dir='ltr'><strong>occisi</strong></span> <span class='ocrx_word' id='word_1_116' title='bbox 677 1557 800 1601; x_wconf 87' lang='lat' dir='ltr'><strong>sunt</strong></span> <span class='ocrx_word' id='word_1_117' title='bbox 824 1565 838 1611; x_wconf 91' lang='lat'><strong>;</strong></span> <span class='ocrx_word' id='word_1_118' title='bbox 865 1559 918 1602; x_wconf 91' lang='lat' dir='ltr'><strong>et</strong></span> <span class='ocrx_word' id='word_1_119' title='bbox 950 1559 1125 1604; x_wconf 90' lang='lat' dir='ltr'><strong>tamen</strong></span> <span class='ocrx_word' id='word_1_120' title='bbox 1172 1549 1290 1603; x_wconf 86' lang='lat' dir='ltr'><strong>lidci</strong></span> <span class='ocrx_word' id='word_1_121' title='bbox 1333 1561 1387 1603; x_wconf 92' lang='lat' dir='ltr'><strong>et</strong></span> <span class='ocrx_word' id='word_1_122' title='bbox 1418 1548 1638 1617; x_wconf 73' lang='lat' dir='ltr'><strong>justitiae</strong></span> <span class='ocrx_word' id='word_1_123' title='bbox 1669 1547 1871 1601; x_wconf 88' lang='lat' dir='ltr'><strong>meritis</strong></span> 
     </span>
    </p>
   </div>
   <div class='ocr_carea' id='block_1_18' title="bbox 290 1617 1868 1688">
    <p class='ocr_par' dir='ltr' id='par_1_18' title="bbox 290 1617 1868 1688">
     <span class='ocr_line' id='line_1_18' title="bbox 290 1617 1868 1688; baseline -0.002 -16"><span class='ocrx_word' id='word_1_124' title='bbox 290 1619 539 1674; x_wconf 84' lang='lat' dir='ltr'><strong>honorati</strong></span> <span class='ocrx_word' id='word_1_125' title='bbox 571 1622 706 1675; x_wconf 87' lang='lat' dir='ltr'><strong>inter</strong></span> <span class='ocrx_word' id='word_1_126' title='bbox 735 1618 1068 1672; x_wconf 78' lang='lat' dir='ltr'><strong>[’atriarchas</strong></span> <span class='ocrx_word' id='word_1_127' title='bbox 1097 1621 1248 1688; x_wconf 88' lang='lat' dir='ltr'><strong>primi</strong></span> <span class='ocrx_word' id='word_1_128' title='bbox 1279 1634 1398 1675; x_wconf 87' lang='lat' dir='ltr'><strong>esse</strong></span> <span class='ocrx_word' id='word_1_129' title='bbox 1429 1628 1758 1673; x_wconf 80' lang='lat' dir='ltr'><strong>meruerunt.</strong></span> <span class='ocrx_word' id='word_1_130' title='bbox 1791 1617 1868 1670; x_wconf 77' lang='lat' dir='ltr'><strong>Ad</strong></span> 
     </span>
    </p>
   </div>
   <div class='ocr_carea' id='block_1_19' title="bbox 285 1687 1872 1760">
    <p class='ocr_par' dir='ltr' id='par_1_19' title="bbox 285 1687 1872 1760">
     <span class='ocr_line' id='line_1_19' title="bbox 285 1687 1872 1760; baseline -0.003 -15"><span class='ocrx_word' id='word_1_131' title='bbox 285 1708 515 1760; x_wconf 90' lang='lat' dir='ltr'><strong>quorum</strong></span> <span class='ocrx_word' id='word_1_132' title='bbox 548 1689 848 1760; x_wconf 85' lang='lat' dir='ltr'><strong>convivium</strong></span> <span class='ocrx_word' id='word_1_133' title='bbox 897 1687 1281 1760; x_wconf 79' lang='lat' dir='ltr'><strong>congregatur,</strong></span> <span class='ocrx_word' id='word_1_134' title='bbox 1325 1688 1564 1758; x_wconf 83' lang='lat' dir='ltr'><strong>quisquis</strong></span> <span class='ocrx_word' id='word_1_135' title='bbox 1609 1687 1775 1760; x_wconf 78' lang='lat' dir='ltr'><strong>fidelis</strong></span> <span class='ocrx_word' id='word_1_136' title='bbox 1819 1696 1872 1740; x_wconf 92' lang='lat' dir='ltr'><strong>et</strong></span> 
     </span>
    </p>
   </div>
   <div class='ocr_carea' id='block_1_20' title="bbox 284 1758 1872 1832">
    <p class='ocr_par' dir='ltr' id='par_1_20' title="bbox 284 1758 1872 1832">
     <span class='ocr_line' id='line_1_20' title="bbox 284 1758 1872 1832; baseline 0 -20"><span class='ocrx_word' id='word_1_137' title='bbox 284 1758 464 1832; x_wconf 84' lang='lat' dir='ltr'><strong>justus</strong></span> <span class='ocrx_word' id='word_1_138' title='bbox 509 1759 884 1832; x_wconf 76' lang='lat' dir='ltr'><strong>etlaudabilis</strong></span> <span class='ocrx_word' id='word_1_139' title='bbox 914 1758 1197 1832; x_wconf 82' lang='lat' dir='ltr'><strong>invenitur.</strong></span> <span class='ocrx_word' id='word_1_140' title='bbox 1230 1760 1377 1816; x_wconf 87' lang='lat' dir='ltr'><strong>Unde</strong></span> <span class='ocrx_word' id='word_1_141' title='bbox 1406 1769 1460 1813; x_wconf 88' lang='lat' dir='ltr'><strong>et</strong></span> <span class='ocrx_word' id='word_1_142' title='bbox 1500 1774 1631 1832; x_wconf 83' lang='lat' dir='ltr'><strong>nos,</strong></span> <span class='ocrx_word' id='word_1_143' title='bbox 1680 1758 1872 1832; x_wconf 81' lang='lat' dir='ltr'><strong>fratres</strong></span> 
     </span>
    </p>
   </div>
   <div class='ocr_carea' id='block_1_21' title="bbox 286 1829 1874 1900">
    <p class='ocr_par' dir='ltr' id='par_1_21' title="bbox 286 1829 1874 1900">
     <span class='ocr_line' id='line_1_21' title="bbox 286 1829 1874 1900; baseline -0.002 -16"><span class='ocrx_word' id='word_1_144' title='bbox 286 1829 614 1892; x_wconf 66' lang='lat' dir='ltr'><strong>charissimi,</strong></span> <span class='ocrx_word' id='word_1_145' title='bbox 647 1831 854 1883; x_wconf 85' lang='lat' dir='ltr'><strong>etiamsi</strong></span> <span class='ocrx_word' id='word_1_146' title='bbox 891 1829 962 1883; x_wconf 89' lang='lat' dir='ltr'><strong>nil</strong></span> <span class='ocrx_word' id='word_1_147' title='bbox 999 1832 1100 1884; x_wconf 86' lang='lat' dir='ltr'><strong>tale</strong></span> <span class='ocrx_word' id='word_1_148' title='bbox 1150 1831 1526 1900; x_wconf 88' lang='lat' dir='ltr'><strong>perpetiamur,</strong></span> <span class='ocrx_word' id='word_1_149' title='bbox 1551 1829 1593 1882; x_wconf 91' lang='lat' dir='ltr'><strong>si</strong></span> <span class='ocrx_word' id='word_1_150' title='bbox 1615 1844 1732 1900; x_wconf 86' lang='lat' dir='ltr'><strong>non</strong></span> <span class='ocrx_word' id='word_1_151' title='bbox 1758 1829 1874 1881; x_wconf 87' lang='lat' dir='ltr'><strong>viu-</strong></span> 
     </span>
    </p>
   </div>
   <div class='ocr_carea' id='block_1_22' title="bbox 286 1899 1872 1968">
    <p class='ocr_par' dir='ltr' id='par_1_22' title="bbox 286 1899 1872 1968">
     <span class='ocr_line' id='line_1_22' title="bbox 286 1899 1872 1968; baseline -0.003 -11"><span class='ocrx_word' id='word_1_152' title='bbox 286 1904 432 1966; x_wconf 90' lang='lat' dir='ltr'><strong>cula,</strong></span> <span class='ocrx_word' id='word_1_153' title='bbox 465 1917 569 1954; x_wconf 90' lang='lat' dir='ltr'><strong>non</strong></span> <span class='ocrx_word' id='word_1_154' title='bbox 598 1901 814 1954; x_wconf 88' lang='lat' dir='ltr'><strong>verbera</strong></span> <span class='ocrx_word' id='word_1_155' title='bbox 837 1942 851 1965; x_wconf 91' lang='lat'><strong>,</strong></span> <span class='ocrx_word' id='word_1_156' title='bbox 882 1916 987 1954; x_wconf 91' lang='lat' dir='ltr'><strong>non</strong></span> <span class='ocrx_word' id='word_1_157' title='bbox 1015 1899 1290 1960; x_wconf 87' lang='lat' dir='ltr'><strong>carceres.</strong></span> <span class='ocrx_word' id='word_1_158' title='bbox 1323 1918 1428 1955; x_wconf 81' lang='lat' dir='ltr'><strong>non</strong></span> <span class='ocrx_word' id='word_1_159' title='bbox 1454 1899 1707 1968; x_wconf 86' lang='lat' dir='ltr'><strong>supplicia</strong></span> <span class='ocrx_word' id='word_1_160' title='bbox 1750 1913 1872 1953; x_wconf 82' lang='lat' dir='ltr'><strong>eor-</strong></span> 
     </span>
    </p>
   </div>
   <div class='ocr_carea' id='block_1_23' title="bbox 289 1969 1873 2055">
    <p class='ocr_par' dir='ltr' id='par_1_23' title="bbox 289 1969 1873 2055">
     <span class='ocr_line' id='line_1_23' title="bbox 289 1969 1873 2055; baseline 0.001 -34"><span class='ocrx_word' id='word_1_161' title='bbox 289 1973 458 2055; x_wconf 49' lang='lat' dir='ltr'><strong>puris.</strong></span> <span class='ocrx_word' id='word_1_162' title='bbox 478 1971 576 2025; x_wconf 90' lang='lat' dir='ltr'><strong>alia</strong></span> <span class='ocrx_word' id='word_1_163' title='bbox 601 2013 616 2036; x_wconf 98' lang='lat'><strong>,</strong></span> <span class='ocrx_word' id='word_1_164' title='bbox 636 1971 863 2055; x_wconf 35' lang='lat' dir='ltr'><strong>inullam</strong></span> <span class='ocrx_word' id='word_1_165' title='bbox 907 1969 1180 2052; x_wconf 79' lang='lat' dir='ltr'><strong>hominum</strong></span> <span class='ocrx_word' id='word_1_166' title='bbox 1211 1972 1629 2055; x_wconf 80' lang='lat' dir='ltr'><strong>persecutionem</strong></span> <span class='ocrx_word' id='word_1_167' title='bbox 1660 1979 1873 2055; x_wconf 75' lang='lat' dir='ltr'><strong>propter</strong></span> 
     </span>
    </p>
   </div>
   <div class='ocr_carea' id='block_1_24' title="bbox 284 2039 1873 2113">
    <p class='ocr_par' dir='ltr' id='par_1_24' title="bbox 284 2039 1873 2113">
     <span class='ocr_line' id='line_1_24' title="bbox 284 2039 1873 2113; baseline -0.002 -18"><span class='ocrx_word' id='word_1_168' title='bbox 284 2039 548 2113; x_wconf 80' lang='lat' dir='ltr'><strong>justitiam</strong></span> <span class='ocrx_word' id='word_1_169' title='bbox 581 2041 888 2113; x_wconf 80' lang='lat' dir='ltr'><strong>toleremus,</strong></span> <span class='ocrx_word' id='word_1_170' title='bbox 914 2039 1222 2113; x_wconf 88' lang='lat' dir='ltr'><strong>societatem</strong></span> <span class='ocrx_word' id='word_1_171' title='bbox 1250 2051 1424 2096; x_wconf 90' lang='lat' dir='ltr'><strong>tamen</strong></span> <span class='ocrx_word' id='word_1_172' title='bbox 1447 2048 1752 2094; x_wconf 91' lang='lat' dir='ltr'><strong>sanctorum</strong></span> <span class='ocrx_word' id='word_1_173' title='bbox 1779 2039 1873 2093; x_wconf 92' lang='lat' dir='ltr'><strong>ob-</strong></span> 
     </span>
    </p>
   </div>
   <div class='ocr_carea' id='block_1_25' title="bbox 290 2111 1874 2181">
    <p class='ocr_par' dir='ltr' id='par_1_25' title="bbox 290 2111 1874 2181">
     <span class='ocr_line' id='line_1_25' title="bbox 290 2111 1874 2181; baseline -0.004 -14"><span class='ocrx_word' id='word_1_174' title='bbox 290 2111 466 2167; x_wconf 85' lang='lat' dir='ltr'><strong>tinere</strong></span> <span class='ocrx_word' id='word_1_175' title='bbox 489 2112 796 2174; x_wconf 85' lang='lat' dir='ltr'><strong>valebimus,</strong></span> <span class='ocrx_word' id='word_1_176' title='bbox 826 2111 871 2164; x_wconf 85' lang='lat' dir='ltr'><strong>si</strong></span> <span class='ocrx_word' id='word_1_177' title='bbox 895 2112 1152 2181; x_wconf 82' lang='lat' dir='ltr'><strong>castigare</strong></span> <span class='ocrx_word' id='word_1_178' title='bbox 1178 2128 1370 2181; x_wconf 91' lang='lat' dir='ltr'><strong>corpus</strong></span> <span class='ocrx_word' id='word_1_179' title='bbox 1397 2120 1655 2174; x_wconf 88' lang='lat' dir='ltr'><strong>nostrum,</strong></span> <span class='ocrx_word' id='word_1_180' title='bbox 1683 2120 1737 2164; x_wconf 91' lang='lat' dir='ltr'><strong>et</strong></span> <span class='ocrx_word' id='word_1_181' title='bbox 1760 2125 1874 2163; x_wconf 90' lang='lat' dir='ltr'><strong>ser-</strong></span> 
     </span>
    </p>
   </div>
   <div class='ocr_carea' id='block_1_26' title="bbox 293 2181 1873 2251">
    <p class='ocr_par' dir='ltr' id='par_1_26' title="bbox 293 2181 1873 2251">
     <span class='ocr_line' id='line_1_26' title="bbox 293 2181 1873 2251; baseline -0.002 -16"><span class='ocrx_word' id='word_1_182' title='bbox 293 2185 449 2238; x_wconf 88' lang='lat' dir='ltr'><strong>vituti</strong></span> <span class='ocrx_word' id='word_1_183' title='bbox 491 2183 753 2250; x_wconf 85' lang='lat' dir='ltr'><strong>subjicere</strong></span> <span class='ocrx_word' id='word_1_184' title='bbox 797 2197 1047 2237; x_wconf 87' lang='lat' dir='ltr'><strong>curamus</strong></span> <span class='ocrx_word' id='word_1_185' title='bbox 1070 2223 1083 2245; x_wconf 88' lang='lat'><strong>,</strong></span> <span class='ocrx_word' id='word_1_186' title='bbox 1115 2183 1156 2236; x_wconf 92' lang='lat' dir='ltr'><strong>si</strong></span> <span class='ocrx_word' id='word_1_187' title='bbox 1189 2183 1240 2236; x_wconf 91' lang='lat' dir='ltr'><strong>in</strong></span> <span class='ocrx_word' id='word_1_188' title='bbox 1269 2183 1455 2251; x_wconf 78' lang='lat' dir='ltr'><strong>Spiritu</strong></span> <span class='ocrx_word' id='word_1_189' title='bbox 1484 2181 1794 2235; x_wconf 83' lang='lat' dir='ltr'><strong>humilitatis</strong></span> <span class='ocrx_word' id='word_1_190' title='bbox 1819 2188 1873 2233; x_wconf 90' lang='lat' dir='ltr'><strong>et</strong></span> 
     </span>
    </p>
   </div>
   <div class='ocr_carea' id='block_1_27' title="bbox 293 2251 1871 2322">
    <p class='ocr_par' dir='ltr' id='par_1_27' title="bbox 293 2251 1871 2322">
     <span class='ocr_line' id='line_1_27' title="bbox 293 2251 1871 2322; baseline -0.003 -14"><span class='ocrx_word' id='word_1_191' title='bbox 293 2257 350 2308; x_wconf 90' lang='lat' dir='ltr'><strong>in</strong></span> <span class='ocrx_word' id='word_1_192' title='bbox 381 2254 552 2308; x_wconf 86' lang='lat' dir='ltr'><strong>anima</strong></span> <span class='ocrx_word' id='word_1_193' title='bbox 583 2254 810 2306; x_wconf 87' lang='lat' dir='ltr'><strong>contrita</strong></span> <span class='ocrx_word' id='word_1_194' title='bbox 846 2251 1069 2305; x_wconf 90' lang='lat' dir='ltr'><strong>Domino</strong></span> <span class='ocrx_word' id='word_1_195' title='bbox 1099 2254 1396 2322; x_wconf 88' lang='lat' dir='ltr'><strong>supplicare</strong></span> <span class='ocrx_word' id='word_1_196' title='bbox 1421 2254 1796 2312; x_wconf 86' lang='lat' dir='ltr'><strong>assuescimus,</strong></span> <span class='ocrx_word' id='word_1_197' title='bbox 1826 2251 1871 2304; x_wconf 90' lang='lat' dir='ltr'><strong>si</strong></span> 
     </span>
    </p>
   </div>
   <div class='ocr_carea' id='block_1_28' title="bbox 290 2321 1873 2392">
    <p class='ocr_par' dir='ltr' id='par_1_28' title="bbox 290 2321 1873 2392">
     <span class='ocr_line' id='line_1_28' title="bbox 290 2321 1873 2392; baseline -0.003 -14"><span class='ocrx_word' id='word_1_198' title='bbox 290 2327 469 2378; x_wconf 85' lang='lat' dir='ltr'><strong>illatas</strong></span> <span class='ocrx_word' id='word_1_199' title='bbox 505 2341 533 2376; x_wconf 91' lang='lat' dir='ltr'><strong>a</strong></span> <span class='ocrx_word' id='word_1_200' title='bbox 579 2327 822 2391; x_wconf 82' lang='lat' dir='ltr'><strong>proximo</strong></span> <span class='ocrx_word' id='word_1_201' title='bbox 863 2321 1214 2377; x_wconf 76' lang='lat' dir='ltr'><strong>contumelias</strong></span> <span class='ocrx_word' id='word_1_202' title='bbox 1261 2323 1460 2392; x_wconf 89' lang='lat' dir='ltr'><strong>placida</strong></span> <span class='ocrx_word' id='word_1_203' title='bbox 1500 2332 1677 2376; x_wconf 89' lang='lat' dir='ltr'><strong>mente</strong></span> <span class='ocrx_word' id='word_1_204' title='bbox 1703 2321 1873 2392; x_wconf 49' lang='lat' dir='ltr'><strong>suscif</strong></span> 
     </span>
    </p>
   </div>
   <div class='ocr_carea' id='block_1_29' title="bbox 291 2391 1870 2464">
    <p class='ocr_par' dir='ltr' id='par_1_29' title="bbox 291 2391 1870 2464">
     <span class='ocr_line' id='line_1_29' title="bbox 291 2391 1870 2464; baseline -0.003 -15"><span class='ocrx_word' id='word_1_205' title='bbox 291 2411 424 2463; x_wconf 81' lang='lat' dir='ltr'><strong>pere</strong></span> <span class='ocrx_word' id='word_1_206' title='bbox 464 2395 752 2464; x_wconf 83' lang='lat' dir='ltr'><strong>satagimus</strong></span> <span class='ocrx_word' id='word_1_207' title='bbox 773 2394 864 2464; x_wconf 10' lang='lat' dir='ltr'><strong>,rsi</strong></span> <span class='ocrx_word' id='word_1_208' title='bbox 895 2402 949 2447; x_wconf 92' lang='lat' dir='ltr'><strong>et</strong></span> <span class='ocrx_word' id='word_1_209' title='bbox 975 2409 1067 2464; x_wconf 86' lang='lat' dir='ltr'><strong>eos</strong></span> <span class='ocrx_word' id='word_1_210' title='bbox 1093 2394 1182 2462; x_wconf 91' lang='lat' dir='ltr'><strong>qui</strong></span> <span class='ocrx_word' id='word_1_211' title='bbox 1214 2391 1310 2448; x_wconf 79' lang='lat' dir='ltr'><strong>nes</strong></span> <span class='ocrx_word' id='word_1_212' title='bbox 1337 2395 1458 2448; x_wconf 88' lang='lat' dir='ltr'><strong>odio</strong></span> <span class='ocrx_word' id='word_1_213' title='bbox 1504 2394 1732 2464; x_wconf 82' lang='lat' dir='ltr'><strong>habent,</strong></span> <span class='ocrx_word' id='word_1_214' title='bbox 1780 2391 1870 2461; x_wconf 89' lang='lat' dir='ltr'><strong>qui</strong></span> 
     </span>
    </p>
   </div>
   <div class='ocr_carea' id='block_1_30' title="bbox 290 2463 1872 2535">
    <p class='ocr_par' dir='ltr' id='par_1_30' title="bbox 290 2463 1872 2535">
     <span class='ocr_line' id='line_1_30' title="bbox 290 2463 1872 2535; baseline -0.003 -16"><span class='ocrx_word' id='word_1_215' title='bbox 290 2465 514 2535; x_wconf 87' lang='lat' dir='ltr'><strong>injurias</strong></span> <span class='ocrx_word' id='word_1_216' title='bbox 544 2463 696 2518; x_wconf 77' lang='lat' dir='ltr'><strong>nubis</strong></span> <span class='ocrx_word' id='word_1_217' title='bbox 739 2463 999 2526; x_wconf 86' lang='lat' dir='ltr'><strong>inferunt,</strong></span> <span class='ocrx_word' id='word_1_218' title='bbox 1039 2463 1279 2535; x_wconf 81' lang='lat' dir='ltr'><strong>diligere,</strong></span> <span class='ocrx_word' id='word_1_219' title='bbox 1317 2465 1402 2535; x_wconf 87' lang='lat' dir='ltr'><strong>his</strong></span> <span class='ocrx_word' id='word_1_220' title='bbox 1431 2463 1776 2528; x_wconf 81' lang='lat' dir='ltr'><strong>benefacere,</strong></span> <span class='ocrx_word' id='word_1_221' title='bbox 1817 2471 1872 2535; x_wconf 83' lang='lat' dir='ltr'><strong>et</strong></span> 
     </span>
    </p>
   </div>
   <div class='ocr_carea' id='block_1_31' title="bbox 290 2532 1870 2606">
    <p class='ocr_par' dir='ltr' id='par_1_31' title="bbox 290 2532 1870 2606">
     <span class='ocr_line' id='line_1_31' title="bbox 290 2532 1870 2606; baseline -0.004 -16"><span class='ocrx_word' id='word_1_222' title='bbox 290 2532 394 2606; x_wconf 77' lang='lat' dir='ltr'><strong>pro</strong></span> <span class='ocrx_word' id='word_1_223' title='bbox 436 2535 624 2606; x_wconf 84' lang='lat' dir='ltr'><strong>horum</strong></span> <span class='ocrx_word' id='word_1_224' title='bbox 653 2535 757 2588; x_wconf 90' lang='lat' dir='ltr'><strong>vita</strong></span> <span class='ocrx_word' id='word_1_225' title='bbox 797 2544 850 2588; x_wconf 89' lang='lat' dir='ltr'><strong>et</strong></span> <span class='ocrx_word' id='word_1_226' title='bbox 877 2532 1155 2606; x_wconf 81' lang='lat' dir='ltr'><strong>sospitate</strong></span> <span class='ocrx_word' id='word_1_227' title='bbox 1188 2534 1514 2605; x_wconf 80' lang='lat' dir='ltr'><strong>gaudeamus</strong></span> <span class='ocrx_word' id='word_1_228' title='bbox 1543 2548 1797 2606; x_wconf 77' lang='lat' dir='ltr'><strong>exorare,</strong></span> <span class='ocrx_word' id='word_1_229' title='bbox 1824 2532 1870 2584; x_wconf 89' lang='lat' dir='ltr'><strong>si</strong></span> 
     </span>
    </p>
   </div>
   <div class='ocr_carea' id='block_1_32' title="bbox 287 2603 1868 2674">
    <p class='ocr_par' dir='ltr' id='par_1_32' title="bbox 287 2603 1868 2674">
     <span class='ocr_line' id='line_1_32' title="bbox 287 2603 1868 2674; baseline -0.003 -14"><span class='ocrx_word' id='word_1_230' title='bbox 287 2603 417 2660; x_wconf 80' lang='lat' dir='ltr'><strong>cum</strong></span> <span class='ocrx_word' id='word_1_231' title='bbox 446 2605 639 2659; x_wconf 88' lang='lat' dir='ltr'><strong>virtute</strong></span> <span class='ocrx_word' id='word_1_232' title='bbox 670 2605 935 2674; x_wconf 64' lang='lat' dir='ltr'><strong>patientia:</strong></span> <span class='ocrx_word' id='word_1_233' title='bbox 968 2603 1226 2659; x_wconf 81' lang='lat' dir='ltr'><strong>bonorum</strong></span> <span class='ocrx_word' id='word_1_234' title='bbox 1254 2621 1462 2673; x_wconf 86' lang='lat' dir='ltr'><strong>quoque</strong></span> <span class='ocrx_word' id='word_1_235' title='bbox 1500 2620 1717 2673; x_wconf 90' lang='lat' dir='ltr'><strong>operum</strong></span> <span class='ocrx_word' id='word_1_236' title='bbox 1757 2603 1868 2657; x_wconf 88' lang='lat' dir='ltr'><strong>fru-</strong></span> 
     </span>
    </p>
   </div>
   <div class='ocr_carea' id='block_1_33' title="bbox 288 2675 1870 2732">
    <p class='ocr_par' dir='ltr' id='par_1_33' title="bbox 288 2675 1870 2732">
     <span class='ocr_line' id='line_1_33' title="bbox 288 2675 1870 2732; baseline -0.003 0"><span class='ocrx_word' id='word_1_237' title='bbox 288 2678 468 2732; x_wconf 83' lang='lat' dir='ltr'><strong>ctibus</strong></span> <span class='ocrx_word' id='word_1_238' title='bbox 493 2675 739 2730; x_wconf 87' lang='lat' dir='ltr'><strong>adornari</strong></span> <span class='ocrx_word' id='word_1_239' title='bbox 765 2675 1152 2729; x_wconf 66' lang='lat' dir='ltr'><strong>Contendimth&#39;.</strong></span> <span class='ocrx_word' id='word_1_240' title='bbox 1197 2675 1396 2728; x_wconf 66' lang='lat' dir='ltr'><strong>Taliter</strong></span> <span class='ocrx_word' id='word_1_241' title='bbox 1422 2678 1616 2729; x_wconf 81' lang='lat' dir='ltr'><strong>etenim</strong></span> <span class='ocrx_word' id='word_1_242' title='bbox 1645 2690 1870 2728; x_wconf 79' lang='lat' dir='ltr'><strong>convcr—</strong></span> 
     </span>
    </p>
   </div>
   <div class='ocr_carea' id='block_1_34' title="bbox 286 2747 1871 2816">
    <p class='ocr_par' dir='ltr' id='par_1_34' title="bbox 286 2747 1871 2816">
     <span class='ocr_line' id='line_1_34' title="bbox 286 2747 1871 2816; baseline -0.004 -15"><span class='ocrx_word' id='word_1_243' title='bbox 286 2747 738 2812; x_wconf 73' lang='lat' dir='ltr'><strong>santibusvnobis,</strong></span> <span class='ocrx_word' id='word_1_244' title='bbox 768 2754 822 2800; x_wconf 89' lang='lat' dir='ltr'><strong>et</strong></span> <span class='ocrx_word' id='word_1_245' title='bbox 856 2760 1079 2814; x_wconf 87' lang='lat' dir='ltr'><strong>corpora</strong></span> <span class='ocrx_word' id='word_1_246' title='bbox 1111 2759 1310 2812; x_wconf 80' lang='lat' dir='ltr'><strong>uoStra,</strong></span> <span class='ocrx_word' id='word_1_247' title='bbox 1337 2747 1484 2814; x_wconf 83' lang='lat' dir='ltr'><strong>juxta</strong></span> <span class='ocrx_word' id='word_1_248' title='bbox 1510 2748 1748 2816; x_wconf 88' lang='lat' dir='ltr'><strong>Apostoli</strong></span> <span class='ocrx_word' id='word_1_249' title='bbox 1779 2762 1871 2795; x_wconf 85' lang='lat' dir='ltr'><strong>vo-</strong></span> 
     </span>
    </p>
   </div>
   <div class='ocr_carea' id='block_1_35' title="bbox 287 2817 1872 2886">
    <p class='ocr_par' dir='ltr' id='par_1_35' title="bbox 287 2817 1872 2886">
     <span class='ocr_line' id='line_1_35' title="bbox 287 2817 1872 2886; baseline -0.002 -14"><span class='ocrx_word' id='word_1_250' title='bbox 287 2835 449 2881; x_wconf 84' lang='lat' dir='ltr'><strong>cem,</strong></span> <span class='ocrx_word' id='word_1_251' title='bbox 501 2817 725 2870; x_wconf 89' lang='lat' dir='ltr'><strong>hostiam</strong></span> <span class='ocrx_word' id='word_1_252' title='bbox 771 2817 1032 2871; x_wconf 87' lang='lat' dir='ltr'><strong>viventem</strong></span> <span class='ocrx_word' id='word_1_253' title='bbox 1055 2857 1069 2879; x_wconf 96' lang='lat'><strong>,</strong></span> <span class='ocrx_word' id='word_1_254' title='bbox 1104 2826 1338 2870; x_wconf 89' lang='lat' dir='ltr'><strong>sanctam</strong></span> <span class='ocrx_word' id='word_1_255' title='bbox 1362 2856 1399 2886; x_wconf 13' lang='grc' dir='ltr'><strong>,ί</strong></span> <span class='ocrx_word' id='word_1_256' title='bbox 1429 2818 1536 2870; x_wconf 87' lang='lat' dir='ltr'><strong>Deo</strong></span> <span class='ocrx_word' id='word_1_257' title='bbox 1577 2818 1872 2886; x_wconf 87' lang='lat' dir='ltr'><strong>placentem</strong></span> 
     </span>
    </p>
   </div>
   <div class='ocr_carea' id='block_1_36' title="bbox 288 2885 1872 2959">
    <p class='ocr_par' dir='ltr' id='par_1_36' title="bbox 288 2885 1872 2959">
     <span class='ocr_line' id='line_1_36' title="bbox 288 2885 1872 2959; baseline -0.002 -17"><span class='ocrx_word' id='word_1_258' title='bbox 288 2887 670 2942; x_wconf 71' lang='lat' dir='ltr'><strong>exhibeutibus</strong></span> <span class='ocrx_word' id='word_1_259' title='bbox 698 2886 884 2959; x_wconf 85' lang='lat' dir='ltr'><strong>(Rom.</strong></span> <span class='ocrx_word' id='word_1_260' title='bbox 908 2903 1000 2949; x_wconf 83' lang='lat' dir='ltr'><strong>xu,</strong></span> <span class='ocrx_word' id='word_1_261' title='bbox 1030 2886 1107 2956; x_wconf 80' lang='lat' dir='ltr'><strong>l),</strong></span> <span class='ocrx_word' id='word_1_262' title='bbox 1144 2887 1346 2942; x_wconf 68' lang='lat' dir='ltr'><strong>cmlcsti</strong></span> <span class='ocrx_word' id='word_1_263' title='bbox 1372 2885 1673 2957; x_wconf 75' lang='lat' dir='ltr'><strong>diguatiOue</strong></span> <span class='ocrx_word' id='word_1_264' title='bbox 1702 2887 1872 2941; x_wconf 91' lang='lat' dir='ltr'><strong>dona-</strong></span> 
     </span>
    </p>
   </div>
   <div class='ocr_carea' id='block_1_37' title="bbox 291 2957 1874 3027">
    <p class='ocr_par' dir='ltr' id='par_1_37' title="bbox 291 2957 1874 3027">
     <span class='ocr_line' id='line_1_37' title="bbox 291 2957 1874 3027; baseline -0.001 -16"><span class='ocrx_word' id='word_1_265' title='bbox 291 2959 490 3019; x_wconf 86' lang='lat' dir='ltr'><strong>lnmur,</strong></span> <span class='ocrx_word' id='word_1_266' title='bbox 527 2968 581 3011; x_wconf 89' lang='lat' dir='ltr'><strong>ut</strong></span> <span class='ocrx_word' id='word_1_267' title='bbox 605 2957 875 3012; x_wconf 87' lang='lat' dir='ltr'><strong>communi</strong></span> <span class='ocrx_word' id='word_1_268' title='bbox 900 2973 1018 3011; x_wconf 91' lang='lat' dir='ltr'><strong>cum</strong></span> <span class='ocrx_word' id='word_1_269' title='bbox 1047 2959 1124 3010; x_wconf 90' lang='lat' dir='ltr'><strong>eis</strong></span> <span class='ocrx_word' id='word_1_270' title='bbox 1149 2959 1236 3027; x_wconf 90' lang='lat' dir='ltr'><strong>qui</strong></span> <span class='ocrx_word' id='word_1_271' title='bbox 1261 2959 1495 3011; x_wconf 85' lang='lat' dir='ltr'><strong>membra</strong></span> <span class='ocrx_word' id='word_1_272' title='bbox 1527 2974 1618 3012; x_wconf 88' lang='lat' dir='ltr'><strong>sua</strong></span> <span class='ocrx_word' id='word_1_273' title='bbox 1654 2959 1703 3012; x_wconf 90' lang='lat' dir='ltr'><strong>in</strong></span> <span class='ocrx_word' id='word_1_274' title='bbox 1732 2972 1874 3011; x_wconf 90' lang='lat' dir='ltr'><strong>mor-</strong></span> 
     </span>
    </p>
   </div>
   <div class='ocr_carea' id='block_1_38' title="bbox 290 3027 1871 3098">
    <p class='ocr_par' dir='ltr' id='par_1_38' title="bbox 290 3027 1871 3098">
     <span class='ocr_line' id='line_1_38' title="bbox 290 3027 1871 3098; baseline 0 -16"><span class='ocrx_word' id='word_1_275' title='bbox 290 3039 402 3082; x_wconf 70' lang='lat' dir='ltr'><strong>tem</strong></span> <span class='ocrx_word' id='word_1_276' title='bbox 446 3045 539 3098; x_wconf 90' lang='lat' dir='ltr'><strong>pro</strong></span> <span class='ocrx_word' id='word_1_277' title='bbox 591 3027 812 3082; x_wconf 89' lang='lat' dir='ltr'><strong>Domino</strong></span> <span class='ocrx_word' id='word_1_278' title='bbox 859 3027 1158 3090; x_wconf 88' lang='lat' dir='ltr'><strong>dederunt,</strong></span> <span class='ocrx_word' id='word_1_279' title='bbox 1202 3027 1365 3097; x_wconf 81' lang='lat' dir='ltr'><strong>gloria</strong></span> <span class='ocrx_word' id='word_1_280' title='bbox 1411 3044 1810 3083; x_wconf 90' lang='lat' dir='ltr'><strong>remuneremur</strong></span> <span class='ocrx_word' id='word_1_281' title='bbox 1856 3047 1871 3082; x_wconf 89' lang='lat'><strong>:</strong></span> 
     </span>
    </p>
   </div>
   <div class='ocr_carea' id='block_1_39' title="bbox 288 3098 1872 3168">
    <p class='ocr_par' dir='ltr' id='par_1_39' title="bbox 288 3098 1872 3168">
     <span class='ocr_line' id='line_1_39' title="bbox 288 3098 1872 3168; baseline 0.004 -20"><span class='ocrx_word' id='word_1_282' title='bbox 288 3101 434 3168; x_wconf 80' lang='lat' dir='ltr'><strong>quod</strong></span> <span class='ocrx_word' id='word_1_283' title='bbox 465 3101 598 3153; x_wconf 83' lang='lat' dir='ltr'><strong>sicut</strong></span> <span class='ocrx_word' id='word_1_284' title='bbox 627 3113 772 3152; x_wconf 87' lang='lat' dir='ltr'><strong>mors</strong></span> <span class='ocrx_word' id='word_1_285' title='bbox 817 3098 1047 3163; x_wconf 90' lang='lat' dir='ltr'><strong>illorum,</strong></span> <span class='ocrx_word' id='word_1_286' title='bbox 1089 3099 1167 3152; x_wconf 90' lang='lat' dir='ltr'><strong>sic</strong></span> <span class='ocrx_word' id='word_1_287' title='bbox 1209 3107 1262 3153; x_wconf 89' lang='lat' dir='ltr'><strong>et</strong></span> <span class='ocrx_word' id='word_1_288' title='bbox 1290 3100 1391 3151; x_wconf 85' lang='lat' dir='ltr'><strong>vita</strong></span> <span class='ocrx_word' id='word_1_289' title='bbox 1436 3108 1614 3153; x_wconf 85' lang='lat' dir='ltr'><strong>nostra</strong></span> <span class='ocrx_word' id='word_1_290' title='bbox 1644 3100 1872 3168; x_wconf 76' lang='lat' dir='ltr'><strong>pretiosa</strong></span> 
     </span>
    </p>
   </div>
   <div class='ocr_carea' id='block_1_40' title="bbox 288 3168 1870 3238">
    <p class='ocr_par' dir='ltr' id='par_1_40' title="bbox 288 3168 1870 3238">
     <span class='ocr_line' id='line_1_40' title="bbox 288 3168 1870 3238; baseline 0.002 -17"><span class='ocrx_word' id='word_1_291' title='bbox 288 3174 364 3222; x_wconf 77' lang='lat' dir='ltr'><strong>sit</strong></span> <span class='ocrx_word' id='word_1_292' title='bbox 393 3171 441 3223; x_wconf 84' lang='lat' dir='ltr'><strong>iu</strong></span> <span class='ocrx_word' id='word_1_293' title='bbox 483 3178 771 3238; x_wconf 81' lang='lat' dir='ltr'><strong>conspectu</strong></span> <span class='ocrx_word' id='word_1_294' title='bbox 804 3168 1006 3222; x_wconf 88' lang='lat' dir='ltr'><strong>Domini</strong></span> <span class='ocrx_word' id='word_1_295' title='bbox 1037 3186 1051 3222; x_wconf 89' lang='lat'>:</span> <span class='ocrx_word' id='word_1_296' title='bbox 1080 3168 1407 3237; x_wconf 89' lang='lat' dir='ltr'><strong>diruptisque</strong></span> <span class='ocrx_word' id='word_1_297' title='bbox 1433 3171 1655 3224; x_wconf 89' lang='lat' dir='ltr'><strong>vinculis</strong></span> <span class='ocrx_word' id='word_1_298' title='bbox 1675 3170 1870 3236; x_wconf 88' lang='lat' dir='ltr'><strong>carnis,</strong></span> 
     </span>
    </p>
   </div>
   <div class='ocr_carea' id='block_1_41' title="bbox 289 3239 1876 3312">
    <p class='ocr_par' dir='ltr' id='par_1_41' title="bbox 289 3239 1876 3312">
     <span class='ocr_line' id='line_1_41' title="bbox 289 3239 1876 3312; baseline -0.001 -17"><span class='ocrx_word' id='word_1_299' title='bbox 289 3251 348 3295; x_wconf 85' lang='lat' dir='ltr'><strong>et</strong></span> <span class='ocrx_word' id='word_1_300' title='bbox 380 3241 476 3312; x_wconf 55' lang='lat' dir='ltr'><strong>ipsi</strong></span> <span class='ocrx_word' id='word_1_301' title='bbox 501 3240 633 3294; x_wconf 86' lang='lat' dir='ltr'><strong>atria</strong></span> <span class='ocrx_word' id='word_1_302' title='bbox 659 3254 907 3310; x_wconf 80' lang='lat' dir='ltr'><strong>superna:</strong></span> <span class='ocrx_word' id='word_1_303' title='bbox 931 3239 1155 3293; x_wconf 84' lang='lat' dir='ltr'><strong>civitatis</strong></span> <span class='ocrx_word' id='word_1_304' title='bbox 1179 3240 1375 3312; x_wconf 83' lang='lat' dir='ltr'><strong>intrare</strong></span> <span class='ocrx_word' id='word_1_305' title='bbox 1398 3249 1556 3310; x_wconf 90' lang='lat' dir='ltr'><strong>atque</strong></span> <span class='ocrx_word' id='word_1_306' title='bbox 1585 3242 1722 3295; x_wconf 89' lang='lat' dir='ltr'><strong>inter</strong></span> <span class='ocrx_word' id='word_1_307' title='bbox 1746 3240 1876 3294; x_wconf 89' lang='lat' dir='ltr'><strong>eho-</strong></span> 
     </span>
    </p>
   </div>
   <div class='ocr_carea' id='block_1_42' title="bbox 293 3311 1872 3382">
    <p class='ocr_par' dir='ltr' id='par_1_42' title="bbox 293 3311 1872 3382">
     <span class='ocr_line' id='line_1_42' title="bbox 293 3311 1872 3382; baseline -0.001 -17"><span class='ocrx_word' id='word_1_308' title='bbox 293 3311 700 3382; x_wconf 30' lang='lat' dir='ltr'><strong>ros’beatorum</strong></span> <span class='ocrx_word' id='word_1_309' title='bbox 733 3319 1025 3382; x_wconf 85' lang='lat' dir='ltr'><strong>martyrum</strong></span> <span class='ocrx_word' id='word_1_310' title='bbox 1058 3311 1501 3382; x_wconf 87' lang='lat' dir='ltr'><strong>votagratiarum</strong></span> <span class='ocrx_word' id='word_1_311' title='bbox 1529 3312 1872 3382; x_wconf 64' lang='lat' dir='ltr'><strong>liedomptori</strong></span> 
     </span>
    </p>
   </div>
   <div class='ocr_carea' id='block_1_43' title="bbox 292 3380 1874 3450">
    <p class='ocr_par' dir='ltr' id='par_1_43' title="bbox 292 3380 1874 3450">
     <span class='ocr_line' id='line_1_43' title="bbox 292 3380 1874 3450; baseline 0.001 -16"><span class='ocrx_word' id='word_1_312' title='bbox 292 3397 483 3435; x_wconf 60' lang='lat' dir='ltr'><strong>nostro</strong></span> <span class='ocrx_word' id='word_1_313' title='bbox 514 3380 738 3434; x_wconf 80' lang='lat' dir='ltr'><strong>reddere</strong></span> <span class='ocrx_word' id='word_1_314' title='bbox 784 3380 1124 3434; x_wconf 88' lang='lat' dir='ltr'><strong>merebimur.</strong></span> <span class='ocrx_word' id='word_1_315' title='bbox 1179 3381 1300 3433; x_wconf 77' lang='lat' dir='ltr'><strong>Ila-c</strong></span> <span class='ocrx_word' id='word_1_316' title='bbox 1343 3392 1466 3435; x_wconf 90' lang='lat' dir='ltr'><strong>sunt</strong></span> <span class='ocrx_word' id='word_1_317' title='bbox 1507 3380 1874 3450; x_wconf 69' lang='lat' dir='ltr'><strong>vestigiaquae</strong></span> 
     </span>
    </p>
   </div>
   <div class='ocr_carea' id='block_1_44' title="bbox 297 3450 1876 3520">
    <p class='ocr_par' dir='ltr' id='par_1_44' title="bbox 297 3450 1876 3520">
     <span class='ocr_line' id='line_1_44' title="bbox 297 3450 1876 3520; baseline -0.001 -14"><span class='ocrx_word' id='word_1_318' title='bbox 297 3452 457 3506; x_wconf 89' lang='lat' dir='ltr'><strong>nobis</strong></span> <span class='ocrx_word' id='word_1_319' title='bbox 495 3453 663 3506; x_wconf 88' lang='lat' dir='ltr'><strong>sancti</strong></span> <span class='ocrx_word' id='word_1_320' title='bbox 703 3450 898 3520; x_wconf 89' lang='lat' dir='ltr'><strong>quique</strong></span> <span class='ocrx_word' id='word_1_321' title='bbox 936 3460 1267 3506; x_wconf 64' lang='lat' dir='ltr'><strong>revertentes</strong></span> <span class='ocrx_word' id='word_1_322' title='bbox 1294 3451 1346 3504; x_wconf 90' lang='lat' dir='ltr'><strong>in</strong></span> <span class='ocrx_word' id='word_1_323' title='bbox 1384 3453 1604 3520; x_wconf 87' lang='lat' dir='ltr'><strong>patriam</strong></span> <span class='ocrx_word' id='word_1_324' title='bbox 1645 3453 1876 3520; x_wconf 81' lang='lat' dir='ltr'><strong>relique-</strong></span> 
     </span>
    </p>
   </div>
   <div class='ocr_carea' id='block_1_45' title="bbox 293 3521 1875 3591">
    <p class='ocr_par' dir='ltr' id='par_1_45' title="bbox 293 3521 1875 3591">
     <span class='ocr_line' id='line_1_45' title="bbox 293 3521 1875 3591; baseline 0 -15"><span class='ocrx_word' id='word_1_325' title='bbox 293 3533 451 3584; x_wconf 82' lang='lat' dir='ltr'><strong>runt,</strong></span> <span class='ocrx_word' id='word_1_326' title='bbox 503 3531 554 3575; x_wconf 94' lang='lat' dir='ltr'><strong>ut</strong></span> <span class='ocrx_word' id='word_1_327' title='bbox 600 3522 807 3575; x_wconf 88' lang='lat' dir='ltr'><strong>illorum</strong></span> <span class='ocrx_word' id='word_1_328' title='bbox 839 3521 1042 3574; x_wconf 86' lang='lat' dir='ltr'><strong>semitis</strong></span> <span class='ocrx_word' id='word_1_329' title='bbox 1081 3521 1398 3576; x_wconf 59' lang='lat' dir='ltr'><strong>it’ilttereutes</strong></span> <span class='ocrx_word' id='word_1_330' title='bbox 1436 3538 1780 3591; x_wconf 87' lang='lat' dir='ltr'><strong>sequeremur</strong></span> <span class='ocrx_word' id='word_1_331' title='bbox 1808 3523 1875 3576; x_wconf 83' lang='lat' dir='ltr'><strong>ad</strong></span> 
     </span>
    </p>
   </div>
   <div class='ocr_carea' id='block_1_46' title="bbox 290 3591 1874 3664">
    <p class='ocr_par' dir='ltr' id='par_1_46' title="bbox 290 3591 1874 3664">
     <span class='ocr_line' id='line_1_46' title="bbox 290 3591 1874 3664; baseline 0.001 -18"><span class='ocrx_word' id='word_1_332' title='bbox 290 3594 506 3664; x_wconf 82' lang='lat' dir='ltr'><strong>gaudia.</strong></span> <span class='ocrx_word' id='word_1_333' title='bbox 538 3591 646 3664; x_wconf 82' lang='lat' dir='ltr'><strong>Cur</strong></span> <span class='ocrx_word' id='word_1_334' title='bbox 675 3607 777 3645; x_wconf 88' lang='lat' dir='ltr'><strong>non</strong></span> <span class='ocrx_word' id='word_1_335' title='bbox 808 3606 1150 3664; x_wconf 65' lang='lat' dir='ltr'><strong>pri-peramus</strong></span> <span class='ocrx_word' id='word_1_336' title='bbox 1177 3601 1229 3644; x_wconf 86' lang='lat' dir='ltr'><strong>et</strong></span> <span class='ocrx_word' id='word_1_337' title='bbox 1253 3594 1536 3664; x_wconf 75' lang='lat' dir='ltr'><strong>Currimus,</strong></span> <span class='ocrx_word' id='word_1_338' title='bbox 1566 3603 1621 3646; x_wconf 90' lang='lat' dir='ltr'><strong>ut</strong></span> <span class='ocrx_word' id='word_1_339' title='bbox 1653 3594 1874 3661; x_wconf 87' lang='lat' dir='ltr'><strong>patriam</strong></span> 
     </span>
    </p>
   </div>
   <div class='ocr_carea' id='block_1_47' title="bbox 292 3661 1876 3730">
    <p class='ocr_par' dir='ltr' id='par_1_47' title="bbox 292 3661 1876 3730">
     <span class='ocr_line' id='line_1_47' title="bbox 292 3661 1876 3730; baseline -0.001 -12"><span class='ocrx_word' id='word_1_340' title='bbox 292 3661 534 3718; x_wconf 70' lang='lat' dir='ltr'><strong>nostram</strong></span> <span class='ocrx_word' id='word_1_341' title='bbox 565 3663 740 3716; x_wconf 89' lang='lat' dir='ltr'><strong>videre</strong></span> <span class='ocrx_word' id='word_1_342' title='bbox 773 3663 1075 3730; x_wconf 83' lang='lat' dir='ltr'><strong>possimus?</strong></span> <span class='ocrx_word' id='word_1_343' title='bbox 1102 3661 1316 3730; x_wconf 81' lang='lat' dir='ltr'><strong>Magnus</strong></span> <span class='ocrx_word' id='word_1_344' title='bbox 1343 3662 1447 3716; x_wconf 92' lang='lat' dir='ltr'><strong>illic</strong></span> <span class='ocrx_word' id='word_1_345' title='bbox 1470 3663 1752 3717; x_wconf 81' lang='lat' dir='ltr'><strong>cliarorum</strong></span> <span class='ocrx_word' id='word_1_346' title='bbox 1780 3680 1876 3717; x_wconf 84' lang='lat' dir='ltr'><strong>nu-</strong></span> 
     </span>
    </p>
   </div>
   <div class='ocr_carea' id='block_1_48' title="bbox 292 3731 1875 3802">
    <p class='ocr_par' dir='ltr' id='par_1_48' title="bbox 292 3731 1875 3802">
     <span class='ocr_line' id='line_1_48' title="bbox 292 3731 1875 3802; baseline 0 -14"><span class='ocrx_word' id='word_1_347' title='bbox 292 3749 477 3788; x_wconf 86' lang='lat' dir='ltr'><strong>merus</strong></span> <span class='ocrx_word' id='word_1_348' title='bbox 521 3741 814 3802; x_wconf 83' lang='lat' dir='ltr'><strong>exspectat,</strong></span> <span class='ocrx_word' id='word_1_349' title='bbox 862 3744 1157 3800; x_wconf 87' lang='lat' dir='ltr'><strong>parentum,</strong></span> <span class='ocrx_word' id='word_1_350' title='bbox 1208 3731 1452 3798; x_wconf 83' lang='lat' dir='ltr'><strong>fratrum,</strong></span> <span class='ocrx_word' id='word_1_351' title='bbox 1502 3734 1727 3787; x_wconf 87' lang='lat' dir='ltr'><strong>filiorum</strong></span> <span class='ocrx_word' id='word_1_352' title='bbox 1771 3733 1875 3789; x_wconf 83' lang='lat' dir='ltr'><strong>fre-</strong></span> 
     </span>
    </p>
   </div>
   <div class='ocr_carea' id='block_1_49' title="bbox 289 3803 1873 3875">
    <p class='ocr_par' dir='ltr' id='par_1_49' title="bbox 289 3803 1873 3875">
     <span class='ocr_line' id='line_1_49' title="bbox 289 3803 1873 3875; baseline 0.001 -18"><span class='ocrx_word' id='word_1_353' title='bbox 289 3821 467 3875; x_wconf 87' lang='lat' dir='ltr'><strong>quens</strong></span> <span class='ocrx_word' id='word_1_354' title='bbox 508 3820 605 3857; x_wconf 87' lang='lat' dir='ltr'><strong>nos</strong></span> <span class='ocrx_word' id='word_1_355' title='bbox 634 3813 688 3856; x_wconf 91' lang='lat' dir='ltr'><strong>et</strong></span> <span class='ocrx_word' id='word_1_356' title='bbox 724 3803 936 3874; x_wconf 81' lang='lat' dir='ltr'><strong>copiosa</strong></span> <span class='ocrx_word' id='word_1_357' title='bbox 982 3803 1149 3875; x_wconf 73' lang='lat' dir='ltr'><strong>turba</strong></span> <span class='ocrx_word' id='word_1_358' title='bbox 1178 3803 1502 3875; x_wconf 82' lang='lat' dir='ltr'><strong>desiderat,</strong></span> <span class='ocrx_word' id='word_1_359' title='bbox 1527 3804 1637 3873; x_wconf 85' lang='lat' dir='ltr'><strong>jam</strong></span> <span class='ocrx_word' id='word_1_360' title='bbox 1685 3804 1752 3858; x_wconf 89' lang='lat' dir='ltr'><strong>de</strong></span> <span class='ocrx_word' id='word_1_361' title='bbox 1778 3821 1873 3860; x_wconf 88' lang='lat' dir='ltr'><strong>sua</strong></span> 
     </span>
    </p>
   </div>
   <div class='ocr_carea' id='block_1_50' title="bbox 294 3873 1871 3940">
    <p class='ocr_par' dir='ltr' id='par_1_50' title="bbox 294 3873 1871 3940">
     <span class='ocr_line' id='line_1_50' title="bbox 294 3873 1871 3940; baseline 0 -12"><span class='ocrx_word' id='word_1_362' title='bbox 294 3873 663 3928; x_wconf 68' lang='lat' dir='ltr'><strong>incolumitate</strong></span> <span class='ocrx_word' id='word_1_363' title='bbox 689 3873 895 3940; x_wconf 85' lang='lat' dir='ltr'><strong>secura,</strong></span> <span class='ocrx_word' id='word_1_364' title='bbox 924 3875 1095 3928; x_wconf 88' lang='lat' dir='ltr'><strong>adhuc</strong></span> <span class='ocrx_word' id='word_1_365' title='bbox 1121 3873 1186 3928; x_wconf 87' lang='lat' dir='ltr'><strong>de</strong></span> <span class='ocrx_word' id='word_1_366' title='bbox 1227 3884 1406 3927; x_wconf 90' lang='lat' dir='ltr'><strong>nostra</strong></span> <span class='ocrx_word' id='word_1_367' title='bbox 1432 3874 1602 3928; x_wconf 89' lang='lat' dir='ltr'><strong>salute</strong></span> <span class='ocrx_word' id='word_1_368' title='bbox 1626 3875 1871 3929; x_wconf 88' lang='lat' dir='ltr'><strong>sollicita.</strong></span> 
     </span>
    </p>
   </div>
   <div class='ocr_carea' id='block_1_51' title="bbox 293 3945 1873 4014">
    <p class='ocr_par' dir='ltr' id='par_1_51' title="bbox 293 3945 1873 4014">
     <span class='ocr_line' id='line_1_51' title="bbox 293 3945 1873 4014; baseline 0 -14"><span class='ocrx_word' id='word_1_369' title='bbox 293 3945 380 4000; x_wconf 80' lang='lat' dir='ltr'><strong>Ad</strong></span> <span class='ocrx_word' id='word_1_370' title='bbox 403 3961 589 3998; x_wconf 88' lang='lat' dir='ltr'><strong>eorum</strong></span> <span class='ocrx_word' id='word_1_371' title='bbox 627 3945 968 4014; x_wconf 78' lang='lat' dir='ltr'><strong>complexum</strong></span> <span class='ocrx_word' id='word_1_372' title='bbox 999 3955 1051 3998; x_wconf 91' lang='lat' dir='ltr'><strong>et</strong></span> <span class='ocrx_word' id='word_1_373' title='bbox 1079 3954 1419 4012; x_wconf 86' lang='lat' dir='ltr'><strong>conspectum</strong></span> <span class='ocrx_word' id='word_1_374' title='bbox 1451 3945 1652 4011; x_wconf 91' lang='lat' dir='ltr'><strong>venire,</strong></span> <span class='ocrx_word' id='word_1_375' title='bbox 1681 3958 1873 4014; x_wconf 86' lang='lat' dir='ltr'><strong>quanta</strong></span> 
     </span>
    </p>
   </div>
   <div class='ocr_carea' id='block_1_52' title="bbox 293 4015 1874 4084">
    <p class='ocr_par' dir='ltr' id='par_1_52' title="bbox 293 4015 1874 4084">
     <span class='ocr_line' id='line_1_52' title="bbox 293 4015 1874 4084; baseline 0.001 -15"><span class='ocrx_word' id='word_1_376' title='bbox 293 4018 404 4071; x_wconf 90' lang='lat' dir='ltr'><strong>illis</strong></span> <span class='ocrx_word' id='word_1_377' title='bbox 429 4023 481 4068; x_wconf 87' lang='lat' dir='ltr'><strong>et</strong></span> <span class='ocrx_word' id='word_1_378' title='bbox 521 4016 672 4068; x_wconf 89' lang='lat' dir='ltr'><strong>nobis</strong></span> <span class='ocrx_word' id='word_1_379' title='bbox 703 4017 752 4068; x_wconf 90' lang='lat' dir='ltr'><strong>in</strong></span> <span class='ocrx_word' id='word_1_380' title='bbox 782 4030 1062 4069; x_wconf 87' lang='lat' dir='ltr'><strong>commune</strong></span> <span class='ocrx_word' id='word_1_381' title='bbox 1091 4015 1268 4068; x_wconf 65' lang='lat' dir='ltr'><strong>laetitia</strong></span> <span class='ocrx_word' id='word_1_382' title='bbox 1301 4015 1422 4070; x_wconf 84' lang='lat' dir='ltr'><strong>est?</strong></span> <span class='ocrx_word' id='word_1_383' title='bbox 1456 4015 1566 4070; x_wconf 91' lang='lat' dir='ltr'><strong>lllic</strong></span> <span class='ocrx_word' id='word_1_384' title='bbox 1593 4017 1874 4084; x_wconf 85' lang='lat' dir='ltr'><strong>Apostolo-</strong></span> 
     </span>
    </p>
   </div>
   <div class='ocr_carea' id='block_1_53' title="bbox 292 4084 1877 4156">
    <p class='ocr_par' dir='ltr' id='par_1_53' title="bbox 292 4084 1877 4156">
     <span class='ocr_line' id='line_1_53' title="bbox 292 4084 1877 4156; baseline -0.001 -15"><span class='ocrx_word' id='word_1_385' title='bbox 292 4102 419 4141; x_wconf 89' lang='lat' dir='ltr'><strong>rum</strong></span> <span class='ocrx_word' id='word_1_386' title='bbox 449 4085 715 4156; x_wconf 88' lang='lat' dir='ltr'><strong>gloriosus</strong></span> <span class='ocrx_word' id='word_1_387' title='bbox 752 4084 968 4139; x_wconf 87' lang='lat' dir='ltr'><strong>chorus.</strong></span> <span class='ocrx_word' id='word_1_388' title='bbox 1018 4085 1130 4140; x_wconf 93' lang='lat' dir='ltr'><strong>Illic</strong></span> <span class='ocrx_word' id='word_1_389' title='bbox 1174 4084 1560 4156; x_wconf 87' lang='lat' dir='ltr'><strong>Prophetarum</strong></span> <span class='ocrx_word' id='word_1_390' title='bbox 1607 4087 1877 4140; x_wconf 82' lang='lat' dir='ltr'><strong>exsultau-</strong></span> 
     </span>
    </p>
   </div>
   <div class='ocr_carea' id='block_1_54' title="bbox 293 4156 1875 4227">
    <p class='ocr_par' dir='ltr' id='par_1_54' title="bbox 293 4156 1875 4227">
     <span class='ocr_line' id='line_1_54' title="bbox 293 4156 1875 4227; baseline -0.001 -16"><span class='ocrx_word' id='word_1_391' title='bbox 293 4159 430 4211; x_wconf 88' lang='lat' dir='ltr'><strong>tium</strong></span> <span class='ocrx_word' id='word_1_392' title='bbox 472 4172 723 4227; x_wconf 89' lang='lat' dir='ltr'><strong>munerus</strong></span> <span class='ocrx_word' id='word_1_393' title='bbox 771 4156 1010 4224; x_wconf 88' lang='lat' dir='ltr'><strong>insignis.</strong></span> <span class='ocrx_word' id='word_1_394' title='bbox 1043 4156 1116 4210; x_wconf 91' lang='lat' dir='ltr'><strong>lbi</strong></span> <span class='ocrx_word' id='word_1_395' title='bbox 1147 4168 1439 4227; x_wconf 87' lang='lat' dir='ltr'><strong>martyrum</strong></span> <span class='ocrx_word' id='word_1_396' title='bbox 1473 4157 1695 4226; x_wconf 89' lang='lat' dir='ltr'><strong>populus</strong></span> <span class='ocrx_word' id='word_1_397' title='bbox 1721 4156 1875 4212; x_wconf 88' lang='lat' dir='ltr'><strong>innu-</strong></span> 
     </span>
    </p>
   </div>
   <div class='ocr_carea' id='block_1_55' title="bbox 291 4226 1875 4283">
    <p class='ocr_par' dir='ltr' id='par_1_55' title="bbox 291 4226 1875 4283">
     <span class='ocr_line' id='line_1_55' title="bbox 291 4226 1875 4283; baseline 0.002 -3"><span class='ocrx_word' id='word_1_398' title='bbox 291 4227 568 4282; x_wconf 89' lang='lat' dir='ltr'><strong>merabilis</strong></span> <span class='ocrx_word' id='word_1_399' title='bbox 609 4226 678 4280; x_wconf 92' lang='lat' dir='ltr'><strong>ob</strong></span> <span class='ocrx_word' id='word_1_400' title='bbox 716 4227 1064 4281; x_wconf 85' lang='lat' dir='ltr'><strong>certaminum</strong></span> <span class='ocrx_word' id='word_1_401' title='bbox 1109 4226 1385 4281; x_wconf 81' lang='lat' dir='ltr'><strong>victoriam</strong></span> <span class='ocrx_word' id='word_1_402' title='bbox 1429 4237 1732 4282; x_wconf 84' lang='lat' dir='ltr'><strong>coronatur.</strong></span> <span class='ocrx_word' id='word_1_403' title='bbox 1765 4229 1875 4283; x_wconf 90' lang='lat' dir='ltr'><strong>lllic</strong></span> 
     </span>
    </p>
   </div>
   <div class='ocr_carea' id='block_1_56' title="bbox 291 4295 1872 4366">
    <p class='ocr_par' dir='ltr' id='par_1_56' title="bbox 291 4295 1872 4366">
     <span class='ocr_line' id='line_1_56' title="bbox 291 4295 1872 4366; baseline -0.001 -13"><span class='ocrx_word' id='word_1_404' title='bbox 291 4298 594 4353; x_wconf 85' lang='lat' dir='ltr'><strong>clarissima</strong></span> <span class='ocrx_word' id='word_1_405' title='bbox 619 4298 879 4366; x_wconf 84' lang='lat' dir='ltr'><strong>virginum</strong></span> <span class='ocrx_word' id='word_1_406' title='bbox 909 4296 1059 4351; x_wconf 88' lang='lat' dir='ltr'><strong>turba</strong></span> <span class='ocrx_word' id='word_1_407' title='bbox 1087 4295 1314 4358; x_wconf 66' lang='lat' dir='ltr'><strong>Iactatur,</strong></span> <span class='ocrx_word' id='word_1_408' title='bbox 1347 4298 1451 4352; x_wconf 91' lang='lat' dir='ltr'><strong>illic</strong></span> <span class='ocrx_word' id='word_1_409' title='bbox 1475 4299 1633 4352; x_wconf 91' lang='lat' dir='ltr'><strong>etiam</strong></span> <span class='ocrx_word' id='word_1_410' title='bbox 1663 4299 1872 4352; x_wconf 78' lang='lat' dir='ltr'><strong>confes—</strong></span> 
     </span>
    </p>
   </div>
   <div class='ocr_carea' id='block_1_57' title="bbox 291 4367 1872 4423">
    <p class='ocr_par' dir='ltr' id='par_1_57' title="bbox 291 4367 1872 4423">
     <span class='ocr_line' id='line_1_57' title="bbox 291 4367 1872 4423; baseline -0.001 -1"><span class='ocrx_word' id='word_1_411' title='bbox 291 4384 484 4423; x_wconf 86' lang='lat' dir='ltr'><strong>sorum</strong></span> <span class='ocrx_word' id='word_1_412' title='bbox 529 4367 780 4421; x_wconf 92' lang='lat' dir='ltr'><strong>fortitudo</strong></span> <span class='ocrx_word' id='word_1_413' title='bbox 812 4367 1071 4421; x_wconf 90' lang='lat' dir='ltr'><strong>laudatur.</strong></span> <span class='ocrx_word' id='word_1_414' title='bbox 1112 4367 1216 4422; x_wconf 87' lang='lat' dir='ltr'><strong>Sed</strong></span> <span class='ocrx_word' id='word_1_415' title='bbox 1245 4370 1402 4422; x_wconf 88' lang='lat' dir='ltr'><strong>etiam</strong></span> <span class='ocrx_word' id='word_1_416' title='bbox 1437 4369 1648 4422; x_wconf 91' lang='lat' dir='ltr'><strong>illorum</strong></span> <span class='ocrx_word' id='word_1_417' title='bbox 1693 4385 1872 4422; x_wconf 91' lang='lat' dir='ltr'><strong>remu-</strong></span> 
     </span>
    </p>
   </div>
   <div class='ocr_carea' id='block_1_58' title="bbox 293 4438 1870 4508">
    <p class='ocr_par' dir='ltr' id='par_1_58' title="bbox 293 4438 1870 4508">
     <span class='ocr_line' id='line_1_58' title="bbox 293 4438 1870 4508; baseline 0.001 -16"><span class='ocrx_word' id='word_1_418' title='bbox 293 4439 508 4493; x_wconf 86' lang='lat' dir='ltr'><strong>neratio</strong></span> <span class='ocrx_word' id='word_1_419' title='bbox 531 4447 800 4500; x_wconf 88' lang='lat' dir='ltr'><strong>censetur,</strong></span> <span class='ocrx_word' id='word_1_420' title='bbox 847 4438 935 4506; x_wconf 89' lang='lat' dir='ltr'><strong>qui</strong></span> <span class='ocrx_word' id='word_1_421' title='bbox 977 4441 1237 4508; x_wconf 67' lang='lat' dir='ltr'><strong>praecepta</strong></span> <span class='ocrx_word' id='word_1_422' title='bbox 1265 4439 1529 4492; x_wconf 75' lang='lat' dir='ltr'><strong>dominica</strong></span> <span class='ocrx_word' id='word_1_423' title='bbox 1576 4449 1870 4506; x_wconf 87' lang='lat' dir='ltr'><strong>servantes,</strong></span> 
     </span>
    </p>
   </div>
   <div class='ocr_carea' id='block_1_59' title="bbox 288 4509 1874 4577">
    <p class='ocr_par' dir='ltr' id='par_1_59' title="bbox 288 4509 1874 4577">
     <span class='ocr_line' id='line_1_59' title="bbox 288 4509 1874 4577; baseline 0.001 -14"><span class='ocrx_word' id='word_1_424' title='bbox 288 4511 359 4563; x_wconf 89' lang='lat' dir='ltr'><strong>ad</strong></span> <span class='ocrx_word' id='word_1_425' title='bbox 395 4509 640 4563; x_wconf 67' lang='lat' dir='ltr'><strong>cmlestes</strong></span> <span class='ocrx_word' id='word_1_426' title='bbox 685 4509 960 4562; x_wconf 87' lang='lat' dir='ltr'><strong>thesauros</strong></span> <span class='ocrx_word' id='word_1_427' title='bbox 988 4519 1196 4562; x_wconf 87' lang='lat' dir='ltr'><strong>terrena</strong></span> <span class='ocrx_word' id='word_1_428' title='bbox 1230 4509 1542 4577; x_wconf 84' lang='lat' dir='ltr'><strong>patrimonia</strong></span> <span class='ocrx_word' id='word_1_429' title='bbox 1588 4510 1874 4565; x_wconf 84' lang='lat' dir='ltr'><strong>transtule-</strong></span> 
     </span>
    </p>
   </div>
   <div class='ocr_carea' id='block_1_60' title="bbox 292 4577 1874 4648">
    <p class='ocr_par' dir='ltr' id='par_1_60' title="bbox 292 4577 1874 4648">
     <span class='ocr_line' id='line_1_60' title="bbox 292 4577 1874 4648; baseline 0 -14"><span class='ocrx_word' id='word_1_430' title='bbox 292 4587 442 4634; x_wconf 91' lang='lat' dir='ltr'><strong>runt.</strong></span> <span class='ocrx_word' id='word_1_431' title='bbox 474 4579 603 4646; x_wconf 71' lang='lat' dir='ltr'><strong>Quze</strong></span> <span class='ocrx_word' id='word_1_432' title='bbox 637 4589 811 4633; x_wconf 88' lang='lat' dir='ltr'><strong>autem</strong></span> <span class='ocrx_word' id='word_1_433' title='bbox 845 4579 1018 4644; x_wconf 79' lang='lat' dir='ltr'><strong>lingua</strong></span> <span class='ocrx_word' id='word_1_434' title='bbox 1063 4577 1242 4632; x_wconf 88' lang='lat' dir='ltr'><strong>dicere</strong></span> <span class='ocrx_word' id='word_1_435' title='bbox 1266 4621 1279 4641; x_wconf 95' lang='lat'><strong>,</strong></span> <span class='ocrx_word' id='word_1_436' title='bbox 1308 4580 1388 4634; x_wconf 89' lang='lat' dir='ltr'><strong>vel</strong></span> <span class='ocrx_word' id='word_1_437' title='bbox 1417 4580 1533 4648; x_wconf 84' lang='lat' dir='ltr'><strong>quis</strong></span> <span class='ocrx_word' id='word_1_438' title='bbox 1577 4580 1874 4634; x_wconf 87' lang='lat' dir='ltr'><strong>intellectus</strong></span> 
     </span>
    </p>
   </div>
   <div class='ocr_carea' id='block_1_61' title="bbox 291 4649 1876 4720">
    <p class='ocr_par' dir='ltr' id='par_1_61' title="bbox 291 4649 1876 4720">
     <span class='ocr_line' id='line_1_61' title="bbox 291 4649 1876 4720; baseline 0.001 -18"><span class='ocrx_word' id='word_1_439' title='bbox 291 4665 490 4719; x_wconf 78' lang='lat' dir='ltr'><strong>rapere</strong></span> <span class='ocrx_word' id='word_1_440' title='bbox 531 4649 724 4702; x_wconf 83' lang='lat' dir='ltr'><strong>sufficit</strong></span> <span class='ocrx_word' id='word_1_441' title='bbox 751 4649 834 4702; x_wconf 88' lang='lat' dir='ltr'><strong>illa</strong></span> <span class='ocrx_word' id='word_1_442' title='bbox 877 4665 1122 4720; x_wconf 73' lang='lat' dir='ltr'><strong>superna:</strong></span> <span class='ocrx_word' id='word_1_443' title='bbox 1146 4650 1375 4706; x_wconf 88' lang='lat' dir='ltr'><strong>civitatis</strong></span> <span class='ocrx_word' id='word_1_444' title='bbox 1398 4661 1590 4719; x_wconf 87' lang='lat' dir='ltr'><strong>quanta</strong></span> <span class='ocrx_word' id='word_1_445' title='bbox 1621 4652 1727 4706; x_wconf 91' lang='lat' dir='ltr'><strong>siut</strong></span> <span class='ocrx_word' id='word_1_446' title='bbox 1749 4668 1876 4720; x_wconf 84' lang='lat' dir='ltr'><strong>gau-</strong></span> 
     </span>
    </p>
   </div>
   <div class='ocr_carea' id='block_1_62' title="bbox 291 4719 1876 4789">
    <p class='ocr_par' dir='ltr' id='par_1_62' title="bbox 291 4719 1876 4789">
     <span class='ocr_line' id='line_1_62' title="bbox 291 4719 1876 4789; baseline 0.001 -16"><span class='ocrx_word' id='word_1_447' title='bbox 291 4722 384 4773; x_wconf 84' lang='lat' dir='ltr'><strong>dia</strong></span> <span class='ocrx_word' id='word_1_448' title='bbox 411 4761 426 4785; x_wconf 93' lang='lat'><strong>,</strong></span> <span class='ocrx_word' id='word_1_449' title='bbox 474 4720 792 4789; x_wconf 84' lang='lat' dir='ltr'><strong>Angelorum</strong></span> <span class='ocrx_word' id='word_1_450' title='bbox 825 4719 1018 4789; x_wconf 6' lang='lat' dir='ltr'><strong>(choris</strong></span> <span class='ocrx_word' id='word_1_451' title='bbox 1066 4720 1321 4774; x_wconf 84' lang='lat' dir='ltr'><strong>interesse</strong></span> <span class='ocrx_word' id='word_1_452' title='bbox 1344 4762 1359 4784; x_wconf 93' lang='lat'><strong>,</strong></span> <span class='ocrx_word' id='word_1_453' title='bbox 1390 4737 1510 4776; x_wconf 87' lang='lat' dir='ltr'><strong>cum</strong></span> <span class='ocrx_word' id='word_1_454' title='bbox 1557 4719 1876 4776; x_wconf 84' lang='lat' dir='ltr'><strong>beatissimis</strong></span> 
     </span>
    </p>
   </div>
   <div class='ocr_carea' id='block_1_63' title="bbox 293 4788 1875 4860">
    <p class='ocr_par' dir='ltr' id='par_1_63' title="bbox 293 4788 1875 4860">
     <span class='ocr_line' id='line_1_63' title="bbox 293 4788 1875 4860; baseline 0.001 -14"><span class='ocrx_word' id='word_1_455' title='bbox 293 4788 574 4858; x_wconf 78' lang='lat' dir='ltr'><strong>Spiritibus</strong></span> <span class='ocrx_word' id='word_1_456' title='bbox 602 4791 781 4859; x_wconf 73' lang='lat' dir='ltr'><strong>glorim</strong></span> <span class='ocrx_word' id='word_1_457' title='bbox 807 4788 1110 4844; x_wconf 88' lang='lat' dir='ltr'><strong>Conditoris</strong></span> <span class='ocrx_word' id='word_1_458' title='bbox 1138 4792 1409 4857; x_wconf 88' lang='lat' dir='ltr'><strong>assistere,</strong></span> <span class='ocrx_word' id='word_1_459' title='bbox 1437 4803 1752 4860; x_wconf 82' lang='lat' dir='ltr'><strong>praesentem</strong></span> <span class='ocrx_word' id='word_1_460' title='bbox 1783 4793 1875 4847; x_wconf 91' lang='lat' dir='ltr'><strong>Dei</strong></span> 
     </span>
    </p>
   </div>
   <div class='ocr_carea' id='block_1_64' title="bbox 293 4861 1872 4942">
    <p class='ocr_par' dir='ltr' id='par_1_64' title="bbox 293 4861 1872 4942">
     <span class='ocr_line' id='line_1_64' title="bbox 293 4861 1872 4942; baseline 0.003 -29"><span class='ocrx_word' id='word_1_461' title='bbox 293 4861 504 4942; x_wconf 78' lang='lat' dir='ltr'><strong>vultum</strong></span> <span class='ocrx_word' id='word_1_462' title='bbox 558 4874 812 4940; x_wconf 77' lang='lat' dir='ltr'><strong>cernere,</strong></span> <span class='ocrx_word' id='word_1_463' title='bbox 865 4861 1377 4942; x_wconf 54' lang='lat' dir='ltr'><strong>itincircumscripttmi</strong></span> <span class='ocrx_word' id='word_1_464' title='bbox 1406 4863 1608 4942; x_wconf 42' lang='lat' dir='ltr'><strong>.luyien</strong></span> <span class='ocrx_word' id='word_1_465' title='bbox 1655 4862 1872 4925; x_wconf 89' lang='lat' dir='ltr'><strong>videre,</strong></span> 
     </span>
    </p>
   </div>
   <div class='ocr_carea' id='block_1_65' title="bbox 294 4931 1878 5001">
    <p class='ocr_par' dir='ltr' id='par_1_65' title="bbox 294 4931 1878 5001">
     <span class='ocr_line' id='line_1_65' title="bbox 294 4931 1878 5001; baseline 0 -16"><span class='ocrx_word' id='word_1_466' title='bbox 294 4931 448 4985; x_wconf 91' lang='lat' dir='ltr'><strong>nullo</strong></span> <span class='ocrx_word' id='word_1_467' title='bbox 471 4932 655 4984; x_wconf 89' lang='lat' dir='ltr'><strong>mortis</strong></span> <span class='ocrx_word' id='word_1_468' title='bbox 681 4941 825 4984; x_wconf 89' lang='lat' dir='ltr'><strong>metu</strong></span> <span class='ocrx_word' id='word_1_469' title='bbox 846 4931 1006 4996; x_wconf 80' lang='lat' dir='ltr'><strong>allici,</strong></span> <span class='ocrx_word' id='word_1_470' title='bbox 1040 4931 1450 5000; x_wconf 89' lang='lat' dir='ltr'><strong>incorruptiouis</strong></span> <span class='ocrx_word' id='word_1_471' title='bbox 1472 4931 1736 5001; x_wconf 76' lang='lat' dir='ltr'><strong>perpetua.-</strong></span> <span class='ocrx_word' id='word_1_472' title='bbox 1762 4950 1878 4987; x_wconf 90' lang='lat' dir='ltr'><strong>mu-</strong></span> 
     </span>
    </p>
   </div>
   <div class='ocr_carea' id='block_1_66' title="bbox 295 5001 1880 5072">
    <p class='ocr_par' dir='ltr' id='par_1_66' title="bbox 295 5001 1880 5072">
     <span class='ocr_line' id='line_1_66' title="bbox 295 5001 1880 5072; baseline 0.001 -16"><span class='ocrx_word' id='word_1_473' title='bbox 295 5017 431 5056; x_wconf 88' lang='lat' dir='ltr'><strong>nere</strong></span> <span class='ocrx_word' id='word_1_474' title='bbox 462 5001 666 5055; x_wconf 73' lang='lat' dir='ltr'><strong>Lelari?</strong></span> <span class='ocrx_word' id='word_1_475' title='bbox 694 5001 773 5054; x_wconf 88' lang='lat' dir='ltr'><strong>Ad</strong></span> <span class='ocrx_word' id='word_1_476' title='bbox 803 5001 1122 5072; x_wconf 81' lang='lat' dir='ltr'><strong>hoselectos</strong></span> <span class='ocrx_word' id='word_1_477' title='bbox 1152 5003 1242 5056; x_wconf 84' lang='lat' dir='ltr'><strong>Dei</strong></span> <span class='ocrx_word' id='word_1_478' title='bbox 1265 5003 1420 5056; x_wconf 90' lang='lat' dir='ltr'><strong>avida</strong></span> <span class='ocrx_word' id='word_1_479' title='bbox 1448 5004 1734 5071; x_wconf 84' lang='lat' dir='ltr'><strong>cupiditate</strong></span> <span class='ocrx_word' id='word_1_480' title='bbox 1756 5020 1880 5072; x_wconf 84' lang='lat' dir='ltr'><strong>pro-</strong></span> 
     </span>
    </p>
   </div>
   <div class='ocr_carea' id='block_1_67' title="bbox 296 5071 1877 5142">
    <p class='ocr_par' dir='ltr' id='par_1_67' title="bbox 296 5071 1877 5142">
     <span class='ocr_line' id='line_1_67' title="bbox 296 5071 1877 5142; baseline 0.001 -18"><span class='ocrx_word' id='word_1_481' title='bbox 296 5086 578 5142; x_wconf 86' lang='lat' dir='ltr'><strong>peremus,</strong></span> <span class='ocrx_word' id='word_1_482' title='bbox 611 5081 666 5124; x_wconf 92' lang='lat' dir='ltr'><strong>ut</strong></span> <span class='ocrx_word' id='word_1_483' title='bbox 703 5088 823 5125; x_wconf 89' lang='lat' dir='ltr'><strong>cum</strong></span> <span class='ocrx_word' id='word_1_484' title='bbox 862 5071 943 5124; x_wconf 88' lang='lat' dir='ltr'><strong>his</strong></span> <span class='ocrx_word' id='word_1_485' title='bbox 971 5072 1076 5125; x_wconf 91' lang='lat' dir='ltr'><strong>cito</strong></span> <span class='ocrx_word' id='word_1_486' title='bbox 1102 5088 1250 5136; x_wconf 90' lang='lat' dir='ltr'><strong>esse,</strong></span> <span class='ocrx_word' id='word_1_487' title='bbox 1283 5082 1338 5127; x_wconf 92' lang='lat' dir='ltr'><strong>et</strong></span> <span class='ocrx_word' id='word_1_488' title='bbox 1365 5073 1472 5127; x_wconf 91' lang='lat' dir='ltr'><strong>cito</strong></span> <span class='ocrx_word' id='word_1_489' title='bbox 1504 5089 1599 5128; x_wconf 89' lang='lat' dir='ltr'><strong>nos</strong></span> <span class='ocrx_word' id='word_1_490' title='bbox 1629 5073 1694 5127; x_wconf 86' lang='lat' dir='ltr'><strong>ad</strong></span> <span class='ocrx_word' id='word_1_491' title='bbox 1719 5071 1877 5129; x_wconf 78' lang='lat' dir='ltr'><strong>Chri-</strong></span> 
     </span>
    </p>
   </div>
   <div class='ocr_carea' id='block_1_68' title="bbox 291 5143 1879 5213">
    <p class='ocr_par' dir='ltr' id='par_1_68' title="bbox 291 5143 1879 5213">
     <span class='ocr_line' id='line_1_68' title="bbox 291 5143 1879 5213; baseline 0.001 -17"><span class='ocrx_word' id='word_1_492' title='bbox 291 5152 440 5213; x_wconf 80' lang='lat' dir='ltr'><strong>stum</strong></span> <span class='ocrx_word' id='word_1_493' title='bbox 466 5143 749 5196; x_wconf 89' lang='lat' dir='ltr'><strong>convenire</strong></span> <span class='ocrx_word' id='word_1_494' title='bbox 775 5144 1061 5212; x_wconf 81' lang='lat' dir='ltr'><strong>coatingat,</strong></span> <span class='ocrx_word' id='word_1_495' title='bbox 1087 5143 1154 5196; x_wconf 90' lang='lat' dir='ltr'><strong>ad</strong></span> <span class='ocrx_word' id='word_1_496' title='bbox 1175 5158 1296 5197; x_wconf 89' lang='lat' dir='ltr'><strong>eum</strong></span> <span class='ocrx_word' id='word_1_497' title='bbox 1316 5159 1472 5213; x_wconf 90' lang='lat' dir='ltr'><strong>quem</strong></span> <span class='ocrx_word' id='word_1_498' title='bbox 1499 5146 1655 5212; x_wconf 85' lang='lat' dir='ltr'><strong>hujus</strong></span> <span class='ocrx_word' id='word_1_499' title='bbox 1677 5145 1879 5198; x_wconf 90' lang='lat' dir='ltr'><strong>itineris</strong></span> 
     </span>
    </p>
   </div>
   <div class='ocr_carea' id='block_1_69' title="bbox 291 5212 1876 5284">
    <p class='ocr_par' dir='ltr' id='par_1_69' title="bbox 291 5212 1876 5284">
     <span class='ocr_line' id='line_1_69' title="bbox 291 5212 1876 5284; baseline -0.001 -16"><span class='ocrx_word' id='word_1_500' title='bbox 291 5212 490 5268; x_wconf 89' lang='lat' dir='ltr'><strong>ducem</strong></span> <span class='ocrx_word' id='word_1_501' title='bbox 523 5213 804 5284; x_wconf 84' lang='lat' dir='ltr'><strong>habemus,</strong></span> <span class='ocrx_word' id='word_1_502' title='bbox 835 5213 1019 5266; x_wconf 86' lang='lat' dir='ltr'><strong>salutis</strong></span> <span class='ocrx_word' id='word_1_503' title='bbox 1050 5212 1356 5277; x_wconf 86' lang='lat' dir='ltr'><strong>auctorem,</strong></span> <span class='ocrx_word' id='word_1_504' title='bbox 1387 5213 1518 5268; x_wconf 92' lang='lat' dir='ltr'><strong>lucis</strong></span> <span class='ocrx_word' id='word_1_505' title='bbox 1546 5214 1876 5284; x_wconf 88' lang='lat' dir='ltr'><strong>principem,</strong></span> 
     </span>
    </p>
   </div>
   <div class='ocr_carea' id='block_1_70' title="bbox 295 5283 852 5353">
    <p class='ocr_par' dir='ltr' id='par_1_70' title="bbox 295 5283 852 5353">
     <span class='ocr_line' id='line_1_70' title="bbox 295 5283 852 5353; baseline 0 -17"><span class='ocrx_word' id='word_1_506' title='bbox 295 5284 498 5353; x_wconf 60' lang='lat' dir='ltr'><strong>lautitia!</strong></span> <span class='ocrx_word' id='word_1_507' title='bbox 530 5283 852 5353; x_wconf 80' lang='lat' dir='ltr'><strong>largitorem.</strong></span> 
     </span>
    </p>
   </div>
   <div class='ocr_carea' id='block_1_71' title="bbox 367 5351 1882 5422">
    <p class='ocr_par' dir='ltr' id='par_1_71' title="bbox 367 5351 1882 5422">
     <span class='ocr_line' id='line_1_71' title="bbox 367 5351 1882 5422; baseline 0.002 -15"><span class='ocrx_word' id='word_1_508' title='bbox 367 5351 771 5409; x_wconf 33' lang='lat' dir='ltr'><strong>CAPUT&#39;XIV.</strong></span> <span class='ocrx_word' id='word_1_509' title='bbox 820 5354 1061 5408; x_wconf 77' lang='lat' dir='ltr'><strong>Remissio</strong></span> <span class='ocrx_word' id='word_1_510' title='bbox 1107 5362 1442 5422; x_wconf 77' lang='lat' dir='ltr'><strong>peccatorum.</strong></span> <span class='ocrx_word' id='word_1_511' title='bbox 1486 5353 1757 5408; x_wconf 80' lang='lat' dir='ltr'><strong>Novatiani</strong></span> <span class='ocrx_word' id='word_1_512' title='bbox 1810 5372 1882 5410; x_wconf 75' lang='lat' dir='ltr'><strong>re-</strong></span> 
     </span>
    </p>
   </div>
   <div class='ocr_carea' id='block_1_72' title="bbox 293 5423 1884 5494">
    <p class='ocr_par' dir='ltr' id='par_1_72' title="bbox 293 5423 1884 5494">
     <span class='ocr_line' id='line_1_72' title="bbox 293 5423 1884 5494; baseline 0.001 -17"><span class='ocrx_word' id='word_1_513' title='bbox 293 5425 568 5494; x_wconf 68' lang='lat' dir='ltr'><strong>ﬁlluntur.</strong></span> <span class='ocrx_word' id='word_1_514' title='bbox 619 5423 1008 5477; x_wconf 73' lang='lat' dir='ltr'><strong>ltemissionem</strong></span> <span class='ocrx_word' id='word_1_515' title='bbox 1064 5434 1420 5493; x_wconf 90' lang='lat' dir='ltr'><strong>peccatorum.</strong></span> <span class='ocrx_word' id='word_1_516' title='bbox 1472 5425 1748 5480; x_wconf 89' lang='lat' dir='ltr'><strong>Credenda</strong></span> <span class='ocrx_word' id='word_1_517' title='bbox 1802 5434 1884 5479; x_wconf 88' lang='lat' dir='ltr'><strong>est</strong></span> 
     </span>
    </p>
   </div>
   <div class='ocr_carea' id='block_1_73' title="bbox 291 5495 1885 5569">
    <p class='ocr_par' dir='ltr' id='par_1_73' title="bbox 291 5495 1885 5569">
     <span class='ocr_line' id='line_1_73' title="bbox 291 5495 1885 5569; baseline 0.003 -23"><span class='ocrx_word' id='word_1_518' title='bbox 291 5495 588 5569; x_wconf 63' lang='lat' dir='ltr'><strong>praecipue,</strong></span> <span class='ocrx_word' id='word_1_519' title='bbox 644 5495 853 5569; x_wconf 82' lang='lat' dir='ltr'><strong>fratres,</strong></span> <span class='ocrx_word' id='word_1_520' title='bbox 915 5502 1250 5569; x_wconf 83' lang='lat' dir='ltr'><strong>peccatorum</strong></span> <span class='ocrx_word' id='word_1_521' title='bbox 1299 5497 1562 5555; x_wconf 85' lang='lat' dir='ltr'><strong>remissio,</strong></span> <span class='ocrx_word' id='word_1_522' title='bbox 1615 5496 1737 5564; x_wconf 88' lang='lat' dir='ltr'><strong>quia</strong></span> <span class='ocrx_word' id='word_1_523' title='bbox 1783 5496 1885 5550; x_wconf 87' lang='lat' dir='ltr'><strong>hoc</strong></span> 
     </span>
    </p>
   </div>
   <div class='ocr_carea' id='block_1_74' title="bbox 292 5563 1886 5637">
    <p class='ocr_par' dir='ltr' id='par_1_74' title="bbox 292 5563 1886 5637">
     <span class='ocr_line' id='line_1_74' title="bbox 292 5563 1886 5637; baseline -0.001 -18"><span class='ocrx_word' id='word_1_524' title='bbox 292 5563 787 5622; x_wconf 83' lang='lat' dir='ltr'><strong>imumremedinm</strong></span> <span class='ocrx_word' id='word_1_525' title='bbox 813 5573 913 5630; x_wconf 89' lang='lat' dir='ltr'><strong>est,</strong></span> <span class='ocrx_word' id='word_1_526' title='bbox 941 5567 1082 5635; x_wconf 90' lang='lat' dir='ltr'><strong>quod</strong></span> <span class='ocrx_word' id='word_1_527' title='bbox 1112 5565 1382 5620; x_wconf 88' lang='lat' dir='ltr'><strong>hominum</strong></span> <span class='ocrx_word' id='word_1_528' title='bbox 1423 5581 1591 5637; x_wconf 88' lang='lat' dir='ltr'><strong>genus</strong></span> <span class='ocrx_word' id='word_1_529' title='bbox 1619 5563 1646 5618; x_wconf 86' lang='lat' dir='ltr'><strong>a</strong></span> <span class='ocrx_word' id='word_1_530' title='bbox 1673 5575 1886 5620; x_wconf 84' lang='lat' dir='ltr'><strong>senten-</strong></span> 
     </span>
    </p>
   </div>
   <div class='ocr_carea' id='block_1_75' title="bbox 361 5720 1882 5784">
    <p class='ocr_par' dir='ltr' id='par_1_75' title="bbox 361 5720 1882 5784">
     <span class='ocr_line' id='line_1_75' title="bbox 361 5720 1882 5784; baseline 0.003 -16"><span class='ocrx_word' id='word_1_531' title='bbox 361 5720 438 5784; x_wconf 90' lang='lat' dir='ltr'><strong>(a)</strong></span> <span class='ocrx_word' id='word_1_532' title='bbox 463 5727 705 5784; x_wconf 77' lang='lat' dir='ltr'><strong>Exserm.</strong></span> <span class='ocrx_word' id='word_1_533' title='bbox 741 5720 922 5784; x_wconf 11' lang='lat'><strong>242,711.</strong></span> <span class='ocrx_word' id='word_1_534' title='bbox 942 5721 1004 5780; x_wconf 53' lang='lat' dir='ltr'><strong>At;</strong></span> <span class='ocrx_word' id='word_1_535' title='bbox 1032 5735 1181 5773; x_wconf 85' lang='lat' dir='ltr'><strong>serm.</strong></span> <span class='ocrx_word' id='word_1_536' title='bbox 1219 5721 1328 5778; x_wconf 73' lang='grc'><strong>224.</strong></span> <span class='ocrx_word' id='word_1_537' title='bbox 1347 5737 1395 5772; x_wconf 90' lang='lat' dir='ltr'><strong>u.</strong></span> <span class='ocrx_word' id='word_1_538' title='bbox 1434 5724 1485 5784; x_wconf 86' lang='lat' dir='ltr'><strong>l;</strong></span> <span class='ocrx_word' id='word_1_539' title='bbox 1517 5723 1636 5780; x_wconf 72' lang='lat'><strong>209,</strong></span> <span class='ocrx_word' id='word_1_540' title='bbox 1661 5735 1742 5771; x_wconf 89' lang='lat' dir='ltr'><strong>nu.</strong></span> <span class='ocrx_word' id='word_1_541' title='bbox 1761 5723 1808 5779; x_wconf 81' lang='lat'><strong>5,</strong></span> <span class='ocrx_word' id='word_1_542' title='bbox 1841 5723 1882 5772; x_wconf 81' lang='lat' dir='ltr'><strong>t.</strong></span> 
     </span>
    </p>
   </div>
   <div class='ocr_carea' id='block_1_76' title="bbox 288 5780 1886 5856">
    <p class='ocr_par' dir='ltr' id='par_1_76' title="bbox 288 5780 1886 5856">
     <span class='ocr_line' id='line_1_76' title="bbox 288 5780 1886 5856; baseline 0.003 -26"><span class='ocrx_word' id='word_1_543' title='bbox 288 5780 726 5856; x_wconf 41' lang='lat' dir='ltr'><strong>Gregor.‘_h3t‘uilf</strong></span> <span class='ocrx_word' id='word_1_544' title='bbox 755 5783 813 5856; x_wconf 63' lang='grc' dir='ltr'><em>ζῇ</em></span> <span class='ocrx_word' id='word_1_545' title='bbox 837 5780 905 5832; x_wconf 79' lang='lat' dir='ltr'><strong>in</strong></span> <span class='ocrx_word' id='word_1_546' title='bbox 935 5789 1158 5856; x_wconf 41' lang='lat' dir='ltr'><strong>_l-:vaag.:.</strong></span> <span class='ocrx_word' id='word_1_547' title='bbox 1172 5792 1224 5834; x_wconf 88' lang='lat' dir='ltr'><strong>et</strong></span> <span class='ocrx_word' id='word_1_548' title='bbox 1264 5786 1412 5836; x_wconf 85' lang='lat' dir='ltr'><strong>verba</strong></span> <span class='ocrx_word' id='word_1_549' title='bbox 1437 5780 1602 5834; x_wconf 82' lang='lat' dir='ltr'><strong>ultima</strong></span> <span class='ocrx_word' id='word_1_550' title='bbox 1621 5798 1766 5834; x_wconf 79' lang='lat' dir='ltr'><strong>scrin.</strong></span> <span class='ocrx_word' id='word_1_551' title='bbox 1803 5798 1886 5834; x_wconf 85' lang='lat' dir='ltr'><strong>su-</strong></span> 
     </span>
    </p>
   </div>
   <div class='ocr_carea' id='block_1_77' title="bbox 293 5841 1172 5906">
    <p class='ocr_par' dir='ltr' id='par_1_77' title="bbox 293 5841 1172 5906">
     <span class='ocr_line' id='line_1_77' title="bbox 293 5841 1172 5906; baseline 0.003 -15"><span class='ocrx_word' id='word_1_552' title='bbox 293 5841 540 5903; x_wconf 39' lang='lat' dir='ltr'><strong>pra‘citati</strong></span> <span class='ocrx_word' id='word_1_553' title='bbox 563 5841 658 5892; x_wconf 74' lang='lat'><strong>209</strong></span> <span class='ocrx_word' id='word_1_554' title='bbox 679 5845 727 5892; x_wconf 81' lang='lat' dir='ltr'><strong>tu</strong></span> <span class='ocrx_word' id='word_1_555' title='bbox 755 5843 962 5906; x_wconf 75' lang='lat' dir='ltr'><strong>Appeud.</strong></span> <span class='ocrx_word' id='word_1_556' title='bbox 989 5841 1105 5894; x_wconf 77' lang='grc' dir='ltr'><strong>ιοοῆ</strong></span> <span class='ocrx_word' id='word_1_557' title='bbox 1128 5846 1172 5895; x_wconf 74' lang='grc' dir='ltr'><strong>ὅ.</strong></span> 
     </span>
    </p>
   </div>
   <div class='ocr_carea' id='block_1_78' title="bbox 1502 369 2260 431">
    <p class='ocr_par' dir='ltr' id='par_1_78' title="bbox 1502 369 2260 431">
     <span class='ocr_line' id='line_1_78' title="bbox 1502 369 2260 431; baseline 0.001 -4"><span class='ocrx_word' id='word_1_558' title='bbox 1502 391 1506 395; x_wconf 79' lang='lat'>&#39;</span> <span class='ocrx_word' id='word_1_559' title='bbox 1541 369 1769 428; x_wconf 78' lang='lat' dir='ltr'><strong>SERMO</strong></span> <span class='ocrx_word' id='word_1_560' title='bbox 1807 375 1892 431; x_wconf 88' lang='lat' dir='ltr'><strong>DE</strong></span> <span class='ocrx_word' id='word_1_561' title='bbox 1931 372 2260 430; x_wconf 83' lang='lat' dir='ltr'><strong>SYMBOLO.</strong></span> 
     </span>
    </p>
   </div>
   <div class='ocr_carea' id='block_1_79' title="bbox 3428 379 3558 434">
    <p class='ocr_par' dir='ltr' id='par_1_79' title="bbox 3428 379 3558 434">
     <span class='ocr_line' id='line_1_79' title="bbox 3428 379 3558 434; baseline 0.008 -3"><span class='ocrx_word' id='word_1_562' title='bbox 3428 379 3558 434; x_wconf 63' lang='lat' dir='ltr'><strong>H98</strong></span> 
     </span>
    </p>
   </div>
   <div class='ocr_carea' id='block_1_80' title="bbox 1985 491 3560 566">
    <p class='ocr_par' dir='ltr' id='par_1_80' title="bbox 1985 491 3560 566">
     <span class='ocr_line' id='line_1_80' title="bbox 1985 491 3560 566; baseline 0.007 -23"><span class='ocrx_word' id='word_1_563' title='bbox 1985 491 2368 566; x_wconf 70' lang='lat' dir='ltr'><strong>t_ia_perpetu_a3</strong></span> <span class='ocrx_word' id='word_1_564' title='bbox 2417 491 2607 546; x_wconf 90' lang='lat' dir='ltr'><strong>mortis</strong></span> <span class='ocrx_word' id='word_1_565' title='bbox 2666 491 2925 548; x_wconf 87' lang='lat' dir='ltr'><strong>absolvat.</strong></span> <span class='ocrx_word' id='word_1_566' title='bbox 2989 494 3184 548; x_wconf 88' lang='lat' dir='ltr'><strong>hlcirco</strong></span> <span class='ocrx_word' id='word_1_567' title='bbox 3249 495 3560 566; x_wconf 74' lang='lat' dir='ltr'><strong>Uuigenitus</strong></span> 
     </span>
    </p>
   </div>
   <div class='ocr_carea' id='block_1_81' title="bbox 1980 560 3560 630">
    <p class='ocr_par' dir='ltr' id='par_1_81' title="bbox 1980 560 3560 630">
     <span class='ocr_line' id='line_1_81' title="bbox 1980 560 3560 630; baseline 0.007 -17"><span class='ocrx_word' id='word_1_568' title='bbox 1980 560 2236 613; x_wconf 85' lang='lat' dir='ltr'><strong>Altissimi</strong></span> <span class='ocrx_word' id='word_1_569' title='bbox 2285 560 2525 630; x_wconf 83' lang='lat' dir='ltr'><strong>dignatus</strong></span> <span class='ocrx_word' id='word_1_570' title='bbox 2569 573 2646 615; x_wconf 89' lang='lat' dir='ltr'><strong>est</strong></span> <span class='ocrx_word' id='word_1_571' title='bbox 2693 579 2907 618; x_wconf 89' lang='lat' dir='ltr'><strong>carnem</strong></span> <span class='ocrx_word' id='word_1_572' title='bbox 2953 579 3238 629; x_wconf 87' lang='lat' dir='ltr'><strong>assumere,</strong></span> <span class='ocrx_word' id='word_1_573' title='bbox 3279 560 3560 627; x_wconf 73' lang='lat' dir='ltr'><strong>contentus</strong></span> 
     </span>
    </p>
   </div>
   <div class='ocr_carea' id='block_1_82' title="bbox 1978 633 3553 707">
    <p class='ocr_par' dir='ltr' id='par_1_82' title="bbox 1978 633 3553 707">
     <span class='ocr_line' id='line_1_82' title="bbox 1978 633 3553 707; baseline 0.006 -23"><span class='ocrx_word' id='word_1_574' title='bbox 1978 639 2066 707; x_wconf 78' lang='lat' dir='ltr'><strong>est</strong></span> <span class='ocrx_word' id='word_1_575' title='bbox 2089 645 2275 707; x_wconf 63' lang='lat' dir='ltr'><strong>cruce;</strong></span> <span class='ocrx_word' id='word_1_576' title='bbox 2303 639 2454 707; x_wconf 81' lang='lat' dir='ltr'><strong>ut_te,</strong></span> <span class='ocrx_word' id='word_1_577' title='bbox 2487 633 2574 698; x_wconf 88' lang='lat' dir='ltr'><strong>qui</strong></span> <span class='ocrx_word' id='word_1_578' title='bbox 2598 633 2817 707; x_wconf 76' lang='lat' dir='ltr'><strong>erimina</strong></span> <span class='ocrx_word' id='word_1_579' title='bbox 2841 647 2928 688; x_wconf 90' lang='lat' dir='ltr'><strong>tua</strong></span> <span class='ocrx_word' id='word_1_580' title='bbox 2951 635 3174 707; x_wconf 79' lang='lat' dir='ltr'><strong>evadere</strong></span> <span class='ocrx_word' id='word_1_581' title='bbox 3196 651 3300 692; x_wconf 92' lang='lat' dir='ltr'><strong>non</strong></span> <span class='ocrx_word' id='word_1_582' title='bbox 3325 651 3553 707; x_wconf 81' lang='lat' dir='ltr'><strong>poteras.</strong></span> 
     </span>
    </p>
   </div>
   <div class='ocr_carea' id='block_1_83' title="bbox 1980 699 3556 769">
    <p class='ocr_par' dir='ltr' id='par_1_83' title="bbox 1980 699 3556 769">
     <span class='ocr_line' id='line_1_83' title="bbox 1980 699 3556 769; baseline 0.007 -15"><span class='ocrx_word' id='word_1_583' title='bbox 1980 700 2304 769; x_wconf 85' lang='lat' dir='ltr'><strong>indulgentia</strong></span> <span class='ocrx_word' id='word_1_584' title='bbox 2348 699 2545 755; x_wconf 84' lang='lat' dir='ltr'><strong>faceret</strong></span> <span class='ocrx_word' id='word_1_585' title='bbox 2599 704 2954 760; x_wconf 88' lang='lat' dir='ltr'><strong>innocentem.</strong></span> <span class='ocrx_word' id='word_1_586' title='bbox 3017 704 3138 759; x_wconf 89' lang='lat' dir='ltr'><strong>Ideo</strong></span> <span class='ocrx_word' id='word_1_587' title='bbox 3188 699 3556 765; x_wconf 78' lang='lat' dir='ltr'><strong>immaculatus</strong></span> 
     </span>
    </p>
   </div>
   <div class='ocr_carea' id='block_1_84' title="bbox 1978 772 3556 848">
    <p class='ocr_par' dir='ltr' id='par_1_84' title="bbox 1978 772 3556 848">
     <span class='ocr_line' id='line_1_84' title="bbox 1978 772 3556 848; baseline 0.009 -26"><span class='ocrx_word' id='word_1_588' title='bbox 1978 772 2186 848; x_wconf 83' lang='lat' dir='ltr'><strong>occisus</strong></span> <span class='ocrx_word' id='word_1_589' title='bbox 2234 780 2315 825; x_wconf 89' lang='lat' dir='ltr'><strong>est</strong></span> <span class='ocrx_word' id='word_1_590' title='bbox 2353 772 2640 848; x_wconf 73' lang='lat' dir='ltr'><strong>Agnlls,_ttt</strong></span> <span class='ocrx_word' id='word_1_591' title='bbox 2683 774 2798 842; x_wconf 80' lang='lat' dir='ltr'><strong>ejus</strong></span> <span class='ocrx_word' id='word_1_592' title='bbox 2843 789 3034 830; x_wconf 88' lang='lat' dir='ltr'><strong>cruore</strong></span> <span class='ocrx_word' id='word_1_593' title='bbox 3080 776 3293 848; x_wconf 86' lang='lat' dir='ltr'><strong>humani</strong></span> <span class='ocrx_word' id='word_1_594' title='bbox 3345 784 3556 848; x_wconf 85' lang='lat' dir='ltr'><strong>generis</strong></span> 
     </span>
    </p>
   </div>
   <div class='ocr_carea' id='block_1_85' title="bbox 1980 841 3553 914">
    <p class='ocr_par' dir='ltr' id='par_1_85' title="bbox 1980 841 3553 914">
     <span class='ocr_line' id='line_1_85' title="bbox 1980 841 3553 914; baseline 0.007 -22"><span class='ocrx_word' id='word_1_595' title='bbox 1980 841 2183 895; x_wconf 87' lang='lat' dir='ltr'><strong>macula</strong></span> <span class='ocrx_word' id='word_1_596' title='bbox 2211 850 2522 914; x_wconf 81' lang='lat' dir='ltr'><strong>tergeretur.</strong></span> <span class='ocrx_word' id='word_1_597' title='bbox 2553 843 2710 896; x_wconf 82' lang='lat' dir='ltr'><strong>Miror</strong></span> <span class='ocrx_word' id='word_1_598' title='bbox 2753 855 2949 909; x_wconf 90' lang='lat' dir='ltr'><strong>autem,</strong></span> <span class='ocrx_word' id='word_1_599' title='bbox 2979 847 3233 914; x_wconf 87' lang='lat' dir='ltr'><strong>quosdam</strong></span> <span class='ocrx_word' id='word_1_600' title='bbox 3281 841 3553 905; x_wconf 51' lang='lat' dir='ltr'><strong>sicvobsti-</strong></span> 
     </span>
    </p>
   </div>
   <div class='ocr_carea' id='block_1_86' title="bbox 1980 911 3553 986">
    <p class='ocr_par' dir='ltr' id='par_1_86' title="bbox 1980 911 3553 986">
     <span class='ocr_line' id='line_1_86' title="bbox 1980 911 3553 986; baseline 0.008 -23"><span class='ocrx_word' id='word_1_601' title='bbox 1980 920 2129 986; x_wconf 82' lang='lat' dir='ltr'><strong>natos</strong></span> <span class='ocrx_word' id='word_1_602' title='bbox 2158 927 2296 976; x_wconf 87' lang='lat' dir='ltr'><strong>esse,</strong></span> <span class='ocrx_word' id='word_1_603' title='bbox 2327 911 2650 986; x_wconf 14' lang='lat' dir='ltr'><strong>ut‘dandam</strong></span> <span class='ocrx_word' id='word_1_604' title='bbox 2697 929 2800 967; x_wconf 89' lang='lat' dir='ltr'><strong>non</strong></span> <span class='ocrx_word' id='word_1_605' title='bbox 2836 911 3037 986; x_wconf 2' lang='lat' dir='ltr'><strong>(putent</strong></span> <span class='ocrx_word' id='word_1_606' title='bbox 3074 919 3235 985; x_wconf 86' lang='lat' dir='ltr'><strong>lapsis</strong></span> <span class='ocrx_word' id='word_1_607' title='bbox 3288 925 3553 986; x_wconf 71' lang='lat' dir='ltr'><strong>pmuiten-</strong></span> 
     </span>
    </p>
   </div>
   <div class='ocr_carea' id='block_1_87' title="bbox 1979 973 3554 1062">
    <p class='ocr_par' dir='ltr' id='par_1_87' title="bbox 1979 973 3554 1062">
     <span class='ocr_line' id='line_1_87' title="bbox 1979 973 3554 1062; baseline 0.009 -28"><span class='ocrx_word' id='word_1_608' title='bbox 1979 983 2126 1062; x_wconf 73' lang='lat' dir='ltr'><strong>tiam,</strong></span> <span class='ocrx_word' id='word_1_609' title='bbox 2158 992 2248 1034; x_wconf 91' lang='lat' dir='ltr'><strong>aut</strong></span> <span class='ocrx_word' id='word_1_610' title='bbox 2280 973 2654 1062; x_wconf 58' lang='lat' dir='ltr'><strong>paenitentibus</strong></span> <span class='ocrx_word' id='word_1_611' title='bbox 2692 973 2996 1062; x_wconf 52' lang='lat' dir='ltr'><strong>esistiineut</strong></span> <span class='ocrx_word' id='word_1_612' title='bbox 3035 973 3238 1062; x_wconf 80' lang='lat' dir='ltr'><strong>veniam</strong></span> 
     </span>
    </p>
   </div>
   <div class='ocr_carea' id='block_1_88' title="bbox 1976 1051 3552 1125">
    <p class='ocr_par' dir='ltr' id='par_1_88' title="bbox 1976 1051 3552 1125">
     <span class='ocr_line' id='line_1_88' title="bbox 1976 1051 3552 1125; baseline 0.006 -21"><span class='ocrx_word' id='word_1_613' title='bbox 1976 1051 2132 1115; x_wconf 80' lang='lat' dir='ltr'><strong>dant;</strong></span> <span class='ocrx_word' id='word_1_614' title='bbox 2159 1067 2279 1125; x_wconf 84' lang='lat' dir='ltr'><strong>cum</strong></span> <span class='ocrx_word' id='word_1_615' title='bbox 2311 1054 2561 1125; x_wconf 79' lang='lat' dir='ltr'><strong>scriptum</strong></span> <span class='ocrx_word' id='word_1_616' title='bbox 2599 1053 2687 1118; x_wconf 87' lang='lat' dir='ltr'><strong>sit,</strong></span> <span class='ocrx_word' id='word_1_617' title='bbox 2722 1054 2970 1108; x_wconf 77' lang='lat' dir='ltr'><strong>Memento</strong></span> <span class='ocrx_word' id='word_1_618' title='bbox 3015 1058 3146 1109; x_wconf 85' lang='lat' dir='ltr'><strong>unde</strong></span> <span class='ocrx_word' id='word_1_619' title='bbox 3200 1051 3464 1125; x_wconf 43' lang='lat' dir='ltr'><strong>excideris:</strong></span> <span class='ocrx_word' id='word_1_620' title='bbox 3505 1077 3552 1118; x_wconf 81' lang='lat' dir='ltr'><strong>ct</strong></span> 
     </span>
    </p>
   </div>
   <div class='ocr_carea' id='block_1_89' title="bbox 1976 1123 3546 1201">
    <p class='ocr_par' dir='ltr' id='par_1_89' title="bbox 1976 1123 3546 1201">
     <span class='ocr_line' id='line_1_89' title="bbox 1976 1123 3546 1201; baseline 0.01 -28"><span class='ocrx_word' id='word_1_621' title='bbox 1976 1139 2068 1192; x_wconf 82' lang='lat' dir='ltr'><strong>age</strong></span> <span class='ocrx_word' id='word_1_622' title='bbox 2095 1123 2450 1201; x_wconf 43' lang='lat' dir='ltr'><strong>pain-iteradum,</strong></span> <span class='ocrx_word' id='word_1_623' title='bbox 2473 1132 2517 1174; x_wconf 74' lang='lat' dir='ltr'><strong>et</strong></span> <span class='ocrx_word' id='word_1_624' title='bbox 2543 1125 2624 1190; x_wconf 72' lang='lat' dir='ltr'><strong>{ac</strong></span> <span class='ocrx_word' id='word_1_625' title='bbox 2652 1126 2821 1192; x_wconf 80' lang='lat' dir='ltr'><strong>priora</strong></span> <span class='ocrx_word' id='word_1_626' title='bbox 2852 1127 3208 1201; x_wconf 9' lang='lat' dir='ltr'><strong>operatwpor.</strong></span> <span class='ocrx_word' id='word_1_627' title='bbox 3245 1146 3298 1192; x_wconf 88' lang='lat' dir='ltr'><strong>ll,</strong></span> <span class='ocrx_word' id='word_1_628' title='bbox 3332 1133 3410 1201; x_wconf 86' lang='lat'><strong>5).</strong></span> <span class='ocrx_word' id='word_1_629' title='bbox 3445 1123 3546 1190; x_wconf 64' lang='lat' dir='ltr'><strong>Utio</strong></span> 
     </span>
    </p>
   </div>
   <div class='ocr_carea' id='block_1_90' title="bbox 1977 1193 3552 1269">
    <p class='ocr_par' dir='ltr' id='par_1_90' title="bbox 1977 1193 3552 1269">
     <span class='ocr_line' id='line_1_90' title="bbox 1977 1193 3552 1269; baseline 0.008 -26"><span class='ocrx_word' id='word_1_630' title='bbox 1977 1208 2079 1269; x_wconf 81' lang='lat' dir='ltr'><strong>que</strong></span> <span class='ocrx_word' id='word_1_631' title='bbox 2105 1198 2151 1246; x_wconf 91' lang='lat' dir='ltr'><strong>ei</strong></span> <span class='ocrx_word' id='word_1_632' title='bbox 2179 1193 2388 1269; x_wconf 81' lang='lat' dir='ltr'><strong>dicitur,</strong></span> <span class='ocrx_word' id='word_1_633' title='bbox 2420 1208 2577 1261; x_wconf 91' lang='lat' dir='ltr'><strong>quem</strong></span> <span class='ocrx_word' id='word_1_634' title='bbox 2614 1205 2821 1248; x_wconf 85' lang='lat' dir='ltr'><strong>constet</strong></span> <span class='ocrx_word' id='word_1_635' title='bbox 2851 1193 3132 1260; x_wconf 81' lang='lat' dir='ltr'><strong>excidisse,</strong></span> <span class='ocrx_word' id='word_1_636' title='bbox 3169 1208 3222 1252; x_wconf 87' lang='lat' dir='ltr'><strong>et</strong></span> <span class='ocrx_word' id='word_1_637' title='bbox 3245 1193 3403 1269; x_wconf 82' lang='lat' dir='ltr'><strong>quem</strong></span> <span class='ocrx_word' id='word_1_638' title='bbox 3445 1206 3552 1257; x_wconf 87' lang='lat' dir='ltr'><strong>Dn-</strong></span> 
     </span>
    </p>
   </div>
   <div class='ocr_carea' id='block_1_91' title="bbox 1979 1263 3548 1343">
    <p class='ocr_par' dir='ltr' id='par_1_91' title="bbox 1979 1263 3548 1343">
     <span class='ocr_line' id='line_1_91' title="bbox 1979 1263 3548 1343; baseline 0.008 -28"><span class='ocrx_word' id='word_1_639' title='bbox 1979 1265 2151 1343; x_wconf 83' lang='lat' dir='ltr'><strong>minus</strong></span> <span class='ocrx_word' id='word_1_640' title='bbox 2200 1263 2438 1343; x_wconf 60' lang='lat' dir='ltr'><strong>hortatur</strong></span> <span class='ocrx_word' id='word_1_641' title='bbox 2486 1280 2580 1331; x_wconf 86' lang='lat' dir='ltr'><strong>per</strong></span> <span class='ocrx_word' id='word_1_642' title='bbox 2626 1281 2786 1334; x_wconf 82' lang='lat' dir='ltr'><strong>opera</strong></span> <span class='ocrx_word' id='word_1_643' title='bbox 2839 1282 3020 1343; x_wconf 78' lang='lat' dir='ltr'><strong>rursus</strong></span> <span class='ocrx_word' id='word_1_644' title='bbox 3072 1263 3374 1343; x_wconf 67' lang='lat' dir='ltr'><strong>exsm&#39;gere,</strong></span> <span class='ocrx_word' id='word_1_645' title='bbox 3427 1276 3548 1343; x_wconf 86' lang='lat' dir='ltr'><strong>quia</strong></span> 
     </span>
    </p>
   </div>
   <div class='ocr_carea' id='block_1_92' title="bbox 1976 1332 3545 1417">
    <p class='ocr_par' dir='ltr' id='par_1_92' title="bbox 1976 1332 3545 1417">
     <span class='ocr_line' id='line_1_92' title="bbox 1976 1332 3545 1417; baseline 0.006 -33"><span class='ocrx_word' id='word_1_646' title='bbox 1976 1335 2348 1417; x_wconf 73' lang='lat' dir='ltr'><strong>scriptumcst,</strong></span> <span class='ocrx_word' id='word_1_647' title='bbox 2369 1332 2697 1417; x_wconf 45' lang='lat' dir='ltr'><strong>Elt&#39;etttlosyna</strong></span> <span class='ocrx_word' id='word_1_648' title='bbox 2723 1353 2753 1387; x_wconf 89' lang='lat' dir='ltr'><strong>a</strong></span> <span class='ocrx_word' id='word_1_649' title='bbox 2778 1347 2934 1390; x_wconf 87' lang='lat' dir='ltr'><strong>morte</strong></span> <span class='ocrx_word' id='word_1_650' title='bbox 2953 1336 3126 1390; x_wconf 71' lang='lat' dir='ltr'><strong>liberat</strong></span> <span class='ocrx_word' id='word_1_651' title='bbox 3149 1332 3395 1417; x_wconf 45' lang='lat' dir='ltr'><strong>(ruinae,</strong></span> <span class='ocrx_word' id='word_1_652' title='bbox 3423 1332 3511 1417; x_wconf 67' lang='lat' dir='ltr'><strong>fl)</strong></span> <span class='ocrx_word' id='word_1_653' title='bbox 3535 1364 3545 1398; x_wconf 91' lang='lat'>:</span> 
     </span>
    </p>
   </div>
   <div class='ocr_carea' id='block_1_93' title="bbox 1978 1404 3553 1475">
    <p class='ocr_par' dir='ltr' id='par_1_93' title="bbox 1978 1404 3553 1475">
     <span class='ocr_line' id='line_1_93' title="bbox 1978 1404 3553 1475; baseline 0.008 -19"><span class='ocrx_word' id='word_1_654' title='bbox 1978 1415 2151 1457; x_wconf 91' lang='lat' dir='ltr'><strong>etnon</strong></span> <span class='ocrx_word' id='word_1_655' title='bbox 2182 1404 2358 1475; x_wconf 87' lang='lat' dir='ltr'><strong>utique</strong></span> <span class='ocrx_word' id='word_1_656' title='bbox 2383 1406 2448 1456; x_wconf 86' lang='lat' dir='ltr'><strong>ab</strong></span> <span class='ocrx_word' id='word_1_657' title='bbox 2494 1406 2580 1456; x_wconf 86' lang='lat' dir='ltr'><strong>illa</strong></span> <span class='ocrx_word' id='word_1_658' title='bbox 2613 1417 2782 1460; x_wconf 88' lang='lat' dir='ltr'><strong>morte</strong></span> <span class='ocrx_word' id='word_1_659' title='bbox 2815 1422 2970 1475; x_wconf 90' lang='lat' dir='ltr'><strong>quam</strong></span> <span class='ocrx_word' id='word_1_660' title='bbox 2999 1404 3164 1461; x_wconf 85' lang='lat' dir='ltr'><strong>semel</strong></span> <span class='ocrx_word' id='word_1_661' title='bbox 3191 1404 3392 1466; x_wconf 77' lang='lat' dir='ltr'><strong>Christi</strong></span> <span class='ocrx_word' id='word_1_662' title='bbox 3431 1404 3553 1468; x_wconf 67' lang='lat' dir='ltr'><strong>sai:-</strong></span> 
     </span>
    </p>
   </div>
   <div class='ocr_carea' id='block_1_94' title="bbox 1975 1474 3554 1548">
    <p class='ocr_par' dir='ltr' id='par_1_94' title="bbox 1975 1474 3554 1548">
     <span class='ocr_line' id='line_1_94' title="bbox 1975 1474 3554 1548; baseline 0.009 -24"><span class='ocrx_word' id='word_1_663' title='bbox 1975 1474 2090 1548; x_wconf 65' lang='lat' dir='ltr'><strong>guis</strong></span> <span class='ocrx_word' id='word_1_664' title='bbox 2144 1474 2413 1548; x_wconf 76' lang='lat' dir='ltr'><strong>chtinxit,</strong></span> <span class='ocrx_word' id='word_1_665' title='bbox 2457 1483 2566 1548; x_wconf 9' lang='lat' dir='ltr'><strong>etga</strong></span> <span class='ocrx_word' id='word_1_666' title='bbox 2620 1490 2720 1543; x_wconf 88' lang='lat' dir='ltr'><strong>qua</strong></span> <span class='ocrx_word' id='word_1_667' title='bbox 2776 1474 2870 1548; x_wconf 69' lang='lat' dir='ltr'><strong>nos</strong></span> <span class='ocrx_word' id='word_1_668' title='bbox 2920 1478 3163 1530; x_wconf 87' lang='lat' dir='ltr'><strong>salutaris</strong></span> <span class='ocrx_word' id='word_1_669' title='bbox 3206 1479 3456 1548; x_wconf 79' lang='lat' dir='ltr'><strong>Baptismi</strong></span> <span class='ocrx_word' id='word_1_670' title='bbox 3501 1497 3554 1539; x_wconf 89' lang='lat' dir='ltr'><strong>ct</strong></span> 
     </span>
    </p>
   </div>
   <div class='ocr_carea' id='block_1_95' title="bbox 1982 1545 3552 1623">
    <p class='ocr_par' dir='ltr' id='par_1_95' title="bbox 1982 1545 3552 1623">
     <span class='ocr_line' id='line_1_95' title="bbox 1982 1545 3552 1623; baseline 0.008 -28"><span class='ocrx_word' id='word_1_671' title='bbox 1982 1545 2345 1623; x_wconf 66' lang='lat' dir='ltr'><strong>Redemptoris</strong></span> <span class='ocrx_word' id='word_1_672' title='bbox 2372 1546 3045 1623; x_wconf 38' lang='lat' dir='ltr'><strong>nostrigratia.liberavit;</strong></span> <span class='ocrx_word' id='word_1_673' title='bbox 3075 1549 3168 1603; x_wconf 84' lang='lat' dir='ltr'><strong>sed</strong></span> <span class='ocrx_word' id='word_1_674' title='bbox 3219 1545 3292 1606; x_wconf 45' lang='lat' dir='ltr'><strong>ab&#39;</strong></span> <span class='ocrx_word' id='word_1_675' title='bbox 3335 1569 3394 1606; x_wconf 91' lang='lat' dir='ltr'><strong>ea</strong></span> <span class='ocrx_word' id='word_1_676' title='bbox 3434 1571 3552 1623; x_wconf 74' lang='lat' dir='ltr'><strong>qua:</strong></span> 
     </span>
    </p>
   </div>
   <div class='ocr_carea' id='block_1_96' title="bbox 1979 1615 3552 1692">
    <p class='ocr_par' dir='ltr' id='par_1_96' title="bbox 1979 1615 3552 1692">
     <span class='ocr_line' id='line_1_96' title="bbox 1979 1615 3552 1692; baseline 0.01 -26"><span class='ocrx_word' id='word_1_677' title='bbox 1979 1629 2071 1692; x_wconf 78' lang='lat' dir='ltr'><strong>per</strong></span> <span class='ocrx_word' id='word_1_678' title='bbox 2100 1615 2288 1692; x_wconf 49' lang='lat' dir='ltr'><strong>delicta</strong></span> <span class='ocrx_word' id='word_1_679' title='bbox 2319 1616 2649 1682; x_wconf 87' lang='lat' dir='ltr'><strong>postmodum</strong></span> <span class='ocrx_word' id='word_1_680' title='bbox 2675 1615 2954 1692; x_wconf 83' lang='lat' dir='ltr'><strong>subrepsit.</strong></span> <span class='ocrx_word' id='word_1_681' title='bbox 2987 1617 3116 1692; x_wconf 80' lang='lat' dir='ltr'><strong>Nam</strong></span> <span class='ocrx_word' id='word_1_682' title='bbox 3141 1634 3267 1673; x_wconf 83' lang='lat' dir='ltr'><strong>cum</strong></span> <span class='ocrx_word' id='word_1_683' title='bbox 3299 1615 3552 1692; x_wconf 68' lang='lat' dir='ltr'><strong>scriptum</strong></span> 
     </span>
    </p>
   </div>
   <div class='ocr_carea' id='block_1_97' title="bbox 1978 1684 3552 1764">
    <p class='ocr_par' dir='ltr' id='par_1_97' title="bbox 1978 1684 3552 1764">
     <span class='ocr_line' id='line_1_97' title="bbox 1978 1684 3552 1764; baseline 0.008 -28"><span class='ocrx_word' id='word_1_684' title='bbox 1978 1686 2066 1764; x_wconf 76' lang='lat' dir='ltr'><strong>sit,</strong></span> <span class='ocrx_word' id='word_1_685' title='bbox 2119 1684 2364 1764; x_wconf 78' lang='lat' dir='ltr'><strong>Dominus</strong></span> <span class='ocrx_word' id='word_1_686' title='bbox 2399 1695 2609 1764; x_wconf 64' lang='lat' dir='ltr'><strong>mortem</strong></span> <span class='ocrx_word' id='word_1_687' title='bbox 2639 1703 2735 1764; x_wconf 66' lang='lat' dir='ltr'><strong>non</strong></span> <span class='ocrx_word' id='word_1_688' title='bbox 2776 1689 2911 1764; x_wconf 77' lang='lat' dir='ltr'><strong>fecit,</strong></span> <span class='ocrx_word' id='word_1_689' title='bbox 2937 1704 3024 1740; x_wconf 80' lang='lat' dir='ltr'><strong>nec</strong></span> <span class='ocrx_word' id='word_1_690' title='bbox 3047 1689 3247 1742; x_wconf 79' lang='lat' dir='ltr'><strong>ltrtatur</strong></span> <span class='ocrx_word' id='word_1_691' title='bbox 3279 1693 3330 1746; x_wconf 88' lang='lat' dir='ltr'><strong>in</strong></span> <span class='ocrx_word' id='word_1_692' title='bbox 3377 1684 3552 1764; x_wconf 75' lang='lat' dir='ltr'><strong>perdi-</strong></span> 
     </span>
    </p>
   </div>
   <div class='ocr_carea' id='block_1_98' title="bbox 1977 1755 3553 1827">
    <p class='ocr_par' dir='ltr' id='par_1_98' title="bbox 1977 1755 3553 1827">
     <span class='ocr_line' id='line_1_98' title="bbox 1977 1755 3553 1827; baseline 0.008 -21"><span class='ocrx_word' id='word_1_693' title='bbox 1977 1755 2111 1808; x_wconf 87' lang='lat' dir='ltr'><strong>tione</strong></span> <span class='ocrx_word' id='word_1_694' title='bbox 2143 1756 2362 1808; x_wconf 83' lang='lat' dir='ltr'><strong>vivorum</strong></span> <span class='ocrx_word' id='word_1_695' title='bbox 2392 1755 2543 1826; x_wconf 84' lang='lat' dir='ltr'><strong>(Sap.</strong></span> <span class='ocrx_word' id='word_1_696' title='bbox 2578 1771 2614 1820; x_wconf 89' lang='lat' dir='ltr'><strong>t,</strong></span> <span class='ocrx_word' id='word_1_697' title='bbox 2636 1757 2724 1826; x_wconf 83' lang='grc'><strong>15)</strong></span> <span class='ocrx_word' id='word_1_698' title='bbox 2761 1755 2782 1808; x_wconf 26' lang='grc' dir='ltr'><strong>εί</strong></span> <span class='ocrx_word' id='word_1_699' title='bbox 2806 1759 2982 1826; x_wconf 84' lang='lat' dir='ltr'><strong>utique</strong></span> <span class='ocrx_word' id='word_1_700' title='bbox 3025 1761 3114 1827; x_wconf 87' lang='lat' dir='ltr'><strong>qui</strong></span> <span class='ocrx_word' id='word_1_701' title='bbox 3149 1755 3412 1818; x_wconf 80' lang='lat' dir='ltr'><strong>neminem</strong></span> <span class='ocrx_word' id='word_1_702' title='bbox 3442 1768 3553 1819; x_wconf 89' lang='lat' dir='ltr'><strong>vult</strong></span> 
     </span>
    </p>
   </div>
   <div class='ocr_carea' id='block_1_99' title="bbox 1980 1827 3552 1903">
    <p class='ocr_par' dir='ltr' id='par_1_99' title="bbox 1980 1827 3552 1903">
     <span class='ocr_line' id='line_1_99' title="bbox 1980 1827 3552 1903; baseline 0.006 -25"><span class='ocrx_word' id='word_1_703' title='bbox 1980 1827 2173 1903; x_wconf 78' lang='lat' dir='ltr'><strong>perire,</strong></span> <span class='ocrx_word' id='word_1_704' title='bbox 2204 1827 2348 1903; x_wconf 85' lang='lat' dir='ltr'><strong>cupit</strong></span> <span class='ocrx_word' id='word_1_705' title='bbox 2387 1835 2714 1903; x_wconf 74' lang='lat' dir='ltr'><strong>peccatores</strong></span> <span class='ocrx_word' id='word_1_706' title='bbox 2737 1829 3100 1903; x_wconf 61' lang='lat' dir='ltr'><strong>pleniteutiant</strong></span> <span class='ocrx_word' id='word_1_707' title='bbox 3126 1845 3304 1903; x_wconf 73' lang='lat' dir='ltr'><strong>agere,</strong></span> <span class='ocrx_word' id='word_1_708' title='bbox 3357 1845 3408 1887; x_wconf 91' lang='lat' dir='ltr'><strong>et</strong></span> <span class='ocrx_word' id='word_1_709' title='bbox 3459 1851 3552 1903; x_wconf 87' lang='lat' dir='ltr'><strong>per</strong></span> 
     </span>
    </p>
   </div>
   <div class='ocr_carea' id='block_1_100' title="bbox 1981 1896 3550 1970">
    <p class='ocr_par' dir='ltr' id='par_1_100' title="bbox 1981 1896 3550 1970">
     <span class='ocr_line' id='line_1_100' title="bbox 1981 1896 3550 1970; baseline 0.011 -27"><span class='ocrx_word' id='word_1_710' title='bbox 1981 1897 2553 1970; x_wconf 31' lang='lat' dir='ltr'><strong>pmnitentiam‘denuo</strong></span> <span class='ocrx_word' id='word_1_711' title='bbox 2577 1896 2643 1949; x_wconf 92' lang='lat' dir='ltr'><strong>ad</strong></span> <span class='ocrx_word' id='word_1_712' title='bbox 2668 1899 2829 1970; x_wconf 81' lang='lat' dir='ltr'><strong>vitam</strong></span> <span class='ocrx_word' id='word_1_713' title='bbox 2859 1899 3050 1970; x_wconf 56' lang='lat' dir='ltr'><strong>redire.</strong></span> <span class='ocrx_word' id='word_1_714' title='bbox 3085 1896 3206 1954; x_wconf 77' lang='lat' dir='ltr'><strong>Ideo</strong></span> <span class='ocrx_word' id='word_1_715' title='bbox 3232 1913 3282 1955; x_wconf 93' lang='lat' dir='ltr'><strong>et</strong></span> <span class='ocrx_word' id='word_1_716' title='bbox 3315 1920 3408 1970; x_wconf 88' lang='lat' dir='ltr'><strong>per</strong></span> <span class='ocrx_word' id='word_1_717' title='bbox 3437 1896 3550 1960; x_wconf 63' lang='lat' dir='ltr'><strong>J&#39;oel</strong></span> 
     </span>
    </p>
   </div>
   <div class='ocr_carea' id='block_1_101' title="bbox 1980 1966 3552 2034">
    <p class='ocr_par' dir='ltr' id='par_1_101' title="bbox 1980 1966 3552 2034">
     <span class='ocr_line' id='line_1_101' title="bbox 1980 1966 3552 2034; baseline 0.008 -16"><span class='ocrx_word' id='word_1_718' title='bbox 1980 1968 2288 2034; x_wconf 84' lang='lat' dir='ltr'><strong>prophetam</strong></span> <span class='ocrx_word' id='word_1_719' title='bbox 2316 1966 2544 2029; x_wconf 88' lang='lat' dir='ltr'><strong>clamat,</strong></span> <span class='ocrx_word' id='word_1_720' title='bbox 2578 1975 2632 2020; x_wconf 86' lang='lat' dir='ltr'><strong>et</strong></span> <span class='ocrx_word' id='word_1_721' title='bbox 2655 1966 2803 2031; x_wconf 91' lang='lat' dir='ltr'><strong>dicit,</strong></span> <span class='ocrx_word' id='word_1_722' title='bbox 2855 1967 2921 2021; x_wconf 86' lang='lat' dir='ltr'><strong>Et</strong></span> <span class='ocrx_word' id='word_1_723' title='bbox 2971 1986 3104 2023; x_wconf 86' lang='lat' dir='ltr'><strong>nunc</strong></span> <span class='ocrx_word' id='word_1_724' title='bbox 3147 1971 3269 2025; x_wconf 84' lang='lat' dir='ltr'><strong>dicit</strong></span> <span class='ocrx_word' id='word_1_725' title='bbox 3309 1966 3552 2030; x_wconf 74' lang='lat' dir='ltr'><strong>Dominus</strong></span> 
     </span>
    </p>
   </div>
   <div class='ocr_carea' id='block_1_102' title="bbox 1980 2035 3548 2106">
    <p class='ocr_par' dir='ltr' id='par_1_102' title="bbox 1980 2035 3548 2106">
     <span class='ocr_line' id='line_1_102' title="bbox 1980 2035 3548 2106; baseline 0.008 -20"><span class='ocrx_word' id='word_1_726' title='bbox 1980 2035 2114 2088; x_wconf 80' lang='lat' dir='ltr'><strong>Dens</strong></span> <span class='ocrx_word' id='word_1_727' title='bbox 2137 2046 2314 2097; x_wconf 85' lang='lat' dir='ltr'><strong>vester,</strong></span> <span class='ocrx_word' id='word_1_728' title='bbox 2347 2036 2667 2090; x_wconf 83' lang='lat' dir='ltr'><strong>Revertimini</strong></span> <span class='ocrx_word' id='word_1_729' title='bbox 2705 2037 2773 2089; x_wconf 87' lang='lat' dir='ltr'><strong>ad</strong></span> <span class='ocrx_word' id='word_1_730' title='bbox 2817 2055 2895 2091; x_wconf 88' lang='lat' dir='ltr'><strong>me</strong></span> <span class='ocrx_word' id='word_1_731' title='bbox 2941 2055 3003 2092; x_wconf 78' lang='lat' dir='ltr'><strong>ea:</strong></span> <span class='ocrx_word' id='word_1_732' title='bbox 3047 2048 3146 2093; x_wconf 90' lang='lat' dir='ltr'><strong>toto</strong></span> <span class='ocrx_word' id='word_1_733' title='bbox 3183 2043 3332 2096; x_wconf 86' lang='lat' dir='ltr'><strong>corde</strong></span> <span class='ocrx_word' id='word_1_734' title='bbox 3368 2057 3548 2106; x_wconf 79' lang='lat' dir='ltr'><strong>vestro.</strong></span> 
     </span>
    </p>
   </div>
   <div class='ocr_carea' id='block_1_103' title="bbox 1975 2107 3553 2177">
    <p class='ocr_par' dir='ltr' id='par_1_103' title="bbox 1975 2107 3553 2177">
     <span class='ocr_line' id='line_1_103' title="bbox 1975 2107 3553 2177; baseline 0.007 -19"><span class='ocrx_word' id='word_1_735' title='bbox 1975 2107 2221 2176; x_wconf 79' lang='lat' dir='ltr'><strong>simulque</strong></span> <span class='ocrx_word' id='word_1_736' title='bbox 2245 2107 2296 2158; x_wconf 88' lang='lat' dir='ltr'><strong>in</strong></span> <span class='ocrx_word' id='word_1_737' title='bbox 2315 2107 2513 2176; x_wconf 84' lang='lat' dir='ltr'><strong>jejunio</strong></span> <span class='ocrx_word' id='word_1_738' title='bbox 2541 2116 2586 2160; x_wconf 84' lang='lat' dir='ltr'><strong>et</strong></span> <span class='ocrx_word' id='word_1_739' title='bbox 2605 2108 2725 2177; x_wconf 85' lang='lat' dir='ltr'><strong>ﬂetu</strong></span> <span class='ocrx_word' id='word_1_740' title='bbox 2747 2117 2793 2161; x_wconf 85' lang='lat' dir='ltr'><strong>et</strong></span> <span class='ocrx_word' id='word_1_741' title='bbox 2827 2110 3062 2177; x_wconf 85' lang='lat' dir='ltr'><strong>planctu;</strong></span> <span class='ocrx_word' id='word_1_742' title='bbox 3097 2121 3142 2164; x_wconf 87' lang='lat' dir='ltr'><strong>et</strong></span> <span class='ocrx_word' id='word_1_743' title='bbox 3168 2114 3376 2168; x_wconf 77' lang='lat' dir='ltr'><strong>scindite</strong></span> <span class='ocrx_word' id='word_1_744' title='bbox 3399 2118 3553 2169; x_wconf 86' lang='lat' dir='ltr'><strong>corda</strong></span> 
     </span>
    </p>
   </div>
   <div class='ocr_carea' id='block_1_104' title="bbox 1981 2178 3549 2243">
    <p class='ocr_par' dir='ltr' id='par_1_104' title="bbox 1981 2178 3549 2243">
     <span class='ocr_line' id='line_1_104' title="bbox 1981 2178 3549 2243; baseline 0.007 -15"><span class='ocrx_word' id='word_1_745' title='bbox 1981 2187 2162 2238; x_wconf 78' lang='lat' dir='ltr'><strong>vestra,</strong></span> <span class='ocrx_word' id='word_1_746' title='bbox 2191 2187 2236 2230; x_wconf 88' lang='lat' dir='ltr'><strong>et</strong></span> <span class='ocrx_word' id='word_1_747' title='bbox 2257 2193 2356 2230; x_wconf 86' lang='lat' dir='ltr'><strong>non</strong></span> <span class='ocrx_word' id='word_1_748' title='bbox 2395 2178 2685 2230; x_wconf 83' lang='lat' dir='ltr'><strong>vestimenta</strong></span> <span class='ocrx_word' id='word_1_749' title='bbox 2715 2190 2905 2243; x_wconf 74' lang='lat' dir='ltr'><strong>vestra;</strong></span> <span class='ocrx_word' id='word_1_750' title='bbox 2937 2189 2980 2232; x_wconf 82' lang='lat' dir='ltr'><strong>et</strong></span> <span class='ocrx_word' id='word_1_751' title='bbox 3008 2182 3310 2236; x_wconf 78' lang='lat' dir='ltr'><strong>revertimini</strong></span> <span class='ocrx_word' id='word_1_752' title='bbox 3342 2185 3409 2238; x_wconf 86' lang='lat' dir='ltr'><strong>ad</strong></span> <span class='ocrx_word' id='word_1_753' title='bbox 3444 2187 3549 2239; x_wconf 87' lang='lat' dir='ltr'><strong>Do-</strong></span> 
     </span>
    </p>
   </div>
   <div class='ocr_carea' id='block_1_105' title="bbox 1976 2246 3550 2322">
    <p class='ocr_par' dir='ltr' id='par_1_105' title="bbox 1976 2246 3550 2322">
     <span class='ocr_line' id='line_1_105' title="bbox 1976 2246 3550 2322; baseline 0.008 -24"><span class='ocrx_word' id='word_1_754' title='bbox 1976 2248 2168 2322; x_wconf 81' lang='lat' dir='ltr'><strong>minum</strong></span> <span class='ocrx_word' id='word_1_755' title='bbox 2215 2246 2374 2322; x_wconf 82' lang='lat' dir='ltr'><strong>Deum</strong></span> <span class='ocrx_word' id='word_1_756' title='bbox 2405 2258 2635 2322; x_wconf 76' lang='lat' dir='ltr'><strong>vestrum,</strong></span> <span class='ocrx_word' id='word_1_757' title='bbox 2674 2249 2793 2322; x_wconf 77' lang='lat' dir='ltr'><strong>quia</strong></span> <span class='ocrx_word' id='word_1_758' title='bbox 2824 2250 3102 2322; x_wconf 77' lang='lat' dir='ltr'><strong>misericors</strong></span> <span class='ocrx_word' id='word_1_759' title='bbox 3154 2261 3201 2303; x_wconf 78' lang='lat' dir='ltr'><strong>et</strong></span> <span class='ocrx_word' id='word_1_760' title='bbox 3239 2256 3353 2322; x_wconf 80' lang='lat' dir='ltr'><strong>pius</strong></span> <span class='ocrx_word' id='word_1_761' title='bbox 3391 2269 3480 2320; x_wconf 77' lang='lat' dir='ltr'><strong>cst,</strong></span> <span class='ocrx_word' id='word_1_762' title='bbox 3503 2269 3550 2310; x_wconf 81' lang='lat' dir='ltr'><strong>et</strong></span> 
     </span>
    </p>
   </div>
   <div class='ocr_carea' id='block_1_106' title="bbox 1978 2318 3550 2396">
    <p class='ocr_par' dir='ltr' id='par_1_106' title="bbox 1978 2318 3550 2396">
     <span class='ocr_line' id='line_1_106' title="bbox 1978 2318 3550 2396; baseline 0.008 -30"><span class='ocrx_word' id='word_1_763' title='bbox 1978 2319 2167 2396; x_wconf 75' lang='lat' dir='ltr'><strong>patiens</strong></span> <span class='ocrx_word' id='word_1_764' title='bbox 2193 2326 2237 2369; x_wconf 88' lang='lat' dir='ltr'><strong>et</strong></span> <span class='ocrx_word' id='word_1_765' title='bbox 2265 2318 2437 2396; x_wconf 72' lang='lat' dir='ltr'><strong>multra</strong></span> <span class='ocrx_word' id='word_1_766' title='bbox 2471 2319 2835 2396; x_wconf 66' lang='lat' dir='ltr'><strong>miserationis,</strong></span> <span class='ocrx_word' id='word_1_767' title='bbox 2867 2329 2920 2396; x_wconf 77' lang='lat' dir='ltr'><strong>et</strong></span> <span class='ocrx_word' id='word_1_768' title='bbox 2947 2320 3050 2396; x_wconf 82' lang='lat' dir='ltr'><strong>qui_</strong></span> <span class='ocrx_word' id='word_1_769' title='bbox 3062 2318 3351 2396; x_wconf 67' lang='lat' dir='ltr'><strong>sententiam</strong></span> <span class='ocrx_word' id='word_1_770' title='bbox 3382 2318 3550 2396; x_wconf 74' lang='lat' dir='ltr'><strong>ﬂectat</strong></span> 
     </span>
    </p>
   </div>
   <div class='ocr_carea' id='block_1_107' title="bbox 1975 2388 3550 2463">
    <p class='ocr_par' dir='ltr' id='par_1_107' title="bbox 1975 2388 3550 2463">
     <span class='ocr_line' id='line_1_107' title="bbox 1975 2388 3550 2463; baseline 0.007 -24"><span class='ocrx_word' id='word_1_771' title='bbox 1975 2388 2478 2463; x_wconf 70' lang='lat' dir='ltr'><strong>adversusmalitiam</strong></span> <span class='ocrx_word' id='word_1_772' title='bbox 2495 2388 2765 2463; x_wconf 70' lang='lat' dir='ltr'><strong>irrogatam</strong></span> <span class='ocrx_word' id='word_1_773' title='bbox 2785 2389 2834 2454; x_wconf 90' lang='lat' dir='ltr'><strong>(J</strong></span> <span class='ocrx_word' id='word_1_774' title='bbox 2844 2390 2937 2463; x_wconf 77' lang='lat' dir='ltr'><strong>uel.</strong></span> <span class='ocrx_word' id='word_1_775' title='bbox 2965 2389 3096 2463; x_wconf 54' lang='lat' dir='ltr'><strong>iul?</strong></span> <span class='ocrx_word' id='word_1_776' title='bbox 3113 2395 3190 2463; x_wconf 82' lang='lat' dir='ltr'><strong>etl</strong></span> <span class='ocrx_word' id='word_1_777' title='bbox 3204 2393 3280 2463; x_wconf 81' lang='lat'><strong>5).</strong></span> <span class='ocrx_word' id='word_1_778' title='bbox 3301 2388 3550 2450; x_wconf 78' lang='lat' dir='ltr'><strong>Dominus</strong></span> 
     </span>
    </p>
   </div>
   <div class='ocr_carea' id='block_1_108' title="bbox 1975 2457 3548 2527">
    <p class='ocr_par' dir='ltr' id='par_1_108' title="bbox 1975 2457 3548 2527">
     <span class='ocr_line' id='line_1_108' title="bbox 1975 2457 3548 2527; baseline 0.008 -19"><span class='ocrx_word' id='word_1_779' title='bbox 1975 2472 2185 2527; x_wconf 88' lang='lat' dir='ltr'><strong>quoque</strong></span> <span class='ocrx_word' id='word_1_780' title='bbox 2217 2458 2267 2510; x_wconf 91' lang='lat' dir='ltr'><strong>in</strong></span> <span class='ocrx_word' id='word_1_781' title='bbox 2300 2457 2586 2526; x_wconf 74' lang='lat' dir='ltr'><strong>Evangelio</strong></span> <span class='ocrx_word' id='word_1_782' title='bbox 2616 2460 2859 2526; x_wconf 83' lang='lat' dir='ltr'><strong>pietatem</strong></span> <span class='ocrx_word' id='word_1_783' title='bbox 2904 2461 2991 2513; x_wconf 84' lang='lat' dir='ltr'><strong>Dei</strong></span> <span class='ocrx_word' id='word_1_784' title='bbox 3037 2462 3205 2514; x_wconf 77' lang='lat' dir='ltr'><strong>l’atris</strong></span> <span class='ocrx_word' id='word_1_785' title='bbox 3243 2457 3548 2521; x_wconf 54' lang='lat' dir='ltr'><strong>&#39;ostendens</strong></span> 
     </span>
    </p>
   </div>
   <div class='ocr_carea' id='block_1_109' title="bbox 1975 2529 3551 2606">
    <p class='ocr_par' dir='ltr' id='par_1_109' title="bbox 1975 2529 3551 2606">
     <span class='ocr_line' id='line_1_109' title="bbox 1975 2529 3551 2606; baseline 0.007 -27"><span class='ocrx_word' id='word_1_786' title='bbox 1975 2529 2069 2591; x_wconf 90' lang='lat' dir='ltr'><strong>ait,</strong></span> <span class='ocrx_word' id='word_1_787' title='bbox 2097 2529 2220 2590; x_wconf 79' lang='lat' dir='ltr'><strong>Quis</strong></span> <span class='ocrx_word' id='word_1_788' title='bbox 2249 2539 2319 2580; x_wconf 77' lang='lat' dir='ltr'><strong>est</strong></span> <span class='ocrx_word' id='word_1_789' title='bbox 2346 2544 2415 2606; x_wconf 80' lang='lat' dir='ltr'><strong>ea;_</strong></span> <span class='ocrx_word' id='word_1_790' title='bbox 2434 2529 2566 2606; x_wconf 55' lang='lat' dir='ltr'><strong>nobis</strong></span> <span class='ocrx_word' id='word_1_791' title='bbox 2588 2531 2761 2606; x_wconf 71' lang='lat' dir='ltr'><strong>ltomo,</strong></span> <span class='ocrx_word' id='word_1_792' title='bbox 2789 2545 2934 2606; x_wconf 71' lang='lat' dir='ltr'><strong>quem</strong></span> <span class='ocrx_word' id='word_1_793' title='bbox 2971 2532 3015 2582; x_wconf 78' lang='lat' dir='ltr'><strong>si</strong></span> <span class='ocrx_word' id='word_1_794' title='bbox 3040 2532 3233 2606; x_wconf 61' lang='lat' dir='ltr'><strong>petierit</strong></span> <span class='ocrx_word' id='word_1_795' title='bbox 3271 2535 3408 2606; x_wconf 81' lang='lat' dir='ltr'><strong>ﬁlius</strong></span> <span class='ocrx_word' id='word_1_796' title='bbox 3441 2539 3551 2606; x_wconf 74' lang='lat' dir='ltr'><strong>ejus</strong></span> 
     </span>
    </p>
   </div>
   <div class='ocr_carea' id='block_1_110' title="bbox 1977 2597 3551 2669">
    <p class='ocr_par' dir='ltr' id='par_1_110' title="bbox 1977 2597 3551 2669">
     <span class='ocr_line' id='line_1_110' title="bbox 1977 2597 3551 2669; baseline 0.008 -21"><span class='ocrx_word' id='word_1_797' title='bbox 1977 2597 2452 2666; x_wconf 70' lang='lat' dir='ltr'><strong>panmn,,tmmquid</strong></span> <span class='ocrx_word' id='word_1_798' title='bbox 2493 2597 2710 2666; x_wconf 83' lang='lat' dir='ltr'><strong>lapidem</strong></span> <span class='ocrx_word' id='word_1_799' title='bbox 2742 2601 2959 2668; x_wconf 83' lang='lat' dir='ltr'><strong>porriget</strong></span> <span class='ocrx_word' id='word_1_800' title='bbox 3005 2601 3089 2654; x_wconf 83' lang='lat' dir='ltr'><strong>ei?</strong></span> <span class='ocrx_word' id='word_1_801' title='bbox 3137 2613 3222 2654; x_wconf 84' lang='lat' dir='ltr'><strong>aut</strong></span> <span class='ocrx_word' id='word_1_802' title='bbox 3271 2597 3319 2656; x_wconf 66' lang='lat' dir='ltr'><strong>si</strong></span> <span class='ocrx_word' id='word_1_803' title='bbox 3368 2597 3551 2669; x_wconf 65' lang='lat' dir='ltr'><strong>piscem</strong></span> 
     </span>
    </p>
   </div>
   <div class='ocr_carea' id='block_1_111' title="bbox 1977 2668 3552 2748">
    <p class='ocr_par' dir='ltr' id='par_1_111' title="bbox 1977 2668 3552 2748">
     <span class='ocr_line' id='line_1_111' title="bbox 1977 2668 3552 2748; baseline 0.006 -28"><span class='ocrx_word' id='word_1_804' title='bbox 1977 2668 2587 2748; x_wconf 36' lang='lat' dir='ltr'><strong>postulaverit,‘numquid</strong></span> <span class='ocrx_word' id='word_1_805' title='bbox 2611 2678 2899 2748; x_wconf 65' lang='lat' dir='ltr'><strong>serpentem</strong></span> <span class='ocrx_word' id='word_1_806' title='bbox 2925 2670 2999 2722; x_wconf 84' lang='lat' dir='ltr'><strong>illi</strong></span> <span class='ocrx_word' id='word_1_807' title='bbox 3039 2673 3301 2748; x_wconf 59' lang='lat' dir='ltr'><strong>porriget.”</strong></span> <span class='ocrx_word' id='word_1_808' title='bbox 3330 2668 3391 2728; x_wconf 85' lang='lat' dir='ltr'><strong>Si</strong></span> <span class='ocrx_word' id='word_1_809' title='bbox 3433 2694 3552 2748; x_wconf 80' lang='lat' dir='ltr'><strong>ergo</strong></span> 
     </span>
    </p>
   </div>
   <div class='ocr_carea' id='block_1_112' title="bbox 1977 2738 3550 2811">
    <p class='ocr_par' dir='ltr' id='par_1_112' title="bbox 1977 2738 3550 2811">
     <span class='ocr_line' id='line_1_112' title="bbox 1977 2738 3550 2811; baseline 0.007 -21"><span class='ocrx_word' id='word_1_810' title='bbox 1977 2755 2083 2804; x_wconf 86' lang='lat' dir='ltr'><strong>vos,</strong></span> <span class='ocrx_word' id='word_1_811' title='bbox 2121 2755 2231 2789; x_wconf 80' lang='lat' dir='ltr'><strong>cum</strong></span> <span class='ocrx_word' id='word_1_812' title='bbox 2252 2739 2358 2811; x_wconf 81' lang='lat' dir='ltr'><strong>sitis</strong></span> <span class='ocrx_word' id='word_1_813' title='bbox 2385 2738 2526 2811; x_wconf 72' lang='lat' dir='ltr'><strong>ntali,</strong></span> <span class='ocrx_word' id='word_1_814' title='bbox 2557 2740 2692 2790; x_wconf 75' lang='lat' dir='ltr'><strong>scitis</strong></span> <span class='ocrx_word' id='word_1_815' title='bbox 2713 2739 2841 2792; x_wconf 82' lang='lat' dir='ltr'><strong>bona</strong></span> <span class='ocrx_word' id='word_1_816' title='bbox 2866 2741 2985 2811; x_wconf 86' lang='lat' dir='ltr'><strong>data</strong></span> <span class='ocrx_word' id='word_1_817' title='bbox 3023 2741 3144 2793; x_wconf 88' lang='lat' dir='ltr'><strong>dare</strong></span> <span class='ocrx_word' id='word_1_818' title='bbox 3177 2738 3306 2811; x_wconf 56' lang='lat' dir='ltr'><strong>ﬁliis</strong></span> <span class='ocrx_word' id='word_1_819' title='bbox 3351 2738 3550 2810; x_wconf 56' lang='lat' dir='ltr'><strong>vestri};</strong></span> 
     </span>
    </p>
   </div>
   <div class='ocr_carea' id='block_1_113' title="bbox 1975 2807 3551 2883">
    <p class='ocr_par' dir='ltr' id='par_1_113' title="bbox 1975 2807 3551 2883">
     <span class='ocr_line' id='line_1_113' title="bbox 1975 2807 3551 2883; baseline 0.007 -25"><span class='ocrx_word' id='word_1_820' title='bbox 1975 2820 2160 2873; x_wconf 85' lang='lat' dir='ltr'><strong>quanto</strong></span> <span class='ocrx_word' id='word_1_821' title='bbox 2190 2810 2346 2883; x_wconf 79' lang='lat' dir='ltr'><strong>magis</strong></span> <span class='ocrx_word' id='word_1_822' title='bbox 2375 2807 2527 2861; x_wconf 85' lang='lat' dir='ltr'><strong>Pater</strong></span> <span class='ocrx_word' id='word_1_823' title='bbox 2570 2819 2743 2883; x_wconf 60' lang='lat' dir='ltr'><strong>reslen</strong></span> <span class='ocrx_word' id='word_1_824' title='bbox 2761 2813 2819 2862; x_wconf 81' lang='lat' dir='ltr'><strong>de</strong></span> <span class='ocrx_word' id='word_1_825' title='bbox 2848 2810 2970 2883; x_wconf 76' lang='lat' dir='ltr'><strong>cwlo</strong></span> <span class='ocrx_word' id='word_1_826' title='bbox 2997 2811 3132 2883; x_wconf 79' lang='lat' dir='ltr'><strong>dabit</strong></span> <span class='ocrx_word' id='word_1_827' title='bbox 3172 2807 3425 2883; x_wconf 61' lang='lat' dir='ltr'><strong>Spiritum</strong></span> <span class='ocrx_word' id='word_1_828' title='bbox 3467 2807 3551 2873; x_wconf 51' lang='lat' dir='ltr'><strong>bo;</strong></span> 
     </span>
    </p>
   </div>
   <div class='ocr_carea' id='block_1_114' title="bbox 1977 2878 3553 2954">
    <p class='ocr_par' dir='ltr' id='par_1_114' title="bbox 1977 2878 3553 2954">
     <span class='ocr_line' id='line_1_114' title="bbox 1977 2878 3553 2954; baseline 0.008 -23"><span class='ocrx_word' id='word_1_829' title='bbox 1977 2895 2095 2954; x_wconf 79' lang='lat' dir='ltr'><strong>num</strong></span> <span class='ocrx_word' id='word_1_830' title='bbox 2115 2880 2399 2954; x_wconf 77' lang='lat' dir='ltr'><strong>petentibus</strong></span> <span class='ocrx_word' id='word_1_831' title='bbox 2424 2895 2537 2954; x_wconf 75' lang='lat' dir='ltr'><strong>enm</strong></span> <span class='ocrx_word' id='word_1_832' title='bbox 2567 2878 2776 2948; x_wconf 77' lang='lat' dir='ltr'><strong>(Matth.</strong></span> <span class='ocrx_word' id='word_1_833' title='bbox 2825 2896 2918 2944; x_wconf 85' lang='lat' dir='ltr'><strong>vn,</strong></span> <span class='ocrx_word' id='word_1_834' title='bbox 2942 2882 3126 2954; x_wconf 63' lang='lat' dir='ltr'><strong>9-H).</strong></span> <span class='ocrx_word' id='word_1_835' title='bbox 3157 2878 3440 2954; x_wconf 76' lang='lat' dir='ltr'><strong>Comparat</strong></span> <span class='ocrx_word' id='word_1_836' title='bbox 3468 2888 3553 2943; x_wconf 88' lang='lat' dir='ltr'><strong>hic</strong></span> 
     </span>
    </p>
   </div>
   <div class='ocr_carea' id='block_1_115' title="bbox 1981 2948 3549 3018">
    <p class='ocr_par' dir='ltr' id='par_1_115' title="bbox 1981 2948 3549 3018">
     <span class='ocr_line' id='line_1_115' title="bbox 1981 2948 3549 3018; baseline 0.007 -17"><span class='ocrx_word' id='word_1_837' title='bbox 1981 2948 2231 3002; x_wconf 78' lang='lat' dir='ltr'><strong>Domitius</strong></span> <span class='ocrx_word' id='word_1_838' title='bbox 2257 2951 2522 3004; x_wconf 88' lang='lat' dir='ltr'><strong>carnalem</strong></span> <span class='ocrx_word' id='word_1_839' title='bbox 2566 2959 2787 3018; x_wconf 87' lang='lat' dir='ltr'><strong>patrem,</strong></span> <span class='ocrx_word' id='word_1_840' title='bbox 2834 2959 2889 3004; x_wconf 92' lang='lat' dir='ltr'><strong>et</strong></span> <span class='ocrx_word' id='word_1_841' title='bbox 2941 2950 3032 3005; x_wconf 85' lang='lat' dir='ltr'><strong>Dei</strong></span> <span class='ocrx_word' id='word_1_842' title='bbox 3083 2952 3251 3008; x_wconf 83' lang='lat' dir='ltr'><strong>Patris</strong></span> <span class='ocrx_word' id='word_1_843' title='bbox 3293 2948 3549 3012; x_wconf 58' lang='lat' dir='ltr'><strong>aeternam</strong></span> 
     </span>
    </p>
   </div>
   <div class='ocr_carea' id='block_1_116' title="bbox 1979 3020 3548 3096">
    <p class='ocr_par' dir='ltr' id='par_1_116' title="bbox 1979 3020 3548 3096">
     <span class='ocr_line' id='line_1_116' title="bbox 1979 3020 3548 3096; baseline 0.007 -24"><span class='ocrx_word' id='word_1_844' title='bbox 1979 3020 2284 3096; x_wconf 38' lang='lat' dir='ltr'><strong>larganiq‘ue</strong></span> <span class='ocrx_word' id='word_1_845' title='bbox 2313 3021 2578 3096; x_wconf 61' lang='lat' dir='ltr'><strong>pietatem.</strong></span> <span class='ocrx_word' id='word_1_846' title='bbox 2610 3020 2847 3096; x_wconf 65' lang='lat' dir='ltr'><strong>Quodsi</strong></span> <span class='ocrx_word' id='word_1_847' title='bbox 2887 3020 2986 3075; x_wconf 89' lang='lat' dir='ltr'><strong>iste</strong></span> <span class='ocrx_word' id='word_1_848' title='bbox 3029 3022 3078 3074; x_wconf 88' lang='lat' dir='ltr'><strong>in</strong></span> <span class='ocrx_word' id='word_1_849' title='bbox 3129 3026 3282 3078; x_wconf 89' lang='lat' dir='ltr'><strong>terris</strong></span> <span class='ocrx_word' id='word_1_850' title='bbox 3327 3042 3548 3096; x_wconf 90' lang='lat' dir='ltr'><strong>nequam</strong></span> 
     </span>
    </p>
   </div>
   <div class='ocr_carea' id='block_1_117' title="bbox 1981 3089 3550 3164">
    <p class='ocr_par' dir='ltr' id='par_1_117' title="bbox 1981 3089 3550 3164">
     <span class='ocr_line' id='line_1_117' title="bbox 1981 3089 3550 3164; baseline 0.007 -22"><span class='ocrx_word' id='word_1_851' title='bbox 1981 3103 2126 3158; x_wconf 88' lang='lat' dir='ltr'><strong>pater</strong></span> <span class='ocrx_word' id='word_1_852' title='bbox 2154 3089 2388 3144; x_wconf 72' lang='lat' dir='ltr'><strong>oll‘cnsus</strong></span> <span class='ocrx_word' id='word_1_853' title='bbox 2428 3090 2661 3164; x_wconf 80' lang='lat' dir='ltr'><strong>graviter</strong></span> <span class='ocrx_word' id='word_1_854' title='bbox 2686 3089 2860 3164; x_wconf 74' lang='lat' dir='ltr'><strong>aftlio</strong></span> <span class='ocrx_word' id='word_1_855' title='bbox 2896 3101 3171 3164; x_wconf 82' lang='lat' dir='ltr'><strong>peccatore</strong></span> <span class='ocrx_word' id='word_1_856' title='bbox 3214 3102 3269 3148; x_wconf 86' lang='lat' dir='ltr'><strong>et</strong></span> <span class='ocrx_word' id='word_1_857' title='bbox 3315 3089 3476 3164; x_wconf 84' lang='lat' dir='ltr'><strong>malo,</strong></span> <span class='ocrx_word' id='word_1_858' title='bbox 3506 3101 3550 3153; x_wconf 88' lang='lat' dir='ltr'><strong>si</strong></span> 
     </span>
    </p>
   </div>
   <div class='ocr_carea' id='block_1_118' title="bbox 1979 3159 3554 3236">
    <p class='ocr_par' dir='ltr' id='par_1_118' title="bbox 1979 3159 3554 3236">
     <span class='ocr_line' id='line_1_118' title="bbox 1979 3159 3554 3236; baseline 0.006 -22"><span class='ocrx_word' id='word_1_859' title='bbox 1979 3171 2152 3236; x_wconf 84' lang='lat' dir='ltr'><strong>tamen</strong></span> <span class='ocrx_word' id='word_1_860' title='bbox 2179 3175 2300 3236; x_wconf 83' lang='lat' dir='ltr'><strong>eum</strong></span> <span class='ocrx_word' id='word_1_861' title='bbox 2332 3159 2887 3236; x_wconf 76' lang='lat' dir='ltr'><strong>postmodumviderit</strong></span> <span class='ocrx_word' id='word_1_862' title='bbox 2915 3162 3276 3236; x_wconf 82' lang='lat' dir='ltr'><strong>reformatum,</strong></span> <span class='ocrx_word' id='word_1_863' title='bbox 3309 3175 3362 3220; x_wconf 90' lang='lat' dir='ltr'><strong>et</strong></span> <span class='ocrx_word' id='word_1_864' title='bbox 3390 3159 3554 3236; x_wconf 81' lang='lat' dir='ltr'><strong>depo-</strong></span> 
     </span>
    </p>
   </div>
   <div class='ocr_carea' id='block_1_119' title="bbox 1977 3231 3550 3303">
    <p class='ocr_par' dir='ltr' id='par_1_119' title="bbox 1977 3231 3550 3303">
     <span class='ocr_line' id='line_1_119' title="bbox 1977 3231 3550 3303; baseline 0.006 -20"><span class='ocrx_word' id='word_1_865' title='bbox 1977 3233 2094 3283; x_wconf 85' lang='lat' dir='ltr'><strong>sitis</strong></span> <span class='ocrx_word' id='word_1_866' title='bbox 2135 3231 2322 3303; x_wconf 84' lang='lat' dir='ltr'><strong>prioris</strong></span> <span class='ocrx_word' id='word_1_867' title='bbox 2361 3232 2482 3303; x_wconf 71' lang='lat' dir='ltr'><strong>vita-</strong></span> <span class='ocrx_word' id='word_1_868' title='bbox 2507 3231 2732 3303; x_wconf 81' lang='lat' dir='ltr'><strong>delictis,</strong></span> <span class='ocrx_word' id='word_1_869' title='bbox 2764 3232 2828 3284; x_wconf 90' lang='lat' dir='ltr'><strong>ad</strong></span> <span class='ocrx_word' id='word_1_870' title='bbox 2861 3231 3066 3285; x_wconf 87' lang='lat' dir='ltr'><strong>sobrios</strong></span> <span class='ocrx_word' id='word_1_871' title='bbox 3086 3243 3138 3287; x_wconf 91' lang='lat' dir='ltr'><strong>et</strong></span> <span class='ocrx_word' id='word_1_872' title='bbox 3165 3235 3328 3288; x_wconf 88' lang='lat' dir='ltr'><strong>bonos</strong></span> <span class='ocrx_word' id='word_1_873' title='bbox 3351 3231 3550 3303; x_wconf 72' lang='lat' dir='ltr'><strong>mon-cs,</strong></span> 
     </span>
    </p>
   </div>
   <div class='ocr_carea' id='block_1_120' title="bbox 1978 3300 3552 3368">
    <p class='ocr_par' dir='ltr' id='par_1_120' title="bbox 1978 3300 3552 3368">
     <span class='ocr_line' id='line_1_120' title="bbox 1978 3300 3552 3368; baseline 0.008 -17"><span class='ocrx_word' id='word_1_874' title='bbox 1978 3303 2042 3353; x_wconf 88' lang='lat' dir='ltr'><strong>ad</strong></span> <span class='ocrx_word' id='word_1_875' title='bbox 2063 3302 2376 3354; x_wconf 68' lang='lat' dir='ltr'><strong>innocentia:</strong></span> <span class='ocrx_word' id='word_1_876' title='bbox 2403 3300 2732 3368; x_wconf 58' lang='lat' dir='ltr'><strong>disciplinam</strong></span> <span class='ocrx_word' id='word_1_877' title='bbox 2765 3303 3085 3367; x_wconf 75' lang='lat' dir='ltr'><strong>pmnitentiac</strong></span> <span class='ocrx_word' id='word_1_878' title='bbox 3137 3305 3321 3361; x_wconf 90' lang='lat' dir='ltr'><strong>dolore</strong></span> <span class='ocrx_word' id='word_1_879' title='bbox 3369 3300 3552 3363; x_wconf 52' lang='lat' dir='ltr'><strong>corrc;</strong></span> 
     </span>
    </p>
   </div>
   <div class='ocr_carea' id='block_1_121' title="bbox 1979 3371 3550 3444">
    <p class='ocr_par' dir='ltr' id='par_1_121' title="bbox 1979 3371 3550 3444">
     <span class='ocr_line' id='line_1_121' title="bbox 1979 3371 3550 3444; baseline 0.008 -21"><span class='ocrx_word' id='word_1_880' title='bbox 1979 3387 2119 3444; x_wconf 83' lang='lat' dir='ltr'><strong>etum</strong></span> <span class='ocrx_word' id='word_1_881' title='bbox 2143 3388 2160 3444; x_wconf 75' lang='lat'><strong>;_</strong></span> <span class='ocrx_word' id='word_1_882' title='bbox 2189 3371 2381 3441; x_wconf 87' lang='lat' dir='ltr'><strong>gaudet</strong></span> <span class='ocrx_word' id='word_1_883' title='bbox 2409 3379 2463 3424; x_wconf 88' lang='lat' dir='ltr'><strong>et</strong></span> <span class='ocrx_word' id='word_1_884' title='bbox 2489 3372 2798 3441; x_wconf 87' lang='lat' dir='ltr'><strong>gratulatur,</strong></span> <span class='ocrx_word' id='word_1_885' title='bbox 2827 3383 2877 3426; x_wconf 93' lang='lat' dir='ltr'><strong>et</strong></span> <span class='ocrx_word' id='word_1_886' title='bbox 2909 3383 3210 3441; x_wconf 63' lang='lat' dir='ltr'><strong>suseieptum</strong></span> <span class='ocrx_word' id='word_1_887' title='bbox 3240 3392 3396 3444; x_wconf 89' lang='lat' dir='ltr'><strong>quem</strong></span> <span class='ocrx_word' id='word_1_888' title='bbox 3425 3390 3550 3435; x_wconf 87' lang='lat' dir='ltr'><strong>ante</strong></span> 
     </span>
    </p>
   </div>
   <div class='ocr_carea' id='block_1_122' title="bbox 1981 3442 3554 3518">
    <p class='ocr_par' dir='ltr' id='par_1_122' title="bbox 1981 3442 3554 3518">
     <span class='ocr_line' id='line_1_122' title="bbox 1981 3442 3554 3518; baseline 0.008 -25"><span class='ocrx_word' id='word_1_889' title='bbox 1981 3442 2299 3518; x_wconf 81' lang='lat' dir='ltr'><strong>perdiderat,</strong></span> <span class='ocrx_word' id='word_1_890' title='bbox 2344 3457 2462 3494; x_wconf 91' lang='lat' dir='ltr'><strong>cum</strong></span> <span class='ocrx_word' id='word_1_891' title='bbox 2513 3451 2636 3518; x_wconf 72' lang='lat' dir='ltr'><strong>voto</strong></span> <span class='ocrx_word' id='word_1_892' title='bbox 2687 3453 2918 3518; x_wconf 81' lang='lat' dir='ltr'><strong>paterna:</strong></span> <span class='ocrx_word' id='word_1_893' title='bbox 2945 3442 3315 3501; x_wconf 83' lang='lat' dir='ltr'><strong>exsultationis</strong></span> <span class='ocrx_word' id='word_1_894' title='bbox 3354 3452 3554 3518; x_wconf 89' lang='lat' dir='ltr'><strong>ample-</strong></span> 
     </span>
    </p>
   </div>
   <div class='ocr_carea' id='block_1_123' title="bbox 1978 3512 3549 3584">
    <p class='ocr_par' dir='ltr' id='par_1_123' title="bbox 1978 3512 3549 3584">
     <span class='ocr_line' id='line_1_123' title="bbox 1978 3512 3549 3584; baseline 0.003 -17"><span class='ocrx_word' id='word_1_895' title='bbox 1978 3515 2177 3584; x_wconf 69' lang='lat' dir='ltr'><strong>ctitur:</strong></span> <span class='ocrx_word' id='word_1_896' title='bbox 2205 3521 2401 3580; x_wconf 90' lang='lat' dir='ltr'><strong>quanto</strong></span> <span class='ocrx_word' id='word_1_897' title='bbox 2418 3512 2584 3584; x_wconf 81' lang='lat' dir='ltr'><strong>magis</strong></span> <span class='ocrx_word' id='word_1_898' title='bbox 2613 3529 2748 3584; x_wconf 90' lang='lat' dir='ltr'><strong>unus</strong></span> <span class='ocrx_word' id='word_1_899' title='bbox 2770 3513 2855 3568; x_wconf 89' lang='lat' dir='ltr'><strong>ille</strong></span> <span class='ocrx_word' id='word_1_900' title='bbox 2893 3521 2948 3567; x_wconf 90' lang='lat' dir='ltr'><strong>et</strong></span> <span class='ocrx_word' id='word_1_901' title='bbox 2975 3530 3131 3568; x_wconf 89' lang='lat' dir='ltr'><strong>verus</strong></span> <span class='ocrx_word' id='word_1_902' title='bbox 3163 3525 3328 3584; x_wconf 87' lang='lat' dir='ltr'><strong>pater,</strong></span> <span class='ocrx_word' id='word_1_903' title='bbox 3360 3512 3549 3581; x_wconf 78' lang='lat' dir='ltr'><strong>bonus.</strong></span> 
     </span>
    </p>
   </div>
   <div class='ocr_carea' id='block_1_124' title="bbox 1981 3583 3555 3651">
    <p class='ocr_par' dir='ltr' id='par_1_124' title="bbox 1981 3583 3555 3651">
     <span class='ocr_line' id='line_1_124' title="bbox 1981 3583 3555 3651; baseline 0.006 -15"><span class='ocrx_word' id='word_1_904' title='bbox 1981 3583 2302 3647; x_wconf 86' lang='lat' dir='ltr'><strong>misericors,</strong></span> <span class='ocrx_word' id='word_1_905' title='bbox 2331 3584 2467 3651; x_wconf 91' lang='lat' dir='ltr'><strong>pius,</strong></span> <span class='ocrx_word' id='word_1_906' title='bbox 2497 3583 2603 3635; x_wconf 88' lang='lat' dir='ltr'><strong>imo</strong></span> <span class='ocrx_word' id='word_1_907' title='bbox 2630 3583 2740 3651; x_wconf 90' lang='lat' dir='ltr'><strong>ipsa</strong></span> <span class='ocrx_word' id='word_1_908' title='bbox 2783 3585 2988 3639; x_wconf 89' lang='lat' dir='ltr'><strong>bonitas</strong></span> <span class='ocrx_word' id='word_1_909' title='bbox 3015 3595 3068 3638; x_wconf 93' lang='lat' dir='ltr'><strong>et</strong></span> <span class='ocrx_word' id='word_1_910' title='bbox 3098 3583 3457 3644; x_wconf 87' lang='lat' dir='ltr'><strong>misericordia</strong></span> <span class='ocrx_word' id='word_1_911' title='bbox 3501 3603 3555 3644; x_wconf 89' lang='lat' dir='ltr'><strong>et</strong></span> 
     </span>
    </p>
   </div>
   <div class='ocr_carea' id='block_1_125' title="bbox 1980 3653 3554 3724">
    <p class='ocr_par' dir='ltr' id='par_1_125' title="bbox 1980 3653 3554 3724">
     <span class='ocr_line' id='line_1_125' title="bbox 1980 3653 3554 3724; baseline 0.006 -18"><span class='ocrx_word' id='word_1_912' title='bbox 1980 3655 2167 3721; x_wconf 85' lang='lat' dir='ltr'><strong>pietas,</strong></span> <span class='ocrx_word' id='word_1_913' title='bbox 2213 3653 2421 3724; x_wconf 62' lang='grc' dir='ltr'><strong>ιωῑειιιη*</strong></span> <span class='ocrx_word' id='word_1_914' title='bbox 2463 3653 2513 3705; x_wconf 91' lang='lat' dir='ltr'><strong>in</strong></span> <span class='ocrx_word' id='word_1_915' title='bbox 2554 3653 2862 3724; x_wconf 73' lang='lat' dir='ltr'><strong>pmuitentia</strong></span> <span class='ocrx_word' id='word_1_916' title='bbox 2896 3654 3120 3708; x_wconf 86' lang='lat' dir='ltr'><strong>filiorum</strong></span> <span class='ocrx_word' id='word_1_917' title='bbox 3146 3671 3404 3724; x_wconf 90' lang='lat' dir='ltr'><strong>suorum;</strong></span> <span class='ocrx_word' id='word_1_918' title='bbox 3456 3677 3554 3716; x_wconf 87' lang='lat' dir='ltr'><strong>nec</strong></span> 
     </span>
    </p>
   </div>
   <div class='ocr_carea' id='block_1_126' title="bbox 1980 3723 3554 3792">
    <p class='ocr_par' dir='ltr' id='par_1_126' title="bbox 1980 3723 3554 3792">
     <span class='ocr_line' id='line_1_126' title="bbox 1980 3723 3554 3792; baseline 0.006 -16"><span class='ocrx_word' id='word_1_919' title='bbox 1980 3725 2110 3776; x_wconf 89' lang='lat' dir='ltr'><strong>iram</strong></span> <span class='ocrx_word' id='word_1_920' title='bbox 2135 3723 2512 3792; x_wconf 74' lang='lat' dir='ltr'><strong>ptenitentibus</strong></span> <span class='ocrx_word' id='word_1_921' title='bbox 2552 3733 2642 3776; x_wconf 89' lang='lat' dir='ltr'><strong>aut</strong></span> <span class='ocrx_word' id='word_1_922' title='bbox 2671 3723 3039 3792; x_wconf 87' lang='lat' dir='ltr'><strong>plangentibus</strong></span> <span class='ocrx_word' id='word_1_923' title='bbox 3065 3736 3118 3780; x_wconf 92' lang='lat' dir='ltr'><strong>et</strong></span> <span class='ocrx_word' id='word_1_924' title='bbox 3147 3723 3554 3786; x_wconf 84' lang='lat' dir='ltr'><strong>lamentantibus</strong></span> 
     </span>
    </p>
   </div>
   <div class='ocr_carea' id='block_1_127' title="bbox 1980 3793 3550 3866">
    <p class='ocr_par' dir='ltr' id='par_1_127' title="bbox 1980 3793 3550 3866">
     <span class='ocr_line' id='line_1_127' title="bbox 1980 3793 3550 3866; baseline 0.006 -20"><span class='ocrx_word' id='word_1_925' title='bbox 1980 3809 2077 3847; x_wconf 88' lang='lat' dir='ltr'><strong>nec</strong></span> <span class='ocrx_word' id='word_1_926' title='bbox 2102 3793 2712 3866; x_wconf 68' lang='lat' dir='ltr'><strong>pinnamcomminatur,</strong></span> <span class='ocrx_word' id='word_1_927' title='bbox 2736 3795 2828 3866; x_wconf 85' lang='lat' dir='ltr'><strong>sed</strong></span> <span class='ocrx_word' id='word_1_928' title='bbox 2865 3796 3070 3848; x_wconf 89' lang='lat' dir='ltr'><strong>veniam</strong></span> <span class='ocrx_word' id='word_1_929' title='bbox 3101 3797 3266 3866; x_wconf 84' lang='lat' dir='ltr'><strong>magis</strong></span> <span class='ocrx_word' id='word_1_930' title='bbox 3295 3808 3345 3852; x_wconf 93' lang='lat' dir='ltr'><strong>et</strong></span> <span class='ocrx_word' id='word_1_931' title='bbox 3376 3801 3550 3855; x_wconf 89' lang='lat' dir='ltr'><strong>indul-</strong></span> 
     </span>
    </p>
   </div>
   <div class='ocr_carea' id='block_1_128' title="bbox 1979 3863 3549 3935">
    <p class='ocr_par' dir='ltr' id='par_1_128' title="bbox 1979 3863 3549 3935">
     <span class='ocr_line' id='line_1_128' title="bbox 1979 3863 3549 3935; baseline 0.008 -23"><span class='ocrx_word' id='word_1_932' title='bbox 1979 3866 2208 3934; x_wconf 52' lang='lat' dir='ltr'><strong>gentiam</strong></span> <span class='ocrx_word' id='word_1_933' title='bbox 2237 3863 2553 3935; x_wconf 84' lang='lat' dir='ltr'><strong>pollicetur?</strong></span> <span class='ocrx_word' id='word_1_934' title='bbox 2579 3864 2632 3916; x_wconf 88' lang='lat' dir='ltr'><strong>Si</strong></span> <span class='ocrx_word' id='word_1_935' title='bbox 2669 3865 2810 3918; x_wconf 91' lang='lat' dir='ltr'><strong>enim</strong></span> <span class='ocrx_word' id='word_1_936' title='bbox 2838 3873 3038 3935; x_wconf 87' lang='lat' dir='ltr'><strong>tantum</strong></span> <span class='ocrx_word' id='word_1_937' title='bbox 3081 3863 3246 3932; x_wconf 72' lang='lat' dir='ltr'><strong>potuit</strong></span> <span class='ocrx_word' id='word_1_938' title='bbox 3289 3869 3549 3935; x_wconf 89' lang='lat' dir='ltr'><strong>diabolus,</strong></span> 
     </span>
    </p>
   </div>
   <div class='ocr_carea' id='block_1_129' title="bbox 1981 3934 3551 4004">
    <p class='ocr_par' dir='ltr' id='par_1_129' title="bbox 1981 3934 3551 4004">
     <span class='ocr_line' id='line_1_129' title="bbox 1981 3934 3551 4004; baseline 0.006 -18"><span class='ocrx_word' id='word_1_939' title='bbox 1981 3945 2034 3986; x_wconf 90' lang='lat' dir='ltr'><strong>ut</strong></span> <span class='ocrx_word' id='word_1_940' title='bbox 2063 3935 2125 3988; x_wconf 90' lang='lat' dir='ltr'><strong>de</strong></span> <span class='ocrx_word' id='word_1_941' title='bbox 2149 3934 2372 3988; x_wconf 78' lang='lat' dir='ltr'><strong>excelsis</strong></span> <span class='ocrx_word' id='word_1_942' title='bbox 2402 3935 2651 3987; x_wconf 91' lang='lat' dir='ltr'><strong>virtutum</strong></span> <span class='ocrx_word' id='word_1_943' title='bbox 2685 3934 2904 4004; x_wconf 83' lang='lat' dir='ltr'><strong>fastigiis</strong></span> <span class='ocrx_word' id='word_1_944' title='bbox 2931 3935 2982 3988; x_wconf 90' lang='lat' dir='ltr'><strong>in</strong></span> <span class='ocrx_word' id='word_1_945' title='bbox 3010 3935 3326 4004; x_wconf 90' lang='lat' dir='ltr'><strong>profundum</strong></span> <span class='ocrx_word' id='word_1_946' title='bbox 3371 3951 3422 3996; x_wconf 89' lang='lat' dir='ltr'><strong>te</strong></span> <span class='ocrx_word' id='word_1_947' title='bbox 3451 3934 3551 3996; x_wconf 89' lang='lat' dir='ltr'><strong>du-</strong></span> 
     </span>
    </p>
   </div>
   <div class='ocr_carea' id='block_1_130' title="bbox 1979 4004 3551 4074">
    <p class='ocr_par' dir='ltr' id='par_1_130' title="bbox 1979 4004 3551 4074">
     <span class='ocr_line' id='line_1_130' title="bbox 1979 4004 3551 4074; baseline 0.005 -16"><span class='ocrx_word' id='word_1_948' title='bbox 1979 4015 2126 4059; x_wconf 84' lang='lat' dir='ltr'><strong>ceret</strong></span> <span class='ocrx_word' id='word_1_949' title='bbox 2174 4004 2466 4065; x_wconf 86' lang='lat' dir='ltr'><strong>malorum;</strong></span> <span class='ocrx_word' id='word_1_950' title='bbox 2497 4014 2695 4073; x_wconf 90' lang='lat' dir='ltr'><strong>quanto</strong></span> <span class='ocrx_word' id='word_1_951' title='bbox 2735 4006 2902 4074; x_wconf 89' lang='lat' dir='ltr'><strong>magis</strong></span> <span class='ocrx_word' id='word_1_952' title='bbox 2957 4008 3151 4073; x_wconf 88' lang='lat' dir='ltr'><strong>poterit</strong></span> <span class='ocrx_word' id='word_1_953' title='bbox 3195 4007 3340 4064; x_wconf 86' lang='lat' dir='ltr'><strong>Deus</strong></span> <span class='ocrx_word' id='word_1_954' title='bbox 3389 4020 3441 4066; x_wconf 90' lang='lat' dir='ltr'><strong>te</strong></span> <span class='ocrx_word' id='word_1_955' title='bbox 3487 4013 3551 4066; x_wconf 85' lang='lat' dir='ltr'><strong>ad</strong></span> 
     </span>
    </p>
   </div>
   <div class='ocr_carea' id='block_1_131' title="bbox 1978 4077 3548 4141">
    <p class='ocr_par' dir='ltr' id='par_1_131' title="bbox 1978 4077 3548 4141">
     <span class='ocr_line' id='line_1_131' title="bbox 1978 4077 3548 4141; baseline 0.003 -13"><span class='ocrx_word' id='word_1_956' title='bbox 1978 4091 2241 4129; x_wconf 86' lang='lat' dir='ltr'><strong>summum</strong></span> <span class='ocrx_word' id='word_1_957' title='bbox 2276 4077 2531 4128; x_wconf 88' lang='lat' dir='ltr'><strong>bonorum</strong></span> <span class='ocrx_word' id='word_1_958' title='bbox 2569 4077 2817 4130; x_wconf 79' lang='lat' dir='ltr'><strong>verticem</strong></span> <span class='ocrx_word' id='word_1_959' title='bbox 2851 4091 3135 4141; x_wconf 86' lang='lat' dir='ltr'><strong>revocare;</strong></span> <span class='ocrx_word' id='word_1_960' title='bbox 3166 4087 3221 4132; x_wconf 90' lang='lat' dir='ltr'><strong>et</strong></span> <span class='ocrx_word' id='word_1_961' title='bbox 3249 4094 3351 4133; x_wconf 93' lang='lat' dir='ltr'><strong>non</strong></span> <span class='ocrx_word' id='word_1_962' title='bbox 3379 4083 3548 4136; x_wconf 85' lang='lat' dir='ltr'><strong>solum</strong></span> 
     </span>
    </p>
   </div>
   <div class='ocr_carea' id='block_1_132' title="bbox 1980 4144 3551 4213">
    <p class='ocr_par' dir='ltr' id='par_1_132' title="bbox 1980 4144 3551 4213">
     <span class='ocr_line' id='line_1_132' title="bbox 1980 4144 3551 4213; baseline 0.005 -14"><span class='ocrx_word' id='word_1_963' title='bbox 1980 4145 2032 4199; x_wconf 91' lang='lat' dir='ltr'><strong>in</strong></span> <span class='ocrx_word' id='word_1_964' title='bbox 2077 4146 2126 4199; x_wconf 90' lang='lat' dir='ltr'><strong>id</strong></span> <span class='ocrx_word' id='word_1_965' title='bbox 2172 4162 2420 4199; x_wconf 87' lang='lat' dir='ltr'><strong>revocare</strong></span> <span class='ocrx_word' id='word_1_966' title='bbox 2459 4146 2597 4213; x_wconf 78' lang='lat' dir='ltr'><strong>quod</strong></span> <span class='ocrx_word' id='word_1_967' title='bbox 2639 4144 2802 4211; x_wconf 87' lang='lat' dir='ltr'><strong>fuisti,</strong></span> <span class='ocrx_word' id='word_1_968' title='bbox 2828 4147 2920 4200; x_wconf 87' lang='lat' dir='ltr'><strong>sed</strong></span> <span class='ocrx_word' id='word_1_969' title='bbox 2951 4157 3005 4202; x_wconf 88' lang='lat' dir='ltr'><strong>et</strong></span> <span class='ocrx_word' id='word_1_970' title='bbox 3047 4147 3335 4204; x_wconf 87' lang='lat' dir='ltr'><strong>beatiorem</strong></span> <span class='ocrx_word' id='word_1_971' title='bbox 3384 4154 3551 4207; x_wconf 91' lang='lat' dir='ltr'><strong>multo</strong></span> 
     </span>
    </p>
   </div>
   <div class='ocr_carea' id='block_1_133' title="bbox 1977 4215 2865 4286">
    <p class='ocr_par' dir='ltr' id='par_1_133' title="bbox 1977 4215 2865 4286">
     <span class='ocr_line' id='line_1_133' title="bbox 1977 4215 2865 4286; baseline 0 -17"><span class='ocrx_word' id='word_1_972' title='bbox 1977 4232 2134 4286; x_wconf 86' lang='lat' dir='ltr'><strong>quam</strong></span> <span class='ocrx_word' id='word_1_973' title='bbox 2164 4218 2307 4285; x_wconf 86' lang='lat' dir='ltr'><strong>prius</strong></span> <span class='ocrx_word' id='word_1_974' title='bbox 2337 4215 2598 4286; x_wconf 83' lang='lat' dir='ltr'><strong>videbaris</strong></span> <span class='ocrx_word' id='word_1_975' title='bbox 2617 4215 2865 4286; x_wconf 83' lang='lat' dir='ltr'><strong>efficere?</strong></span> 
     </span>
    </p>
   </div>
   <div class='ocr_carea' id='block_1_134' title="bbox 2049 4285 3558 4362">
    <p class='ocr_par' dir='ltr' id='par_1_134' title="bbox 2049 4285 3558 4362">
     <span class='ocr_line' id='line_1_134' title="bbox 2049 4285 3558 4362; baseline 0.005 -21"><span class='ocrx_word' id='word_1_976' title='bbox 2049 4288 2130 4362; x_wconf 72' lang='lat' dir='ltr'><strong>CA</strong></span> <span class='ocrx_word' id='word_1_977' title='bbox 2143 4287 2270 4341; x_wconf 81' lang='lat' dir='ltr'><strong>l’ll&#39;l‘</strong></span> <span class='ocrx_word' id='word_1_978' title='bbox 2313 4285 2426 4362; x_wconf 62' lang='lat' dir='ltr'><strong>XV.</strong></span> <span class='ocrx_word' id='word_1_979' title='bbox 2448 4285 2624 4362; x_wconf 80' lang='lat' dir='ltr'><strong>_Quod</strong></span> <span class='ocrx_word' id='word_1_980' title='bbox 2645 4304 2741 4362; x_wconf 81' lang='lat' dir='ltr'><strong>non</strong></span> <span class='ocrx_word' id='word_1_981' title='bbox 2760 4288 3148 4362; x_wconf 77' lang='lat' dir='ltr'><strong>desperandum,</strong></span> <span class='ocrx_word' id='word_1_982' title='bbox 3165 4299 3211 4342; x_wconf 83' lang='lat' dir='ltr'><strong>et</strong></span> <span class='ocrx_word' id='word_1_983' title='bbox 3232 4293 3365 4346; x_wconf 83' lang='lat' dir='ltr'><strong>unde</strong></span> <span class='ocrx_word' id='word_1_984' title='bbox 3384 4310 3558 4362; x_wconf 87' lang='lat' dir='ltr'><strong>procc-</strong></span> 
     </span>
    </p>
   </div>
   <div class='ocr_carea' id='block_1_135' title="bbox 1979 4355 3552 4426">
    <p class='ocr_par' dir='ltr' id='par_1_135' title="bbox 1979 4355 3552 4426">
     <span class='ocr_line' id='line_1_135' title="bbox 1979 4355 3552 4426; baseline 0.003 -16"><span class='ocrx_word' id='word_1_985' title='bbox 1979 4359 2065 4410; x_wconf 86' lang='lat' dir='ltr'><strong>dat</strong></span> <span class='ocrx_word' id='word_1_986' title='bbox 2093 4357 2392 4426; x_wconf 84' lang='lat' dir='ltr'><strong>desperatio.</strong></span> <span class='ocrx_word' id='word_1_987' title='bbox 2423 4355 2468 4408; x_wconf 84' lang='grc' dir='ltr'><em>Α</em></span> <span class='ocrx_word' id='word_1_988' title='bbox 2493 4358 2649 4411; x_wconf 62' lang='lat' dir='ltr'><strong>uenia;</strong></span> <span class='ocrx_word' id='word_1_989' title='bbox 2691 4355 3037 4426; x_wconf 82' lang='lat' dir='ltr'><strong>deprecatione</strong></span> <span class='ocrx_word' id='word_1_990' title='bbox 3092 4378 3192 4414; x_wconf 89' lang='lat' dir='ltr'><strong>non</strong></span> <span class='ocrx_word' id='word_1_991' title='bbox 3235 4355 3552 4416; x_wconf 78' lang='lat' dir='ltr'><strong>cessandum.</strong></span> 
     </span>
    </p>
   </div>
   <div class='ocr_carea' id='block_1_136' title="bbox 1978 4427 3556 4498">
    <p class='ocr_par' dir='ltr' id='par_1_136' title="bbox 1978 4427 3556 4498">
     <span class='ocr_line' id='line_1_136' title="bbox 1978 4427 3556 4498; baseline 0.003 -17"><span class='ocrx_word' id='word_1_992' title='bbox 1978 4427 2202 4481; x_wconf 89' lang='lat' dir='ltr'><strong>Tantum</strong></span> <span class='ocrx_word' id='word_1_993' title='bbox 2237 4443 2302 4482; x_wconf 90' lang='lat' dir='ltr'><strong>ne</strong></span> <span class='ocrx_word' id='word_1_994' title='bbox 2331 4428 2577 4482; x_wconf 85' lang='lat' dir='ltr'><strong>concidas</strong></span> <span class='ocrx_word' id='word_1_995' title='bbox 2601 4429 2799 4491; x_wconf 89' lang='lat' dir='ltr'><strong>animo,</strong></span> <span class='ocrx_word' id='word_1_996' title='bbox 2820 4445 2991 4498; x_wconf 88' lang='lat' dir='ltr'><strong>neque</strong></span> <span class='ocrx_word' id='word_1_997' title='bbox 3020 4447 3168 4498; x_wconf 91' lang='lat' dir='ltr'><strong>spem</strong></span> <span class='ocrx_word' id='word_1_998' title='bbox 3198 4432 3288 4485; x_wconf 87' lang='lat' dir='ltr'><strong>tibi</strong></span> <span class='ocrx_word' id='word_1_999' title='bbox 3315 4433 3556 4487; x_wconf 84' lang='lat' dir='ltr'><strong>abseidas</strong></span> 
     </span>
    </p>
   </div>
   <div class='ocr_carea' id='block_1_137' title="bbox 1979 4499 3552 4570">
    <p class='ocr_par' dir='ltr' id='par_1_137' title="bbox 1979 4499 3552 4570">
     <span class='ocr_line' id='line_1_137' title="bbox 1979 4499 3552 4570; baseline 0.005 -20"><span class='ocrx_word' id='word_1_1000' title='bbox 1979 4499 2260 4570; x_wconf 72' lang='lat' dir='ltr'><strong>bonorum,</strong></span> <span class='ocrx_word' id='word_1_1001' title='bbox 2294 4513 2380 4556; x_wconf 90' lang='lat' dir='ltr'><strong>ne.</strong></span> <span class='ocrx_word' id='word_1_1002' title='bbox 2409 4514 2589 4566; x_wconf 69' lang='lat' dir='ltr'><strong>qumso</strong></span> <span class='ocrx_word' id='word_1_1003' title='bbox 2610 4540 2624 4561; x_wconf 91' lang='lat'><strong>,</strong></span> <span class='ocrx_word' id='word_1_1004' title='bbox 2655 4499 2856 4570; x_wconf 82' lang='lat' dir='ltr'><strong>accidat</strong></span> <span class='ocrx_word' id='word_1_1005' title='bbox 2885 4503 2974 4553; x_wconf 90' lang='lat' dir='ltr'><strong>tibi</strong></span> <span class='ocrx_word' id='word_1_1006' title='bbox 3003 4502 3141 4569; x_wconf 91' lang='lat' dir='ltr'><strong>quod</strong></span> <span class='ocrx_word' id='word_1_1007' title='bbox 3193 4502 3367 4570; x_wconf 90' lang='lat' dir='ltr'><strong>impiis</strong></span> <span class='ocrx_word' id='word_1_1008' title='bbox 3395 4505 3552 4558; x_wconf 90' lang='lat' dir='ltr'><strong>solet.</strong></span> 
     </span>
    </p>
   </div>
   <div class='ocr_carea' id='block_1_138' title="bbox 1977 4568 3556 4641">
    <p class='ocr_par' dir='ltr' id='par_1_138' title="bbox 1977 4568 3556 4641">
     <span class='ocr_line' id='line_1_138' title="bbox 1977 4568 3556 4641; baseline 0.002 -19"><span class='ocrx_word' id='word_1_1009' title='bbox 1977 4569 2091 4622; x_wconf 88' lang='lat' dir='ltr'><strong>Non</strong></span> <span class='ocrx_word' id='word_1_1010' title='bbox 2121 4569 2259 4623; x_wconf 90' lang='lat' dir='ltr'><strong>enim</strong></span> <span class='ocrx_word' id='word_1_1011' title='bbox 2292 4577 2622 4641; x_wconf 82' lang='lat' dir='ltr'><strong>peccatorum</strong></span> <span class='ocrx_word' id='word_1_1012' title='bbox 2656 4568 2935 4641; x_wconf 86' lang='lat' dir='ltr'><strong>multitudo</strong></span> <span class='ocrx_word' id='word_1_1013' title='bbox 2962 4571 3175 4625; x_wconf 85' lang='lat' dir='ltr'><strong>adducit</strong></span> <span class='ocrx_word' id='word_1_1014' title='bbox 3211 4568 3280 4625; x_wconf 37' lang='lat' dir='ltr'><strong>in_</strong></span> <span class='ocrx_word' id='word_1_1015' title='bbox 3306 4573 3556 4641; x_wconf 84' lang='lat' dir='ltr'><strong>despera-</strong></span> 
     </span>
    </p>
   </div>
   <div class='ocr_carea' id='block_1_139' title="bbox 1981 4640 3555 4710">
    <p class='ocr_par' dir='ltr' id='par_1_139' title="bbox 1981 4640 3555 4710">
     <span class='ocr_line' id='line_1_139' title="bbox 1981 4640 3555 4710; baseline 0.003 -18"><span class='ocrx_word' id='word_1_1016' title='bbox 1981 4641 2215 4704; x_wconf 91' lang='lat' dir='ltr'><strong>tionem,</strong></span> <span class='ocrx_word' id='word_1_1017' title='bbox 2265 4640 2358 4693; x_wconf 88' lang='lat' dir='ltr'><strong>sed</strong></span> <span class='ocrx_word' id='word_1_1018' title='bbox 2413 4640 2674 4708; x_wconf 83' lang='lat' dir='ltr'><strong>impietas.</strong></span> <span class='ocrx_word' id='word_1_1019' title='bbox 2715 4640 2780 4693; x_wconf 80' lang='lat' dir='ltr'><strong>Et</strong></span> <span class='ocrx_word' id='word_1_1020' title='bbox 2827 4652 3105 4710; x_wconf 88' lang='lat' dir='ltr'><strong>propterea</strong></span> <span class='ocrx_word' id='word_1_1021' title='bbox 3157 4640 3416 4695; x_wconf 81' lang='lat' dir='ltr'><strong>Salomon</strong></span> <span class='ocrx_word' id='word_1_1022' title='bbox 3454 4659 3555 4696; x_wconf 93' lang='lat' dir='ltr'><strong>non</strong></span> 
     </span>
    </p>
   </div>
   <div class='ocr_carea' id='block_1_140' title="bbox 1979 4710 3554 4779">
    <p class='ocr_par' dir='ltr' id='par_1_140' title="bbox 1979 4710 3554 4779">
     <span class='ocr_line' id='line_1_140' title="bbox 1979 4710 3554 4779; baseline 0.003 -17"><span class='ocrx_word' id='word_1_1023' title='bbox 1979 4710 2131 4774; x_wconf 75' lang='lat' dir='ltr'><strong>dixit,</strong></span> <span class='ocrx_word' id='word_1_1024' title='bbox 2164 4710 2285 4779; x_wconf 86' lang='lat' dir='ltr'><strong>quia</strong></span> <span class='ocrx_word' id='word_1_1025' title='bbox 2315 4711 2595 4779; x_wconf 80' lang='lat' dir='ltr'><strong>omnisqui</strong></span> <span class='ocrx_word' id='word_1_1026' title='bbox 2622 4711 2826 4764; x_wconf 87' lang='lat' dir='ltr'><strong>venerit</strong></span> <span class='ocrx_word' id='word_1_1027' title='bbox 2853 4713 2902 4764; x_wconf 88' lang='lat' dir='ltr'><strong>iu</strong></span> <span class='ocrx_word' id='word_1_1028' title='bbox 2932 4711 3244 4778; x_wconf 89' lang='lat' dir='ltr'><strong>profundum</strong></span> <span class='ocrx_word' id='word_1_1029' title='bbox 3274 4713 3554 4776; x_wconf 88' lang='lat' dir='ltr'><strong>malorutn,</strong></span> 
     </span>
    </p>
   </div>
   <div class='ocr_carea' id='block_1_141' title="bbox 1980 4778 3554 4852">
    <p class='ocr_par' dir='ltr' id='par_1_141' title="bbox 1980 4778 3554 4852">
     <span class='ocr_line' id='line_1_141' title="bbox 1980 4778 3554 4852; baseline 0 -18"><span class='ocrx_word' id='word_1_1030' title='bbox 1980 4778 2302 4852; x_wconf 85' lang='lat' dir='ltr'><strong>contemnit;</strong></span> <span class='ocrx_word' id='word_1_1031' title='bbox 2332 4779 2446 4845; x_wconf 88' lang='lat' dir='ltr'><strong>sed,</strong></span> <span class='ocrx_word' id='word_1_1032' title='bbox 2475 4778 2698 4852; x_wconf 70' lang='lat' dir='ltr'><strong>Impius,</strong></span> <span class='ocrx_word' id='word_1_1033' title='bbox 2734 4780 2923 4852; x_wconf 69' lang='lat' dir='ltr'><strong>inquit,</strong></span> <span class='ocrx_word' id='word_1_1034' title='bbox 2962 4782 3005 4834; x_wconf 83' lang='lat' dir='ltr'><strong>si</strong></span> <span class='ocrx_word' id='word_1_1035' title='bbox 3034 4784 3214 4834; x_wconf 74' lang='lat' dir='ltr'><strong>venerit</strong></span> <span class='ocrx_word' id='word_1_1036' title='bbox 3247 4783 3298 4834; x_wconf 87' lang='lat' dir='ltr'><strong>in</strong></span> <span class='ocrx_word' id='word_1_1037' title='bbox 3341 4788 3554 4852; x_wconf 78' lang='lat' dir='ltr'><strong>profun-</strong></span> 
     </span>
    </p>
   </div>
   <div class='ocr_carea' id='block_1_142' title="bbox 1981 4848 3554 4922">
    <p class='ocr_par' dir='ltr' id='par_1_142' title="bbox 1981 4848 3554 4922">
     <span class='ocr_line' id='line_1_142' title="bbox 1981 4848 3554 4922; baseline 0.003 -19"><span class='ocrx_word' id='word_1_1038' title='bbox 1981 4851 2101 4904; x_wconf 84' lang='lat' dir='ltr'><strong>dum</strong></span> <span class='ocrx_word' id='word_1_1039' title='bbox 2141 4852 2408 4922; x_wconf 83' lang='lat' dir='ltr'><strong>malorum,</strong></span> <span class='ocrx_word' id='word_1_1040' title='bbox 2453 4850 2720 4922; x_wconf 83' lang='lat' dir='ltr'><strong>contemnit</strong></span> <span class='ocrx_word' id='word_1_1041' title='bbox 2751 4848 2928 4916; x_wconf 80' lang='lat' dir='ltr'><strong>(Prov.</strong></span> <span class='ocrx_word' id='word_1_1042' title='bbox 2968 4866 3116 4916; x_wconf 70' lang='lat' dir='ltr'><strong>lell,</strong></span> <span class='ocrx_word' id='word_1_1043' title='bbox 3143 4853 3220 4922; x_wconf 78' lang='lat'><strong>5).</strong></span> <span class='ocrx_word' id='word_1_1044' title='bbox 3268 4848 3554 4921; x_wconf 76' lang='lat' dir='ltr'><strong>[inpiorum</strong></span> 
     </span>
    </p>
   </div>
   <div class='ocr_carea' id='block_1_143' title="bbox 1981 4921 3556 4992">
    <p class='ocr_par' dir='ltr' id='par_1_143' title="bbox 1981 4921 3556 4992">
     <span class='ocr_line' id='line_1_143' title="bbox 1981 4921 3556 4992; baseline -0.001 -16"><span class='ocrx_word' id='word_1_1045' title='bbox 1981 4938 2106 4991; x_wconf 89' lang='lat' dir='ltr'><strong>ergo</strong></span> <span class='ocrx_word' id='word_1_1046' title='bbox 2131 4933 2211 4992; x_wconf 85' lang='lat' dir='ltr'><strong>est</strong></span> <span class='ocrx_word' id='word_1_1047' title='bbox 2237 4921 2806 4992; x_wconf 65' lang='lat' dir='ltr'><strong>desperaresalutem,</strong></span> <span class='ocrx_word' id='word_1_1048' title='bbox 2848 4929 2902 4973; x_wconf 86' lang='lat' dir='ltr'><strong>et</strong></span> <span class='ocrx_word' id='word_1_1049' title='bbox 2954 4930 3296 4976; x_wconf 86' lang='lat' dir='ltr'><strong>contemnere</strong></span> <span class='ocrx_word' id='word_1_1050' title='bbox 3339 4939 3459 4975; x_wconf 91' lang='lat' dir='ltr'><strong>cum</strong></span> <span class='ocrx_word' id='word_1_1051' title='bbox 3506 4925 3556 4976; x_wconf 88' lang='lat' dir='ltr'><strong>in</strong></span> 
     </span>
    </p>
   </div>
   <div class='ocr_carea' id='block_1_144' title="bbox 1984 4990 3551 5062">
    <p class='ocr_par' dir='ltr' id='par_1_144' title="bbox 1984 4990 3551 5062">
     <span class='ocr_line' id='line_1_144' title="bbox 1984 4990 3551 5062; baseline -0.001 -18"><span class='ocrx_word' id='word_1_1052' title='bbox 1984 4990 2300 5062; x_wconf 81' lang='lat' dir='ltr'><strong>prefuudum</strong></span> <span class='ocrx_word' id='word_1_1053' title='bbox 2335 4990 2347 4992; x_wconf 30' lang='grc' dir='ltr'>ί</span> <span class='ocrx_word' id='word_1_1054' title='bbox 2373 4990 2612 5062; x_wconf 81' lang='lat' dir='ltr'><strong>venerint</strong></span> <span class='ocrx_word' id='word_1_1055' title='bbox 2655 4991 2971 5062; x_wconf 85' lang='lat' dir='ltr'><strong>malorum,</strong></span> <span class='ocrx_word' id='word_1_1056' title='bbox 3027 5005 3132 5044; x_wconf 90' lang='lat' dir='ltr'><strong>non</strong></span> <span class='ocrx_word' id='word_1_1057' title='bbox 3198 5003 3551 5060; x_wconf 88' lang='lat' dir='ltr'><strong>peccatorum.</strong></span> 
     </span>
    </p>
   </div>
   <div class='ocr_carea' id='block_1_145' title="bbox 1983 5060 3561 5131">
    <p class='ocr_par' dir='ltr' id='par_1_145' title="bbox 1983 5060 3561 5131">
     <span class='ocr_line' id='line_1_145' title="bbox 1983 5060 3561 5131; baseline 0.001 -15"><span class='ocrx_word' id='word_1_1058' title='bbox 1983 5060 2230 5131; x_wconf 83' lang='lat' dir='ltr'><strong>impietas</strong></span> <span class='ocrx_word' id='word_1_1059' title='bbox 2254 5062 2393 5115; x_wconf 89' lang='lat' dir='ltr'><strong>enim</strong></span> <span class='ocrx_word' id='word_1_1060' title='bbox 2431 5077 2534 5113; x_wconf 90' lang='lat' dir='ltr'><strong>non</strong></span> <span class='ocrx_word' id='word_1_1061' title='bbox 2565 5060 2691 5131; x_wconf 88' lang='lat' dir='ltr'><strong>sinit</strong></span> <span class='ocrx_word' id='word_1_1062' title='bbox 2715 5074 2809 5113; x_wconf 89' lang='lat' dir='ltr'><strong>eos</strong></span> <span class='ocrx_word' id='word_1_1063' title='bbox 2851 5062 2916 5131; x_wconf 87' lang='lat' dir='ltr'><strong>ad</strong></span> <span class='ocrx_word' id='word_1_1064' title='bbox 2956 5061 3119 5115; x_wconf 88' lang='lat' dir='ltr'><strong>Deum</strong></span> <span class='ocrx_word' id='word_1_1065' title='bbox 3171 5066 3457 5129; x_wconf 79' lang='lat' dir='ltr'><strong>respicere,</strong></span> <span class='ocrx_word' id='word_1_1066' title='bbox 3507 5072 3561 5117; x_wconf 88' lang='lat' dir='ltr'><strong>et</strong></span> 
     </span>
    </p>
   </div>
   <div class='ocr_carea' id='block_1_146' title="bbox 1983 5130 3563 5200">
    <p class='ocr_par' dir='ltr' id='par_1_146' title="bbox 1983 5130 3563 5200">
     <span class='ocr_line' id='line_1_146' title="bbox 1983 5130 3563 5200; baseline -0.001 -14"><span class='ocrx_word' id='word_1_1067' title='bbox 1983 5130 2107 5187; x_wconf 81' lang='lat' dir='ltr'><strong>illnc</strong></span> <span class='ocrx_word' id='word_1_1068' title='bbox 2127 5132 2300 5186; x_wconf 89' lang='lat' dir='ltr'><strong>redire</strong></span> <span class='ocrx_word' id='word_1_1069' title='bbox 2327 5131 2464 5184; x_wconf 90' lang='lat' dir='ltr'><strong>unde</strong></span> <span class='ocrx_word' id='word_1_1070' title='bbox 2488 5130 2676 5198; x_wconf 90' lang='lat' dir='ltr'><strong>dilapsi</strong></span> <span class='ocrx_word' id='word_1_1071' title='bbox 2703 5139 2844 5200; x_wconf 86' lang='lat' dir='ltr'><strong>sunt.</strong></span> <span class='ocrx_word' id='word_1_1072' title='bbox 2875 5130 2976 5184; x_wconf 85' lang='lat' dir='ltr'><strong>ista</strong></span> <span class='ocrx_word' id='word_1_1073' title='bbox 2999 5145 3123 5199; x_wconf 90' lang='lat' dir='ltr'><strong>ergo</strong></span> <span class='ocrx_word' id='word_1_1074' title='bbox 3152 5135 3420 5200; x_wconf 83' lang='lat' dir='ltr'><strong>cogitatio,</strong></span> <span class='ocrx_word' id='word_1_1075' title='bbox 3445 5150 3563 5200; x_wconf 69' lang='lat' dir='ltr'><strong>qua:</strong></span> 
     </span>
    </p>
   </div>
   <div class='ocr_carea' id='block_1_147' title="bbox 1984 5199 3558 5271">
    <p class='ocr_par' dir='ltr' id='par_1_147' title="bbox 1984 5199 3558 5271">
     <span class='ocr_line' id='line_1_147' title="bbox 1984 5199 3558 5271; baseline 0.002 -17"><span class='ocrx_word' id='word_1_1076' title='bbox 1984 5219 2131 5271; x_wconf 90' lang='lat' dir='ltr'><strong>spem</strong></span> <span class='ocrx_word' id='word_1_1077' title='bbox 2163 5201 2525 5256; x_wconf 89' lang='lat' dir='ltr'><strong>conversionis</strong></span> <span class='ocrx_word' id='word_1_1078' title='bbox 2561 5199 2806 5264; x_wconf 79' lang='lat' dir='ltr'><strong>abscidit,</strong></span> <span class='ocrx_word' id='word_1_1079' title='bbox 2843 5199 3558 5271; x_wconf 79' lang='lat' dir='ltr'><strong>abimpietatedescendit;</strong></span> 
     </span>
    </p>
   </div>
   <div class='ocr_carea' id='block_1_148' title="bbox 1985 5269 3563 5340">
    <p class='ocr_par' dir='ltr' id='par_1_148' title="bbox 1985 5269 3563 5340">
     <span class='ocr_line' id='line_1_148' title="bbox 1985 5269 3563 5340; baseline 0.001 -13"><span class='ocrx_word' id='word_1_1080' title='bbox 1985 5269 2039 5328; x_wconf 75' lang='lat' dir='ltr'><strong>et</strong></span> <span class='ocrx_word' id='word_1_1081' title='bbox 2066 5273 2202 5326; x_wconf 89' lang='lat' dir='ltr'><strong>sicut</strong></span> <span class='ocrx_word' id='word_1_1082' title='bbox 2237 5272 2368 5339; x_wconf 88' lang='lat' dir='ltr'><strong>lapis</strong></span> <span class='ocrx_word' id='word_1_1083' title='bbox 2410 5271 2750 5340; x_wconf 87' lang='lat' dir='ltr'><strong>gravissimus</strong></span> <span class='ocrx_word' id='word_1_1084' title='bbox 2784 5269 3082 5325; x_wconf 88' lang='lat' dir='ltr'><strong>cervicibus</strong></span> <span class='ocrx_word' id='word_1_1085' title='bbox 3129 5272 3319 5326; x_wconf 65' lang='lat' dir='ltr'><strong>animae</strong></span> <span class='ocrx_word' id='word_1_1086' title='bbox 3361 5275 3563 5328; x_wconf 89' lang='lat' dir='ltr'><strong>incum-</strong></span> 
     </span>
    </p>
   </div>
   <div class='ocr_carea' id='block_1_149' title="bbox 1987 5341 3561 5413">
    <p class='ocr_par' dir='ltr' id='par_1_149' title="bbox 1987 5341 3561 5413">
     <span class='ocr_line' id='line_1_149' title="bbox 1987 5341 3561 5413; baseline -0.001 -15"><span class='ocrx_word' id='word_1_1087' title='bbox 1987 5345 2148 5406; x_wconf 87' lang='lat' dir='ltr'><strong>bens,</strong></span> <span class='ocrx_word' id='word_1_1088' title='bbox 2177 5356 2392 5409; x_wconf 86' lang='lat' dir='ltr'><strong>semper</strong></span> <span class='ocrx_word' id='word_1_1089' title='bbox 2415 5356 2531 5393; x_wconf 89' lang='lat' dir='ltr'><strong>eam</strong></span> <span class='ocrx_word' id='word_1_1090' title='bbox 2559 5341 2804 5413; x_wconf 83' lang='lat' dir='ltr'><strong>deorsum</strong></span> <span class='ocrx_word' id='word_1_1091' title='bbox 2829 5342 2880 5394; x_wconf 92' lang='lat' dir='ltr'><strong>iu</strong></span> <span class='ocrx_word' id='word_1_1092' title='bbox 2913 5349 3106 5396; x_wconf 86' lang='lat' dir='ltr'><strong>terram</strong></span> <span class='ocrx_word' id='word_1_1093' title='bbox 3134 5344 3272 5411; x_wconf 77' lang='lat' dir='ltr'><strong>Cogit</strong></span> <span class='ocrx_word' id='word_1_1094' title='bbox 3302 5345 3561 5413; x_wconf 81' lang='lat' dir='ltr'><strong>aSpicere,</strong></span> 
     </span>
    </p>
   </div>
   <div class='ocr_carea' id='block_1_150' title="bbox 1986 5411 3565 5470">
    <p class='ocr_par' dir='ltr' id='par_1_150' title="bbox 1986 5411 3565 5470">
     <span class='ocr_line' id='line_1_150' title="bbox 1986 5411 3565 5470; baseline 0.001 -2"><span class='ocrx_word' id='word_1_1095' title='bbox 1986 5414 2054 5468; x_wconf 87' lang='lat' dir='ltr'><strong>ad</strong></span> <span class='ocrx_word' id='word_1_1096' title='bbox 2100 5416 2265 5466; x_wconf 87' lang='lat' dir='ltr'><strong>Deum</strong></span> <span class='ocrx_word' id='word_1_1097' title='bbox 2307 5425 2436 5465; x_wconf 89' lang='lat' dir='ltr'><strong>vero</strong></span> <span class='ocrx_word' id='word_1_1098' title='bbox 2479 5425 2632 5464; x_wconf 89' lang='lat' dir='ltr'><strong>suum</strong></span> <span class='ocrx_word' id='word_1_1099' title='bbox 2669 5411 2851 5465; x_wconf 90' lang='lat' dir='ltr'><strong>oculos</strong></span> <span class='ocrx_word' id='word_1_1100' title='bbox 2895 5427 2998 5466; x_wconf 90' lang='lat' dir='ltr'><strong>non</strong></span> <span class='ocrx_word' id='word_1_1101' title='bbox 3039 5413 3165 5466; x_wconf 92' lang='lat' dir='ltr'><strong>sinit</strong></span> <span class='ocrx_word' id='word_1_1102' title='bbox 3210 5411 3407 5468; x_wconf 81' lang='lat' dir='ltr'><strong>levare.</strong></span> <span class='ocrx_word' id='word_1_1103' title='bbox 3458 5414 3565 5470; x_wconf 91' lang='lat' dir='ltr'><strong>Sed</strong></span> 
     </span>
    </p>
   </div>
   <div class='ocr_carea' id='block_1_151' title="bbox 1988 5482 3567 5559">
    <p class='ocr_par' dir='ltr' id='par_1_151' title="bbox 1988 5482 3567 5559">
     <span class='ocr_line' id='line_1_151' title="bbox 1988 5482 3567 5559; baseline 0.001 -22"><span class='ocrx_word' id='word_1_1104' title='bbox 1988 5483 2156 5559; x_wconf 81' lang='lat' dir='ltr'><strong>virilis</strong></span> <span class='ocrx_word' id='word_1_1105' title='bbox 2184 5482 2345 5559; x_wconf 82' lang='lat' dir='ltr'><strong>animi</strong></span> <span class='ocrx_word' id='word_1_1106' title='bbox 2384 5489 2544 5559; x_wconf 56' lang='lat' dir='ltr'><strong>estet</strong></span> <span class='ocrx_word' id='word_1_1107' title='bbox 2571 5482 2845 5559; x_wconf 70' lang='lat' dir='ltr'><strong>praeclara:</strong></span> <span class='ocrx_word' id='word_1_1108' title='bbox 2874 5485 3068 5559; x_wconf 77' lang='lat' dir='ltr'><strong>mentis</strong></span> <span class='ocrx_word' id='word_1_1109' title='bbox 3095 5523 3110 5547; x_wconf 91' lang='lat'><strong>,</strong></span> <span class='ocrx_word' id='word_1_1110' title='bbox 3137 5484 3368 5559; x_wconf 83' lang='lat' dir='ltr'><strong>dejicere</strong></span> <span class='ocrx_word' id='word_1_1111' title='bbox 3393 5502 3423 5559; x_wconf 80' lang='lat' dir='ltr'><strong>a</strong></span> <span class='ocrx_word' id='word_1_1112' title='bbox 3449 5501 3567 5540; x_wconf 87' lang='lat' dir='ltr'><strong>cer-</strong></span> 
     </span>
    </p>
   </div>
   <div class='ocr_carea' id='block_1_152' title="bbox 1987 5551 3568 5626">
    <p class='ocr_par' dir='ltr' id='par_1_152' title="bbox 1987 5551 3568 5626">
     <span class='ocr_line' id='line_1_152' title="bbox 1987 5551 3568 5626; baseline 0.001 -18"><span class='ocrx_word' id='word_1_1113' title='bbox 1987 5555 2190 5608; x_wconf 89' lang='lat' dir='ltr'><strong>vicibus</strong></span> <span class='ocrx_word' id='word_1_1114' title='bbox 2217 5553 2406 5626; x_wconf 75' lang='lat' dir='ltr'><strong>ariimae</strong></span> <span class='ocrx_word' id='word_1_1115' title='bbox 2431 5551 2540 5605; x_wconf 72' lang='lat' dir='ltr'><strong>su&#39;ze</strong></span> <span class='ocrx_word' id='word_1_1116' title='bbox 2557 5551 2837 5626; x_wconf 75' lang='lat' dir='ltr'><strong>inimicum</strong></span> <span class='ocrx_word' id='word_1_1117' title='bbox 2862 5553 3067 5626; x_wconf 88' lang='lat' dir='ltr'><strong>pondus</strong></span> <span class='ocrx_word' id='word_1_1118' title='bbox 3091 5595 3106 5619; x_wconf 99' lang='lat'><strong>,</strong></span> <span class='ocrx_word' id='word_1_1119' title='bbox 3136 5551 3240 5608; x_wconf 79' lang='lat' dir='ltr'><strong>imo</strong></span> <span class='ocrx_word' id='word_1_1120' title='bbox 3267 5555 3568 5626; x_wconf 84' lang='lat' dir='ltr'><strong>deprimen-</strong></span> 
     </span>
    </p>
   </div>
   <div class='ocr_carea' id='block_1_153' title="bbox 1993 5621 3566 5692">
    <p class='ocr_par' dir='ltr' id='par_1_153' title="bbox 1993 5621 3566 5692">
     <span class='ocr_line' id='line_1_153' title="bbox 1993 5621 3566 5692; baseline -0.004 -14"><span class='ocrx_word' id='word_1_1121' title='bbox 1993 5636 2096 5680; x_wconf 91' lang='lat' dir='ltr'><strong>tem</strong></span> <span class='ocrx_word' id='word_1_1122' title='bbox 2127 5639 2185 5678; x_wconf 88' lang='lat' dir='ltr'><strong>se</strong></span> <span class='ocrx_word' id='word_1_1123' title='bbox 2211 5622 2484 5677; x_wconf 89' lang='lat' dir='ltr'><strong>diabolum</strong></span> <span class='ocrx_word' id='word_1_1124' title='bbox 2524 5621 2791 5690; x_wconf 75' lang='lat' dir='ltr'><strong>abjieere;</strong></span> <span class='ocrx_word' id='word_1_1125' title='bbox 2834 5631 2891 5678; x_wconf 88' lang='lat' dir='ltr'><strong>et</strong></span> <span class='ocrx_word' id='word_1_1126' title='bbox 2921 5625 3183 5692; x_wconf 81' lang='lat' dir='ltr'><strong>imperare</strong></span> <span class='ocrx_word' id='word_1_1127' title='bbox 3221 5621 3411 5681; x_wconf 64' lang='lat' dir='ltr'><strong>animm</strong></span> <span class='ocrx_word' id='word_1_1128' title='bbox 3437 5641 3566 5685; x_wconf 69' lang='lat' dir='ltr'><strong>sum,</strong></span> 
     </span>
    </p>
   </div>
   <div class='ocr_carea' id='block_1_154' title="bbox 1994 5692 3570 5763">
    <p class='ocr_par' dir='ltr' id='par_1_154' title="bbox 1994 5692 3570 5763">
     <span class='ocr_line' id='line_1_154' title="bbox 1994 5692 3570 5763; baseline 0 -15"><span class='ocrx_word' id='word_1_1129' title='bbox 1994 5704 2052 5749; x_wconf 91' lang='lat' dir='ltr'><strong>ut</strong></span> <span class='ocrx_word' id='word_1_1130' title='bbox 2076 5709 2270 5748; x_wconf 82' lang='lat' dir='ltr'><strong>Canens</strong></span> <span class='ocrx_word' id='word_1_1131' title='bbox 2297 5692 2454 5746; x_wconf 88' lang='lat' dir='ltr'><strong>verba</strong></span> <span class='ocrx_word' id='word_1_1132' title='bbox 2491 5692 2796 5760; x_wconf 87' lang='lat' dir='ltr'><strong>prophetica</strong></span> <span class='ocrx_word' id='word_1_1133' title='bbox 2825 5693 2964 5747; x_wconf 89' lang='lat' dir='ltr'><strong>dicat</strong></span> <span class='ocrx_word' id='word_1_1134' title='bbox 2985 5695 3048 5747; x_wconf 89' lang='lat' dir='ltr'><strong>ad</strong></span> <span class='ocrx_word' id='word_1_1135' title='bbox 3079 5696 3391 5763; x_wconf 85' lang='lat' dir='ltr'><strong>Dominum,</strong></span> <span class='ocrx_word' id='word_1_1136' title='bbox 3424 5698 3570 5751; x_wconf 79' lang='lat' dir='ltr'><strong>Sicut</strong></span> 
     </span>
    </p>
   </div>
   <div class='ocr_carea' id='block_1_155' title="bbox 1994 5764 3569 5828">
    <p class='ocr_par' dir='ltr' id='par_1_155' title="bbox 1994 5764 3569 5828">
     <span class='ocr_line' id='line_1_155' title="bbox 1994 5764 3569 5828; baseline -0.002 -10"><span class='ocrx_word' id='word_1_1137' title='bbox 1994 5765 2124 5818; x_wconf 79' lang='lat' dir='ltr'><strong>oculi</strong></span> <span class='ocrx_word' id='word_1_1138' title='bbox 2152 5779 2403 5817; x_wconf 83' lang='lat' dir='ltr'><strong>servorum</strong></span> <span class='ocrx_word' id='word_1_1139' title='bbox 2432 5764 2482 5814; x_wconf 87' lang='lat' dir='ltr'><strong>in</strong></span> <span class='ocrx_word' id='word_1_1140' title='bbox 2512 5765 2737 5815; x_wconf 81' lang='lat' dir='ltr'><strong>manibus</strong></span> <span class='ocrx_word' id='word_1_1141' title='bbox 2767 5764 3083 5817; x_wconf 86' lang='lat' dir='ltr'><strong>dominorum</strong></span> <span class='ocrx_word' id='word_1_1142' title='bbox 3103 5783 3307 5819; x_wconf 73' lang='lat' dir='ltr'><strong>suarum</strong></span> <span class='ocrx_word' id='word_1_1143' title='bbox 3327 5807 3341 5828; x_wconf 85' lang='lat'><strong>,</strong></span> <span class='ocrx_word' id='word_1_1144' title='bbox 3375 5775 3420 5819; x_wconf 80' lang='lat' dir='ltr'><strong>et</strong></span> <span class='ocrx_word' id='word_1_1145' title='bbox 3445 5770 3569 5818; x_wconf 72' lang='lat' dir='ltr'><strong>sicut</strong></span> 
     </span>
    </p>
   </div>
   <div class='ocr_carea' id='block_1_156' title="bbox 1997 5833 3570 5901">
    <p class='ocr_par' dir='ltr' id='par_1_156' title="bbox 1997 5833 3570 5901">
     <span class='ocr_line' id='line_1_156' title="bbox 1997 5833 3570 5901; baseline -0.003 -10"><span class='ocrx_word' id='word_1_1146' title='bbox 1997 5837 2127 5891; x_wconf 77' lang='lat' dir='ltr'><strong>oculi</strong></span> <span class='ocrx_word' id='word_1_1147' title='bbox 2158 5835 2357 5888; x_wconf 80' lang='lat' dir='ltr'><strong>ancilla:</strong></span> <span class='ocrx_word' id='word_1_1148' title='bbox 2383 5834 2436 5887; x_wconf 86' lang='lat' dir='ltr'><strong>in</strong></span> <span class='ocrx_word' id='word_1_1149' title='bbox 2461 5833 2688 5888; x_wconf 69' lang='lat' dir='ltr'><strong>manibus</strong></span> <span class='ocrx_word' id='word_1_1150' title='bbox 2721 5833 2936 5889; x_wconf 76' lang='lat' dir='ltr'><strong>domina</strong></span> <span class='ocrx_word' id='word_1_1151' title='bbox 2960 5851 3068 5889; x_wconf 68' lang='lat' dir='ltr'><strong>sua:</strong></span> <span class='ocrx_word' id='word_1_1152' title='bbox 3096 5851 3115 5901; x_wconf 80' lang='lat'><strong>,&#39;</strong></span> <span class='ocrx_word' id='word_1_1153' title='bbox 3160 5837 3228 5889; x_wconf 87' lang='lat' dir='ltr'><strong>ita</strong></span> <span class='ocrx_word' id='word_1_1154' title='bbox 3253 5837 3390 5890; x_wconf 87' lang='lat' dir='ltr'><strong>oculi</strong></span> <span class='ocrx_word' id='word_1_1155' title='bbox 3414 5837 3570 5889; x_wconf 70' lang='lat' dir='ltr'><strong>nostri</strong></span> 
     </span>
    </p>
   </div>
  </div>
