3992 6532
509 401 642 456 Hui

506 513 748 578 quteria
784 509 1151 566 catechumenis
1181 524 1281 562 non
1311 506 1593 560 commissa.
1629 505 1776 578 Quid
1788 504 1957 578 unctio
1986 521 2083 578 au-

564 574 704 636 "rimn
756 581 1198 653 signiﬁcet._Quis
1243 578 1428 653 habeat
1480 593 1628 653 aures
1672 575 1933 653 audiendi.
1984 574 2087 630 Cur

576 648 992 706 ndunctce'nares.
1019 650 1136 703 Alia
1165 649 1318 718 hujus
1342 649 1564 718 mysterii
1587 648 1734 700 ratio.

576 724 758 776 Omnis
784 722 994 791 quidem
1024 720 1114 775 Dei
1140 715 1317 791 sermo
1340 759 1353 780 ,
1386 715 1575 791 fratres
1595 715 1936 791 charissimi,
1965 729 2085 791 cum

503 793 648 847 nnmi
676 784 965 846 intentione
990 801 1043 845 et
1067 789 1336 859 diligentia
1353 789 1554 859 mentis
1577 787 1734 841 debet
1758 786 1925 840 audiri
1953 804 1966 840 :
1991 784 2087 859 sed

508 865 538 915 Ιι
563 879 592 916 c
629 863 856 916 maxime
881 902 894 923 ,
925 876 1081 930 quem
1115 855 1272 914 hodie
1297 858 1363 930 ad
1388 858 1709 930 Charitatem
1735 866 1964 930 vestram
1991 855 2087 930 ha-

507 933 664 986 hituri
710 947 913 986 sumus.
943 925 1083 986 'Ideo
1120 930 1264 986 enim
1301 928 1534 983 dimissis
1556 927 1665 997 jam
1693 925 2088 982 catechumenis

504 1019 602 1057 vus
645 1012 844 1057 tantum
888 1001 954 1056 ad
998 1000 1316 1056 audiendum
1358 999 1709 1062 retinuimus;
1751 997 1871 1066 quia
1900 1003 2092 1064 przeter

507 1075 595 1125 illa
623 1115 638 1137 ,
684 1088 803 1142 quin
845 1087 1032 1127 omnes
1072 1070 1403 1142 Christianos
1433 1068 1687 1142 convenit
1727 1067 2091 1142 in‘eotnmuue

508 1137 727 1198 servare
747 1183 764 1210 ,
808 1143 1105 1212 Specialitcr
1140 1140 1208 1195 de
1240 1139 1547 1196 caelestibus
1569 1137 1838 1212 mysteriis
1863 1137 2089 1212 locuturi

507 1228 694 1267 sumus
715 1254 730 1279 ,
750 1207 876 1282 'quz'e
902 1212 1085 1267 audire
1116 1227 1220 1266 non
1248 1217 1500 1282 possunt,
1532 1208 1629 1262 nisi
1659 1208 1746 1277 qui
1773 1222 1835 1282 ea
1861 1207 2094 1261 donante

504 1286 614 1350 jam
662 1278 884 1337 Domino
929 1278 1296 1352 perceperunt.
1335 1279 1506 1352 Tanto
1543 1294 1669 1348 ergo
1710 1278 1910 1345 majore
1939 1291 2091 1352 reve-

511 1353 676 1408 rentia
723 1347 940 1411 debetis
968 1347 1150 1406 audire
1191 1367 1308 1420 qua:
1345 1350 1568 1404 dicimus
1592 1347 2090 1420 ,quantohmajora

511 1425 609 1477 ista
653 1434 776 1478 sunt
804 1439 920 1490 qua:
947 1424 1074 1476 solis
1101 1417 1374 1490 baptizatis
1403 1429 1456 1474 et
1489 1419 1730 1473 ﬁdelibus
1759 1417 2090 1490 auditoribus

513 1487 953 1554 committuntur,
1021 1487 1182 1562 quam
1237 1491 1323 1546 illa
1369 1506 1486 1559 quae
1525 1490 1688 1562 etiam
1723 1487 2094 1562 catechumeni

511 1564 695 1618 audire
719 1557 1127 1618 consueverunt.
1163 1562 1274 1615 Neu
1308 1557 1481 1614 autem
1513 1559 1690 1612 mirari
1717 1558 1920 1613 debetis
1944 1598 1957 1620 ,
1987 1557 2094 1610 fra-

515 1643 623 1688 tres
665 1633 996 1691 eharissimi.
1041 1632 1179 1702 quod
1216 1631 1547 1702 vobisiinter
1589 1629 1700 1702 ipsa
1743 1630 1991 1700 mysteria
2028 1626 2096 1681 de

515 1705 782 1774 mysteriis
809 1704 935 1756 nihil
963 1699 1223 1774 diximus;
1257 1701 1393 1771 quod
1427 1716 1529 1774 n_on
1556 1699 1732 1774 statim
1761 1699 1823 1752 ea
1853 1714 1971 1767 quae
1993 1707 2098 1774 tra-

515 1767 744 1828 didimus
766 1815 782 1841 ,
828 1773 1158 1842 interpretati
1202 1767 1404 1827 sumus.
1443 1771 1592 1836 Quod
1625 1780 1772 1842 certe
1798 1785 1900 1842 non
1929 1767 2096 1842 negli-

512 1845 687 1912 gentia
709 1887 723 1907 ,
753 1839 870 1914 quae
899 1846 948 1897 in
969 1839 1082 1896 tam
1114 1844 1276 1896 sacris
1302 1843 1461 1914 rebus
1486 1851 1649 1914 atque
1658 1839 1863 1914 divinis
1883 1839 2096 1914 saeriie-

513 1908 656 1980 gium
700 1908 809 1978 esi,
854 1915 944 1968 sed
990 1914 1244 1983 religione
1290 1913 1524 1983 iecimus.
1562 1908 2096 1983 ’Adhibuimusenim

518 1978 621 2037 tam
663 1985 863 2040 sanctis
888 1986 1047 2038 rebus
1075 1978 1232 2052 atque
1261 1982 1454 2036 divinis
1485 1983 1740 2035 honorem
1769 1978 1964 2052 silentii
1999 1996 2011 2031 :
2045 1985 2100 2052 et

518 2058 656 2109 inter
697 2056 816 2109 illos
856 2069 1039 2109 sacros
1083 2048 1465 2124 misteriorum
1494 2060 1776 2124 apparatus
1811 2065 1839 2102 a
1874 2048 2099 2124 docendi

517 2140 786 2179 cessamus
833 2125 1041 2189 ofﬁcio;
1086 2119 1154 2177 ιη’
1183 2132 1377 2176 tantam
1417 2122 1611 2175 divina:
1640 2121 1821 2189 gratia:
1848 2119 2096 2189 majestaj

518 2205 622 2248 tem
648 2235 662 2257 ,
712 2211 829 2266 quae
869 2188 1035 2249 nullis
1075 2193 1348 2266 hominum
1388 2193 1605 2246 vocibus
1633 2188 1805 2266 digne
1837 2188 2098 2266 explicari

521 2259 986 2334 pote5t,'amplius
1017 2263 1239 2318 tacendo
1267 2277 1598 2334 veneremur.
1629 2261 1732 2314 Sed
1763 2260 1883 2332 quia
1915 2259 2101 2312 instrui

519 2335 569 2387 in
592 2331 918 2391 omnibuset
938 2335 1114 2389 doceri
1137 2342 1361 2386 vestram
1397 2331 1732 2386 Dilectionem
1760 2344 1976 2384 necesse
1997 2336 2099 2396 est,

521 2415 784 2460 transacto
828 2407 1038 2473 quidem
1073 2404 1183 2473 jam
1226 2404 1602 2474 mySteriorum
1629 2401 1848 2474 ordine,
1879 2400 2102 2474 exponi-

518 2491 638 2530 mus
677 2477 824 2529 vobis
847 2471 908 2529 ea
939 2491 1056 2543 quae
1078 2471 1211 2528 ante
1242 2471 1550 2526 tradidimus
1582 2489 1595 2525 :
1628 2487 1696 2543 ne
1724 2471 1986 2543 damnati
2017 2471 2101 2522 in-

521 2546 751 2615 telligitis
780 2540 1211 2615 divini—mystcrii
1237 2545 1584 2615 dignitatem,
1615 2540 1946 2615 minusillud
1980 2556 2103 2615 pre-

521 2609 713 2670 tiosum
741 2619 950 2686 putetis.
976 2609 1125 2683 Quod
1154 2615 1196 2668 si
1228 2609 1611 2686 intellexeritis,
1638 2609 2099 2686 videbitisomuia,

519 2703 639 2754 qua:
681 2682 756 2740 in'
779 2689 876 2740 hoc
915 2682 1113 2740 mundo
1157 2687 1383 2753 pretiosa
1412 2685 1698 2754 creduntur
1721 2723 1734 2746 ,
1769 2682 1896 2754 tanti
1929 2695 2103 2734 sacra—

523 2753 684 2810 menti
729 2759 1123 2827 comparatione
1169 2755 1439 2827 vilissima.
1492 2753 1566 2824 (a)
1615 2753 1940 2827 [ieeurdetur
1978 2765 2105 2827 ergo

524 2821 882 2896 unusquisque
919 2837 1150 2881 vestrum
1189 2825 1438 2896 singulas
1469 2821 1842 2896 mysteriorum
1873 2821 2100 2896 Species,

522 2913 653 2965 quas
680 2891 1066 2966 'per'uostrum
1090 2938 1106 2962 ,
1149 2891 1381 2949 dOua'nte
1417 2891 1682 2966 Domino,
1711 2891 2104 2966 estis‘ministc-

523 2961 659 3021 rium
696 2961 961 3022 consecuti
993 2987 1006 3024 :
1035 2977 1088 3022 et
1125 2982 1184 3019 ea
1215 2982 1330 3034 quae
1361 2975 1486 3019 tunc
1513 2963 1820 3030 simpliciter
1843 2963 1859 2993 ¹
1893 2977 1953 3015 ac
1980 2961 2107 3034 ﬁde-

525 3039 644 3092 liter
667 3039 972 3106 suscepistis
991 3079 1006 3103 ,
1036 3052 1174 3092 nunc
1203 3032 1474 3105 intelligite
1500 3034 1807 3104 prudenter,
1835 3040 1893 3086 ut
1916 3032 2106 3086 melius

525 3109 738 3178 possitis
765 3109 1028 3163 intellecta
1057 3122 1292 3161 servare.

600 3179 652 3232 In
701 3180 886 3246 primis
929 3185 1075 3232 certe
1123 3192 1277 3230 aures
1318 3183 1523 3229 vestras
1565 3173 1686 3228 oleo
1724 3169 2107 3246 benedictionis

525 3241 845 3313 obliviinus;
885 3249 978 3303 sed
1014 3247 1084 3302 ob
1120 3261 1276 3316 quam
1316 3260 1528 3299 causam
1557 3242 1852 3316 secundum
1875 3241 2109 3316 traditio-

529 3335 649 3374 nem
693 3311 1104 3374 ecclesiasticam
1133 3311 1200 3370 ab
1229 3317 1472 3369 omnibus
1496 3313 1768 3368 catholicis
1795 3311 1988 3365 Christi
2019 3327 2106 3365 sa-

527 3389 833 3444 cerdotibus
867 3389 994 3454 ﬁat,
1025 3389 1310 3457 agnoscite.
1342 3384 1416 3456 (b)
1449 3386 1695 3438 Introitus
1726 3383 1842 3457 ﬁdei
1870 3393 1921 3457 et
1950 3383 2109 3436 totius

529 3471 725 3513 sztnCliB
754 3453 1008 3513 doctrinm
1034 3453 1098 3511 ad
1126 3453 1360 3510 animum
1390 3453 1482 3525 per
1508 3468 1666 3508 aures
1696 3453 1991 3506 admittitur
2011 3493 2024 3513 ,
2051 3461 2107 3525 et

529 3541 596 3583 de
624 3531 802 3584 auditu
835 3530 1134 3583 intellectus
1163 3523 1414 3581 exoritur.
1443 3527 1620 3594 Neque
1645 3525 1784 3579 enim
1808 3533 1984 3594 potest
2013 3523 2109 3594 ali-

529 3601 650 3669 quis
688 3601 805 3654 ﬁdei
841 3608 1170 3669 sacramenta
1201 3611 1520 3667 cognoscere
1539 3593 1565 3669 ,_
1588 3595 1685 3648 nisi
1717 3593 1889 3669 audiat
1922 3593 2110 3669 pra'di-

529 3662 768 3733 cantem,
814 3670 1116 3724 afﬁrmante
1155 3662 1307 3722 beato
1350 3666 1604 3735 Aposlolt)
1641 3665 1729 3734 qui
1766 3663 1924 3720 dicit.
1968 3662 2106 3735 Quo-

529 3741 679 3794 modo
707 3755 869 3794 autem
899 3742 1133 3803 audient,
1159 3740 1265 3792 sine
1289 3733 1636 3810 pra‘dicante?
1660 3733 1714 3810 et
1735 3747 1949 3810 rursus,
1969 3733 2110 3810 Ergo

531 3813 655 3879 ﬁdes
689 3828 752 3865 ea:
787 3812 994 3873 auditu,
1026 3812 1230 3863 auditus
1265 3803 1428 3862 autem
1471 3825 1559 3878 per
1586 3805 1786 3879 uerbum
1816 3804 1910 3857 Dei
1935 3803 2107 3870 (Rom.

531 3877 562 3935 s
587 3923 602 3946 ,
650 3883 715 3936 Η
734 3922 748 3944 ,
796 3883 906 3948 17).
952 3883 1113 3935 ﬂecte
1151 3895 1276 3947 ergo
1305 3881 1392 3933 illo
1419 3877 1535 3932 oleo
1565 3877 1678 3944 ejus
1705 3890 1891 3930 sensus
1915 3889 2110 3942 organa

529 3953 954 4015 sanctiﬁcantur,
997 3953 1113 4005 sine
1149 3967 1253 4018 quo
1288 3951 1415 4002 ﬁdes
1443 3948 1507 4000 ad
1538 3949 1770 4000 animum
1805 3960 1907 3998 non
1938 3955 2113 4014 potest

534 4023 849 4091 pervenire;
895 4023 1158 4091 simulque
1199 4020 1401 4075 venturi
1429 4019 1494 4091 ad
1523 4018 1846 4091 Baptismum
1879 4023 1934 4091 ut
1957 4030 2114 4091 aures

532 4085 655 4146 suas
679 4093 746 4148 ab
770 4085 913 4147 omni
945 4085 1084 4146 malo
1107 4101 1162 4146 et
1189 4092 1325 4158 turpi
1346 4089 1509 4144 verbo
1538 4085 1839 4155 impollutus
1864 4085 1926 4139 ad
1954 4085 2111 4139 ﬁnem

533 4179 699 4232 usque
741 4163 1078 4224 custodiant,
1119 4172 1171 4216 et
1206 4157 1287 4216 vel
1315 4159 1680 4232 detrahentem
1707 4157 2072 4232 pquilI]0__Sll0
2095 4196 2110 4221 ,

534 4226 631 4285 vel
654 4234 904 4288 obscaene
928 4233 1007 4285 vel
1037 4232 1299 4300 impudice
1327 4231 1625 4299 loquentem
1655 4226 1803 4300 quasi
1834 4227 1978 4280 surdi
2010 4242 2112 4279 non

534 4303 784 4367 audiant,
831 4297 1127 4370 implentes
1150 4302 1294 4355 illam
1337 4297 1622 4368 Scriptura:
1663 4297 1853 4370 divina:
1897 4305 2116 4370 senten-

536 4378 660 4427 tiam
679 4413 695 4438 ,
741 4366 844 4442 qua
881 4366 1071 4427 dicitur
1090 4413 1104 4438 ,
1149 4372 1272 4442 Sgpi
1297 4386 1442 4423 aures
1459 4366 1580 4421 tuas
1604 4367 1762 4442 spinis
1781 4407 1794 4430 ,
1821 4376 1867 4420 et
1880 4366 1995 4442 noli
2019 4382 2116 4442 au-

535 4445 645 4497 dire
663 4435 886 4514 linguam
914 4435 1126 4513 nequam
1159 4435 1341 4512 (Eccli.
1375 4455 1579 4514 xxvnt,
1602 4435 1693 4514 ἓξ)
1721 4453 1734 4502 ;
1761 4447 1816 4514 et
1843 4437 1964 4514 ali-bi
1988 4476 2003 4498 ,
2036 4435 2120 4490 Ne

535 4514 709 4568 credas
738 4506 939 4566 auditui
984 4506 1111 4566 uano
1132 4506 1241 4577 {et
1280 4525 1496 4572 rursus,
1541 4507 1619 4560 Da
1656 4508 1707 4559 in
1737 4506 2010 4577 disciplina
2033 4522 2119 4558 cor

536 4596 704 4651 tuum,
747 4594 791 4638 et
834 4600 959 4655 para
1001 4576 1172 4636 aurem
1205 4591 1344 4655 tuam
1366 4580 1524 4633 verbis
1551 4578 1846 4655 prudentia.
1881 4577 1948 4646 (c)
1979 4576 2119 4645 Ergo

534 4649 766 4710 adhibita
811 4649 1029 4708 auribus
1075 4653 1252 4706 unctio
1295 4660 1512 4716 saneta,
1562 4649 1820 4718 signiﬁcat
1851 4655 1908 4701 ut
1932 4663 2118 4718 omnes

533 4739 681 4778 extra
729 4725 1059 4794 disciplinam
1099 4737 1407 4794 sermones,
1452 4715 1892 4794 qttasi'doctrina:
1925 4715 2117 4794 Christi

536 4787 884 4866 obloqucntes
905 4837 920 4861 ,
949 4804 1260 4848 aversentur
1284 4807 1345 4844 ac
1366 4787 1592 4866 fugiant,
1604 4804 1772 4866 seque
1794 4788 1867 4866 ad
1884 4788 1996 4841 sola
2027 4787 2117 4866 Dei

535 4856 693 4921 verba
730 4856 987 4920 audiciida
1014 4873 1326 4917 convertant
1350 4879 1362 4925 ;
1391 4856 1512 4930 quia
1543 4861 1674 4913 illito
1691 4856 1790 4912 illo
1819 4859 1936 4930 oleo
1963 4856 2119 4930 audi-

537 4949 645 4989 tum
685 4953 837 4991 suum
884 4935 1082 4990 Christi
1120 4935 1347 5003 eloquiis
1387 4928 1786 5003 consecrarunt.
1829 4928 1943 5003 Ipse
1978 4928 2120 5003 enim

535 5009 778 5062 Salvator
801 5007 1033 5075 loquitur
1058 5005 1122 5057 ad
1156 4998 1362 5059 Patrem
1384 5045 1398 5067 ,
1421 5012 1475 5055 et
1494 5001 1878 5075 de_obedientia
1901 4998 2122 5075 creden-

537 5081 600 5130 tis
646 5080 697 5131 in
727 5095 784 5131 se
817 5067 991 5146 populi
1020 5075 1273 5145 gloriatur
1300 5075 1484 5128 dicens
1507 5112 1521 5134 ,
1553 5067 2120 5146 S-icri/iciunret‘oblaf

535 5151 720 5200 tionem
766 5137 968 5201 noluisti
997 5137 1210 5209 ,faures
1267 5154 1434 5198 autent
1482 5137 1730 5211 perfecisti
1777 5137 2120 5211 mihi(Psa_l.

537 5234 733 5283 xxxix,
779 5217 854 5289 Ἰ).
897 5219 1045 5289 'l‘uuc
1083 5219 1224 5289 enim
1267 5227 1425 5267 aures
1468 5209 1700 5289 ﬁdelium
1736 5210 1932 5264 ChriSti
1961 5209 2119 5278 perﬁ-

536 5297 779 5352 cumtur,
814 5282 1038 5356 quando
1086 5285 1216 5340 nihil
1259 5295 1454 5354 praeter
1496 5282 1764 5336 Christum
1809 5289 1864 5335 et
1904 5296 1966 5334 ea
2002 5296 2122 5349 quae

535 5358 730 5411 Christi
758 5367 882 5412 sunt
907 5357 1090 5412 audire
1115 5357 1441 5410 desiderant.

603 5531 617 5559 ¹
656 5528 791 5588 Apud
813 5533 1023 5587 tvoaem,
1046 5526 1340 5592 suppliciter.

543 5611 680 5724 Ngo)
705 5620 814 5659 Haec
851 5614 1098 5675 Augustini
1142 5615 1338 5662 nomine
1367 5614 1576 5662 citattvo
1623 5612 1688 5662 de
1740 5612 1989 5673 Baptismo,
2015 5621 2118 5673 cap.

605 5733 680 5794 (ὁ)
705 5729 963 5797 Leidradus
998 5733 1061 5781 de
1084 5738 1337 5795 Baptismo,
1360 5747 1462 5797 cap.
1491 5734 1546 5794 2,
1572 5737 1619 5783 ia
1645 5743 1772 5785 tome
1807 5733 1953 5784 tertio
1977 5741 2119 5784 \‘cte-

539 5791 648 5843 runt
662 5791 1021 5841 ’Analectorum.

607 5856 677 5918 (τ)
699 5860 750 5902 Et
774 5853 878 5902 haec
899 5856 1013 5904 citat
1035 5861 1112 5906 tvo
1129 5855 1210 5902 ubi
1233 5867 1390 5922 Sjtpra.

1963 389 2328 446 APPENDIX.

3621 396 3729 452 1203

2263 503 2414 560 Unde
2453 512 2507 559 et
2549 505 2600 559 in
2643 504 2933 575 Evangelio
2960 505 3098 559 idem
3131 505 3414 572 Dominus,
3445 505 3508 562 de
3533 513 3731 568 cmlestis

2192 577 2337 643 regni
2378 576 2630 646 mysterio
2667 590 2786 630 cum
2827 576 3167 646 loqueretur,
3208 577 3449 640 dicebat,
3491 579 3581 645 Qui
3610 583 3731 638 habet

2192 661 2339 699 aures
2364 645 2628 711 audiendi,
2659 647 2832 700 audiat
2859 645 3072 712 (Matth.
3106 663 3195 700 xm
3222 689 3236 711 ,
3269 648 3329 709 9,
3361 649 3468 716 45).
3494 651 3614 706 Nam
3635 670 3732 708 cum

2193 716 2430 769 omnium
2473 731 2754 771 commune
2779 718 2848 770 sit
2873 716 3073 772 habere
3093 732 3252 771 aures
3275 734 3288 780 ;
3318 727 3491 773 tamen
3519 723 3729 779 audiendi

2195 800 2348 840 aures
2382 800 2665 841 commune
2695 803 2798 840 non
2829 797 2928 841 est.
2961 787 3290 857 Quicumque
3317 789 3458 843 enim
3487 790 3574 846 Dei
3601 795 3732 848 verba

2194 864 2580 920 contemnunt,
2625 858 2864 924 quamvis
2908 873 3011 912 non
3063 858 3265 925 possint
3303 869 3630 916 contemnere
3653 865 3730 917 nisi

2195 926 2342 995 prius
2368 926 2623 999 audiant»,
2659 935 2831 981 tamen
2858 928 2979 998 quia
3008 937 3358 982 contemnunt
3377 931 3510 998 quod
3528 932 3731 999 audiunt,

2197 1011 2298 1050 nec
2337 996 2559 1072 audisse
2577 996 2825 1072 dicuntur
2846 996 3012 1072 {quia
3037 1013 3155 1072 qum
3181 996 3496 1072 audierunt,
3523 996 3735 1072 tanquam

2197 1082 2302 1120 non
2324 1067 2501 1121 audita
2528 1067 2847 1140 despiciunt.
2881 1069 2939 1121 Et
2964 1068 3085 1140 ideo
3112 1067 3326 1140 habent,
3341 1069 3424 1123 isti
3451 1067 3633 1140 aures,
3651 1089 3738 1130 nor.

2196 1152 2314 1211 quae
2339 1151 2495 1192 aures
2515 1137 2900 1211 audiendiesse
2927 1139 3210 1203 dicuntur;
3238 1139 3330 1192 sed
3361 1155 3513 1195 aures
3535 1137 3640 1211 quae
3661 1160 3738 1196 au-

2197 1207 2350 1260 diunt
2387 1222 2454 1263 ne
2480 1208 2694 1280 audiant
2715 1208 2809 1280 .id
2836 1218 2950 1273 est,
2981 1217 3037 1280 ut
3065 1225 3123 1262 ea
3156 1225 3274 1277 quas
3302 1207 3590 1277 audierint]
3614 1215 3734 1280 quasi

2199 1292 2462 1347 nunquam
2489 1319 2503 1341 ,
2551 1289 2608 1332 ut
2649 1278 2875 1332 diximus
2894 1321 2908 1343 ,
2940 1279 3116 1332 audita
3145 1288 3507 1334 contemnant.
3535 1278 3639 1336 Soli
3661 1299 3736 1337 au-

2200 1355 2305 1400 tem
2337 1349 2409 1402 illi
2427 1363 2583 1422 aures
2609 1349 2854 1422 audiendi
2883 1349 3078 1422 habere
3099 1348 3350 1422 dicuntur
3377 1367 3405 1403 a
3435 1349 3650 1418 Christo,
3669 1355 3738 1422 qui

2198 1432 2319 1471 cum
2350 1419 2569 1473 auribus
2595 1419 2848 1484 audiunt,
2879 1420 3103 1474 ﬁrmiter
3143 1421 3326 1473 animo
3367 1419 3735 1487 commendant;

2199 1497 2252 1560 et
2276 1489 2416 1560 quod
2443 1489 2621 1560 animo
2648 1489 3277 1560 tradiderunt,roperibus
3297 1501 3658 1560 exsequuntur.
3683 1493 3740 1548 De

2201 1558 2498 1631 hujusmodi
2521 1560 2848 1631 auditoribus
2866 1559 3122 1614 Dominus
3142 1559 3196 1614 in
3219 1558 3506 1630 Evnngelio
3528 1563 3737 1631 loquitur,

2211 1627 2370 1682 Vestri
2388 1638 2556 1699 autem
2573 1630 2700 1682 beati
2714 1631 2846 1683 oculi
2859 1632 2945 1694 qui
2959 1631 3144 1691 vident,
3162 1641 3204 1683 et
3221 1627 3549 1685 auresbestra:
3564 1627 3662 1699 qua:
3673 1627 3739 1685 aa-

2200 1699 2344 1772 diunt
2364 1698 2546 1768 (Ibid.,
2574 1701 2679 1770 16);
2698 1708 2751 1754 et
2775 1716 2976 1761 rursus.
3005 1701 3181 1755 Omnis
3203 1701 3338 1755 enim
3357 1703 3444 1772 qui
3465 1698 3597 1755 audit
3621 1702 3738 1757 verba

2201 1785 2310 1822 mea
2325 1771 2431 1841 [uec
2445 1781 2489 1823 et
2511 1771 2629 1841 facit
2645 1787 2724 1836 ea,
2743 1771 3099 1824 assimilabitur
3117 1772 3223 1824 uiro
3240 1771 3455 1839 sapienti
3469 1774 3548 1841 qui
3561 1773 3740 1836 adiﬁca-

2200 1841 2267 1892 υἷι
2297 1840 2499 1893 domum
2514 1840 2657 1894 suam
2677 1857 2830 1906 supra
2854 1852 3043 1904 petram
3060 1857 3078 1894 :
3098 1853 3142 1894 et
3158 1842 3414 1895 descendit
3435 1840 3610 1912 pluvia,
3627 1854 3664 1896 et
3678 1861 3741 1897 ve-

2201 1921 2380 1981 nerunt
2401 1912 2640 1981 ﬂumina,
2664 1919 2707 1963 et
2727 1913 2973 1980 ﬂaverant
2992 1912 3145 1977 venti,
3169 1923 3214 1965 et
3241 1923 3476 1965 venerunt
3496 1913 3546 1966 in
3572 1914 3739 1966 domum

2202 1979 2364 2052 illam,
2397 1979 2569 2052 etnon
2592 1979 2806 2042 cecidit;
2833 1983 3045 2048 fundata
3069 1984 3203 2036 enim
3242 1992 3352 2035 erat
3382 1999 3532 2052 supra
3559 1994 3736 2052 petram.

2204 2051 2496 2122 Rursusrde
2528 2053 2665 2106 male
2694 2052 3031 2106 audientibus
3053 2093 3069 2118 ,
3099 2051 3186 2121 qui
3218 2052 3418 2105 habent
3443 2051 3639 2122 quidem
3662 2069 3737 2106 au-

2204 2137 2309 2185 res,
2337 2121 2430 2176 scd
2455 2138 2557 2175 non
2589 2123 2639 2176 in
2668 2122 2982 2187 obediendo,
3011 2123 3081 2176 ita
3105 2123 3416 2191 pronuntiat
3443 2121 3470 2174 :7
3489 2122 3648 2177 Omnis
3671 2126 3738 2191 qui

2204 2194 2344 2263 audit
2385 2193 2531 2245 verba
2574 2209 2682 2245 mea
2708 2192 2813 2246 haec
2839 2202 2883 2245 et
2923 2210 3024 2246 non
3058 2193 3181 2263 facit
3207 2209 3289 2257 ea,
3332 2193 3507 2246 similis
3545 2195 3626 2246 erit
3655 2197 3738 2247 viro

2203 2260 2356 2334 stulto
2375 2263 2745 2334 quitedi/icavit
2771 2263 2974 2315 domum
3002 2260 3147 2316 suam
3173 2280 3326 2334 super
3345 2281 3546 2317 arenam
3571 2279 3586 2317 :
3612 2275 3650 2316 et
3667 2265 3738 2316 de-

2203 2333 2392 2386 scendit
2421 2331 2589 2402 pluvia
2609 2376 2620 2392 ,
2655 2343 2699 2386 et
2725 2343 2959 2386 venerunt
2985 2335 3198 2404 ﬂumina
3223 2331 3248 2404 ,5
3269 2343 3316 2386 et
3347 2335 3584 2403 ﬂaverant
3605 2335 3736 2396 venti,

2206 2412 2251 2456 et
2275 2406 2524 2474 irruerunt
2549 2404 2600 2456 in
2624 2403 2827 2456 donmm
2849 2405 3010 2474 illam,
3035 2414 3080 2458 et
3101 2403 3303 2467 cecidit,
3327 2415 3372 2456 et
3396 2405 3486 2474 fuit
3506 2405 3638 2456 ruina
3654 2406 3739 2472 ejus

2206 2491 2390 2546 magna
2408 2473 2719 2546 (Matt/ivit,
2734 2472 3153 2546 '24-‘27).Vitletis
3166 2490 3295 2546 ergo
3313 2472 3559 2546 quantum
3573 2475 3739 2528 intersit

2208 2545 2345 2598 inter
2371 2545 2507 2599 bene
2534 2545 2854 2603 audientem.
2893 2544 2945 2599 et
2973 2546 3110 2598 male
3134 2544 3475 2607 audientem;
3499 2545 3546 2598 id
3570 2555 3657 2606 est,
3680 2546 3740 2597 in-

2209 2624 2288 2668 lt-I‘
2317 2632 2436 2669 eum
2466 2615 2552 2685 qui
2584 2615 2812 2669 custodit
2841 2615 2995 2668 verba
3021 2614 3136 2679 Dei,
3164 2623 3218 2668 et
3240 2615 3382 2668 inter
3406 2629 3522 2668 cum
3548 2615 3737 2681 quicum

2207 2687 2471 2748 audierit,
2519 2687 2667 2754 qttasi
2700 2700 2967 2755 nunquam
2999 2685 3176 2738 audita
3223 2687 3533 2738 contemnit.
3578 2685 3642 2738 llli
3668 2685 3737 2752 qui

2207 2757 2385 2810 ohedit
2412 2765 2466 2810 et
2497 2755 2638 2817 facit,
2681 2754 2970 2824 sapientia;
3002 2756 3124 2810 huic
3149 2755 3239 2825 qui
3271 2755 3578 2819 contemnit,
3602 2754 3738 2808 stulti-

2211 2828 2278 2880 tia
2309 2827 2610 2895 deputatur.
2641 2825 2733 2882 llle
2771 2841 2931 2894 super
2958 2825 3186 2880 solidum
3214 2825 3447 2880 aediﬁcnt
3472 2825 3740 2880 itindamen-

2210 2907 2351 2961 tum;
2395 2896 2550 2965 hujus
2589 2911 2721 2950 vana
2766 2897 3044 2950 mdiﬁcatio
3087 2907 3140 2950 et
3179 2895 3384 2964 absque
3425 2895 3738 2959 fundamento,

2209 2967 2360 3021 facile
2379 2982 2562 3020 casura
2590 2966 2924 3021 describitur.
2956 2966 3028 3020 lbi
3059 2966 3361 3032 stabilitas;
3389 2966 3472 3020 hic
3499 2967 3636 3020 ruina
3660 2973 3738 3026 est,

2209 3047 2261 3092 et
2299 3039 2448 3092 ruina
2491 3052 2698 3105 magna.
2744 3036 2912 3090 Nemo
2939 3037 3082 3091 enim
3113 3037 3331 3105 gravius
3360 3039 3588 3101 corruit,
3616 3050 3740 3105 quam

2209 3109 2299 3178 qui
2327 3107 2508 3162 audito
2533 3107 2699 3162 verbo
2719 3107 2817 3178 Dei
2847 3107 2915 3161 ad
2947 3117 3162 3177 peccata
3192 3109 3538 3178 convertitur,
3569 3118 3742 3175 propter

2209 3195 2329 3245 qua:
2359 3187 2554 3232 aeterna
2580 3177 2835 3246 supplicia
2869 3187 3157 3246 pravparata
3190 3186 3338 3230 sunt.
3370 3177 3553 3247 (a)Vos
3577 3185 3740 3247 autem,

2211 3261 2487 3318 postquam
2531 3257 2721 3302 vestrae
2750 3263 2906 3302 aures
2955 3252 3074 3301 oleo
3100 3246 3409 3318 benedicta
3455 3258 3573 3302 sunt
3607 3246 3739 3307 illiue,

2211 3317 2471 3388 designati
2516 3319 2646 3371 estis
2678 3319 2727 3370 in
2760 3334 2981 3371 numero
3011 3317 3316 3372 auditorum
3345 3319 3676 3387 sapientium:
3702 3323 3745 3367 ut

2211 3401 2353 3444 recte
2376 3391 2665 3443 retinentes
2687 3389 2774 3442 Dei
2799 3389 2976 3454 verba,
3005 3389 3052 3440 id
3080 3398 3181 3452 est,
3206 3405 3329 3456 quae
3351 3389 3541 3442 auditis
3563 3388 3744 3454 implen-

2215 3473 2313 3520 tes,
2350 3461 2399 3512 in
2428 3461 2513 3513 die
2544 3458 2725 3527 judicii
2754 3459 2978 3512 audiatis
3007 3459 3156 3513 vobis
3191 3458 3468 3512 Christmn
3498 3458 3743 3527 dicentem.

2222 3530 2424 3590 Venite,
2457 3529 2698 3582 benedicti
2741 3527 2914 3581 Patris
2954 3528 3080 3592 mei,
3111 3529 3356 3596 suscipite
3396 3541 3616 3595 paratum
3639 3526 3745 3579 vobis

2211 3617 2421 3671 regnum
2448 3617 2478 3652 a
2504 3599 2851 3671 constitutione
2874 3599 3050 3652 mundi
3082 3597 3190 3671 (Id.
3217 3615 3352 3662 xxv,
3379 3598 3491 3671 54).

2286 3670 2416 3724 Illud
2442 3680 2616 3724 autem
2649 3685 2751 3724 non
2782 3670 2972 3734 otiose,
3006 3667 3103 3722 nec
3145 3670 3354 3736 absque
3397 3667 3538 3725 certa
3579 3667 3748 3722 ratione

2212 3740 2450 3813 mysterii
2470 3739 2660 3813 factum
2688 3739 2900 3813 putetis,
2924 3739 3064 3813 quod
3092 3736 3174 3813 (b)
3189 3756 3347 3813 nares
3360 3747 3748 3813 quoque_\'estras

2212 3808 2334 3867 oleo
2366 3810 2746 3866 benedictionis
2771 3808 3109 3864 adunximns.
3142 3808 3297 3874 Quod
3333 3811 3526 3864 idcirco
3558 3808 3656 3863 ﬁeri
3687 3808 3751 3860 iu-

2215 3883 2486 3952 telligitur,
2517 3891 2573 3934 ut
2612 3881 2686 3946 Ιιί,
2714 3881 2800 3950 qni
2826 3880 2902 3952 ad
2948 3879 3275 3948 Baptismum
3328 3878 3748 3952 veniunt,_admoo

2216 3949 2441 4007 neautur
2467 3952 2594 4005 tanti
2622 3949 2856 4022 mysterii
2898 3962 3292 4004 sacramentum
3342 3967 3510 4020 usque
3534 3949 3594 4003 ad
3635 3961 3750 4022 tuor—

2217 4036 2321 4079 tem
2351 4022 2656 4090 inviolatum
2678 4017 3108 4090 atqueintcgrum
3139 4017 3452 4076 custodire}
3471 4030 3522 4075 ut
3541 4017 3749 4090 quamdiu

2217 4095 2458 4163 spiritum
2485 4089 2610 4163 vita:
2634 4085 2788 4160 hujus
2816 4085 3032 4144 naribus
3067 4093 3176 4163 suis
3211 4093 3510 4163 attrahunt,
3539 4085 3570 4144 a
3593 4085 3752 4163 Christi

2218 4157 2423 4220 Domini
2451 4162 2616 4216 nostri
2645 4157 2846 4216 cultura
2876 4169 2932 4215 et
2955 4162 3170 4214 servitio
3198 4177 3307 4215 non
3337 4161 3606 4216 recedant.
3632 4157 3751 4212 Unde

2218 4247 2271 4291 et
2298 4235 2398 4288 Job
2420 4234 2499 4288 vir
2527 4243 2742 4287 sanctus
2764 4232 3012 4302 loquitur,
3056 4231 3183 4285 Vivit
3207 4231 3484 4295 Dominus,
3516 4232 3595 4299 qui
3619 4229 3754 4302 abstit-

2219 4307 2275 4360 lit
2295 4305 2548 4374 judicium
2591 4319 2791 4374 meum;
2829 4297 2874 4355 et
2905 4300 3253 4374 Omnipotens,
3285 4303 3376 4372 qui
3405 4305 3473 4355 ad
3499 4297 3754 4374 antariiudﬂi-

2219 4365 2332 4430 nent
2356 4375 2571 4429 adduxit
2593 4365 2816 4426 animam
2837 4389 3004 4443 meam
3031 4365 3186 4443 {quia
3212 4365 3375 4425 donec
3404 4380 3620 4443 superest
3650 4365 3753 4420 hali-

2221 4457 2300 4499 tus
2325 4447 2376 4498 in
2404 4453 2572 4508 me,‘et
2597 4443 2803 4513 spiritus
2823 4442 2920 4496 Dei
2939 4443 2992 4495 in
3022 4443 3226 4513 naribus
3253 4443 3403 4510 meis,
3456 4459 3553 4494 non
3580 4442 3753 4513 loquen—

2221 4528 2302 4571 tur
2328 4517 2460 4570 labia
2505 4511 2632 4567 mea
2657 4515 2987 4580 iniquitatem,
3040 4529 3130 4565 nec
3179 4511 3358 4582 lingua
3410 4529 3519 4565 mea
3571 4511 3757 4582 loquetur

2219 4587 2557 4641 mendacium.
2589 4583 2727 4638 Absit
2745 4578 2779 4636 a
2804 4600 2904 4648 me,
2945 4592 2999 4636 ut
3039 4583 3206 4653 justas
3232 4578 3321 4636 v'as
3341 4582 3567 4652 judicent
3594 4578 3757 4653 {donec

2221 4658 2473 4725 deﬁciam,
2503 4672 2605 4709 non
2643 4655 2870 4725 recedam
2908 4653 2968 4706 ab
2994 4649 3280 4725 innocentia
3309 4649 3442 4715 mea,
3463 4649 3754 4725 justiﬁcatio-

2222 4721 2336 4782 nem
2364 4743 2512 4794 quam
2533 4724 2684 4779 semel
2705 4735 2870 4778 tenere
2891 4725 3038 4793 coepi,
3067 4740 3170 4776 non
3197 4724 3428 4778 deseram
3457 4721 3572 4794 (Job
3625 4731 3759 4794 xxv".

2221 4791 2502 4870 2-6).'Sed
2543 4796 2716 4870 adhuc
2759 4791 3005 4870 subtilitir
3031 4793 3333 4870 intellectus
3377 4795 3428 4870 in
3467 4791 3568 4846 "hac
3593 4791 3759 4870 uariunt

2225 4858 2472 4921 unctione
2519 4868 2774 4936 signatur.
2827 4863 3296 4936 Illiusenimholei
3355 4866 3512 4928 odor,
3559 4859 3682 4936 quod
3723 4858 3759 4907 in

2224 4938 2419 4992 Christi
2448 4930 2660 4990 nomine
2686 4944 2740 4990 et
2761 4936 2954 4990 virtute
2992 4934 3330 4988 benedictum
3359 4946 3464 4999 est,
3511 4932 3574 4987 ad
3599 4930 3759 4999 odora:

2225 5019 2335 5063 tum
2363 5023 2458 5062 vos
2485 5015 2734 5075 provocat
2760 5006 3091 5074 Spiritualem
3123 5022 3136 5058 :
3168 5013 3226 5075 ut
3251 5021 3359 5058 non
3400 4994 3651 5070 corporis,
3691 4994 3762 5050 sed

2229 5079 2420 5133 mentis
2441 5074 2685 5132 sensibus
2712 5075 2980 5131 Christum
3010 5074 3368 5129 inarslimahili
3391 5075 3644 5127 suavitate
3663 5083 3761 5120 sen-

2227 5152 2326 5204 tire
2356 5150 2591 5216 possitis,
2622 5156 2676 5201 et
2717 5139 2966 5216 delectati
3016 5145 3202 5200 notitia
3249 5146 3435 5198 odoris
3461 5144 3595 5216 ejus,
3632 5138 3764 5216 ipsius

2226 5204 2443 5290 vestigia
2471 5204 3072 5290 subsequentes,dicere
3114 5216 3334 5290 valeatis
3377 5204 3690 5290 illud,_qu¢fd
3716 5204 3765 5256 ιιίί

2227 5279 2392 5344 Deum
2422 5279 2752 5343 credentium
2782 5279 2978 5342 cherus
3009 5287 3260 5356 loquitur,
3287 5284 3419 5338 Post
3457 5279 3767 5356 teuinodoiem

2225 5368 2593 5430 unguentorum
2614 5368 2812 5430 tuorum
2833 5348 3130 5430 currimus-1
3137 5355 3287 5430 Cant,
3318 5358 3462 5430 1,3).
3487 5354 3628 5408 Hunc
3651 5348 3758 5430 oili}:

2226 5420 2340 5486 rein
2372 5428 2712 5484 commendat
2763 5428 3048 5496 Apostolus
3093 5420 3603 5496 Christiatnichum
3647 5420 3767 5496 die“.

2229 5502 2335 5554 Deo
2357 5510 2523 5554 autem
2552 5500 2760 5569 gratias,
2800 5487 2887 5564 qui
2929 5499 3206 5566 triumphat
3231 5513 3322 5550 nos
3345 5500 3396 5548 in
3423 5487 3614 5569 Christo
3633 5487 3767 5569 ..ζων

2231 5583 2272 5628 rt
2296 5571 2497 5626 adorent
2520 5561 2708 5623 notitiae
2739 5561 2842 5622 suae
2871 5561 3157 5626 manifestat
3184 5583 3274 5637 per
3309 5583 3404 5621 nos
3432 5567 3486 5620 in
3519 5562 3643 5618 eunti
3665 5561 3770 5619 loco;

2313 5726 2363 5786 (ι)
2389 5734 2465 5775 tvo
2488 5726 2549 5774 de
2572 5726 2822 5786 Baptismo,
2841 5737 2942 5784 cap.
2970 5723 3074 5773 195.

2313 5743 2340 5774 a
2389 5734 2465 5775 tvo
2488 5726 2549 5774 de.
2572 5726 2822 5786 Baptismo,
2841 5737 2942 5784 cap.
2970 5726 3074 5773 195.

2291 5726 2364 5849 ibi
2391 5788 2645 5837 Leidradus
2668 5788 2730 5836 de
2758 5789 3018 5847 Baptistae.
3034 5799 3138 5848 cap.
3163 5783 3212 5844 ."2,
3233 5785 3279 5832 in
3303 5791 3434 5833 tome
3455 5779 3488 5831 3
3511 5786 3606 5826 \‘et.
3631 5770 3769 5822 Anale-

2231 5867 2254 5901 ι·
2261 5861 2431 5900 tot‘utu.
