3992 6478
207 441 336 495 1213

202 571 340 607 amen
367 553 480 606 dico
504 551 659 612 vobis,
686 551 918 622 quianon
947 560 1019 603 est
1037 568 1206 622 servus
1233 551 1396 622 major
1411 549 1619 622 domino
1641 567 1753 622 suo,

203 641 287 678 nec
314 623 569 693 apostolus
599 621 760 690 major
787 639 843 693 eo
863 621 949 691 qui
989 622 1120 693 misit
1150 621 1316 673 illum.
1447 622 1563 693 haec
1578 621 1714 693 scitis
1739 662 1754 684 ,

201 689 484 763 beati-estis
530 696 574 744 si
618 689 834 761 feceritis
877 689 942 744 ea
985 689 1161 763 (Joan.
1217 707 1332 756 XIII,
1363 692 1492 763 5-5;
1546 691 1754 763 l2,l7).

201 762 538 817 (ionsiderate
567 777 695 830 ergo
719 803 732 823 ,
777 763 965 816 lratres
987 761 1336 825 dilectissimi,
1367 761 1519 827 cujus
1547 762 1770 814 infelici-

203 835 349 898 tatis,
395 833 546 898 cujus
575 833 793 886 insania:
838 833 934 892 sit,
971 843 1025 886 ιιι
1077 832 1391 897 dedignetur
1419 846 1606 886 servus
1636 848 1767 885 eon—

201 922 368 966 si-rvo,
397 902 684 970 discipulus
733 903 1093 970 condiscipulo
1122 903 1283 970 pedes
1318 902 1527 963 lavare;
1558 903 1769 969 quando

198 975 426 1027 omnium
476 973 728 1027 Dominus
755 982 808 1026 et
852 975 1099 1039 magister
1128 987 1400 1026 servorum
1449 982 1501 1024 et
1535 972 1771 1040 discipu-

202 1046 364 1098 lorum
390 1044 554 1110 pedes
585 1043 759 1096 lavare
782 1042 1023 1112 dignatus
1045 1053 1144 1096 est.
1174 1043 1265 1096 Ille
1292 1057 1350 1097 se
1374 1043 1666 1096 humiliavit
1689 1044 1768 1094 in-

200 1115 508 1179 ferioribus;
542 1129 637 1167 nos
665 1129 790 1167 vero
816 1114 1079 1167 humiliari
1110 1113 1458 1182 dedignamur
1474 1113 1768 1181 aequalibus

195 1196 243 1238 et
273 1200 412 1252 smpe
440 1184 767 1238 melioribus.
810 1183 960 1250 Quod
999 1201 1100 1237 non
1132 1184 1365 1248 aliunde,
1408 1198 1563 1252 quam
1593 1184 1659 1238 de
1692 1184 1770 1236 in-

198 1255 509 1309 credulitate
539 1257 714 1308 evenit
761 1254 1078 1308 futurorum.
1126 1255 1177 1308 Si
1210 1255 1351 1308 enim
1384 1270 1508 1308 vere
1550 1264 1602 1308 et
1659 1265 1767 1307 toto

194 1327 365 1378 animo
390 1325 752 1380 crederemus.
798 1340 892 1395 per
938 1325 1052 1380 haec
1083 1325 1294 1378 Domini
1322 1332 1586 1394 pra-cepta
1607 1365 1620 1388 ,
1649 1339 1768 1391 (μιιιξ

197 1397 333 1449 brevi
363 1397 486 1449 vita:
514 1405 709 1449 nostra:
737 1405 976 1463 tempore
1010 1395 1336 1451 custodimus
1356 1436 1370 1459 ,
1400 1395 1464 1448 ad
1490 1403 1688 1448 mterna
1715 1404 1770 1448 et

193 1467 423 1520 tzmlestia
459 1481 555 1519 uos
584 1467 798 1535 pnemia
827 1466 1142 1534 pervenire;
1177 1481 1282 1519 non
1310 1465 1480 1519 solum
1514 1480 1616 1518 non
1641 1480 1766 1518 eru-

194 1537 526 1590 besceremus
552 1537 728 1590 oiunia
749 1551 910 1606 opera
930 1535 1241 1591 humilitatis
1259 1535 1550 1605 implendo,
1583 1551 1765 1590 verum

191 1610 342 1661 etiam
373 1607 750 1674 gloriarentur.

256 1677 637 1731 Commendate
665 1691 793 1745 ergo
824 1677 1046 1730 ﬁrmiter
1084 1677 1354 1731 memoria:
1397 1687 1589 1731 vestra:
1625 1676 1767 1746 quod

189 1747 404 1800 audistis
425 1763 455 1817 ra
487 1748 659 1811 nobis,
694 1758 749 1801 et
791 1747 931 1814 quod
960 1749 1130 1806 nobis.
1167 1749 1273 1801 imo
1303 1749 1527 1801 Domino
1558 1749 1762 1817 promi-

189 1817 325 1870 sistis
367 1816 442 1886 (a)
477 1833 490 1871 :
526 1835 623 1871 nec
653 1819 755 1870 ulla
788 1834 1014 1885 unquam
1046 1819 1315 1871 tribulatio
1345 1816 1622 1886 praesentis
1644 1818 1765 1871 vit-.e

190 1889 610 1941 recordationem
638 1890 787 1942 vobis
835 1899 1024 1942 vestrae
1058 1889 1263 1943 auferat
1310 1889 1628 1957 sponsionis.
1662 1889 1766 1942 lm-

188 1959 322 2025 plete
350 1959 528 2012 omnia
561 1975 679 2029 qua:
717 1959 940 2012 audistis
988 1961 1204 2026 imperia
1258 1977 1271 2013 :
1325 1960 1540 2027 implete
1587 1963 1764 2024 omnia

189 2041 354 2082 vestra
396 2045 517 2098 qth
557 2029 898 2098 promisistis.
949 2029 1121 2083 Nolite
1158 2031 1359 2084 similes
1398 2029 1534 2082 efﬁci
1571 2030 1764 2098 potatio

184 2098 508 2161 Judaeorum,
542 2100 632 2168 qui
677 2116 796 2154 cum
827 2099 1101 2152 audissent
1153 2107 1416 2168 pr;rccpla
1456 2101 1578 2163 Dei,
1621 2108 1767 2154 recte

183 2170 388 2236 quidem
435 2170 716 2235 dixerunt,
757 2170 940 2223 Omnia
966 2187 1078 2240 qua:
1104 2171 1362 2223 mandavit
1406 2171 1548 2224 nobis
1578 2169 1763 2222 Domi-

183 2256 294 2302 nus,
318 2241 604 2304 audiemus,
633 2250 678 2294 et
709 2242 948 2310 faciemus
975 2258 1069 2304 ea;
1109 2240 1201 2295 sed
1227 2241 1366 2310 quod
1398 2241 1530 2295 bene
1562 2241 1762 2309 promi-

183 2321 392 2377 serant,
427 2312 802 2380 neglexerunt.
836 2312 1155 2365 Placuerunt
1185 2315 1328 2366 enim
1375 2312 1484 2364 Deo
1507 2353 1521 2376 ,
1550 2312 1766 2381 quando

183 2395 238 2451 se
265 2382 508 2435 mandata
552 2382 669 2450 ejus
695 2393 998 2436 servaturos
1029 2382 1408 2451 promiserant.
1435 2381 1524 2436 Sic
1550 2381 1766 2447 quidem

181 2449 401 2520 legimus
434 2449 640 2506 dixisse
684 2453 749 2507 ad
781 2453 998 2523 Moysen
1027 2449 1280 2523 populum
1308 2451 1472 2523 Israel
1502 2469 1515 2505 :
1548 2451 1761 2516 Accede,

183 2531 253 2594 tu,
286 2532 331 2575 et
353 2523 482 2575 audi
511 2524 681 2576 omnia
708 2522 897 2592 quanta
925 2524 1146 2594 loquitur
1170 2522 1414 2575 Dominus
1435 2522 1570 2576 Deus
1597 2532 1767 2594 noster

179 2591 244 2644 ad
263 2601 330 2659 te,
353 2602 400 2646 et
440 2603 499 2646 tu
536 2594 756 2665 loqueris
782 2596 850 2647 ad
871 2591 996 2647 nasi
1029 2593 1214 2647 Omnia
1237 2603 1427 2664 quanta
1453 2594 1674 2660 loquitur
1697 2593 1766 2645 ad

235 2747 308 2811 (οι)
335 2750 701 2814 ιῖιιοιιιὶδετιιιιγίιι
735 2751 971 2814 Baptisnio
1003 2751 1182 2813 pedum
1204 2750 1436 2814 lotionem
1466 2748 1682 2814 legimus
1715 2751 1768 2800 in

180 2811 447 2872 Appendice
474 2813 591 2861 tomi
612 2813 663 2872 5,
686 2811 834 2862 serui.
859 2812 965 2874 168,
985 2811 1033 2862 ti.
1060 2815 1107 2874 5,
1134 2821 1187 2863 et
1208 2812 1317 2873 2:37,
1343 2828 1390 2862 ιι.
1409 2812 1455 2865 2

1291 435 1516 492 SERMO
1554 435 1643 492 DE
1671 434 2014 491 VANI'I‘ATE
2044 389 2330 494 ἑΑζΟυιι.

3316 442 3450 497 1214

1863 549 2230 630 prosperrimus
2259 553 2392 606 Deus
2417 564 2604 630 noster,
2635 566 2681 609 et
2705 559 2988 630 audiemus,
3017 571 3063 611 et
3085 560 3351 628 faciemus.
3384 560 3454 616 Et

1867 621 1996 674 dixit
2021 621 2106 693 ad
2154 621 2363 693 Moysen
2411 623 2694 692 Dominus,
2727 627 2908 682 Audiri
2954 621 3119 683 uocem
3169 649 3458 685 sermonum

1871 690 2048 772 populi
2073 693 2226 772 hujus
2245 690 2443 772 quanta
2470 695 2626 748 locuti
2653 690 2790 750 sunt.
2841 700 2965 766 Quis
2992 700 3128 754 dabit
3173 718 3259 754 cor
3285 718 3456 755 eorum

1871 763 1942 814 sic
1969 778 2074 814 esse
2097 763 2266 842 iacis,
2288 765 2365 842 ita
2393 775 2446 816 ut
2470 775 2695 842 metuant
2721 763 2906 842 mehei
2932 772 3184 842 observent
3202 784 3454 842 pnrcepta

1872 835 2237 912 irrationalibus
2259 835 2437 912 diebus
2461 834 2698 912 (Deut.v,
2722 837 2942 912 27-29)?
2971 834 3452 912 Placuerttnter'go,

1873 911 1930 954 ut
1956 902 2220 976 disimus,
2259 906 2396 968 Deo,
2427 905 2654 976 quando
2695 902 2906 975 quidem
2956 913 3170 976 polliciti
3225 902 3455 968 suntvse

1873 975 2117 1050 inlaudata
2145 975 2258 1050 ejus
2279 974 2650 1050 esse‘facwros
2673 994 2686 1029 :
2708 974 2798 1031 Sed
2820 974 3218 1047 distilieucrunt,
3238 983 3452 1050 quando

1874 1044 2089 1105 quidem
2120 1048 2288 1114 posita
2317 1045 2416 1118 sibi
2445 1047 2708 1110 mandata,
2732 1057 2784 1102 et
2809 1066 2927 1118 qua:
2961 1044 3314 1118 promiserant
3335 1070 3452 1107 ser-

1872 1128 2026 1193 vare,
2053 1116 2367 1193 transgressi
2397 1126 2539 1170 sunt.
2578 1118 2649 1172 De
2676 1119 2804 1193 ipsis
2829 1116 2971 1174 enim
2998 1124 3252 1190 propheta
3273 1124 3447 1193 loqui-

1872 1193 1958 1238 tur
1978 1185 2194 1262 dicens,
2227 1186 2523 1262 Dilexerunt
2563 1185 2753 1262 eumiin
2790 1207 2880 1262 ore
2926 1185 3038 1256 suo,
3084 1185 3129 1244 et
3161 1185 3455 1262 lingua-sua

1871 1256 2068 1308 mentiti
2082 1258 2260 1331 sunt_ei
2287 1257 2457 1331 θεαί.
2484 1274 2644 1324 vau,
2670 1259 2900 1331 36).Hoc
2917 1271 2997 1314 est
3017 1263 3157 1316 enim
3181 1256 3272 1318 ore
3292 1264 3456 1319 Deum

1871 1335 1923 1378 ct
1950 1341 2053 1380 non
2085 1326 2246 1398 corde
2269 1328 2510 1396 diligere,
2543 1329 2683 1396 quod
2717 1326 3029 1398 promittunt
3055 1347 3114 1387 se
3149 1334 3238 1387 Dei
3270 1335 3455 1386 volun-

1874 1406 2034 1471 tatem
2063 1412 2189 1471 esse
2211 1397 2459 1471 facturos,
2490 1397 2821 1455 mentiuntur
2851 1402 3026 1471 lingua
3055 1417 3169 1462 sua,
3202 1412 3256 1457 et
3282 1405 3348 1457 ad
3380 1405 3456 1458 l'ao

1871 1466 2333 1542 ciendamdiaboli
2363 1469 2630 1542 refugiunt
2659 1466 3004 1535 voluntatem,
3029 1474 3454 1542 omnipotentem

1873 1535 2038 1617 Deum
2067 1535 2505 1617 adﬁiracundiam'
2521 1553 2890 1617 provocantes.
2920 1546 3009 1612 qui
3030 1559 3090 1599 se
3111 1535 3316 1617 irrideri
3346 1562 3453 1617 non

1873 1608 2087 1682 patitur.
2111 1608 2214 1682 Qui
2264 1625 2384 1664 cum
2431 1619 2484 1663 et
2509 1626 2670 1679 Opera
2723 1608 2996 1666 hominum
3054 1615 3345 1682 quamlibet
3401 1616 3454 1670 in

1870 1679 2078 1758 occulto
2103 1679 2582 1758 facta_conspiciat,
2614 1683 2701 1752 qui
2727 1699 2848 1758 cum
2875 1685 3033 1758 verba
3055 1679 3234 1741 omnia
3264 1701 3454 1754 quam-

1870 1747 1997 1824 libet
2022 1759 2230 1824 secreto
2245 1747 2644 1824 insusurrantes
2671 1753 2871 1818 audiat,
2893 1755 2982 1824 qui
3000 1770 3120 1810 cum
3135 1747 3324 1810 omnes
3339 1771 3457 1810 om-

1871 1819 2018 1899 niuin
2048 1821 2682 1899 cogitationesintelligat
2715 1833 2769 1876 et
2798 1819 3050 1895 agnoscat
3069 1866 3085 1892 ,
3117 1827 3457 1882 severissime

1866 1889 2142 1969 judicabit.
2169 1889 2526 1969 Quihic‘ideo
2547 1889 2652 1969 non
2682 1889 2894 1969 semper
2910 1889 3304 1969 contemptores
3329 1915 3455 1952 suos

1873 1962 2053 2028 punit,
2105 1963 2231 2034 quia
2276 1963 2326 2015 in
2376 1962 2552 2015 futuro
2596 1965 2829 2018 decrevit
2871 1981 2989 2020 esse
3013 1962 3310 2034 judicium,
3367 1969 3456 2023 tibi

1869 2039 2067 2084 :eterna
2090 2031 2470 2103 condemnatio
2491 2043 2543 2087 ct
2567 2044 2820 2103 perpetua
2845 2031 3088 2091 servatur
3113 2031 3454 2103 peccantibus

1871 2115 2048 2172 pinna.
2081 2099 2162 2154 Ibi
2191 2103 2287 2154 erit
2333 2104 2480 2170 ﬂetus
2521 2099 2797 2159 oculorum
2819 2148 2835 2172 ,
2893 2117 2939 2160 et
2984 2099 3172 2160 stridor
3200 2109 3447 2162 dentium.

1871 2170 1994 2235 Ubi,
2023 2172 2158 2225 sicut
2187 2173 2298 2240 ipse
2324 2174 2579 2228 Dominus
2608 2175 2681 2229 ait
2701 2170 2922 2230 :Vermis
2947 2193 3120 2230 eorum
3146 2195 3246 2232 non
3265 2181 3452 2233 morie-

1871 2250 1970 2320 tur,
2001 2251 2046 2294 et
2080 2243 2210 2312 ignis
2239 2259 2416 2320 eorum
2457 2261 2558 2320 non
2597 2247 2940 2320 ecstinguetur
2963 2246 3124 2320 μιαί.
3157 2265 3298 2315 LXVI,
3331 2249 3450 2320 '24).

1873 2311 1978 2365 Vos
2008 2311 2204 2376 atttem,
2233 2312 2424 2367 fratres
2467 2311 2820 2377 dilectissimi.
2850 2311 3118 2372 credimus
3149 2320 3200 2372 in
3240 2311 3457 2375 nomine

1870 2381 2100 2453 Domini,
2119 2383 2258 2452 quod
2275 2400 2376 2437 non
2398 2387 2933 2442 transitorieaudiatis
2950 2390 3109 2443 verba
3129 2401 3328 2453 nostra,
3351 2390 3460 2443 imo

1871 2451 2046 2506 divina
2075 2471 2086 2505 :
2118 2451 2239 2522 quia
2265 2455 2405 2523 quod
2437 2456 2588 2509 vobis
2613 2457 2858 2523 dicimus,
2880 2474 2946 2512 cx
2971 2465 3168 2514 sanctis
3188 2469 3242 2514 et
3264 2451 3459 2514 divinis

1873 2523 2096 2598 eloquiis
2128 2533 2450 2598 mutuamur.
2493 2525 2780 2594 Speratnus
2811 2529 2864 2581 in
2911 2529 3168 2592 Domino,
3198 2531 3339 2598 quod
3373 2531 3457 2585 fa-

1872 2594 2037 2667 cietis
2053 2595 2241 2667 omnia
2277 2612 2395 2664 quae
2433 2598 2772 2665 promisistis.
2809 2599 2920 2652 Deo
2948 2594 3232 2667 adjuvanle
3263 2617 3355 2654 vos
3404 2603 3456 2655 in

1873 2665 2071 2718 sanctis
2097 2665 2379 2735 operibus,
2413 2667 2577 2735 ipsius
2607 2669 2811 2722 Domini
2862 2665 3028 2724 nostri
3077 2670 3208 2725 Jesu
3257 2672 3454 2726 Christi

1874 2736 2191 2811 gratia;_cui
2217 2746 2300 2790 est
2324 2738 2492 2811 gloria
2523 2748 2577 2811 et
2616 2738 2788 2811 honor
2810 2754 2931 2794 cum
2957 2741 3116 2796 Patre
3153 2749 3208 2796 et
3249 2741 3451 2811 Spiritu

1878 2814 2063 2859 sancto
2094 2806 2144 2859 in
2175 2809 2370 2862 saecula
2398 2809 2736 2863 saeculorum.
2765 2810 2958 2864 Amen.

935 3010 1405 3073 TRACTATUS
1446 3012 1551 3071 DE
1594 3011 2049 3079 CREATIONE
2092 3019 2316 3081 PRIMI
2359 3020 2717 3086 HOMINIS.

241 3151 394 3222 Apud
425 3153 770 3209 Ambrosium
794 3155 1119 3221 inscribitur,
1155 3153 1231 3207 De
1258 3154 1503 3226 dignitate
1531 3156 1680 3225 primi
1707 3157 1942 3214 hominis.
1976 3161 2130 3229 Apud
2157 3163 2440 3219 Alcninum
2466 3175 2670 3232 autem,
2703 3167 2856 3222 Dicta
2895 3170 3025 3223 beati
3064 3168 3236 3224 Albini
3274 3169 3462 3226 Levita:

172 3259 320 3312 super
343 3244 478 3298 illud
502 3243 752 3300 Geneseos
783 3261 801 3298 :
829 3265 848 3298 ι
882 3244 1156 3299 Faciamus
1174 3245 1424 3298 hominem
1446 3245 1514 3298 ad
1537 3247 1803 3317 imaginem
1830 3259 1877 3301 et
1902 3250 2285 3307 similitudinem
2311 3265 2552 3309 nostram.
2571 3275 2588 3308 ι
2617 3257 2868 3313 Paulinus
2909 3261 3263 3330 Aquileiensis
3301 3275 3458 3331 supra

173 3334 262 3388 lib.
289 3333 358 3390 de
404 3335 740 3390 Salutaribus
783 3336 1150 3402 Docuntentis,
1179 3351 1335 3406 capp.
1361 3336 1397 3389 2
1447 3344 1503 3391 et
1543 3338 1596 3404 5,
1647 3339 1898 3394 nonnulla
1952 3352 2219 3398 tnutuatus
2265 3355 2439 3401 estex
2487 3346 2586 3403 hoc
2628 3349 2744 3418 ipso
2779 3359 3041 3417 tractatu;
3070 3353 3162 3423 qui
3204 3362 3458 3422 praeterea

175 3426 222 3480 in
275 3428 411 3485 libro
438 3430 510 3487 de
559 3429 760 3502 Spiritu
785 3439 840 3487 et
865 3431 1096 3497 Anima,
1128 3445 1246 3502 cap.
1278 3431 1382 3495 35,
1438 3440 1578 3486 totus
1620 3433 1854 3488 insertus
1882 3446 1983 3492 est.
2039 3438 2134 3494 llic
2177 3440 2353 3510 itaque
2404 3441 2571 3511 prima
2624 3454 2680 3499 et
2727 3453 2995 3515 postrema
3039 3448 3204 3502 verba
3248 3447 3460 3504 dedisse

169 3520 281 3574 sufﬁ
291 3522 414 3577 ciat.

234 3786 401 3840 Tanta
428 3787 664 3858 dignitas
704 3787 951 3841 humana:
995 3786 1311 3841 conditionis
1336 3800 1454 3840 esse
1484 3786 1752 3858 dignosci-

169 3865 268 3922 tur,
302 3867 354 3911 ut
388 3857 507 3913 nou
527 3859 703 3912 solum
726 3859 961 3926 jubentis
991 3873 1260 3920 sermone,
1292 3865 1348 3909 ut
1388 3858 1486 3910 alia
1515 3872 1607 3911 Sex
1645 3857 1758 3911 die-

169 3943 279 3979 rum
309 3944 508 3997 opcra,
558 3929 651 3982 sed
695 3929 919 3983 consilio
955 3938 1152 3982 sancta:
1193 3928 1461 3980 Trinitatis
1503 3939 1556 3982 et
1597 3943 1758 3996 Opera

172 3998 465 4067 majestatis
493 3999 692 4053 divina:
731 4007 942 4054 creatus
995 4000 1063 4052 sit
1103 3999 1376 4053 homo.....
1412 3997 1488 4067 (a)
1515 3999 1758 4066 Quapro-

168 4078 278 4132 pter
295 4071 530 4140 quisque
561 4069 865 4138 diligentius
913 4069 1162 4140 attendat
1191 4070 1373 4138 primae
1415 4083 1526 4122 sua:
1572 4068 1758 4122 condi-

167 4140 322 4193 tionis
359 4139 738 4195 excellentiam
762 4183 774 4202 ,
805 4151 858 4194 et
902 4139 1257 4194 venerandam
1299 4149 1496 4193 sanctte
1527 4139 1759 4193 Trinita-

166 4209 229 4263 tis
251 4211 305 4264 in
350 4226 412 4266 se
443 4213 566 4282 ipso
593 4211 873 4280 imaginem
902 4219 1184 4280 agnoscat,
1219 4211 1581 4280 honoremque
1609 4210 1761 4264 simi-

224 4323 296 4387 (a)
321 4327 515 4376 omissa
535 4331 716 4388 repete
736 4338 800 4374 ex
819 4323 944 4375 libro
965 4324 1029 4374 de
1049 4325 1226 4387 Spiritu
1249 4330 1302 4374 et
1324 4325 1498 4374 anima.

1867 3790 2104 3846 liuidinis
2125 3792 2334 3857 divinae,
2369 3793 2434 3848 ad
2464 3805 2622 3863 quam
2653 3803 2864 3849 creatus
2889 3801 3001 3858 est,
3033 3794 3312 3849 nobilitate
3333 3808 3450 3850 mo-

1866 3877 1984 3914 rum
2005 3904 2020 3924 ,
2048 3865 2303 3917 exercitio
2326 3864 2580 3918 virtutum
2601 3905 2616 3927 ,
2636 3864 2890 3934 dignitate
2920 3866 3229 3919 meritorum
3257 3866 3454 3920 habere

1867 3935 2154 4005 contendat
2183 3951 2195 3985 :
2232 3945 2286 3986 ut
2310 3936 2520 4002 quando
2547 3936 2851 4005 apparuerit
2874 3936 3050 4003 qualis
3091 3935 3191 4001 sit,
3223 3944 3346 3989 tunc
3379 3936 3454 3988 si-

1870 4003 2104 4081 tnilisilli
2135 4015 2425 4081 appareat,
2457 4007 2547 4081 qui
2578 4003 2637 4060 se
2664 4006 2974 4081 mirabiliter
3014 4005 3106 4081 ad_
3130 4006 3455 4081 suam_sitni-

1868 4071 2143 4127 litudinem
2173 4071 2225 4127 in
2257 4076 2428 4141 primo
2459 4071 2626 4131 Adam
2651 4076 2927 4143 condidit,
2957 4076 3252 4130 mirabilius
3287 4077 3338 4129 in
3364 4093 3454 4131 sc-

1869 4144 2044 4199 cundo
2074 4145 2400 4200 reformavit.

1210 4524 1477 4586 SERMO
1507 4525 1614 4585 DE
1655 4523 2069 4585 VANITATE
2112 4522 2438 4585 SECULI.

163 4675 400 4734 [labetur
453 4690 644 4747 supra,
695 4675 749 4730 in
805 4673 955 4744 Eligii
985 4680 1207 4726 tractatu
1255 4669 1322 4725 de
1352 4668 1692 4723 Rectitudinc
1717 4669 1992 4723 catholica:
2034 4667 2475 4728 conversationis.
2506 4683 2596 4720 nn.
2627 4667 2718 4733 21,
2741 4666 2812 4721 2'2
2841 4677 2893 4721 et
2916 4667 3020 4735 2'5,
3051 4675 3242 4738 pris-ter
3267 4677 3452 4720 versus

747 4766 957 4822 circiter
979 4764 1164 4819 decem
1197 4763 1246 4816 in
1281 4762 1384 4816 (ine
1409 4761 1476 4814 ab
1503 4761 1621 4815 istis
1659 4761 1856 4829 verbis,
1898 4761 2259 4816 Benedicamus
2284 4763 2438 4833 igitur
2463 4761 2756 4826 Dominum,
2785 4773 2890 4816 etc.

229 4903 285 4957 In
314 4904 416 4957 hac
438 4902 559 4976 vita
584 4902 776 4972 positi,
819 4899 1036 4961 fratres.
1069 4898 1138 4952 ita
1172 4896 1346 4976 agite,
1382 4904 1442 4950 ιιι
1481 4894 1763 4976 cumhinc

161 4975 532 5044 migraveritis
552 5015 566 5038 ,
587 4965 646 5028 et
675 4965 802 5027 caro
833 4980 1005 5044 vestra
1044 4985 1073 5023 a
1116 4967 1384 5044 vermibus
1408 4965 1761 5044 emperit_de-

161 5036 335 5100 νηί-ἰπὶ
389 5047 444 5099 in
512 5036 793 5112 sepulcro,
839 5043 1016 5095 anima
1062 5049 1259 5112 ornata
1299 5037 1452 5112 bo_nis
1511 5036 1762 5112 operibus

158 5133 276 5170 cum
308 5116 522 5170 sanctis
554 5106 802 5168 tironibus
824 5113 1032 5166 lauetur
1061 5110 1113 5164 in
1142 5109 1311 5164 cmlis.
1355 5106 1613 5162 Retrahat
1667 5122 1763 5161 vos

158 5202 184 5238 a
211 5188 367 5241 malis
396 5186 664 5256 operibus
702 5183 1086 5256 velipeccatis,
1134 5179 1378 5234 interitus
1407 5192 1592 5256 eorum
1627 5191 1764 5256 quos

162 5247 617 5324 przemisistis.....
647 5255 724 5325 (a)
772 5247 840 5308 Et
864 5254 1118 5326 erittunc
1145 5258 1344 5319 quanto
1380 5248 1500 5326 quis
1537 5247 1764 5326 amplius

158 5317 262 5381 alio
309 5329 400 5382 hic
448 5317 716 5382 obedieiis
762 5325 870 5379 Deo
926 5323 1060 5385 fuit,
1101 5317 1249 5374 tanto
1293 5319 1605 5386 ampliorem
1658 5317 1764 5369 illic

161 5399 473 5456 mercedem
520 5397 748 5465 accipiet
781 5413 793 5448 :
826 5401 1139 5467 quantoque
1165 5391 1288 5467 _ltic__
1311 5388 1538 5467 amplius
1597 5387 1763 5467 Deum

158 5473 353 5522 amavit
373 5511 386 5529 ,
414 5476 574 5522 tanto
592 5459 808 5538 propius
836 5459 956 5520 eum
1004 5459 1220 5539 videbit.
1254 5459 1646 5539 Benedicanms‘
1665 5459 1764 5539 igi-

160 5548 243 5594 tur
274 5525 570 5610 Domitttttn
593 5525 769 5590 'Dcum
818 5545 1087 5610 nostrum,
1132 5533 1321 5610 fratres
1339 5571 1355 5591 ,
1380 5529 1482 5610 qui.
1511 5525 1577 5580 ad
1601 5526 1766 5610 "luiti-

159 5613 284 5665 tiam
314 5608 658 5682 spiritualcm
681 5608 1018 5677 congregavit
1039 5597 1157 5657 nus.
1184 5603 1362 5657 Simus
1390 5597 1442 5653 in
1461 5597 1767 5660 humilitate

1870 4897 2050 4954 cordis
2079 4912 2289 4966 semper
2311 4939 2323 4959 .
2347 4906 2400 4950 et
2424 4895 2671 4966 gaudium
2702 4905 2940 4949 nostrum
2977 4908 3137 4966 penes
3160 4893 3329 4962 ipsum
3361 4895 3449 4966 sit.

1868 4967 1983 5021 Non
2005 4968 2072 5023 de
2101 4964 2452 5038 prosperitate
2476 4967 2649 5034 aliqua
2673 4966 2828 5034 hujus
2854 4965 3030 5018 SicCIlii
3061 4964 3454 5038 inllemur;_sed

1869 5035 2177 5093 noverimus
2203 5035 2504 5091 felicitatem
2534 5045 2765 5090 nostram
2797 5051 2901 5090 non
2931 5050 3050 5088 esse
3080 5035 3178 5088 nisi
3209 5049 3328 5089 cum
3350 5035 3449 5088 ista

1869 5110 2196 5163 transierint.
2225 5108 2378 5161 Modo
2406 5108 2655 5177 gaudium
2699 5114 2938 5160 nostrum
2964 5147 2979 5169 ,
3009 5104 3229 5169 fratres,
3261 5105 3312 5158 in
3359 5120 3453 5177 spe

1871 5177 2044 5232 futura
2075 5180 2181 5241 sit,
2217 5187 2382 5231 totum
2412 5175 2734 5232 desiderium
2763 5177 2866 5230 vita
2909 5185 3106 5229 aiterna
3141 5177 3240 5238 sit,
3273 5175 3449 5226 omnia

1869 5249 2093 5318 suspiria
2124 5259 2301 5302 nostra
2332 5247 2543 5318 Christo
2559 5247 2826 5318 anhelent.
2857 5245 2954 5318 llle_
2993 5260 3130 5300 unus
3159 5243 3454 5318 pulcherri-

1869 5313 2017 5382 mus,
2046 5319 2133 5385 qui
2165 5318 2332 5372 fmdos
2357 5317 2540 5372 dilexit
2566 5326 2622 5370 ιιι
2652 5317 2900 5385 pulchros
2931 5315 3127 5370 faceret
3142 5313 3172 5380 ,ί
3187 5313 3454 5368 desidere-

1871 5399 1987 5442 tur:
2017 5385 2083 5444 ad
2142 5390 2287 5443 illum
2328 5405 2489 5441 unum
2538 5396 2813 5448 curratur,
2844 5387 2914 5440 illi
2967 5385 3375 5456 ingemiscatur;
3410 5393 3454 5436 et

1871 5461 2039 5513 dicant
2067 5476 2290 5526 semper,
2322 5457 2677 5528 Magniﬁcetur
2711 5457 2994 5526 Dominus,
3025 5459 3110 5528 qui
3152 5458 3322 5511 volunt
3363 5473 3449 5524 pu-

1873 5547 1976 5584 cem
1996 5530 2126 5584 servi
2152 5532 2260 5600 ejus
2288 5528 2455 5600 (l’sal.
2483 5543 2662 5595 xxxiv,
2690 5528 2811 5600 27).

210 5745 278 5804 (υ)
318 5739 523 5793 Omissa
549 5741 725 5797 repete
759 5747 815 5784 ex
846 5729 993 5793 Eligit
1019 5735 1226 5780 tractatu
1267 5728 1326 5775 de
1362 5721 1674 5772 lict-titudinc
1699 5720 1950 5768 catholica:
1974 5720 2375 5766 comersalionis.
