3992 6494
609 404 749 459 1215

2051 398 2394 455 ΑΡΡΕΝΟΙΧ

3692 423 3792 482 l‘llG

1585 607 1852 670 SERMO
1893 607 1996 666 DE
2038 603 2508 669 CONTEMPTU
2548 611 2801 675 MUNDI
2830 619 2871 690 ί,
3641 667 3649 677 .

1864 731 2132 787 INCERTI
2172 729 2524 789 AUCTORIS.

663 852 888 908 CAPUT
941 851 1222 907 PRIMUM.
1289 850 1533 905 Mandata
1594 849 1698 901 alia
1746 847 2017 916 specialia,
2070 845 2172 897 alia

592 926 896 976 communia.
964 923 1187 987 Audite,
1239 921 1428 976 fratres
1471 919 1800 985 charissimi,
1841 916 2171 972 salutiferam

594 993 764 1046 Patris
791 994 954 1048 nostri
985 994 1274 1046 doctrinam
1297 1032 1309 1054 ,
1334 992 1423 1059 qui
1452 1005 1554 1043 non
1578 999 1839 1043 terrenam
1860 1029 1874 1053 ,
1900 987 1991 1059 sed
2013 995 2171 1039 teter-

592 1078 714 1116 nam
757 1063 1129 1132 concupiscitis
1172 1058 1572 1132 haereditatcm;
1604 1059 1824 1132 qui_non
1867 1058 2025 1132 vtiltis
2053 1073 2171 1132 sor-

591 1142 696 1186 tem
723 1127 961 1201 accipere
994 1133 1045 1186 in
1079 1142 1216 1186 terra
1236 1131 1570 1186 morientium
1588 1170 1602 1192 ,
1622 1127 1717 1184 sed
1747 1127 2170 1201 cum_Psalmista

588 1198 901 1266 decantare,
933 1203 1108 1256 Portio
1148 1219 1257 1254 mea
1282 1203 1332 1254 in
1374 1213 1506 1255 terra
1534 1201 1797 1254 viventium
1827 1198 1996 1266 (Psal.
2023 1213 2165 1262 cxu,

589 1275 668 1340 ti);
696 1275 782 1344 qui
801 1273 1084 1344 IEgyptutn
1128 1273 1413 1341 reliquistis
1433 1312 1448 1336 ,
1479 1280 1532 1344 et
1553 1271 1640 1344 Aad
1668 1270 2169 1344 promissionis__ter-

589 1339 1009 1396 ranil'estirizitis.
1040 1339 1452 1411 Auditeitaque,
1483 1342 1736 1396 habentes
1757 1355 1912 1394 aures
1953 1339 2162 1393 audien-

588 1413 676 1474 di,
708 1413 849 1480 pium
873 1424 1070 1482 patrem
1116 1413 1180 1466 ad
1227 1413 1584 1482 haereditatem
1633 1411 1891 1482 ccelorum
1931 1424 2028 1463 nos
2055 1425 2163 1482 vo-

587 1492 799 1536 cantem
821 1524 833 1544 ,
859 1481 910 1536 et
947 1483 1230 1547 dicentem,
1285 1482 1479 1548 Venite,
1511 1481 1605 1549 ﬁlii
1628 1523 1643 1546 ,
1672 1481 1845 1534 audite
1888 1497 1999 1543 me,
2027 1481 2168 1533 timo-

586 1569 693 1604 rem
725 1552 926 1606 Domini
949 1555 1130 1606 docebo
1164 1569 1266 1606 vos.
1294 1552 1416 1617 Quis
1449 1562 1519 1606 est
1562 1552 1708 1603 homo
1735 1552 1820 1619 qui
1865 1550 1970 1604 vult
2010 1552 2162 1603 vitam

588 1621 760 1683 (Psal.
788 1640 974 1685 χχχιιι,
1000 1624 1065 1676 12
1092 1634 1136 1676 et
1156 1622 1270 1691 13)?
1286 1623 1412 1688 Quis
1439 1637 1497 1677 es
1522 1623 1609 1690 qui
1629 1623 1787 1674 vitam
1810 1621 1888 1674 vis
1918 1621 2161 1690 ingredi?

587 1692 746 1746 Serva
776 1695 1017 1747 mandata
1046 1694 1157 1746 Dei.
1200 1694 1432 1761 Quortun
1479 1691 1847 1745 mandatorum
1887 1691 1988 1743 alia
2030 1699 2153 1744 sunt

585 1764 830 1830 specialia
855 1805 868 1826 ,
898 1765 998 1817 alia
1045 1780 1171 1817 vero
1219 1763 1538 1816 communia.
1571 1763 1827 1830 Specialia
1872 1769 1995 1814 sunt
2034 1776 2159 1827 pro-

585 1835 700 1899 prie
726 1835 1097 1887 canonicorum
1129 1835 1238 1887 sive
1259 1835 1568 1887 clericorum
1593 1873 1608 1895 ,
1637 1840 1691 1885 et
1739 1831 2116 1885 monachorum
2140 1848 2153 1892 ;

584 1905 885 1958 communia
928 1905 1162 1956 omnium
1222 1904 1635 1957 Catholicorum.
1690 1901 1950 1970 Specialia
2002 1901 2157 1970 igitur

584 1983 706 2045 sunt
731 1974 844 2045 haec
873 1991 884 2026 :
919 1975 977 2028 Si
1007 1975 1077 2026 vis
1099 1978 1342 2045 perfectus
1364 1989 1469 2025 esse
1492 2011 1506 2036 ,
1539 1973 1694 2045 vende
1711 1974 1892 2045 omnia
1917 1987 2027 2045 qua:
2059 1972 2154 2045 Ita-

587 2042 688 2106 bes,
709 2053 754 2096 et
775 2044 840 2096 da
863 2040 1195 2113 pauperibus;
1210 2054 1252 2097 et
1275 2060 1480 2112 sequere
1495 2059 1590 2095 me.
1617 2043 1684 2096 Et
1708 2042 1898 2095 iterum
1931 2060 1942 2094 :
1979 2040 2154 2095 Omnis

581 2113 669 2182 qui
692 2115 947 2178 reliquerit
989 2115 1225 2178 domum,
1272 2125 1357 2166 aut
1393 2129 1604 2180 agrum,
1652 2123 1740 2165 aut
1789 2123 2014 2182 patrem,
2063 2120 2154 2164 aut

580 2193 792 2236 matrem
814 2225 829 2249 ,
860 2195 946 2236 aut
975 2188 1154 2254 fratres
1178 2225 1193 2248 ,
1218 2193 1303 2236 aut
1331 2199 1526 2236 sorores
1546 2225 1558 2243 ,
1583 2193 1670 2234 aut
1699 2183 1834 2249 ﬁlios
1858 2225 1872 2247 ,
1893 2193 1976 2234 aut
2003 2199 2152 2252 agros

588 2265 794 2323 propter
821 2271 898 2306 me
917 2294 930 2317 ,
959 2253 1245 2322 centuplum
1263 2255 1468 2318 accipiet
1494 2295 1508 2319 ,
1535 2265 1579 2306 et
1605 2253 1752 2306 vitam
1774 2263 2008 2305 aeternam
2035 2269 2148 2322 pos-

577 2323 773 2376 sidebit.
805 2325 870 2378 Et
896 2324 961 2377 ad
983 2324 1267 2391 discipulos
1298 2341 1310 2376 :
1353 2323 1450 2376 Vas
1479 2324 1562 2389 qui
1599 2323 1754 2376 securi
1787 2325 1902 2377 estis
1931 2340 2008 2375 me
2030 2363 2044 2386 ,
2091 2324 2143 2375 in

578 2396 948 2463 regeneratione
969 2411 1080 2446 cum
1109 2397 1288 2448 sederit
1322 2393 1366 2446 F
1368 2395 1483 2446 ilius
1508 2393 1723 2446 hominis
1765 2394 1816 2445 in
1845 2394 1960 2447 sede
1993 2394 2142 2461 maje-

577 2465 719 2516 sta‘tis
743 2482 875 2527 suae,
902 2464 1130 2518 sedebitis
1151 2474 1194 2517 et
1223 2480 1307 2534 vos
1333 2464 1645 2534 supersedes
1684 2464 1945 2516 duodecim
1968 2505 1983 2528 ,
2003 2463 2150 2534 judi-

576 2543 742 2588 rantes
770 2535 1031 2588 duodecim
1054 2535 1210 2588 tribus
1231 2532 1401 2587 Israel
1423 2533 1636 2601 (Matt/2.
1663 2550 1771 2599 xix,
1798 2534 1888 2596 ‘21.
1907 2534 1996 2599 29,
2027 2532 2144 2603 28).

576 2603 701 2656 llaec
729 2606 932 2674 itaque.
965 2605 1152 2659 fratres
1171 2647 1185 2670 ,
1209 2614 1406 2674 quanto
1428 2605 1708 2673 singularia
1726 2644 1740 2667 ,
1765 2614 1910 2658 tanto
1946 2605 2130 2673 ιιι·ωοί-

575 2688 709 2744 pua;
738 2684 934 2742 quanto
958 2676 1161 2729 acriora
1182 2716 1197 2739 ,
1226 2685 1368 2729 tanto
1390 2675 1496 2727 Deo
1516 2676 1762 2744 gratiora.

644 2743 868 2800 CAPUT
908 2746 969 2799 ll.
1021 2746 1200 2798 Clerici
1243 2746 1316 2798 nil
1360 2747 1621 2815 proprium
1658 2744 1962 2816 possideant.
2009 2743 2144 2798 Dicit

574 2813 765 2870 iterum
797 2817 1035 2869 Salvator
1057 2824 1235 2869 noster
1264 2813 1399 2870 inter
1425 2825 1615 2868 czntera
1638 2813 1782 2880 ,τρυε
1835 2832 1932 2867 ιιοιι
1963 2831 2144 2868 renun-

571 2886 763 2938 tiaverit
788 2888 1014 2940 omnibus
1033 2903 1147 2956 qua:
1164 2886 1518 2956 possidet,inon
1533 2895 1846 2956 potestimeus
1870 2902 1975 2956 esse
1999 2885 2143 2938 disci-

572 2956 724 3023 pulus
756 2955 904 3027 (Luc.
934 2954 1180 3024 Xtv,'35)'.
1235 2957 1333 3022 Qui
1383 2955 1538 3027 dixit,
1571 2955 1819 3027 omnibus,
1853 2954 1981 3027 nihil
2028 2970 2143 3027 pro-

573 3024 824 3094 prium'a
867 3029 977 3082 suis
1025 3027 1295 3094 discipulis
1327 3026 1582 3093 possideri
1627 3026 1814 3079 voluit.
1845 3024 1941 3092 Qui
1990 3025 2142 3093 quid-

568 3111 726 3162 quam
759 3098 990 3164 possidet
1015 3097 1065 3150 in
1098 3105 1256 3162 terra,
1287 3103 1519 3149 remotus
1563 3103 1643 3149 est
1683 3111 1712 3148 a
1760 3095 1951 3148 Christi
1984 3095 2142 3148 disci-

571 3165 732 3227 plina.
758 3166 856 3234 Qui
885 3176 1059 3221 autem
1089 3182 1193 3220 non
1222 3164 1603 3233 estdiscipulus
1620 3164 1842 3230 Christi,
1875 3166 2141 3233 quomodo

568 3239 840 3304 prasumit
871 3238 969 3291 sibi
999 3236 1189 3305 ligandi
1217 3246 1374 3305 atque
1407 3235 1644 3289 solvendi
1685 3236 2030 3305 potestatem?
2057 3236 2141 3289 In.

571 3306 800 3369 tendite,
837 3304 1065 3372 fratres,
1111 3304 1582 3371 verha’Evangelii
1629 3305 1884 3368 dicentis,
1926 3304 2140 3360 Intravit

567 3373 718 3428 Jcsus
755 3377 920 3439 ianuis
946 3377 1132 3430 clausis
1172 3376 1238 3428 ad
1281 3375 1588 3444 discipulos,
1631 3384 1675 3429 et
1719 3376 1974 3446 insufﬂans
2014 3377 2139 3430 dixit

568 3446 672 3505 eis,
714 3446 935 3514 Accipite
979 3447 1227 3514 Spiritum
1279 3456 1508 3499 sanctum
1539 3461 1561 3499 ξ
1603 3462 1812 3513 quorum
1855 3447 2140 3502 remiseritis

567 3527 804 3582 peccata,
835 3517 1152 3570 remittuntur
1171 3517 1275 3581 eis;
1303 3526 1347 3569 et
1368 3533 1575 3584 quarunt
1603 3517 1922 3579 retinueritis,
1949 3527 2139 3571 retenta

566 3595 682 3637 sunt
712 3586 888 3654 (Joan.
922 3605 1014 3651 xx,
1041 3585 1130 3648 22,
1153 3587 1265 3656 25).
1301 3586 1563 3656 Numquid
1603 3588 1674 3641 illi
1709 3588 1968 3641 habebant
2012 3603 2133 3655 pro-

570 3656 736 3727 prium
765 3699 779 3723 ,
808 3659 996 3727 quibus
1037 3657 1281 3727 Magister
1317 3656 1608 3720 indixerat,
1645 3657 1792 3710 Nihil
1838 3658 2048 3711 tuleritis
2084 3660 2139 3712 in

566 3726 643 3799 via
666 3726 908 3799 (Lucstx,
931 3729 984 3796 3)
1019 3744 1032 3780 :
1060 3726 1138 3782 de
1167 3729 1363 3799 quibus
1385 3727 1552 3781 Lucas
1592 3728 1910 3799 evangelista
1953 3727 2134 3794 refert,

503 3804 507 3808 '
567 3794 726 3880 grant
747 3799 825 3880 eis.
843 3794 1010 3880 omnia
1035 3794 1318 3880 copim—auia
1344 3798 1482 3880 _(‘Act.
1507 3813 1578 3863 tv,
1611 3798 1715 3880 5‘2.)
1736 3799 1758 3851 ?
1782 3797 1973 3879 _Videte
2011 3800 2136 3880 quid

566 3866 752 3922 Petrus
777 3869 965 3923 dixerit
992 3869 1056 3922 ad
1086 3868 1264 3922 Jesum
1288 3908 1303 3935 ,
1335 3867 1468 3938 Ecce
1483 3884 1573 3921 nos
1615 3866 1906 3938 reliquimus
1945 3866 2134 3936 omnia,

570 3947 617 3988 et
645 3939 798 3991 secuti
819 3937 1280 4006 sumustc(Matth.
1312 3955 1423 4003 xm,
1451 3937 1566 4006 27).
1589 3937 1686 4006 Qui
1705 3937 1880 4009 omnia
1911 3939 2137 4009 relique-

567 4017 716 4073 rant,
750 4009 878 4062 nihil
921 4010 1018 4062 sibi
1062 4010 1268 4078 penitus
1296 4010 1640 4063 retinuerant.
1674 4008 1825 4064 Unde
1867 4023 1992 4078 ergo
2028 4008 2134 4063 ’sibi

564 4089 810 4147 arrogant
854 4079 1047 4148 ligandi
1089 4089 1245 4148 atque
1284 4079 1523 4132 solvendi
1566 4087 1909 4146 potestatem,
1947 4079 2036 4148 qui
2083 4081 2134 4133 in

568 4155 706 4200 terra
740 4160 1060 4217 prIBSUIttunl
1092 4149 1360 4218 possidere
1381 4148 1678 4202 facultatem
1695 4150 1718 4201 ?
1733 4149 2008 4216 Quomodo
2031 4164 2134 4204 non

566 4218 884 4271 erubescunt
911 4218 1108 4282 dicere,
1126 4218 1371 4272 Dominus
1402 4235 1517 4286 pars
1543 4219 1847 4272 Iuvreditatis
1873 4235 1993 4273 mete
2017 4218 2133 4288 (Ps.

568 4301 656 4357 xv,
689 4289 786 4357 5)?
810 4289 904 4343 Ubi
925 4299 1004 4342 est
1026 4289 1150 4343 illud
1168 4290 1534 4357 apostolicum,
1561 4289 1688 4352 Qua:
1707 4291 1962 4343 conventio
1982 4289 2133 4344 Chri-

567 4356 632 4408 sti
658 4358 725 4409 ad
755 4357 915 4412 Belial
946 4359 1010 4422 (ll
1039 4358 1152 4412 Cor.
1178 4356 1252 4421 vi,
1279 4358 1400 4428 l5)?
1431 4359 1528 4425 Qui
1572 4368 1807 4412 terrenas
1840 4362 2134 4428 possessio-

569 4428 978 4499 nesreliuquere
1002 4429 1186 4483 nolunt
1211 4469 1224 4489 .
1248 4444 1341 4482 cur
1368 4438 1582 4499 peccata
1609 4429 1785 4498 populi
1805 4431 2087 4484 comedunt
2111 4433 2134 4486 ?

567 4496 621 4549 Si
652 4496 883 4554 decimas
911 4515 1030 4552 cum
1063 4499 1182 4554 filiis
1207 4499 1328 4553 Levi
1356 4496 1654 4568 accipiunt,
1683 4496 1950 4568 quomodo
1997 4502 2136 4556 inter

565 4579 786 4642 c:et_era_s
814 4570 978 4622 tribus
1001 4579 1200 4642 partem
1231 4569 1527 4642 accipient?
1555 4569 1610 4623 Si
1651 4571 1878 4642 nominis
1905 4571 1986 4642 sui
2015 4581 2134 4642 ety-

567 4638 845 4708 mologiam
893 4639 1201 4703 attendunt,
1234 4655 1328 4694 cur
1356 4640 1528 4693 clerici
1561 4655 1589 4693 a
1633 4651 1776 4694 sorte
1803 4641 1927 4695 dicti
1971 4638 2131 4709 sunt,

564 4709 662 4760 nisi
692 4710 808 4777 quia
841 4711 1088 4762 Dominus
1119 4726 1298 4765 eorum
1322 4725 1438 4764 sors
1474 4710 1556 4764 vel
1588 4709 1867 4765 hmreditas
1887 4711 1993 4766 sit?

633 4778 857 4835 CAPUT
896 4779 980 4832 Ill.
1022 4781 1123 4834 Cur
1143 4779 1406 4834 radantur.
1441 4781 1718 4850 Sapientitc
1745 4782 1883 4835 sedes
1917 4783 1969 4835 in
1994 4797 2133 4835 cere-

563 4849 672 4902 bro.
727 4850 836 4904 Cur
863 4850 1051 4906 saltem
1077 4853 1352 4906 clericatus
1382 4852 1460 4905 sui
1492 4853 1638 4917 signa
1660 4892 1675 4916 ,
1707 4853 1898 4920 quibus
1928 4867 1956 4903 a
1987 4851 2132 4905 laicis

561 4922 961 4986 discernuntur,
987 4937 1088 4974 non
1121 4921 1486 4990 perpendunt?
1524 4921 1635 4973 Non
1667 4923 1806 4974 enim
1837 4921 1954 4974 sine
1975 4936 2133 4976 causa

561 4991 730 5057 capita
780 5007 962 5045 eorum
1005 4991 1260 5046 raduntur
1303 5001 1354 5044 ct
1399 4991 1710 5053 tondentur,
1740 4990 1832 5045 scd
1865 4991 2132 5060 perspica-

561 5062 770 5116 cissima
799 5073 849 5116 et
874 5063 1261 5116 evidentissima
1290 5063 1509 5116 ratione.
1543 5061 1672 5115 Nam
1713 5062 1790 5114 his
1830 5061 1993 5128 signis
2045 5077 2132 5116 se-

559 5143 846 5185 cernuntur
875 5150 902 5185 a
946 5133 1192 5187 laicorutn
1224 5133 1642 5186 conversatione.
1675 5131 1826 5198 Quod
1873 5141 1928 5184 ut
1954 5131 2133 5186 multis

563 5201 668 5253 Deo
701 5203 1013 5272 propitiante
1041 5203 1276 5271 proficiat
1299 5244 1315 5268 ,
1337 5201 1679 5255 admonitioni
1713 5201 2002 5255 utilissimm
2030 5201 2132 5255 du-

559 5273 729 5323 ximus
752 5273 1322 5328 inserere..Didicimus
1351 5273 1635 5326 multorum
1667 5272 1876 5325 Patrum
1903 5272 2132 5325 auctori—

561 5349 666 5410 tate
685 5383 698 5398 .
718 5343 990 5396 cerebrum
1021 5359 1138 5397 esse
1163 5343 1342 5397 sedem
1365 5343 1664 5410 sapientiar;
1685 5338 1952 5396 Christum
1975 5358 2123 5406 vero,

561 5409 722 5482 ljaulo
767 5423 1076 5478 attestante,
1110 5414 1200 5466 Dei
1255 5409 1507 5466 Virtutem
1553 5421 1605 5465 ct
1651 5411 1971 5482 Sapientiam
2014 5428 2133 5467 esse

559 5479 599 5546 (l
627 5479 742 5535 Cor.
773 5499 810 5545 ι,
838 5483 952 5550 24).
1001 5482 1131 5536 Cum
1170 5485 1344 5551 itaque
1388 5482 1659 5536 cerebrum
1705 5479 1774 5537 sit
1825 5483 1874 5536 in
1918 5483 2123 5550 capite,

557 5552 812 5622 sapientia
841 5568 966 5607 vero
987 5553 1135 5622 juxta
1164 5554 1375 5606 Patrqu
1405 5554 1770 5606 auctoritatem
1818 5553 1872 5606 in
1909 5553 2132 5622 cerebro

558 5621 748 5675 haheat
801 5621 1015 5687 sedem,
1043 5632 1098 5677 et
1140 5623 1218 5676 sic
1261 5638 1354 5691 per
1405 5623 1712 5688 sapientiam
1762 5623 1860 5677 sibi
1907 5621 2130 5676 infusam

555 5703 740 5746 cuncta
776 5694 1010 5746 membra
1043 5701 1334 5760 regantura
1360 5693 1552 5761 capite.
1571 5693 1706 5760 quod
1733 5709 1832 5763 per
1855 5692 2131 5747 cerebrum

553 5773 630 5816 est
659 5805 674 5828 ,
701 5763 840 5833 quod
866 5772 947 5819 est
973 5763 1128 5819 sedes
1154 5763 1424 5831 sapientia:
1449 5779 1460 5815 :
1494 5763 1568 5816 sic
1591 5763 1727 5818 inter
1749 5779 1845 5819 nos
1872 5771 1925 5819 et
1954 5777 2132 5818 veram

615 5903 631 5932 '
669 5899 853 5951 Addunt
887 5908 1009 5960 usa,
1033 5894 1098 5947 ad
1114 5895 1339 5946 clericos.

2278 855 2620 945 Eapientiam,
2649 877 2764 945 qum
2790 905 2802 926 ,
2833 873 2890 917 ut
2918 864 3172 945 diximus,
3197 867 3438 945 Christus
3456 881 3551 945 est,
3575 878 3652 945 qui
3675 879 3790 935 etiam

2273 930 2420 1012 juvta
2457 930 2776 1012 Alposlolnm.
2792 944 2949 1002 caput
2980 949 3218 1012 nostrum
3244 951 3321 1012 est
3358 940 3507 1012 (dixit
3541 930 3791 1008 etiimlvba;

2278 1006 2366 1078 put
2390 1001 2614 1056 mulieris
2637 1013 2708 1056 est
2729 1004 2804 1078 vir
2821 1047 2833 1067 ,
2860 1001 3143 1078 caputvero
3164 1011 3254 1063 viri
3275 1021 3345 1063 est
3364 1001 3599 1069 ‘Cliristus
3617 1059 3628 1078 ,
3653 1001 3792 1074 Christi

2275 1075 2440 1152 autem
2467 1083 2615 1152 caput
2641 1083 2712 1128 est
2737 1076 2884 1152 Deus
2907 1074 2926 1148 [
2949 1077 2967 1130 Ι
2994 1076 3113 1133 Cor.
3137 1096 3210 1141 xt.
3235 1081 3274 1152 r5
3292 1079 3349 1152 ])
3375 1099 3388 1134 :
3418 1093 3469 1137 ut
3512 1074 3790 1146 ostendamus

2275 1137 2476 1226 pullum
2509 1137 2841 1226 obstaculum
2873 1137 3150 1226 interesse,
3175 1137 3311 1226 pilos
3335 1137 3392 1226 in
3411 1169 3469 1226 ea

2274 1215 2573 1296 incidimus,
2596 1219 2645 1272 in
2675 1236 2776 1296 qua
2807 1234 2996 1274 novam
3027 1215 3362 1296 sapientiam,
3381 1221 3430 1277 id
3457 1215 3534 1279 est
3557 1215 3786 1296 Christum,

2273 1285 2447 1340 inesse
2481 1285 2884 1357 cognoscimus:
2919 1304 3016 1361 per
3044 1285 3145 1344 hoc
3180 1285 3467 1361 signantes,
3513 1299 3681 1352 malam
3707 1285 3786 1356 ter:

2271 1371 2516 1410 renarum
2566 1376 2740 1413 rerqu
2783 1360 3189 1416 sollicitudinem
3223 1360 3419 1418 nostra:
3449 1369 3626 1423 mentis
3649 1375 3786 1427 oculos

2269 1427 2333 1480 ad
2377 1428 2539 1502 Deum
2597 1431 3057 1502 contemplandum
3109 1433 3386 1497 impedire.
3445 1433 3637 1490 Scimus
3680 1444 3785 1496 enim

2267 1498 2410 1574 quod
2450 1500 2670 1570 quisque
2698 1498 2894 1568 quanto
2937 1501 3108 1574 magis
3131 1505 3375 1574 terrenis
3417 1510 3785 1574 occupationibus

2268 1568 2605 1634 implicatur,
2639 1581 2784 1625 tanto
2812 1572 2978 1637 magis
3001 1568 3048 1625 τί
3061 1573 3141 1626 sui
3171 1572 3474 1629 Conditoris
3512 1568 3686 1634 visione
3709 1583 3783 1635 iut-

2265 1641 2678 1718 peditttr.__Uudc
2706 1643 2989 1718 Apostolus
3015 1642 3222 1718 :_emo
3244 1646 3466 1718 militans
3491 1647 3589 1701 Deo
3608 1651 3781 1718 implicat

2261 1724 2316 1762 se
2342 1712 2549 1780 negotiis
2568 1714 2925 1786 stccularibus(
2949 1713 2987 1766 ll
3016 1713 3161 1786 Tim.
3184 1730 3244 1786 ιι,
3400 1715 3522 1771 ltem
3551 1736 3563 1770 :
3594 1712 3677 1786 Qui
3706 1725 3783 1777 sine

2263 1795 2419 1859 arare
2441 1793 2546 1859 est,
2571 1784 2758 1859 cogitat
2777 1799 2887 1852 qua:
2931 1794 3046 1859 sunt
3070 1784 3164 1859 Dei
3185 1783 3201 1852 (
3226 1785 3248 1838 ι
3275 1785 3395 1859 Cor.
3426 1790 3600 1859 vn,_52
3685 1791 3781 1847 llinc

2260 1849 2464 1929 {loyses
2491 1855 2566 1929 ait
2583 1873 2612 1929 _:
2632 1849 2826 1907 Levita:
2853 1855 3034 1929 radant
3059 1849 3378 1929 pilos‘carnis
3403 1849 3778 1929 simn(Ntlm.vnt,

2262 1920 2352 2001 :7).
2380 1921 2953 2001 [Sevita_inlerpretatur
2980 1920 3574 2001 Assumptus_._Qnisqtiis
3603 1920 3778 2001 namque

2258 1991 2310 2044 in
2343 1992 2528 2065 officiis
2547 1995 2739 2050 divinis
2768 2005 3070 2063 assumptus
3099 1991 3224 2062 'est,
3260 1996 3396 2064 pilos
3437 1991 3627 2065 carnis,
3653 2002 3692 2054 id
3719 1991 3779 2058 est

2257 2064 2551 2141 superfluas
2572 2066 2914 2141 cogitationes
2941 2067 3118 2141 cordis
3144 2107 3157 2131 ,
3195 2066 3402 2141 _radere
3449 2064 3622 2124 debet.
3651 2073 3778 2141 Caput

2257 2133 2414 2202 igitur
2453 2133 2670 2200 radere,
2703 2136 2959 2204 significat
2996 2136 3346 2206 cogitationes
3387 2147 3609 2195 terrenas
3633 2153 3677 2195 et
3709 2133 3774 2197 tu.

2256 2206 2482 2280 perfluas
2512 2222 2540 2260 a
2587 2216 2764 2280 mente
2793 2205 3204 2280 re<ecare.'_Ne_c
3249 2208 3538 2277 incongrue
3572 2228 3652 2279 per
3674 2213 3775 2280 pilos

2254 2285 2306 2329 et
2335 2279 2554 2346 capillos
2576 2278 2937 2346 significantur
2972 2277 3323 2347 cogitationes
3361 2277 3644 2348 supernum.
3667 2277 3774 2340 Sicut

2252 2349 2392 2421 enim
2422 2352 2509 2418 pili
2540 2365 2641 2402 non
2671 2359 2792 2402 sunt
2821 2363 2938 2414 pars
2959 2349 3215 2421 corporis.
3251 2349 3348 2404 sed
3377 2351 3605 2420 qumdam
3632 2370 3773 2421 super-

2251 2419 2424 2474 ﬂuitas
2455 2422 2743 2490 procedens
2781 2434 2844 2472 ex
2869 2420 3109 2488 corporis
3134 2419 3361 2474 humore
3393 2419 3409 2474 Ξ
3435 2423 3510 2476 sic
3532 2421 3652 2476 bona
3678 2419 3774 2478 lem.

2252 2493 2448 2563 poralia
2478 2507 2580 2546 non
2610 2500 2730 2546 sunt
2761 2492 2914 2563 nobis
2941 2490 3219 2563 naturalia,
3240 2492 3335 2544 sed
3361 2492 3528 2547 aliena
3556 2503 3604 2548 et
3626 2510 3770 2563 super-

2250 2561 2374 2616 flua.
2427 2563 2559 2616 lliuc
2588 2563 2762 2631 itaque
2791 2559 2974 2614 ﬁdeles
3003 2559 3196 2616 Christi
3217 2603 3232 2627 ,
3263 2563 3355 2630 qui
3387 2563 3450 2615 ad
3474 2559 3694 2618 aeternam
3714 2569 3771 2617 vi-

2249 2641 2353 2685 tam
2403 2633 2704 2688 medullitus
2754 2631 3052 2699 sustiirant,
3107 2631 3193 2699 qui
3239 2632 3497 2686 mundum
3547 2650 3652 2688 cum
3692 2638 3770 2690 suis

2247 2702 2688 2758 oblectationibus
2731 2703 2829 2757 sub
2865 2703 3084 2771 pedibus
3112 2703 3460 2768 conculeant,
3488 2705 3570 2772 qui
3596 2707 3640 2759 in
3667 2716 3768 2760 terra

2248 2773 2376 2826 nihil
2401 2775 2670 2843 possidere
2691 2775 2906 2840 volunt,
2926 2773 3017 2826 sed
3045 2788 3164 2843 cum
3185 2775 3444 2837 Apostolo
3472 2775 3668 2840 dicunt,
3697 2776 3770 2828 Νο-

2245 2852 2349 2915 stra
2374 2841 2680 2899 conversatio
2715 2845 2767 2897 in
2798 2844 2933 2897 caelis
2958 2852 3031 2896 est
3073 2842 3091 2914 (
3118 2841 3352 2915 Philipp.
3385 2861 3459 2908 ut,
3490 2845 3555 2899 20
3576 2844 3622 2915 ),
3649 2847 3769 2915 capi].

2247 2913 2417 2969 lorum
2449 2916 2717 2969 minimam
2746 2923 2951 2985 partem
2981 2915 3032 2985 in
3062 2913 3331 2982 capitibus
3362 2913 3611 2982 retinent,
3639 2927 3683 2968 ut
3703 2913 3769 2981 per

2245 2999 2427 3039 eorum
2479 2984 2814 3040 abrasionem
2870 2999 2926 3038 se
2960 2984 3231 3037 minimam
3263 2993 3592 3039 terrenorum
3619 2988 3772 3040 sollici-

2244 3057 2477 3111 tudinem
2519 3056 2714 3111 habere
2756 3056 3053 3124 designent.
3099 3055 3440 3123 Quapropter
3478 3058 3620 3111 etiam
3662 3059 3766 3110 illam

2245 3129 2516 3182 minimam
2545 3128 2852 3196 particulam
2883 3125 3194 3194 capillorum
3242 3127 3478 3179 retinent
3499 3169 3513 3190 ,
3544 3129 3649 3196 quia
3672 3128 3766 3181 dum

2242 3197 2295 3252 in
2321 3201 2420 3254 hoc
2450 3199 2646 3253 mundo
2683 3208 2829 3259 sunt,
2860 3212 2889 3250 a
2918 3197 3139 3250 terrenis
3163 3197 3565 3266 cogitationibus
3598 3197 3766 3251 omnino

2242 3272 2392 3324 vacui
2424 3285 2541 3325 esse
2576 3285 2678 3323 non
2720 3276 2960 3340 possunt.
3004 3267 3252 3340 Quisquis
3295 3268 3454 3338 igitur
3475 3269 3686 3340 iclericus
3718 3268 3766 3340 ad

2242 3352 2440 3395 sortem
2476 3340 2683 3394 Domini
2714 3338 2932 3394 vocatus
2953 3380 2966 3401 ,
2997 3338 3082 3406 qui
3112 3353 3324 3391 comam
3349 3339 3542 3402 nutrit,
3572 3348 3619 3394 et
3642 3339 3768 3407 capil-

2244 3411 2323 3466 los
2351 3412 2538 3466 radere
2564 3412 2646 3465 vel
2683 3410 2904 3464 tondere
2939 3407 3206 3462 erubescit
3223 3449 3238 3470 ,
3271 3409 3509 3476 profecto
3531 3425 3584 3464 se
3610 3424 3696 3463 non
3719 3408 3767 3462 de

2244 3483 2366 3548 Dei,
2395 3484 2487 3538 sed
2515 3481 2580 3537 de
2605 3480 2784 3536 mundi
2811 3490 2954 3534 sorte
2995 3493 3113 3533 esse
3155 3487 3402 3534 testatur.
3434 3479 3626 3546 Quanto
3659 3480 3764 3533 enim

2241 3556 2464 3624 quisque
2500 3554 2675 3606 carnis
2716 3552 2894 3606 crines
2922 3549 3125 3624 diligit,
3155 3548 3407 3624 ἠπείλει
3445 3551 3628 3614 nutrit,
3657 3557 3765 3603 tanto

2239 3619 2332 3678 cor
2355 3619 2506 3679 suum
2535 3639 2639 3678 non
2666 3624 2718 3677 in
2749 3624 2916 3682 caelis.
2941 3619 3032 3675 sed
3067 3622 3116 3675 in
3141 3632 3282 3674 terra
3312 3620 3472 3675 fixum
3495 3636 3607 3677 esse
3630 3629 3767 3674 osten-

2240 3695 2316 3748 dit
2343 3712 2356 3747 :
2386 3705 2582 3765 quanto
2607 3695 2949 3765 autemiradit
2977 3700 3031 3745 et
3055 3693 3305 3765 edomat,
3336 3700 3480 3746 tanto
3511 3707 3566 3748 se
3583 3706 3672 3745 non
3690 3700 3768 3745 ter-

2241 3781 2365 3820 rena
2386 3763 2415 3831 ,ἡ
2433 3767 2525 3820 sed
2555 3773 2751 3835 acterna
2777 3764 2996 3835 diligere
3024 3763 3358 3835 comprobat.

2311 3836 2536 3892 CAPUT
2559 3835 2644 3889 IV.
2667 3834 2749 3890 Ne
2769 3831 2897 3888 inter
2917 3834 3166 3889 orandum
3193 3834 3363 3904 capita
3387 3841 3566 3904 tegant.
3588 3831 3638 3887 Si
3653 3845 3763 3894 vero,

2239 3916 2296 3960 ut
2322 3907 2682 3974 prmdiximus,
2711 3904 2888 3959 crines
2926 3906 3123 3960 idcirco
3151 3903 3412 3969 radimus,
3440 3903 3506 3956 ut
3533 3905 3652 3957 inter
3693 3915 3766 3954 nos

2238 3988 2292 4032 et
2322 3980 2481 4031 Deum
2512 3977 2642 4031 nihil
2672 3978 2926 4031 interesse
2949 3975 3308 4045 approbemus
3345 3993 3357 4028 :
3387 3974 3612 4044 profecto
3638 3980 3762 4045 patet.

2239 4048 2378 4118 quod
2421 4064 2540 4102 cum
2571 4049 2622 4101 in
2667 4047 2906 4102 oratione
2949 4043 3305 4118 persistimus,
3328 4045 3500 4098 aliena
3550 4043 3763 4118 velamina

2238 4113 2498 4186 capitibus
2547 4119 2741 4192 nostris
2770 4113 3038 4192 apponere
3066 4131 3194 4192 non
3212 4115 3490 4180 debemus,
3516 4113 3763 4192 praisertim

2238 4204 2355 4242 cum
2373 4189 2665 4258 Apostolus
2682 4186 2848 4252 dicat,
2871 4187 2958 4258 Vir
2986 4204 3087 4258 non
3112 4186 3250 4258 debet
3281 4202 3429 4258 orare
3452 4186 3602 4238 velato
3619 4186 3761 4258 capite,

2237 4256 2435 4330 imago_
2460 4260 2590 4312 enim
2635 4257 2729 4312 Dei
2769 4269 2843 4312 est
2889 4256 3090 4330 (lCor.
3129 4257 3266 4330 xt,_7
3285 4256 3592 4330 )._“Ccssent
3629 4256 3765 4320 itaque

2238 4327 2416 4384 clerici
2447 4330 2753 4398 psalmodia:
2770 4327 3087 4400 hymnisque
3108 4327 3474 4400 spiritualibus
3490 4327 3761 4400 insistentes.

2239 4393 2504 4469 capillos,
2554 4401 2757 4463 mitras,
2811 4393 3111 4470 ceteraque
3140 4393 3512 4470 ’velamina_iu
3555 4393 3764 4470 capitibus

2238 4465 2450 4549 portare
2483 4465 2587 4549 tne
2614 4471 2738 4525 dum
2781 4484 2903 4549 cum
2942 4465 3388 4549 Ded-loquimur,
3423 4465 3762 4549 famulatus‘sui

2238 4538 2386 4610 signa
2437 4543 2783 4606 occultantes,
2833 4540 2950 4608 ejus
2992 4538 3193 4608 indigni
3221 4538 3522 4607 judicemur
3559 4538 3766 4610 propitia-

2241 4603 2402 4678 tione,
2432 4613 2583 4680 cujus
2610 4603 2807 4666 salubri
2837 4603 3093 4664 doctrina:
3107 4603 3494 4679 'praisumimus
3544 4603 3764 4680 nonali?

2237 4673 2516 4749 direfQui
2563 4683 2706 4736 enim
2773 4696 2878 4752 non
2923 4673 3456 4752 obedit'Apostolo,
3500 4673 3765 4752 contradicit

2239 4747 2544 4822 Evangelia.
2575 4753 2640 4807 Et
2657 4753 2808 4822 juxta
2834 4751 3073 4822 ejusdem
3102 4747 3330 4822 apostoli
3361 4747 3761 4822 vocetn_dicep_li§.

2237 4825 2315 4877 An
2335 4814 2558 4893 qtlteritis
2578 4814 2969 4892 experimenlum
2989 4821 3101 4892 ejus
3117 4814 3216 4893 qui
3239 4822 3291 4893 in
3317 4837 3395 4874 me
3423 4820 3629 4893 loquitur
3647 4814 3762 4893 Cliti-

2237 4883 2431 4963 stus'lll
2452 4897 2567 4963 Cor.
2593 4883 2791 4963 xt'u,5)?
2815 4893 2966 4957 Item,
3001 4883 3060 4946 Si
3090 4883 3310 4961 Angelus
3337 4883 3521 4945 venerit
3545 4888 3603 4963 de
3634 4883 3761 4963 calo,

2236 4975 2281 5017 et
2325 4958 2465 5019 aliud
2513 4958 2840 5034 Evangelium
2897 4958 3198 5015 nuntiaverit
3240 4963 3400 5024 vobis,
3434 4961 3695 5034 enat/temo
3717 4958 3764 5034 ᾗέι

2238 5034 2432 5106 (Colat.
2461 5051 2498 5099 ι,
2531 5033 2610 5102 8).
2635 5022 2970 5106 Exstirpetur
3009 5047 3136 5106 ergo
3165 5022 3396 5106 penitus
3416 5031 3482 5085 de
3503 5030 3637 5106 clero
3673 5022 3764 5106 talis

2238 5101 2598 5175 priesumptio,
2653 5119 2742 5170 ne,
2794 5101 2935 5174 quod
2976 5101 3136 5169 absit,
3168 5101 3199 5156 a
3225 5103 3339 5157 Deo
3377 5101 3654 5172 expellatur
3676 5101 3766 5162 ejus

2236 5178 2424 5230 oratio.

2307 5245 2533 5302 CAPUT
2561 5245 2628 5300 ν.
2655 5244 2905 5299 Mundam
2928 5253 2973 5298 et
3001 5243 3258 5297 mundana
3286 5247 3615 5296 contemnant.
3639 5234 3762 5290 Mutt-

2236 5316 2291 5369 di
2318 5334 2480 5383 arma,
2500 5317 2689 5388 pradia
2719 5324 2932 5388 terrena.
2953 5315 3073 5388 illis;
3102 5315 3261 5388 igitur
3286 5314 3452 5388 signis
3477 5304 3765 5388 clericalibus

2235 5377 2545 5457 prtelibatis,
2571 5387 2762 5456 quibus
2790 5402 2819 5440 a
2848 5385 3006 5457 laicis
3025 5377 3255 5439 discerni
3289 5377 3571 5457 debemus,
3582 5377 3641 5432 ad
3671 5387 3766 5457 ιιι-οξ

2239 5449 2461 5526 positam
2477 5449 2890 5512 admonitionem
2922 5456 3223 5526 redeamus.
3246 5457 3285 5510 Α
3297 5451 3534 5526 udi‘amus
3546 5449 3762 5504 Joanne!"

2237 5522 2532 5596 apostolum
2575 5528 2861 5589 dicentem,
2914 5525 3090 5580 Nolite
3128 5527 3337 5597 diligere
3365 5522 3619 5597 mundum,
3641 5526 3764 5597 nequit

2237 5591 2296 5650 εἱι
2337 5614 2449 5669 qua:
2489 5598 2544 5651 in
2583 5597 2909 5670 mundosunt
2930 5597 2978 5664 (Ι
3006 5597 3162 5670 Joan.
3194 5591 3253 5661 ti,
3289 5595 3402 5664 l5).
3434 5593 3695 5670 Audiam-IIS
3721 5591 3765 5670 (fl

2237 5659 2568 5725 Psalmistam
2600 5667 2783 5738 mundi
2814 5659 3080 5721 amatores
3099 5659 3482 5738 increpantem,
3498 5659 3762 5738 Filiibotmj

2238 5757 2376 5810 nunt,
2400 5739 2575 5810 utquid
2604 5737 2815 5810 diligitis
2849 5737 3136 5800 vanitatem,
3169 5748 3216 5791 et
3250 5729 3475 5810 quatriqu
3495 5729 3762 5810 ’πεηιέξιάῗέῖη

2269 5798 2412 5890 Pw!-
2452 5798 2525 5876 I'V,
2549 5811 2658 5890 5.)?
2681 5798 2932 5866 έίιιοιηοη
2971 5798 3184 5890 quod“?
3229 5798 3759 5890 δίείὶηδθςυίψεκάίεὲξῖἰι

2276 5863 2770 5951 ⁷άιιίιαέυὲιιᾶἷαιιάη,
2789 5863 2844 5935 ct
2866 5863 3034 5935 omnia
3056 5863 3250 5935 vanitas
3272 5863 3461 5951 (Eccle.
3486 5888 3521 5942 t,
3544 5871 3614 5943 2).
3643 5863 3761 5922 ιιιιει
