3942 6416
981 553 1128 658 ΙΝ
1299 546 1940 653 SEXTUM
2052 546 2599 654 TOMUM

1478 778 2106 966 agminia
2125 883 2156 915 .

1571 1039 2043 1096 mw

202 1195 553 1258 Exhibéntur
583 1201 692 1257 hoc
719 1209 878 1256 sexto
901 1197 1170 1254 volumine
1183 1195 1447 1268 Opuscula
1477 1194 1622 1250 varia
1643 1192 1944 1263 Augustini,
1973 1204 2091 1261 qua:
2109 1187 2411 1244 conducunt
2445 1186 2513 1243 ad
2535 1187 2896 1244 informandos
2915 1204 3128 1245 mores:
3159 1189 3418 1260 praeclara

148 1295 340 1366 quidem
363 1295 488 1361 illa,
520 1293 842 1365 et'ingentis
871 1307 970 1362 per
988 1306 1049 1346 se
1073 1290 1250 1360 pretii,
1274 1289 1366 1345 sed
1387 1288 1593 1344 ordinis
1619 1286 1859 1342 melioris
1874 1284 2180 1339 accessione
2194 1282 2437 1338 habitura
2458 1283 2798 1353 splendorem
2827 1282 2915 1339 hic
2937 1298 3136 1340 novum
3156 1299 3220 1339 ac
3235 1284 3435 1340 lucem.

145 1390 330 1459 Nempe
368 1390 500 1446 ista:
551 1387 957 1443 lucubrationes
984 1386 1036 1440 in
1065 1383 1385 1440 editionibus
1409 1392 1534 1438 ante
1560 1379 1786 1451 vulgatis
1831 1377 1908 1432 sic
1933 1376 2200 1432 distractae
2240 1383 2412 1441 erant,
2436 1384 2494 1429 ut
2521 1375 2763 1446 quaedam
2801 1375 2853 1430 in
2899 1384 3046 1431 tomo
3098 1375 3333 1432 secundo
3361 1392 3425 1431 ac

148 1485 288 1540 tertio
324 1484 478 1539 inter
525 1483 836 1553 exegeticos
862 1480 1049 1543 libros,
1079 1476 1322 1547 quzedam
1351 1490 1477 1532 vero
1511 1476 1653 1529 inter
1699 1471 1989 1542 polemicos
2012 1479 2158 1525 torno
2202 1478 2375 1533 sexto,
2410 1478 2553 1523 torno
2583 1482 2725 1523 nono
2765 1468 2882 1522 aliae
2911 1477 3032 1538 post
3055 1469 3332 1524 Tractatus
3378 1470 3434 1523 in

150 1575 400 1630 Joannem
431 1576 748 1645 legerentur
777 1593 791 1629 :
817 1588 978 1643 quam
1006 1570 1409 1641 dispositionem
1434 1565 1791 1623 Erasmiolim
1813 1579 1940 1619 cura
1960 1563 2275 1629 institutam,
2294 1563 2506 1618 tametsi
2533 1572 2715 1631 postea
2736 1571 2946 1633 recepta
2973 1573 3056 1618 est
3082 1579 3112 1617 a
3138 1564 3435 1619 Lovanien-

153 1668 295 1725 sibus
321 1668 653 1739 Theologis,
677 1677 885 1723 mutare
910 1665 1011 1721 hac
1025 1679 1158 1718 nova
1186 1662 1418 1718 editione
1447 1660 1780 1717 decrevimus
1809 1676 1825 1725 ;
1871 1667 1928 1713 ut
1946 1673 2065 1728 quae
2091 1657 2331 1727 ejusdem
2369 1657 2580 1727 generis
2603 1665 2692 1711 aut
2722 1658 2912 1712 similis
2940 1660 3236 1730 argumenti
3288 1668 3432 1727 sunt,

153 1779 212 1818 ea
243 1764 600 1818 continenter
626 1777 687 1817 ac
707 1759 953 1817 ordinate
978 1756 1211 1828 perlecta
1239 1764 1292 1811 et
1337 1754 1704 1825 intelligantur
1752 1752 1945 1806 melius
1973 1765 2003 1804 a
2048 1748 2321 1816 studiosis,
2371 1757 2425 1805 et
2443 1764 2630 1803 eorum
2664 1748 2820 1804 altius
2847 1750 3039 1805 animis
3064 1751 3436 1821 mentibusque

155 1855 506 1909 mandentur.

229 1948 510 2016 Principio
546 1945 728 2000 damus
751 1944 1112 2014 Qumtionum
1144 1940 1307 1996 libros
1327 1937 1606 2010 quosdam,
1639 1937 1696 1991 in
1717 1937 1906 2007 quibus
1931 1945 2055 1991 sunt
2074 1935 2385 1990 nominandi
2410 1951 2520 2006 prae
2543 1936 2753 1992 caeteris
2774 1936 2896 1992 libri
2921 1937 2988 1992 ad
3013 1937 3435 2009 Simplicianum,

167 2038 478 2108 Augustino
506 2037 611 2104 jam
631 2038 877 2106 episcopo
919 2049 1033 2089 cum
1065 2033 1184 2088 illos
1215 2031 1401 2096 edidit,
1431 2046 1587 2103 quam
1623 2028 1938 2100 dignissimi.
1979 2028 2111 2083 Nam
2144 2028 2237 2098 qui
2266 2029 2413 2098 prius
2439 2028 2505 2083 de
2532 2028 2658 2084 ﬁdei
2683 2038 2738 2084 et
2763 2032 2948 2101 gratiae
2971 2031 3127 2088 donis
3156 2049 3262 2089 non
3291 2043 3439 2089 recte

182 2140 440 2186 senserat
469 2130 527 2185 in
561 2132 917 2201 scriptionibus
937 2131 1129 2201 aliquot
1156 2131 1291 2196 suis,
1325 2129 1425 2185 hoc
1464 2128 1517 2182 in
1538 2142 1703 2197 opere
1728 2127 1828 2181 sub
1855 2126 2131 2180 exordium
2149 2125 2486 2197 episcopatus
2506 2126 2588 2181 sui
2618 2127 2818 2197 scripto
2838 2129 3160 2199 resipiscens
3188 2130 3440 2186 emenda-

188 2224 284 2290 vit,
313 2223 605 2294 abjecitque
631 2240 862 2280 errorem
887 2240 1056 2291 suum,
1086 2225 1360 2295 apostolico
1389 2224 1661 2296 ρτιεοὶρυε,
1705 2221 1860 2277 sicuti
1885 2222 1937 2276 in
1967 2220 2104 2276 libro
2145 2220 2215 2276 de
2257 2222 2729 2279 Praedestinatione
2775 2232 3080 2280 sanctorum
3124 2226 3433 2296 prolitetur,

180 2317 429 2369 convictus
457 2318 745 2382 testimonio,
774 2333 839 2373 ex
869 2317 887 2370 l
916 2317 1039 2373 Cor.
1067 2333 1140 2386 tv,
1159 2319 1191 2372 7
1215 2336 1228 2371 :
1261 2317 1402 2388 quod
1430 2317 1778 2372 nihilominus
1804 2315 1983 2370 divino
2021 2314 2232 2370 muneri
2261 2331 2324 2371 ac
2356 2317 2666 2372 revelationi
2717 2319 3056 2373 tribuendum
3083 2319 3179 2375 Vir
3219 2329 3435 2377 sanctus

178 2404 368 2461 ibidem
394 2409 641 2478 agnoscit.
668 2409 979 2479 Quanquam
1004 2425 1132 2480 ergo
1169 2409 1256 2464 illa
1284 2408 1352 2471 ad
1388 2408 1790 2478 Simplicianum
1811 2406 2171 2478 disputatione
2198 2423 2313 2462 rem
2361 2408 2554 2463 alicubi
2597 2419 2776 2465 verset
2825 2410 2876 2465 in
2905 2421 3179 2482 utramque
3208 2422 3434 2483 partem,

186 2498 435 2554 dubitanti
478 2515 656 2570 parum
683 2498 956 2556 dissimilis
983 2502 1002 2573 (
1033 2499 1174 2572 quod
1215 2502 1452 2571 proiecto
1494 2499 1798 2570 disputandi
1848 2513 2015 2571 genus
2063 2498 2318 2555 lectorem
2363 2500 2600 2571 postulat
2643 2515 2886 2572 sagacem
2941 2503 3435 2578 vigilantemque);

184 2598 401 2644 attamen
425 2606 482 2645 se
493 2593 594 2661 jam
617 2601 727 2646 tum
755 2603 1026 2665 antequam
1050 2591 1331 2662 Pelagiana
1356 2591 1560 2646 hwresia
1572 2599 1854 2661 appareret,
1881 2591 1961 2647 sic
1985 2589 2302 2647 disseruisse
2317 2589 2447 2646 dicit
2474 2591 2541 2647 de
2565 2591 2707 2647 dono
2732 2596 3138 2662 perseverantia:
3162 2597 3426 2666 scribens,

188 2691 240 2734 ut
263 2697 424 2752 neque
452 2686 739 2739 remanserit
777 2685 974 2756 aliquid
1000 2701 1100 2754 quo
1142 2694 1342 2739 uocetur
1360 2685 1413 2738 in
1442 2684 1650 2738 dubium
1677 2683 1893 2753 gratiam
1920 2683 2017 2738 Dei
2054 2701 2156 2739 non
2183 2685 2458 2759 secundum
2482 2688 2657 2741 merita
2687 2701 2858 2743 nostra
2886 2690 3019 2757 dari,
3053 2701 3098 2746 et
3135 2693 3257 2748 satis
3285 2697 3442 2766 egerit

189 2772 324 2825 etiam
343 2775 535 2830 initium
573 2778 694 2848 fidei
721 2795 828 2833 esse
856 2779 1045 2833 donum
1088 2778 1216 2844 Dei,
1243 2789 1404 2848 utque
1429 2795 1492 2832 ea:
1514 2777 1575 2831 iis
1611 2792 1726 2848 qum
1754 2777 1822 2831 ibi
1847 2777 1984 2831 dicta
2012 2788 2150 2845 sunt,
2199 2790 2554 2849 consequenter
2594 2781 2804 2848 eluceat,
2835 2786 2988 2838 etiam
3016 2801 3172 2856 usque
3209 2787 3263 2841 in
3291 2789 3444 2857 ﬁnem

191 2870 577 2932 perseverantiam
603 2871 806 2925 nonnisi
832 2870 894 2925 ab
922 2887 982 2925 eo
1023 2872 1224 2940 donari,
1248 2872 1333 2942 qui
1352 2887 1445 2925 nos
1474 2869 1846 2941 prmdeatinavit
1871 2871 1925 2924 in
1951 2887 2100 2925 suum
2125 2889 2334 2942 regnum
2362 2883 2409 2926 et
2426 2872 2663 2944 gloriam.

255 2957 426 3013 Finitis
453 2962 878 3030 Quaestionibus,
906 2965 1072 3018 series
1100 2964 1283 3032 incipit
1309 2963 1697 3034 Opusculorum
1723 2978 1842 3033 quin
1867 2962 1934 3016 ad
1962 2977 2140 3019 mores
2179 2965 2348 3035 magis
2392 2966 2637 3021 attinent.
2671 2967 2907 3028 Primum
2937 2983 3004 3024 ex
3027 2968 3114 3026 bis
3153 2971 3345 3029 librum
3376 2975 3446 3034 de

195 3049 312 3105 Fide
336 3069 497 3108 rerum
521 3072 642 3126 qua:
669 3071 778 3109 non
807 3057 1069 3122 videntur,
1103 3059 1405 3114 restitutum
1455 3058 1592 3112 imus
1644 3055 1962 3127 Augustino,
2014 3057 2098 3110 cui
2156 3072 2436 3127 perperam
2494 3058 2666 3113 fuerat
2716 3059 2927 3115 Erasmi
2955 3071 3009 3116 et
3033 3062 3443 3124 Lovaniensium

191 3142 546 3216 Theolagorum
598 3148 873 3202 sententia
907 3159 1136 3219 ereptus.
1173 3150 1527 3221 Subsequitur
1566 3150 1885 3219 opusculum
1933 3149 2003 3205 de
2042 3149 2176 3205 Fide
2222 3158 2276 3206 et
2304 3149 2584 3222 Symbolo,
2636 3153 2778 3222 quod
2831 3153 3188 3224 Hipponensis
3234 3161 3446 3218 Consilii

191 3238 426 3307 episcopis
449 3250 728 3309 acceptum
765 3240 962 3296 referre
982 3241 1260 3309 debemus,
1281 3257 1504 3312 quorum
1528 3241 1772 3311 jussione
1810 3243 2145 3312 Augustinus
2178 3243 2573 3313 episc0palibus
2601 3245 2834 3300 nondum
2862 3247 3045 3303 infulis
3082 3263 3370 3308 exornatus
3390 3253 3444 3310 id

188 3331 457 3397 argumenti
501 3331 748 3385 tractavit
782 3332 833 3386 in
888 3332 978 3387 illo
1025 3333 1186 3387 totius
1216 3331 1410 3387 Africae
1451 3332 1694 3402 plenario
1739 3345 2042 3396 consessu;
2087 3347 2248 3401 quem
2279 3334 2438 3388 etiam
2483 3343 2765 3389 tractatum
2820 3338 3007 3392 amicis
3055 3341 3444 3398 studiosissime

190 3422 476 3480 instantibus
495 3427 548 3480 in
579 3426 776 3481 librum
801 3426 1047 3497 redigere
1068 3427 1376 3496 compulsus
1399 3434 1498 3482 est.
1534 3425 1784 3480 Proxime
1808 3425 2113 3494 adjungitur
2131 3425 2264 3479 liber
2290 3425 2357 3480 de
2385 3426 2517 3480 Fide
2546 3435 2600 3482 et
2621 3427 2904 3496 Operibus,
2931 3431 2983 3484 in
3005 3447 3100 3486 eos
3119 3434 3435 3503 publicatus,

189 3516 271 3586 qui
285 3518 566 3574 sentiebant
585 3529 640 3575 et
662 3535 850 3574 omnes
888 3521 1018 3574 citra
1049 3520 1336 3574 discrimen
1362 3517 1719 3573 admittendos
1747 3518 1816 3573 ad
1842 3518 2193 3586 Baptismum,
2221 3525 2276 3571 et
2305 3524 2571 3586 praecepta
2616 3532 2827 3572 morum
2859 3522 3070 3574 nonnisi
3110 3534 3230 3590 post
3259 3525 3444 3596 Bapti-

193 3622 345 3662 smum
372 3612 642 3677 tradenda,
675 3621 728 3668 et
756 3612 974 3666 demum
1023 3612 1318 3680 baptizatos
1369 3610 1671 3666 Christianae
1724 3610 1848 3665 ﬁdei
1884 3610 2076 3663 merito
2107 3608 2393 3664 salvandos
2440 3622 2581 3674 esse,
2608 3610 2820 3664 etiamsi
2849 3625 3029 3668 mores
3054 3617 3445 3683 quantumlibet

197 3699 374 3771 iniquos
401 3721 672 3775 nunquam
702 3706 976 3759 mutarint.
1002 3705 1173 3770 Quam
1199 3703 1408 3759 tertiam
1446 3703 1752 3773 opinionem
1799 3718 1921 3757 cum
1951 3701 2455 3770 perniciosissimam
2482 3701 2747 3770 judicaret
2801 3702 2858 3758 S.
2892 3704 3106 3772 Doctor,
3137 3711 3443 3766 convellen-

196 3790 298 3846 dam
323 3799 552 3868 suscepit
579 3811 684 3851 non
718 3797 905 3862 semel,
953 3796 1047 3852 sed
1091 3811 1250 3850 manu
1293 3795 1464 3850 amica
1513 3809 1728 3863 semper
1772 3803 1823 3848 et
1852 3792 2072 3863 paciﬁca
2107 3806 2122 3855 ;
2153 3790 2275 3861 quia
2320 3790 2610 3860 profectam
2645 3791 2713 3846 ab
2758 3794 3062 3849 auctoribus
3103 3796 3242 3853 haud
3281 3799 3444 3856 dubie

188 3886 434 3944 catholicis
454 3906 518 3946 ac
545 3890 647 3959 piis
681 3891 907 3960 :quibus
931 3889 1056 3944 dum
1088 3889 1317 3944 occurrit
1343 3889 1394 3941 in
1423 3888 1517 3942 lib.
1547 3885 1612 3940 2|
1645 3886 1714 3941 de
1753 3885 1978 3940 Civitate
2023 3884 2136 3949 Dei,
2169 3899 2286 3954 cap.
2316 3884 2403 3949 l7,
2439 3883 2592 3938 Nunc
2604 3885 2738 3954 jam,
2771 3885 2864 3950 ait,
2895 3903 3012 3941 cum
3039 3890 3442 3948 misericordiam

189 3977 349 4030 nostris
372 3981 621 4050 agendum
649 3997 757 4035 esse
784 3980 925 4034 uideo
951 3988 998 4033 et
1027 3980 1235 4050 paciﬁce
1259 3977 1644 4048 disputandum.
1677 3975 1812 4030 Hinc
1841 3976 1998 4046 longe
2027 3975 2216 4030 abesse
2254 3987 2360 4027 non
2384 3974 2622 4043 oportuit
2650 3974 3018 4043 Encbiridion,
3066 3996 3172 4051 quo
3197 3982 3442 4041 doctrina

189 4069 387 4124 traditur
413 4073 482 4128 de
502 4072 658 4136 Fide,
688 4073 792 4144 Spe
812 4082 868 4128 et
891 4071 1163 4127 Charitate
1195 4091 1208 4127 :
1254 4087 1388 4141 Opus
1408 4087 1534 4126 vere
1550 4085 1788 4136 aureum,
1815 4078 2072 4124 nocturna
2099 4077 2154 4123 et
2179 4067 2364 4122 diurna
2404 4083 2564 4122 manu
2594 4070 2934 4126 versandum.
2960 4072 3118 4128 Liber
3139 4075 3208 4131 de
3251 4079 3438 4151 Agone

194 4155 466 4218 Christiano
492 4164 685 4218 eodem
729 4163 840 4220 fere
862 4173 1087 4234 spectat,
1119 4164 1241 4218 ﬁdei
1269 4164 1526 4234 Regulam
1554 4163 1833 4217 continens
1858 4172 1912 4216 et
1939 4170 2204 4232 praecepta
2242 4161 2478 4216 vivendi.
2507 4162 2615 4217 Hos
2658 4163 2725 4217 de
2755 4163 2884 4219 Fide
2906 4165 3070 4221 libros
3089 4171 3283 4240 excipit
3303 4187 3438 4241 opus

198 4249 252 4304 de
267 4253 660 4312 Catechizandis
688 4258 925 4325 rudibus,
953 4258 1151 4313 editum
1175 4268 1358 4329 rogatu
1393 4258 1601 4312 diaconi
1630 4255 2064 4326 Carthaginensis
2095 4256 2428 4326 Deogratias,
2455 4255 2522 4309 ad
2557 4271 2714 4327 quem
2742 4258 2936 4328 saepius
2965 4261 3149 4328 primis
3178 4262 3300 4319 fidei
3328 4266 3438 4322 ele-

198 4347 363 4400 mentis
396 4350 673 4406 imbuendi
701 4350 1100 4406 deducebantur
1147 4365 1417 4404 sacrarum
1458 4349 1760 4404 litterarum
1798 4347 1979 4402 rudes.
2007 4347 2312 4401 Succedunt
2355 4347 2512 4401 simul
2540 4363 2660 4402 cum
2708 4358 2933 4404 tractatu
2974 4351 3041 4405 de
3070 4351 3434 4428 Continentia,

193 4451 294 4506 qua:
317 4448 546 4500 materia:
569 4453 626 4500 et
667 4445 961 4515 argumenti
990 4445 1070 4499 sui
1095 4443 1353 4499 afﬁnitate
1376 4443 1674 4514 conjunctae
1697 4451 1823 4498 sunt
1867 4442 2007 4497 inter
2028 4455 2086 4496 se
2113 4441 2532 4504 lucubrationes,
2567 4443 2634 4496 de
2652 4443 2798 4496 Bono
2837 4445 2956 4511 conj
2969 4446 3125 4514 ugali,
3151 4448 3217 4503 de
3245 4460 3432 4507 sancta

188 4528 498 4603 Virginitate,
528 4538 595 4592 de
619 4538 768 4592 Bono
799 4536 1100 4604 Viduitatis,
1129 4537 1197 4592 de
1241 4536 1517 4608 Conjugiis
1540 4536 1875 4592 adulterinis.
1915 4534 2106 4589 Postea
2129 4533 2196 4588 de
2221 4532 2515 4599 Mendacio,
2542 4541 2596 4588 et
2635 4540 2820 4588 contra
2849 4533 3181 4592 Mendacium
3216 4556 3230 4593 :
3258 4555 3338 4606 ac,
3363 4558 3437 4599 ne

192 4620 363 4694 Singula
390 4643 796 4698 persequamur,
821 4629 1006 4683 ordine
1032 4628 1210 4682 omnia
1234 4635 1384 4682 certo
1411 4628 1730 4697 proprioque
1755 4633 1880 4680 sunt
1900 4625 2179 4681 collocata.

254 4716 447 4790 Verum,
480 4723 623 4792 quod
651 4724 727 4778 rei
753 4733 909 4792 caput
935 4722 1322 4787 existimamus,
1371 4722 1676 4777 criticorum
1708 4720 1762 4775 in
1800 4719 1913 4790 ipsa
1942 4719 2205 4791 Opuscula
2227 4719 2509 4790 judicium,
2541 4720 2586 4774 si
2615 4720 2733 4790 quis
2759 4721 2892 4778 forte
2921 4722 3101 4793 injecit
3125 4724 3191 4780 de
3210 4737 3431 4788 auctore

184 4815 484 4880 scrupulum,
517 4815 586 4868 ad
609 4830 833 4870 examen
873 4825 1092 4869 vocatur
1126 4833 1138 4869 :
1165 4815 1407 4885 quaedam
1434 4830 1553 4884 qua:
1575 4828 1675 4885 pro
1699 4814 1875 4868 nothis
1919 4813 2100 4868 haberi
2128 4813 2398 4880 volebant,
2426 4813 2650 4882 genuina
2678 4828 2797 4869 esse
2842 4826 3240 4887 monstrantur;
3273 4823 3376 4879 alia
3401 4840 3434 4880 e

178 4909 428 4962 contrario
457 4923 578 4978 qua:
599 4908 844 4962 solebant
873 4907 1118 4977 genuinis
1167 4907 1477 4977 adjungere.
1505 4906 1590 4960 vel
1643 4907 1986 4976 repudiantur
2028 4914 2085 4959 ttt
2133 4906 2317 4970 notha,
2365 4905 2450 4959 vel
2492 4906 2672 4976 aliquo
2691 4906 2998 4964 discrimine
3038 4923 3350 4981 separantur
3377 4924 3438 4972 ut

173 4993 331 5054 dubia.
358 5003 400 5056 ll
413 5003 538 5071 ujus
565 5003 876 5069 posterioris
899 5002 1110 5073 generis
1156 5010 1281 5056 sunt
1324 5009 1578 5056 tractatus
1605 5000 1672 5055 de
1701 4999 1956 5070 Symbolo
1983 4999 2046 5053 ad
2071 4997 2517 5065 Catechumenos,
2561 5009 2613 5052 et
2637 4999 2725 5053 alii
2752 5001 2967 5071 quidam
3017 5019 3080 5058 ex
3115 5014 3258 5059 tomo
3287 5023 3433 5065 nono

173 5095 395 5150 translati
425 5095 706 5150 huclibelli
731 5096 844 5151 sive
862 5095 1169 5161 Sermones,
1191 5111 1325 5166 quos
1345 5097 1396 5150 in
1423 5104 1661 5151 extrema
1684 5095 1962 5149 voluminis
1983 5103 2132 5162 parte
2170 5093 2543 5149 minutioribus
2564 5095 2704 5165 typis
2724 5111 2948 5152 excusos
2962 5111 3438 5167 reprznsentamus.

233 5204 288 5260 in
305 5209 609 5264 adornanda
636 5225 846 5281 quoque
878 5209 1189 5280 Appendice
1213 5226 1312 5266 nec
1336 5215 1525 5281 exigua
1569 5224 1697 5264 cura
1726 5253 1740 5276 ,
1766 5225 1864 5264 nec
1916 5209 2090 5263 inanis
2134 5209 2288 5264 labor
2336 5211 2608 5280 impensus
2646 5222 2747 5268 est.
2779 5213 3164 5284 Opusculorum
3214 5220 3438 5276 subditi.

172 5296 349 5355 tiorum
381 5302 588 5368 quaesiti
617 5311 742 5357 sunt
779 5312 832 5357 et
857 5305 1056 5371 reperti
1083 5303 1392 5374 plerumque
1416 5310 1682 5357 auctores.
1712 5301 1917 5371 Hugoni
1947 5300 2218 5356 Victorino
2266 5302 2566 5358 vindicatur
2593 5304 2804 5360 libellus
2847 5305 2914 5361 de
2963 5306 3268 5366 Substantia
3299 5312 3434 5370 dile-

183 5390 340 5449 ctionis
373 5410 396 5459 ;
435 5391 708 5463 eidemque
736 5394 837 5464 ipsi
863 5394 1102 5450 redditur
1131 5410 1267 5465 opus
1297 5393 1363 5449 de
1382 5402 1584 5463 septem
1616 5390 1791 5456 Vitiis,
1835 5401 1889 5446 et
1914 5403 2117 5462 septem
2151 5392 2312 5446 Donis
2331 5393 2559 5463 Spiritus
2581 5395 2769 5448 sancti.
2801 5395 2958 5452 Liber
2985 5396 3053 5453 de
3080 5398 3229 5454 Scala
3270 5401 3433 5456 Para-

187 5475 257 5534 d'tsi
274 5483 586 5540 restituitur
602 5484 829 5556 Guigoni
863 5485 1217 5540 Cartltusiano
1248 5503 1262 5541 :
1293 5485 1359 5540 de
1386 5481 1700 5554 Cognitione
1726 5500 1870 5541 vera:
1892 5485 2033 5551 vitae,
2064 5484 2297 5539 Honorio
2321 5485 2791 5556 Augustodunensi
2817 5505 2832 5543 :
2861 5487 2928 5544 de
2970 5489 3087 5546 Vita
3115 5492 3424 5561 christiana,

183 5565 392 5632 Fastidio
430 5575 635 5631 Britoni
664 5596 679 5630 :
710 5576 934 5632 Paulino
973 5577 1333 5647 Aquileiensi,
1375 5576 1443 5632 de
1493 5577 1813 5632 salutaribus
1869 5576 2208 5632 Documentis
2236 5618 2251 5643 ,
2299 5577 2366 5632 de
2420 5577 2683 5634 Conﬁictu
2732 5580 2980 5635 vitiorum
3017 5591 3071 5637 et
3124 5583 3375 5638 virtutum
3408 5627 3426 5653 ,

175 5662 434 5726 Ambrosio
483 5667 739 5737 Autperto
762 5687 778 5722 :
801 5669 869 5724 de
923 5669 1257 5725 Rectitudine
1283 5668 1558 5725 catholicae
1590 5669 2026 5736 conversationis,
2060 5685 2122 5725 ac
2172 5668 2393 5741 proinde
2445 5671 2603 5726 etiam
2652 5672 2719 5726 de
2764 5670 3008 5726 Vanitate
3053 5671 3235 5727 saeculi
3266 5715 3281 5739 ,
3317 5675 3433 5732 Eli-

169 5756 242 5828 cio
264 5758 613 5819 Naviomensi
643 5777 656 5813 :
688 5759 758 5815 de
780 5759 930 5816 Bono
952 5761 1248 5831 disciplina
1269 5801 1289 5834 ,
1311 5760 1595 5821 Valeriano
1626 5761 1929 5835 Cymelensi
1972 5763 2222 5836 episcopo
2247 5805 2264 5832 ,
2314 5773 2416 5820 etc.
2443 5764 2676 5822 Libellus
2696 5763 2764 5818 de
2797 5763 3044 5820 Amicitia
3082 5781 3150 5823 ex
3195 5767 3428 5828 Aelredo

468 5849 702 5919 Sutor.
730 5853 1008 5916 Ancon.
1043 5852 1153 5918 Vl.

2869 5857 3103 5938 {Una}
