3942 6416
558 356 633 414 15
1304 349 1394 405 DE
1437 346 1749 407 DIVERSIS
1785 337 2305 416 QUESTIONIBUS
2341 341 2622 410 LXXXIII,
2662 343 2718 399 S.
2760 344 3124 403 AUGUSTINI
3754 364 3817 424 η

562 481 741 528 autem
774 482 832 523 se
879 461 1308 535 comprehendit,
1342 462 1551 516 ﬁnitum
1576 470 1660 517 est
1688 459 1807 516 sibi.
1840 460 1909 514 Et
1936 457 2141 513 intelle-

562 572 681 619 ctus
710 558 953 627 intelligit
986 571 1064 611 se.
1102 554 1243 628 Ergo
1292 552 1472 607 ﬁnitus
1491 562 1573 607 est
1610 552 1733 606 sibi.
1772 550 1880 606 Nec
1908 550 2142 605 inﬁnitus

559 669 680 711 esse
704 653 833 715 vult,
859 648 1098 719 quamvis
1124 645 1293 715 possit
1317 661 1332 710 ;
1362 644 1484 714 quia
1527 654 1683 700 notus
1715 643 1817 700 sibi
1841 657 1960 699 esse
2006 641 2139 709 vult,

558 753 704 802 amat
718 743 858 800 enim
879 757 958 799 se.

1051 828 1191 885 XVI.
1234 827 1313 882 De
1350 827 1489 882 Filio
1526 825 1645 881 Dei.

633 931 776 986 Deus
817 924 1055 981 omnium
1101 938 1219 993 quae
1264 930 1422 986 sunt,
1454 936 1611 975 causa
1647 909 1937 987 est.iQnod
1966 928 2141 975 autem

559 1020 797 1079 omnium
826 1031 1004 1073 rerum
1030 1029 1186 1070 causa
1216 1024 1317 1079 est,
1345 1013 1507 1069 etiam
1535 1013 1806 1083 sapientia:
1845 1027 1953 1068 sua:
1983 1027 2141 1068 causa

559 1122 646 1170 est
669 1130 682 1167 :
711 1127 809 1167 nec
836 1122 1066 1178 unquam
1090 1108 1231 1161 Deus
1256 1104 1371 1160 sine
1398 1104 1654 1175 sapientia
1684 1120 1799 1159 sua.
1820 1103 1982 1174 Igitur
2001 1119 2142 1158 sem-

560 1203 784 1275 piternae
803 1197 1077 1268 sapientize
1097 1210 1207 1250 sua:
1226 1208 1385 1249 causa
1410 1204 1491 1248 est
1510 1194 1827 1263 sempiterna
1853 1210 1867 1247 :
1892 1210 1990 1249 nec
2009 1202 2143 1273 tem-

558 1309 693 1366 pore
723 1292 866 1361 prior
893 1298 974 1345 est
1002 1303 1158 1359 quam
1189 1301 1285 1341 sua
1318 1285 1594 1355 sapientia.
1621 1284 1821 1339 Deinde
1854 1285 1899 1339 si
1929 1284 2138 1339 Patrem

560 1389 944 1452 sempiternum
970 1393 1088 1433 esse
1117 1377 1255 1432 inest
1282 1375 1412 1439 Deo,
1446 1390 1543 1431 nec
1582 1373 1679 1429 fuit
1715 1373 1993 1445 aliquando
2031 1389 2138 1430 non

560 1477 739 1543 Pater,
769 1486 1035 1543 nunquam
1063 1468 1179 1525 sine
1206 1468 1342 1525 Filio
1371 1466 1487 1522 fuit.

1019 1561 1181 1617 XVII.
1224 1560 1299 1613 De
1331 1558 1537 1613 scientia
1562 1557 1677 1612 Dei.

630 1660 803 1716 Omne
852 1652 1179 1727 praeteritum
1228 1650 1336 1721 jam
1385 1663 1492 1703 non
1536 1656 1651 1713 est;
1697 1662 1856 1703 omne
1903 1647 2136 1703 futurum

561 1749 795 1807 nondum
822 1754 903 1801 est
933 1763 946 1797 :
975 1756 1134 1800 omne
1173 1741 1330 1811 igitur
1362 1749 1417 1794 et
1447 1739 1770 1808 praeteritum
1812 1746 1864 1793 et
1904 1737 2137 1792 futurum

559 1844 732 1901 deest.
756 1838 908 1909 Apud
933 1838 1095 1891 Deum
1119 1842 1299 1889 autem
1326 1830 1458 1886 nihil
1481 1831 1630 1886 deest
1656 1848 1669 1884 :
1697 1845 1798 1887 nec
1814 1833 2139 1900 praeteritum

561 1934 723 2005 igitur
744 1944 842 1985 nec
862 1928 1113 1991 futurum,
1141 1923 1235 1979 sed
1259 1918 1418 1978 omne
1439 1937 1671 1991 ρηεεειιε
1691 1931 1770 1977 εει
1789 1922 1925 1991 apud
1949 1922 2136 1977 Deum.

1056 2016 1243 2074 XVIII.
1274 2015 1352 2070 De
1382 2015 1644 2070 Trinitate.

633 2117 805 2171 Omne
856 2111 997 2183 quod
1048 2120 1163 2175 εει,
1217 2107 1360 2163 aliud
1411 2115 1496 2163 est
1543 2123 1648 2177 quo
1699 2117 1938 2174 constat,
1996 2110 2138 2165 aliud

561 2222 669 2279 quo
709 2203 1059 2265 discernitur,
1100 2198 1241 2263 aliud
1269 2204 1375 2268 qut)
1403 2198 1662 2268 congruit.
1695 2198 1949 2254 Universa
1980 2198 2141 2271 igitur

559 2306 799 2355 creatura
829 2294 873 2349 si
912 2301 965 2349 et
991 2299 1073 2348 est
1099 2303 1311 2360 quoque
1349 2288 1509 2345 modo
1528 2329 1543 2354 ,
1570 2297 1623 2344 et
1648 2289 1718 2344 ab
1756 2305 1822 2345 eo
1853 2291 1995 2360 quod
2024 2308 2141 2346 om-

559 2389 689 2445 nino
716 2386 850 2442 nihil
877 2392 959 2440 est
987 2382 1272 2453 plurimum
1297 2379 1493 2445 distat,
1523 2388 1577 2433 et
1596 2380 1705 2433 suis
1736 2381 1973 2449 partibus
2014 2382 2142 2437 sibi-

560 2486 675 2535 met
700 2474 964 2545 congruit,
986 2484 1200 2527 causam
1230 2483 1441 2539 quoque
1475 2468 1592 2539 ejus
1616 2468 1806 2524 trinam
1832 2485 1953 2527 esse
1979 2486 2141 2541 opor-

560 2577 675 2634 tet;
706 2580 809 2637 qua
848 2563 949 2627 sit,
982 2576 1084 2631 qua
1113 2559 1216 2615 hoc
1250 2558 1350 2623 sit,
1378 2573 1482 2628 qua
1520 2558 1621 2613 sibi
1649 2560 1819 2615 amica
1866 2562 1953 2616 sit.
1981 2561 2143 2619 Crea-

562 2668 697 2715 turte
717 2664 894 2712 autem
918 2666 1153 2711 causam.
1195 2648 1248 2704 id
1272 2657 1375 2713 est,
1401 2657 1673 2705 auctorem
1701 2651 1865 2706 Deum
1890 2651 2138 2709 dicimus.

562 2751 787 2821 Oportet
819 2758 946 2813 ergo
975 2757 1095 2798 esse
1119 2739 1463 2803 Trinitatem,
1493 2755 1597 2809 qua
1626 2739 1756 2796 nihil
1784 2744 2139 2812 praestantius,
2196 2754 2204 2762 '

562 2836 942 2909 intelligentius
971 2841 1026 2889 et
1045 2832 1250 2887 beatius
1277 2830 1513 2886 invenire
1528 2831 1761 2901 perfecta
1784 2834 1920 2890 ratio
1944 2844 2138 2905 potest.

561 2931 793 3001 Ideoque
827 2927 984 2982 etiam
1014 2939 1134 2980 cum
1164 2921 1361 2976 veritas
1399 2923 1672 2992 quaeritur,
1710 2925 1832 2997 plus
1856 2942 2012 2997 quam
2041 2929 2142 2985 tria

562 3036 758 3095 genera
788 3016 1138 3089 quaestionum
1166 3027 1286 3068 esse
1306 3028 1414 3067 non
1443 3025 1695 3083 possunt;
1726 3026 1902 3073 utrum
1926 3020 2144 3075 omnino

562 3114 654 3179 sit,
686 3122 861 3166 utrum
902 3108 1004 3163 hoc
1031 3122 1099 3162 an
1127 3103 1273 3160 aliud
1299 3104 1388 3171 sit,
1419 3113 1595 3162 utrum
1619 3110 2017 3180 approbantium
2045 3111 2144 3167 im.

562 3201 963 3273 probandumve
990 3201 1074 3252 sit.

976 3292 1119 3350 XIX.
1160 3293 1242 3350 De
1269 3292 1377 3349 Deo
1403 3302 1449 3347 et
1476 3301 1723 3347 creatura.

635 3391 785 3460 Quod
837 3392 1269 3448 incommutabile
1316 3399 1431 3456 est,
1478 3399 1735 3445 aeternum
1779 3396 1900 3444 est:
1933 3404 2144 3458 semper

562 3484 705 3540 enim
732 3484 971 3555 ejusdem
1019 3484 1167 3540 modi
1205 3493 1307 3539 est.
1356 3482 1508 3551 Quod
1551 3491 1728 3536 autem
1771 3481 2144 3540 commutabile

562 3583 663 3637 est,
689 3575 911 3644 tempori
932 3576 1220 3631 obnoxium
1242 3581 1325 3627 est
1347 3590 1361 3626 :
1390 3588 1495 3627 non
1516 3572 1656 3626 enim
1677 3585 1890 3639 semper
1907 3570 2143 3640 ejusdem

564 3662 706 3717 modi
737 3673 848 3727 est,
879 3672 933 3717 ct
976 3663 1097 3717 ideo
1138 3671 1398 3716 aeternum
1430 3677 1535 3715 non
1576 3671 1722 3716 recte
1750 3661 1963 3717 dicitur.
1992 3661 2144 3729 Quod

563 3751 705 3806 enim
735 3761 986 3818 mutatur,
1025 3767 1131 3807 non
1159 3761 1377 3807 manet:
1407 3751 1547 3822 quod
1574 3768 1676 3807 non
1708 3762 1903 3819 manet,
1934 3770 2036 3809 non
2063 3763 2147 3810 est

563 3850 840 3897 aeternum.
873 3842 1037 3912 quue
1063 3844 1201 3898 inter
1225 3843 1523 3898 immortale
1546 3851 1601 3897 et
1618 3852 1871 3898 aeternum
1898 3844 2141 3914 interest,

563 3934 705 4005 quod
740 3950 898 3989 omne
936 3945 1196 3990 aeternum
1238 3934 1533 3990 immortale
1574 3944 1684 3999 est,
1728 3952 1831 3990 non
1861 3952 2021 3993 omne
2049 3939 2144 3991 im-

563 4025 789 4080 mortale
836 4026 965 4080 satis
1011 4026 1275 4081 subtiliter
1317 4035 1572 4080 :eternum
1611 4026 1848 4082 dicitur:
1878 4029 2000 4099 quia
2044 4028 2143 4084 etsi

564 4133 776 4186 semper
802 4116 999 4187 aliquid
1035 4118 1206 4182 vivat,
1248 4126 1425 4171 tamen
1464 4118 1507 4172 si
1549 4120 1950 4174 mutabilitatem
1981 4120 2146 4188 patia-

565 4216 670 4274 tur,
707 4223 811 4261 non
842 4207 1054 4277 proprie
1080 4217 1335 4263 aeternum
1363 4208 1679 4277 appellatur,
1707 4210 1827 4280 quia
1859 4225 1967 4265 non
1998 4225 2143 4265 sem-

565 4314 664 4368 per
708 4297 945 4366 ejusdem
993 4298 1135 4353 modi
1180 4306 1296 4363 est;
1346 4302 1586 4369 quamvis
1634 4302 1969 4369 immortale,
2020 4305 2142 4373 quia

563 4405 777 4459 semper
804 4390 950 4455 vivit,
980 4400 1123 4446 recte
1151 4391 1256 4445 dici
1294 4392 1482 4461 possit.
1514 4393 1747 4449 Vocatur
1786 4404 1963 4450 autem
1988 4405 2143 4451 aeter-

564 4498 690 4537 num
734 4483 999 4539 interdum
1037 4483 1198 4538 etiam
1227 4484 1367 4552 quod
1396 4483 1694 4540 immortale
1721 4494 1822 4540 est.
1856 4485 1987 4540 Illud
2014 4502 2144 4543 vero

562 4573 704 4643 quod
728 4583 783 4627 et
806 4574 1152 4627 mutationem
1176 4576 1390 4643 patitur,
1414 4584 1465 4628 et
1485 4576 1676 4630 anima:
1697 4576 1997 4645 praesentia.
2022 4593 2143 4634 cum

565 4664 741 4719 anima
781 4678 887 4718 non
932 4663 1033 4728 sit,
1060 4664 1240 4719 vivere
1264 4664 1477 4732 dicitur,
1506 4680 1678 4737 neque
1712 4666 2011 4725 immortale
2032 4669 2145 4725 ullo

562 4756 759 4823 modo,
789 4765 846 4811 et
872 4756 1041 4811 multo
1087 4756 1263 4811 minus
1302 4766 1558 4813 aeternum
1602 4758 1823 4829 intelligi
1862 4772 2055 4831 potest.
2088 4762 2144 4819 In

564 4857 767 4905 aeterno
792 4848 964 4914 enim,
1011 4864 1134 4904 cum
1158 4850 1376 4919 proprie
1412 4850 1625 4918 dicitur,
1663 4867 1835 4924 neque
1860 4855 2146 4927 quidquam

561 4940 897 5010 praeteritum
942 4939 1095 5010 quasi
1136 4942 1437 5007 transierit,
1467 4958 1640 5015 neque
1683 4945 1969 5016 quidquam
2007 4948 2146 5002 futu-

564 5050 683 5089 rum
720 5033 873 5105 quasi
915 5032 1152 5089 nondum
1193 5034 1297 5103 sit,
1344 5034 1441 5090 sed
1469 5036 1721 5108 quidquid
1763 5048 1878 5107 est,
1919 5048 2148 5095 tantum-

564 5124 727 5182 modo
751 5132 852 5181 est.

1089 5215 1209 5272 XX.
1250 5217 1328 5271 De
1354 5218 1464 5273 loco
1491 5218 1608 5274 Dei.

638 5310 782 5365 Deus
804 5325 910 5365 non
940 5307 1139 5363 alicubi
1177 5317 1280 5363 est.
1309 5308 1460 5375 Quod
1489 5311 1630 5365 enim
1656 5311 1849 5368 alicubi
1873 5321 1988 5381 est,
2016 5330 2148 5370 con-

567 5400 762 5454 tinetur
791 5399 907 5454 loco
933 5418 946 5453 :
978 5397 1120 5468 quod
1146 5399 1448 5453 continetur
1481 5400 1618 5463 loco,
1658 5418 1851 5472 corpus
1876 5413 1976 5459 est.
2010 5407 2148 5461 Deus

565 5501 743 5548 autem
774 5508 879 5547 non
919 5501 1002 5547 est
1039 5506 1273 5559 corpus:
1303 5507 1406 5545 non
1435 5493 1594 5562 igitur
1632 5495 1824 5550 alicubi
1849 5507 1947 5551 est.
1979 5500 2045 5555 Et
2072 5511 2150 5556 Ia-

565 5602 689 5643 men
720 5587 843 5656 quia
872 5594 955 5639 est
975 5625 991 5649 ,
1020 5592 1075 5638 et
1103 5584 1157 5637 in
1184 5584 1301 5638 loco
1341 5600 1449 5640 non
1482 5594 1598 5653 est,
1631 5588 1682 5641 in
1710 5588 1800 5643 illo
1828 5600 1952 5647 sunt
1977 5595 2149 5662 potius

566 5680 780 5745 omnia,
808 5692 965 5747 quam
1006 5678 1121 5749 ipse
1159 5677 1372 5734 alicubi.
1419 5679 1529 5736 Nec
1554 5689 1731 5739 tamen
1760 5686 1834 5740 ita
1871 5688 1923 5741 in
1950 5689 2058 5754 illo,
2092 5701 2151 5748 ut

569 5768 689 5843 ipse
712 5770 783 5829 sit
806 5770 954 5827 locus
978 5788 991 5825 :
1018 5770 1166 5828 locus
1194 5772 1334 5829 enim
1365 5773 1416 5829 in
1444 5775 1616 5847 spatio
1641 5787 1718 5832 est
1749 5780 1889 5850 quod
1918 5782 2146 5855 longitu.

2254 453 2379 509 dine
2404 464 2457 510 et
2494 455 2770 511 latitudine
2811 467 2866 512 et
2904 459 3181 517 altitudine
3222 465 3463 534 corporis
3508 481 3818 545 occupatur;

2252 560 2352 601 nec
2376 546 2514 600 Dens
2533 547 2639 601 tale
2660 548 2857 618 aliquid
2882 558 2981 603 est.
3008 552 3071 605 Et
3091 553 3265 607 omnia
3293 555 3452 625 igitur
3472 558 3523 612 in
3548 560 3667 630 ipso
3687 576 3817 636 sunt,

2249 646 2304 693 et
2332 638 2479 692 locus
2521 654 2624 709 non
2670 652 2770 693 est.
2822 640 2994 696 Locus
3040 652 3216 699 tamen
3258 645 3355 701 Dei
3391 650 3614 707 abusive
3641 654 3820 713 dicitur

2249 731 2500 800 templum
2533 731 2649 798 Dei,
2691 747 2796 786 non
2826 733 2968 803 quod
2998 749 3065 790 eo
3098 736 3453 807 contineatur,
3486 742 3581 797 sed
3610 748 3749 815 quod
3774 749 3817 805 ei

2245 840 2480 895 praesens
2505 826 2591 881 sit.
2614 825 2672 881 ld
2690 834 2867 883 autem
2887 828 3020 884 nihil
3044 831 3234 886 melius
3253 847 3410 901 quam
3433 835 3612 891 anima
3633 840 3816 896 munda

2247 916 2576 989 intelligitur.

2475 1032 2619 1089 XXI.
2663 1032 2847 1091 Utrum
2870 1035 3009 1090 Deus
3036 1047 3213 1093 auctor
3238 1041 3365 1094 mali
3383 1058 3482 1095 non
3511 1044 3599 1098 sit.

2319 1122 2570 1194 Quisquis
2587 1127 2826 1180 omnium
2852 1142 2972 1197 qua:
2995 1136 3123 1182 sunt
3162 1139 3349 1185 auctor
3377 1142 3480 1196 est,
3509 1142 3565 1189 et
3588 1134 3654 1190 ad
3682 1138 3814 1207 cujus

2246 1212 2537 1270 bonitatem
2583 1216 2636 1271 id
2664 1225 2865 1271 tantum
2908 1218 3141 1288 pertinet
3177 1230 3234 1274 ut
3258 1218 3328 1275 sit
3357 1237 3516 1279 omne
3545 1226 3689 1295 quod
3714 1237 3810 1293 est,

2246 1321 2353 1361 non
2382 1320 2503 1362 esse
2527 1306 2593 1362 ad
2621 1322 2742 1362 eum
2769 1310 3038 1378 pertinere
3067 1310 3216 1364 nullo
3242 1323 3396 1383 pacto
3421 1324 3618 1385 potest.
3661 1318 3809 1376 Omne

2245 1407 2420 1452 autem
2448 1397 2589 1466 quod
2628 1398 2840 1466 deﬁcit,
2866 1400 2953 1455 'ab
2979 1415 3048 1457 eo
3073 1402 3214 1473 quod
3252 1414 3337 1460 est
3379 1421 3500 1462 esse
3528 1408 3733 1474 deﬁcit,
3767 1421 3814 1469 et

2243 1487 2414 1542 tendit
2442 1487 2496 1542 in
2525 1502 2632 1543 non
2667 1503 2807 1545 esse.
2851 1490 2985 1547 Esse
3034 1500 3210 1548 autem
3249 1504 3306 1550 et
3338 1496 3394 1551 in
3423 1499 3569 1554 nullo
3602 1500 3815 1558 deiicere

2245 1578 2460 1666 bonum,
2482 1589 2598 1645 est,
2630 1590 2683 1636 et
2722 1582 2922 1639 malum
2949 1593 3031 1639 est
3071 1584 3323 1644 deﬁcere.
3357 1591 3425 1645 At
3454 1592 3543 1648 ille
3575 1594 3640 1649 ad
3670 1612 3815 1666 quem

2245 1685 2354 1726 non
2376 1686 2495 1727 esse
2511 1688 2617 1727 non
2643 1673 2873 1744 pertinet
2899 1691 3004 1731 non
3025 1686 3107 1732 est
3127 1692 3285 1734 causa
3313 1680 3612 1751 deﬁciendi,
3642 1685 3694 1739 id
3719 1695 3813 1754 est,

2244 1762 2491 1817 tendendi
2522 1764 2587 1818 ad
2628 1779 2734 1819 non
2777 1780 2931 1832 esse;
2974 1768 3131 1837 quia,
3175 1778 3233 1824 ut
3273 1770 3344 1825 ita
3372 1772 3581 1841 dicam,
3612 1778 3815 1834 essendi

2242 1867 2400 1908 causa
2424 1862 2524 1909 est.
2556 1854 2687 1909 Boni
2711 1856 2870 1927 igitur
2900 1861 3267 1916 tantummodo
3290 1877 3447 1919 causa
3472 1876 3555 1921 est
3578 1884 3591 1921 :
3623 1878 3678 1923 et
3704 1885 3818 1939 pro-

2242 1954 2423 2013 pterea
2451 1943 2563 2014 ipse
2583 1959 2847 2001 summum
2870 1948 3069 2004 bonum
3090 1960 3196 2006 est.
3217 1951 3465 2018 Quocirca
3487 1957 3613 2011 mali
3633 1968 3818 2015 auctor

2243 2046 2349 2088 non
2376 2043 2488 2101 εει,
2527 2036 2619 2106 qui
2656 2038 2895 2093 omnium
2935 2056 3055 2110 qua:
3096 2050 3219 2096 sunt
3260 2052 3442 2099 auctor
3468 2056 3587 2102 est:
3614 2050 3739 2118 quia
3766 2051 3817 2104 in

2247 2134 2497 2195 quantum
2527 2136 2673 2193 sunt,
2705 2129 2758 2184 in
2784 2138 2988 2186 tantum
3027 2131 3165 2187 bona
3194 2144 3318 2189 sunt
3342 2134 3440 2206 (a).

2512 2243 2680 2299 XXII.
2721 2245 2886 2300 Deum
2922 2262 3022 2302 non
3056 2248 3163 2318 pati
3189 2249 3552 2315 necessitatem.

2312 2331 2416 2389 Ubi
2450 2333 2595 2391 nulla
2636 2335 2959 2408 indigentia,
2989 2337 3129 2393 nulla
3160 2339 3484 2397 necessitas:
3528 2341 3619 2398 ubi
3645 2343 3812 2400 nullus

2243 2422 2501 2493 defectus,
2537 2427 2678 2483 nulla
2728 2428 3034 2501 indigentia.
3075 2430 3259 2489 Nullus
3283 2441 3460 2491 autem
3501 2434 3809 2493 deI'ectusiu

2249 2515 2393 2573 Deo:
2419 2519 2566 2575 nulla
2593 2535 2721 2593 ergo
2741 2521 3051 2579 necessitas.

2652 2633 2843 2690 XXIII.
2887 2634 2966 2690 De
2996 2635 3155 2692 Patre
3181 2645 3229 2691 et
3257 2636 3418 2694 Filio.

2316 2721 2486 2778 Omne
2510 2733 2714 2795 castum
2753 2727 2997 2782 castitate
3023 2737 3228 2783 castum
3256 2738 3358 2797 est,
3389 2739 3445 2787 et
3484 2745 3645 2789 omne
3667 2741 3813 2789 aeter-

2244 2827 2370 2869 num
2397 2816 2692 2871 aeternitate
2722 2824 2978 2872 aeternum
3004 2827 3106 2885 est,
3137 2827 3192 2873 et
3219 2833 3375 2875 omne
3401 2822 3684 2890 pulchrum
3710 2826 3813 2894 pul-

2244 2905 2567 2973 chritudine,
2610 2918 2664 2962 et
2690 2925 2848 2964 omne
2874 2909 3071 2965 bonum
3111 2911 3371 2968 bonitate.
3424 2915 3563 2984 Ergo
3589 2928 3644 2971 et
3669 2932 3816 2974 omne

2245 2999 2461 3067 sapiens
2485 2999 2758 3068 sapientia,
2802 3009 2858 3055 et
2893 3017 3054 3057 omne
3096 3002 3269 3058 simile
3308 3004 3679 3061 similitudine.
3718 3007 3815 3064 Sed

2244 3087 2453 3145 duobus
2477 3088 2649 3145 modis
2669 3099 2873 3145 castum
2897 3091 3141 3147 castitate
3165 3092 3361 3146 dicitur
3385 3110 3399 3146 :
3427 3094 3515 3148 vel
3540 3096 3681 3164 quod
3707 3111 3816 3152 eam

2245 3180 2444 3251 gignat,
2472 3190 2530 3235 ut
2555 3197 2618 3237 ea
2647 3182 2717 3237 sit
2740 3194 2942 3238 eastnm
2974 3184 3216 3238 castitate
3241 3198 3399 3254 quam
3441 3186 3631 3256 gignit,
3659 3197 3715 3243 et
3737 3187 3816 3243 cui

2246 3273 2561 3342 principium
2588 3282 2745 3342 atque
2771 3289 2931 3328 causa
2960 3283 3042 3329 est
3079 3283 3135 3328 nt
3161 3276 3265 3341 sit;
3312 3275 3468 3332 aliter
3494 3288 3669 3335 autem
3703 3296 3815 3335 cum

2246 3364 2647 3433 participatione
2689 3365 2949 3420 castitatis
2995 3365 3227 3435 quidque
3274 3377 3482 3424 castum
3530 3380 3645 3438 est,
3684 3370 3815 3441 quod

2247 3466 2418 3526 potest
2444 3456 2728 3525 aliquando
2768 3472 2887 3513 esse
2934 3472 3042 3512 non
3068 3468 3307 3525 castum;
3338 3470 3498 3531 atque
3523 3461 3593 3515 ita
3629 3461 3697 3515 de
3723 3477 3820 3517 cat-

2249 3548 2374 3601 teris
2409 3547 2804 3617 intelligendum
2846 3558 2948 3603 est.
2979 3549 3111 3604 Nam
3155 3559 3207 3605 et
3254 3552 3431 3607 anima
3473 3553 3817 3610 aeternitatem

2247 3636 2333 3690 vel
2376 3637 2687 3707 intelligitur
2727 3637 2809 3692 vel
2860 3638 3091 3693 creditur
3141 3641 3429 3711 consequi,
3482 3643 3575 3698 sui
3624 3654 3819 3698 aeterna

2247 3728 2560 3783 aeternitatis
2593 3730 2993 3800 participatione
3029 3731 3105 3785 ﬁt.
3148 3731 3262 3787 Non
3292 3744 3469 3789 autem
3499 3733 3564 3788 ita
3594 3743 3821 3790 aeternus

2248 3822 2407 3887 Deus,
2436 3821 2530 3877 sed
2559 3822 2700 3891 quod
2732 3823 2898 3893 ipsius
2941 3825 3252 3880 aeternitatis
3280 3834 3366 3881 est
3386 3834 3589 3882 auctor.
3632 3827 3747 3883 Hoc
3770 3835 3821 3883 et

2250 3912 2318 3966 de
2345 3911 2737 3982 pulchritudine
2777 3924 2832 3968 et
2855 3914 2922 3968 de
2964 3915 3198 3971 bonitate
3219 3917 3341 3973 licet
3366 3917 3604 3987 intelligi.
3627 3918 3822 3986 Quam-

2245 4003 2429 4059 obrem
2459 4020 2579 4059 cum
2617 4006 2830 4075 sapiens
2861 4006 2998 4061 Deus
3036 4008 3249 4080 dicitur,
3273 4020 3326 4064 et
3349 4025 3411 4064 ea
3449 4011 3713 4078 sapientia
3739 4026 3820 4065 sa-

2246 4095 2400 4164 piens
2424 4095 2638 4163 dicitur,
2667 4080 2783 4154 sine
2802 4112 2906 4168 qua
2931 4113 3054 4153 eum
3094 4101 3177 4154 vel
3206 4100 3382 4160 fuisse.
3410 4100 3716 4170 aliquando,
3747 4101 3820 4158 vel

2245 4200 2366 4240 esse
2393 4200 2552 4253 posse
2583 4186 2732 4242 nefas
2769 4198 2853 4242 est
2879 4188 3121 4255 credere,
3166 4204 3270 4244 non
3310 4188 3714 4259 participatione
3739 4207 3818 4246 sa-

2247 4275 2465 4343 pientia:
2491 4277 2706 4347 sapiens
2733 4277 2945 4346 dicitur,
2976 4280 3131 4334 sicuti
3160 4280 3356 4347 anima,
3383 4296 3501 4351 qua:
3530 4291 3586 4335 et
3623 4297 3742 4337 esse
3765 4290 3814 4335 et

2247 4384 2355 4423 non
2386 4386 2506 4426 esse
2534 4372 2748 4440 sapiens
2772 4379 2948 4441 potest
2978 4389 2991 4425 :
3038 4372 3133 4427 sed
3162 4374 3301 4444 quod
3330 4374 3442 4445 ipse
3467 4389 3584 4429 eam
3624 4388 3816 4444 genue-

2246 4460 2337 4521 rit.
2366 4476 2467 4530 qua
2491 4462 2704 4529 sapiens
2730 4460 2944 4526 dicitur,
2963 4461 3277 4529 sapientiam
3303 4460 3398 4533 (b).
3432 4464 3563 4518 Item
3589 4464 3683 4519 illa
3711 4478 3819 4535 qua:

2247 4550 2653 4620 participatione
2676 4558 2801 4604 sunt
2823 4550 2906 4605 vel
2935 4558 3098 4615 casta,
3121 4550 3205 4605 vel
3232 4562 3454 4619 aeterna,
3476 4555 3559 4609 vel
3583 4556 3818 4626 pulchra,

2252 4641 2337 4695 vel
2379 4640 2538 4707 bona,
2577 4642 2660 4697 vel
2703 4642 2983 4713 sapientia,
3013 4643 3294 4713 recipiunt,
3320 4654 3379 4700 ut
3419 4646 3615 4702 dictum
3644 4656 3748 4719 est,
3773 4657 3822 4704 ut

2257 4732 2463 4803 possint
2496 4750 2596 4789 nec
2621 4743 2765 4791 casta
2787 4750 2926 4803 esse,
2957 4750 3056 4791 nec
3080 4744 3298 4802 (eterna,
3333 4752 3432 4792 nec
3457 4737 3704 4807 pulchra,
3736 4754 3824 4795 nec

2249 4824 2410 4891 bona,
2442 4839 2541 4879 nec
2568 4825 2824 4896 sapientia
2849 4842 2864 4879 :
2892 4833 2949 4880 at
2975 4825 3090 4895 ipsa
3119 4826 3355 4891 castitas,
3379 4828 3678 4896 aeternitas,
3718 4829 3825 4899 pul-

2250 4915 2518 4985 chritudo,
2567 4916 2797 4982 bonitas,
2847 4916 3126 4986 sapientia,
3174 4918 3321 4972 nullo
3369 4918 3528 4974 modo
3569 4922 3826 4992 recipiunt

2250 5018 2343 5064 aut
2366 5010 2788 5079 corruptionem,
2812 5018 2920 5074 aut,
2956 5019 3014 5063 ut
3043 5009 3113 5063 ita
3140 5008 3336 5075 dicam,
3368 5011 3822 5080 temporalitatem,

2249 5109 2343 5155 aut
2372 5101 2772 5170 turpitudinem,
2800 5109 2891 5154 aut
2928 5101 3206 5157 malitiam.
3252 5101 3391 5171 Ergo
3417 5102 3575 5157 etiam
3604 5103 3695 5158 illa
3716 5119 3821 5173 qua:

2252 5192 2659 5263 participatione
2701 5191 2891 5246 similia
2942 5200 3102 5256 sunt,
3133 5192 3392 5257 recipiunt
3442 5191 3818 5250 dissimilitudi-

2254 5301 2377 5340 nem
2412 5303 2426 5339 :
2467 5294 2521 5339 at
2542 5286 2655 5354 ipsa
2680 5283 2971 5339 similitudo
3015 5284 3160 5338 nullo
3186 5284 3345 5339 modo
3381 5300 3447 5339 ex
3473 5284 3649 5354 aliqua
3688 5291 3825 5354 parte

2252 5383 2428 5445 potest
2453 5389 2572 5429 esse
2608 5373 2906 5429 dissimilis.
2933 5373 3087 5430 Unde
3110 5373 3169 5427 ﬁt
3194 5384 3252 5428 ut
3276 5389 3397 5429 cum
3421 5373 3708 5429 similitudo
3734 5374 3827 5428 Pa-

2253 5468 2350 5523 tris
2372 5468 2539 5523 Filius
2563 5466 2778 5535 dicitur,
2796 5468 2915 5538 quia
2937 5469 3054 5538 ejus
3076 5468 3480 5538 participatione
3499 5469 3692 5524 similia
3712 5475 3825 5524 sunt

2253 5575 2602 5632 quaecumque
2630 5568 2754 5615 sunt
2777 5561 2863 5615 vel
2884 5560 3022 5616 inter
3049 5573 3110 5615 se
3133 5559 3220 5616 vel
3246 5560 3360 5618 Deo
3382 5561 3574 5619 similia
3600 5560 3734 5634 (ipsa
3750 5566 3826 5616 est

2312 5738 2386 5800 (ᾳ)
2412 5743 2427 5786 ι
2451 5742 2656 5786 Retract.
2681 5748 2786 5798 cap.
2804 5734 2883 5800 28:

2314 5739 2365 5800 (α
2412 5742 2656 5786 tltetract.
2681 5748 2786 5798 cap.
2804 5739 2883 5786 26.

2314 5739 2389 5861 (bi
2424 5805 2439 5846 ι
2471 5805 2674 5849 netraet.
2712 5810 2816 5860 cap.
2854 5796 2933 5858 26,
2958 5802 3011 5849 et
3044 5796 3131 5849 lib.
3169 5799 3203 5850 6
3223 5831 3241 5861 .
3269 5797 3337 5857 de
3388 5799 3553 5853 'lﬁnit.
3578 5799 3746 5865 (δίψά.
