3942 6416
861 289 917 331 ν]
967 290 989 333 ξ⁷
1088 286 1166 333 ἱῖ¹

156 343 213 405 u
861 289 917 331 ’⁷
967 290 989 333 λθ
1088 286 1201 335 δ”
1285 285 1299 295 ’
1546 320 1714 387 ιιεει

1822 325 1984 385 lNUS.

159 464 290 519 enim
312 459 493 533 species
514 456 720 529 prima,
742 468 851 527 qua
878 460 1027 521 sunt,
1062 459 1118 508 ut
1141 450 1214 507 ita
1238 450 1433 519 dicam,
1462 449 1719 521 speciata,

165 566 216 613 et
242 553 382 611 lanna
424 565 537 623 qua,
568 548 807 605 formata
849 555 977 603 sunt
1000 544 1240 616 omnia);
1271 558 1334 599 es
1379 541 1522 598 nulla
1564 548 1717 613 parte

170 648 293 706 Patri
313 653 468 717 potest
504 658 631 698 esse
657 640 958 697 dissimilis.
997 637 1141 693 Idem
1171 636 1332 707 igitur
1360 632 1503 705 quod
1538 633 1715 699 Pater,

167 741 225 797 ita
242 750 285 794 ut
306 738 390 791 iste
413 734 581 790 Filius
609 733 704 799 sit,
728 732 819 788 ille
857 730 1037 792 Pater.
1064 727 1116 783 id
1141 736 1243 793 est,
1271 727 1374 781 iste
1401 723 1715 792 similitudo,

160 833 233 888 ille
268 832 401 899 cujus
439 826 741 883 similitudo
784 835 897 891 est;
941 824 1042 879 iste
1088 820 1407 886 substantia,
1448 819 1539 874 ille
1584 817 1717 873 sub-

157 924 362 987 stantia',
394 936 457 976 ex
484 936 597 990 quo
626 933 733 973 una
760 914 1079 972 substantia.
1110 912 1243 968 Nam
1266 912 1310 967 si
1342 927 1451 967 non
1480 925 1585 967 una
1606 916 1712 979 est,

156 1018 316 1086 recipit
364 1013 768 1070 similitudinem
825 1007 1156 1075 similitudo;
1202 1005 1343 1077 quod
1393 1003 1507 1061 ﬁeri
1553 1018 1715 1076 posse

160 1108 303 1163 omnis
326 1106 596 1161 verissima
629 1112 787 1175 negat
809 1102 968 1179 ratio.
1626 1138 1627 1141 η
1682 1166 1683 1171 η

194 1197 349 1253 XXIV.
384 1196 566 1252 Utrum
596 1205 858 1267 peccatum
884 1200 931 1246 et
954 1199 1103 1259 recte;
1126 1192 1316 1261 factum
1337 1189 1393 1243 in
1420 1188 1574 1243 libero
1614 1187 1681 1241 sit

650 1285 926 1340 voluntatis
956 1282 1188 1337 arbitrio.
1680 1268 1681 1271 “

212 1379 454 1450 Quidquid
480 1393 607 1434 casu
637 1376 715 1441 ﬁt,
754 1385 956 1430 temere
984 1373 1041 1427 ﬁt
1073 1391 1087 1427 :
1115 1371 1371 1444 quidquid
1400 1381 1599 1427 temere
1629 1370 1709 1437 ﬁt,

153 1490 242 1525 nou
268 1471 319 1524 ﬁt
336 1470 679 1541 providentia.
702 1467 757 1522 Si
768 1481 905 1535 ergo
922 1482 1048 1520 casu
1066 1465 1238 1534 aliqua
1266 1463 1398 1518 ﬁunt
1420 1463 1469 1517 in
1489 1462 1709 1527 mundo,

153 1582 245 1617 non
270 1562 587 1633 providentia
627 1560 912 1614 universus
941 1555 1170 1611 mundus
1199 1555 1622 1609 administratur.
1653 1552 1711 1608 Si

152 1672 243 1709 non
273 1655 596 1725 providentia
616 1654 898 1707 universus
924 1648 1155 1705 mundus
1182 1647 1607 1710 administratur,
1631 1652 1715 1699 est

151 1763 266 1817 ergo
290 1748 456 1817 aliqua
484 1757 660 1799 natura
684 1754 843 1813 atque
876 1741 1173 1797 substantia
1202 1755 1320 1810 quae
1340 1738 1405 1792 ad
1434 1753 1569 1807 opus
1588 1752 1715 1808 pro-

151 1838 382 1893 videntia:
425 1855 529 1891 non
560 1837 833 1907 pertineat.
882 1834 1055 1889 Omne
1097 1840 1276 1886 autem
1320 1830 1462 1900 quod
1492 1838 1609 1895 est,
1657 1828 1710 1884 in

153 1940 391 1998 quantum
422 1939 539 1994 est,
567 1930 753 1983 bonum
780 1936 883 1981 est.
923 1925 1144 1980 Summe
1172 1924 1313 1979 enim
1341 1931 1426 1978 est
1462 1921 1591 1977 illud
1618 1921 1713 1977 bo-

151 2037 297 2084 num,
322 2024 472 2090 cujus
496 2022 880 2090 participatione
904 2028 1028 2074 sunt
1058 2018 1196 2072 bona
1223 2026 1436 2073 extera.
1463 2015 1532 2069 Et
1550 2028 1709 2070 omne

162 2113 301 2182 quod
342 2114 586 2168 mutabile
605 2124 681 2168 est
700 2156 715 2178 ,
745 2128 844 2167 non
873 2128 963 2181 per
983 2125 1044 2166 se
1075 2110 1248 2181 ipsum
1272 2151 1287 2175 ,
1316 2108 1411 2164 sed
1451 2108 1577 2163 boni
1606 2107 1708 2162 im-

163 2204 422 2257 mutabilis
449 2204 849 2272 participatione,
885 2203 937 2257 in
965 2210 1221 2273 quantum
1246 2210 1347 2265 est,
1376 2200 1573 2256 bonum
1600 2208 1705 2256 est.

157 2291 320 2349 Porro
360 2295 486 2349 illud
512 2295 731 2361 bonum,
772 2294 924 2364 cujus
962 2294 1368 2365 participatione
1408 2302 1531 2349 sunt
1570 2292 1709 2348 bona

156 2396 333 2440 cetera
376 2402 707 2457 quaecumque
748 2396 873 2441 sunt
910 2388 966 2453 ³,
997 2401 1106 2440 non
1144 2400 1242 2455 per
1270 2383 1447 2451 aliud,
1479 2382 1574 2439 sed
1613 2368 1711 2454 per

158 2491 209 2531 se
231 2478 387 2546 ipsum
426 2477 613 2533 bonum
643 2488 760 2543 est,
790 2493 951 2549 quam
978 2477 1210 2533 divinam
1237 2476 1396 2532 etiam
1422 2475 1710 2547 providen-

162 2567 270 2620 tiam
314 2583 571 2623 vocamus.
602 2567 740 2622 Nihil
783 2568 945 2639 igitur
972 2582 1098 2622 casu
1142 2566 1201 2621 ﬁt
1244 2566 1297 2621 in
1327 2565 1547 2621 mundo.
1596 2565 1712 2622 Hoc

162 2656 435 2724 constituto,
462 2674 792 2730 consequens
821 2658 1036 2715 videtur
1058 2665 1120 2712 ut
1144 2656 1399 2728 quidquid
1430 2656 1484 2712 in
1511 2655 1712 2712 mundo

163 2750 350 2818 geritur,
392 2751 575 2821 partim
630 2751 886 2806 divinitus
916 2759 1148 2821 geratur,
1181 2750 1371 2820 partim
1402 2758 1585 2805 nostra
1612 2763 1710 2804 vo-

167 2837 351 2896 luntate.
381 2841 511 2897 Deus
537 2843 686 2898 enim
730 2843 923 2913 quovis
965 2841 1179 2897 homine
1207 2842 1409 2912 optimo
1450 2850 1505 2896 et
1526 2840 1714 2911 justis-

173 2932 279 2986 simo
314 2934 453 3003 longe
478 2944 641 3005 atque
690 2932 1199 3003 imcomparabiliter
1226 2932 1415 2987 melior
1442 2940 1497 2986 et
1518 2931 1713 3000 justior

179 3032 255 3076 est
276 3022 436 3079 Justus
452 3036 629 3080 autem
662 3039 860 3094 regens
882 3035 936 3079 et
962 3024 1266 3094 gubernans
1295 3023 1562 3089 universa,
1591 3020 1713 3077 nul-

176 3112 256 3166 lam
288 3129 471 3183 penam
511 3116 774 3185 cuiquam
819 3115 943 3169 sinit
978 3114 1245 3169 immerito
1284 3112 1479 3184 inﬁigi,
1504 3112 1711 3167 nullum

170 3204 399 3272 praemium
426 3205 698 3262 immerito
727 3203 863 3259 dari.
891 3203 1131 3259 Meritum
1160 3212 1335 3258 autem
1358 3216 1551 3272 ptume,
1585 3216 1711 3273 pec-

169 3305 340 3360 catum;
380 3305 429 3351 et
463 3298 717 3353 meritum
764 3295 1003 3366 prazmii,
1050 3304 1197 3349 recte
1241 3292 1439 3349 factum
1470 3301 1572 3348 est.
1602 3291 1713 3347 Nec

168 3396 399 3455 peccatum
442 3400 665 3455 autem,
722 3402 823 3443 nec
868 3394 1020 3442 recte
1061 3384 1259 3441 factum
1306 3383 1558 3455 imputari
1601 3383 1713 3438 cui-

164 3495 295 3549 quam
329 3482 456 3551 juste
498 3490 719 3554 potest,
767 3481 857 3551 qui
888 3479 1018 3535 nihil
1062 3478 1248 3534 fecerit
1275 3478 1486 3549 propria
1521 3477 1711 3532 volun-

164 3583 271 3629 tate.
296 3575 376 3630 Est
397 3577 547 3647 igitur
578 3585 644 3632 et
686 3583 961 3646 peccatum
987 3581 1044 3628 et
1069 3579 1215 3630 recte
1239 3570 1435 3628 factum
1463 3570 1516 3626 in
1546 3569 1713 3625 libero

166 3666 408 3722 voluntatis
438 3667 687 3723 arbitrio.

553 3758 739 3816 XXV.
776 3758 856 3814 De
881 3774 1028 3812 cruce
1054 3756 1261 3811 Christi.

222 3850 458 3920 Sapientia
478 3853 574 3907 Dei
610 3850 880 3905 hominem
904 3848 971 3903 ad
997 3846 1319 3916 exemplum,
1342 3859 1447 3916 quo
1472 3852 1618 3899 recte
1637 3844 1717 3898 vi-

164 3954 400 4011 veremus,
426 3942 690 4012 suscepit.
721 3941 955 3996 Pertinet
981 3946 1159 3993 autem
1183 3936 1249 3991 ad
1281 3936 1445 3991 vitam
1474 3942 1673 3991 rectam
1694 3975 1714 4003 ,

164 4049 215 4087 ea
234 4050 332 4105 qua
355 4050 453 4091 non
479 4044 617 4091 sunt
638 4031 923 4089 metuenda
949 4048 1057 4088 non
1087 4039 1346 4086 metuere.
1374 4028 1515 4084 Mors
1539 4036 1716 4083 autem

167 4128 411 4182 metuenda
442 4144 548 4183 non
580 4136 687 4181 est.
730 4124 975 4195 Oportuit
1011 4137 1140 4193 ergo
1168 4120 1396 4191 idipsum
1431 4119 1573 4174 illius
1615 4118 1717 4172 ho-

170 4218 297 4273 minis
320 4236 463 4289 quem
490 4219 595 4275 Dei
624 4216 892 4286 Sapientia
920 4213 1174 4284 suscepit,
1206 4221 1378 4266 morte
1406 4209 1716 4265 monstrari.

170 4309 287 4364 Sunt
306 4322 461 4367 autem
490 4310 753 4367 homines
779 4309 867 4378 qui
897 4306 1139 4378 quamvis
1162 4314 1389 4360 mortem
1420 4304 1587 4374 ipsam
1611 4316 1718 4357 non

171 4402 389 4470 timeant,
422 4419 603 4476 genus
640 4410 820 4457 tamen
858 4398 1073 4471 aliquod
1114 4399 1281 4469 ipsius
1319 4396 1509 4452 mortis
1537 4395 1721 4450 horre-

166 4505 312 4550 scunt.
344 4498 708 4554 Nihilominus
737 4503 910 4550 autem
934 4536 949 4559 ,
994 4503 1052 4548 ut
1089 4493 1202 4564 ipsa
1247 4507 1394 4547 mors
1435 4487 1719 4545 metuenda

165 4599 362 4655 nonest,
388 4591 456 4645 ita
483 4590 699 4646 nullum
722 4602 888 4657 genus
910 4586 1098 4641 mortis
1119 4585 1256 4640 bene
1282 4592 1336 4640 et
1355 4591 1501 4638 recte
1523 4580 1722 4637 viventi

167 4678 334 4734 homini
364 4668 716 4736 metuendum
746 4687 847 4733 est.
875 4677 1228 4732 Nihilominus
1268 4676 1425 4745 igitur
1459 4675 1559 4729 hoc
1586 4688 1720 4745 quo-

166 4782 251 4836 que
269 4770 397 4824 illius
422 4770 665 4825 hominis
684 4783 842 4822 cruce
862 4766 1253 4822 ostendendum
1280 4764 1394 4819 fuit.
1420 4764 1557 4819 Nihil
1579 4765 1721 4819 enim

168 4868 261 4911 erat
280 4860 410 4915 inter
439 4860 626 4915 omnia
658 4873 852 4928 genera
875 4858 1060 4913 mortis
1087 4857 1181 4912 illo
1201 4871 1396 4928 genere
1423 4851 1726 4911 exsecrabi-

166 4948 249 5004 lius
272 4961 320 5007 et
346 4942 772 5006 formidolosius.
1438 4938 1439 4941 ‘

427 5040 627 5098 XXVI.
668 5040 742 5095 De
779 5039 1062 5107 differentia
1088 5049 1426 5112 peccatorum.

228 5134 327 5190 Alia
351 5146 475 5191 sunt.
505 5144 723 5202 peccata
753 5133 1105 5200 inﬁrmitatis,
1135 5134 1236 5188 alia
1263 5131 1542 5202 imperitiae
1565 5172 1581 5199 ,
1621 5130 1728 5193 alia

173 5225 377 5281 malitia.
427 5226 717 5282 lnﬁrmitas
761 5224 1026 5280 cotitraria
1071 5233 1153 5279 est
1198 5224 1419 5290 virtuti,
1462 5221 1749 5292 imperitia.

116 5320 121 5325 ’
178 5321 407 5376 contraria
432 5330 520 5376 est
546 5319 841 5391 sapientiae,
872 5318 1070 5374 malitia
1094 5319 1358 5374 contraria
1381 5326 1463 5372 est
1484 5316 1725 5372 bonitati.

186 5406 395 5481 Quisquis
424 5414 587 5483 igitur
616 5412 765 5466 novit
792 5410 915 5481 quid
948 5411 1017 5465 sit
1044 5410 1211 5463 virtus
1238 5418 1292 5463 et
1312 5408 1566 5478 sapientia
1596 5407 1725 5473 Dei,

126 5488 139 5561 ί
192 5511 328 5566 Potest
349 5506 656 5560 existimare
684 5519 803 5575 qua:
832 5505 940 5558 sint
968 5513 1181 5574 peccata
1211 5501 1457 5557 venialia.
1485 5501 1553 5555 Et
1578 5500 1727 5571 quis.

126 5580 141 5633 θ
235 5615 248 5643 ι
278 5617 433 5667 ιειιιίεε
452 5619 637 5677 verba,
656 5617 748 5668 iste
774 5615 1073 5677 substantia,
1090 5614 1173 5666 ille
1204 5612 1483 5673 substantia,
1508 5614 1683 5662 absunt
1701 5623 1731 5663 s

602 5749 731 5803 Mss.,
749 5746 1176 5805 quaruumctmque
1215 5742 1342 5793 sunt.
1383 5736 1467 5790 alii
1489 5743 1728 5804 quatuor,

187 5808 675 5867 minitantem.

1800 1176 1803 1177 ν
1820 1096 2119 1152 nitentiam.

1830 448 1950 519 quis
1976 447 2123 503 novit
2144 447 2272 519 quid
2298 447 2368 504 sit
2395 445 2604 506 bonitas
2629 447 2747 519 Dei,
2772 458 2949 523 potest
2966 452 3269 509 existimare
3294 442 3411 525 qui-

1826 539 1925 596 bus
1950 542 2183 612 peccatis
2209 550 2353 597 certa
2381 556 2541 613 poena
2581 542 2840 599 debeatur
2875 553 2931 601 et
2958 545 3045 601 hic
3069 554 3124 601 et
3147 545 3201 601 in
3231 544 3410 602 futuro

1827 634 2042 690 saeculo.
2082 634 2287 703 Quibus
2321 634 2458 691 bene
2494 620 2728 690 tractatis
2752 677 2768 701 ,
2801 636 3144 706 probabiliter
3180 622 3409 709 judicari

1825 736 2025 796 potest,
2066 727 2155 797 qui
2185 742 2289 782 non
2320 728 2425 782 sint
2450 726 2671 799 cogendi
2696 727 2761 783 ad
2791 728 3156 797 paenitentiam
3196 730 3429 795 luctuo-V

1827 833 1940 875 sam
1964 828 2020 875 et
2045 820 2469 888 lamentabilem,
2509 823 2751 892 quamvis
2776 829 2993 891 peccata
3023 822 3322 888 fateantur;
3353 804 3433 878 et.

1822 910 2015 980 quibus
2041 911 2180 966 nulla
2211 912 2430 966 omnino
2455 912 2719 982 speranda
2760 912 2830 967 sit
2853 912 2998 968 salus
3021 954 3037 979 ,
3067 912 3168 967 nisi
3196 912 3407 968 sacriﬁ-

1821 1003 1961 1059 cium
1995 1003 2283 1061 obtulerint
2308 1005 2419 1061 Deo
2451 1005 2695 1077 spiritum
2720 1006 3130 1062 contribulatum
3156 1022 3252 1077 per
3290 1022 3406 1077 pm-

2266 1187 2479 1245 xxvn.
2510 1188 2588 1245 De
2617 1190 2948 1261 providentia.
3427 1140 3443 1237 ἶ

1893 1279 2037 1336 Fieri
2063 1289 2237 1350 potest
2265 1291 2325 1336 ut
2353 1299 2447 1352 per
2471 1282 2672 1337 malum
2711 1283 2984 1339 hominem
3011 1283 3187 1339 divina
3227 1285 3407 1354 provio

1817 1373 1996 1428 dentia
2027 1382 2081 1428 et
2110 1374 2294 1443 puniat
2317 1383 2372 1429 et
2391 1374 2701 1444 Opituletur.
2727 1374 2861 1430 Nam
2884 1374 3189 1431 Iudaeorum
3214 1375 3404 1447 impie-

1819 1475 1900 1519 tas
1925 1473 1979 1519 et
2003 1464 2217 1520 Iudaeos
2243 1467 2600 1536 supplantavit
2629 1468 2645 1499 ¹
2669 1508 2684 1533 ,
2715 1476 2771 1523 ει
2796 1467 3054 1524 Gentibus
3085 1469 3242 1525 saluti
3281 1469 3401 1527 fuit.

1817 1554 1947 1610 Item
1976 1555 2088 1610 ﬁeri
2134 1565 2309 1625 potest
2337 1565 2396 1611 ut
2437 1558 2614 1613 divina
2641 1558 2969 1630 providentia
2999 1576 3095 1631 per
3130 1560 3404 1618 hominem

1798 1642 2015 1719 bonum
2059 1656 2114 1704 et
2141 1648 2358 1705 damnet
2397 1658 2452 1706 et
2494 1651 2739 1722 adjuvet,
2781 1651 2918 1708 sicut
2958 1652 3034 1707 ait
3069 1654 3400 1723 Apostolus:

1798 1740 1946 1805 Aliis
1971 1757 2143 1795 sumus
2172 1741 2300 1796 odor
2323 1743 2439 1797 vita:
2460 1743 2514 1796 in
2539 1744 2713 1809 vitam,
2742 1744 2859 1799 aliis
2887 1754 3053 1798 autem
3077 1744 3203 1798 odor
3228 1742 3403 1799 mortis

1814 1830 1868 1884 in
1895 1838 2103 1885 mortem
2128 1831 2199 1902 (ll
2224 1831 2342 1887 Cor.
2374 1849 2444 1902 ιι,
2482 1834 2595 1906 16).
2623 1832 2728 1891 Sed
2758 1849 2880 1891 cum
2924 1835 3099 1890 omnis
3126 1833 3400 1891 tribulatio

1814 1933 1903 1977 aut
1942 1939 2100 1995 paena
2146 1926 2428 1996 impiorum
2468 1928 2570 1995 sit,
2617 1938 2709 1983 aut
2748 1928 3058 1985 exercitatio
3090 1929 3396 1999 justorum;

1814 2014 1935 2083 quia
1963 2015 2149 2071 eadem
2177 2018 2367 2073 tribula
2418 2029 2472 2074 et
2518 2019 2697 2089 paleas
2732 2020 3003 2089 concidit,
3043 2029 3096 2076 et
3134 2019 3401 2076 frumenta

1814 2106 1981 2175 paleis
2021 2108 2207 2174 exuit,
2250 2108 2391 2164 unde
2434 2110 2708 2165 tribulatio
2749 2127 2944 2167 nomen
2992 2113 3231 2182 accepit;
3276 2127 3401 2167 rur-

1815 2210 1928 2261 sus,
1960 2211 2080 2250 cum
2103 2211 2201 2266 pax
2230 2208 2284 2252 et
2311 2198 2462 2267 quies
2488 2214 2517 2252 a
2545 2200 2803 2255 molestiis
2830 2201 3132 2270 temporali'.
3150 2202 3209 2257 ds
3229 2209 3283 2257 et.
3305 2201 3404 2256 bo-

1799 2276 1913 2342 ~nos
1941 2286 2193 2355 lucretur,
2222 2297 2276 2343 et
2302 2299 2608 2359 corrumpat
2633 2290 2800 2345 malos
2831 2306 2845 2344 :
2876 2293 3067 2363 omniat
3083 2292 3197 2347 haec
3221 2292 3401 2348 divina

1813 2378 2144 2450 providentia
2174 2395 2272 2450 pro
2291 2381 2492 2436 meritis
2522 2380 2826 2437 moderatur
2850 2372 3171 2437 animarum.
3195 2382 3299 2439 Sed
3320 2391 3397 2439 ta-

1813 2486 1939 2527 men
1969 2488 2075 2527 non
2114 2472 2217 2528 sibi
2245 2472 2448 2543 eligunt
2475 2472 2601 2529 boni
2630 2465 2984 2530 ministerium
3014 2474 3398 2544 tribulationis,

1814 2576 1914 2619 nec
1943 2564 2068 2619 mali
2095 2575 2275 2620 amant
2298 2579 2503 2635 pacem.
2544 2564 2720 2633 Quare
2745 2564 2847 2637 ipsi
2876 2581 3088 2637 quoque
3106 2608 3120 2631 ,
3150 2582 3243 2637 per
3264 2582 3402 2638 quos

1814 2656 1868 2712 id
1890 2658 2065 2729 agitur
2087 2657 2229 2728 quod
2258 2658 2523 2729 ignorant,
2556 2674 2663 2715 non
2685 2659 2906 2730 justitiae
2932 2676 3051 2731 qua:
3077 2660 3305 2716 refertur
3332 2659 3401 2717 ad

1812 2746 2017 2811 Deum,
2045 2747 2139 2804 sed
2178 2749 2565 2805 malevolentiae
2606 2765 2718 2805 sua:
2762 2751 3066 2807 mercedem
3108 2751 3398 2822 accipiunt.

1813 2836 2283 2907 Quemadmodum
2296 2855 2397 2897 nec
2421 2841 2574 2898 bonis
2603 2841 3068 2913 imputatur,un
3096 2843 3224 2913 ipsis
3237 2841 3401 2913 prod-

1812 2946 1933 2987 esse
1986 2932 2288 2989 volentibus
2324 2943 2546 2990 nocetur
2571 2935 2726 2990 alicui
2750 2977 2766 3002 ,
2808 2934 2902 2991 sed
2930 2935 3071 2990 bono
3097 2936 3278 2991 animo
3303 2936 3400 2992 be-

1813 3023 2131 3079 nevolentia:
2154 3025 2430 3095 praemium
2454 3025 2735 3081 tribuitur:
2761 3026 2830 3081 ita
2852 3026 3012 3082 etiam
3034 3036 3226 3081 caetera
3250 3041 3402 3081 crea-

1816 3123 1932 3170 tura
1974 3132 2071 3187 pro
2110 3117 2315 3172 meritis
2342 3118 2637 3173 animarum
2680 3118 3016 3174 rationalium
3055 3119 3143 3174 vel
3175 3118 3402 3177 sentitur

1811 3207 1900 3261 vel
1926 3207 2073 3271 latet,
2104 3208 2189 3263 vel
2215 3208 2437 3263 molesta
2467 3208 2551 3263 vel
2576 3209 2854 3265 commoda
2885 3219 2989 3265 est.
3014 3211 3234 3267 Summo
3255 3208 3401 3264 enim

1816 3301 1926 3355 Deo
1950 3308 2139 3355 cuncta
2168 3302 2306 3356 bene
2330 3301 2737 3358 administrante
2765 3318 2884 3372 quae
2910 3301 3057 3369 fecit,
3095 3301 3229 3358 nihil
3251 3302 3402 3358 inor-

1815 3391 2050 3448 dinatum
2098 3391 2152 3447 in
2198 3393 2487 3458 universo,
2534 3393 2770 3464 nihilque
2819 3394 3074 3464 injustam
3116 3404 3236 3461 est,
3284 3395 3402 3452 sive

1815 3484 2104 3539 scientibus
2148 3482 2260 3539 sive
2300 3483 2660 3539 nescientibus
2697 3485 2869 3540 nobis.
2902 3486 3006 3541 Sed
3050 3488 3103 3540 in
3144 3495 3291 3556 parte
3318 3485 3402 3541 of-

1815 3573 2051 3630 fenditur
2078 3575 2251 3629 anima
2282 3574 2549 3644 peccatrix
2576 3590 2590 3627 :
2622 3582 2800 3628 tamen
2826 3575 2948 3645 quia
2979 3588 3076 3645 pro
3100 3575 3303 3631 meritis
3326 3576 3403 3632 ibi

1815 3675 1917 3733 est,
1959 3666 2049 3721 ubi
2081 3665 2240 3721 talem
2268 3679 2389 3721 esse
2424 3664 2616 3733 decet,
2660 3675 2715 3720 et
2750 3680 2813 3720 ea
2841 3665 3037 3735 patitur
3080 3681 3200 3735 quae
3239 3665 3403 3723 talem

1816 3759 1925 3828 pati
1953 3773 2161 3828 aequum
2188 3766 2291 3825 est,
2326 3756 2627 3812 universum
2654 3772 2875 3826 regnum
2898 3756 2990 3811 Dei
3018 3757 3159 3811 nulla
3180 3772 3275 3811 sua
3301 3757 3401 3814 lin-

1817 3847 2291 3905 ditate‘deformat.
2337 3848 2733 3917 Quamobrem,
2778 3848 3028 3917 quoniam
3073 3862 3180 3902 non
3219 3848 3401 3903 omnia

1819 3943 2064 3997 novimus
2088 3958 2207 4013 qua:
2230 3941 2298 3997 de
2323 3942 2476 3997 nobis
2502 3941 2637 3996 bene
2665 3942 2771 4010 agit
2790 3941 2921 3996 ordo
2948 3941 3176 4008 divinus,
3206 3941 3260 3996 in
3284 3941 3402 3995 sola

1818 4035 1957 4091 bona
1981 4035 2254 4090 voluntate
2293 4034 2583 4090 secundum
2614 4035 2783 4103 legem
2818 4036 3052 4105 agimus;
3095 4036 3146 4088 in
3185 4036 3399 4091 caeteris

1819 4136 1993 4181 autem
2021 4126 2308 4181 secundum
2338 4126 2507 4196 legem
2535 4127 2760 4195 agimur,
2786 4142 2909 4180 cum
2935 4127 3019 4181 lex
3050 4127 3163 4197 ipsa
3191 4126 3400 4182 incom-

1820 4218 2088 4272 mutabilis
2110 4226 2338 4281 maneat,
2361 4227 2416 4272 et
2442 4217 2618 4271 omnia
2636 4216 2905 4270 mutabilia
2924 4215 3277 4285 pulcherrima
3302 4232 3402 4288 gu-

1821 4310 2131 4364 bernatione
2156 4308 2477 4363 moderetur.
2510 4306 2685 4362 Gloria
2716 4308 2871 4377 igitur
2899 4309 2953 4362 in
2982 4308 3241 4363 altissimis
3268 4308 3400 4377 Deo,

1821 4412 1870 4455 et
1896 4402 1949 4455 in
1972 4410 2105 4454 terra
2130 4418 2231 4469 pax
2256 4401 2537 4454 hominibus
2560 4402 2704 4454 bona:
2730 4402 2999 4455 voluntatis
3024 4400 3172 4473 (Luc.
3194 4418 3254 4470 tt,
3281 4404 3401 4473 M).

1955 4490 2188 4547 XXVIII.
2223 4491 2391 4557 Quare
2418 4490 2552 4544 Deus
2582 4491 2827 4543 mundum
2854 4491 3020 4559 facere
3047 4490 3277 4546 voluerit.

1895 4582 1993 4649 Qui
2037 4582 2225 4652 quaerit
2262 4596 2425 4652 quare
2466 4580 2697 4636 voluerit
2732 4581 2869 4636 Deus
2897 4580 3152 4636 mundum
3187 4581 3403 4652 facere,

1824 4691 2041 4744 causam
2067 4674 2256 4745 quaerit
2282 4674 2569 4728 voluntatis
2598 4673 2711 4728 Dei.
2752 4672 2858 4729 Sed
2896 4673 3069 4728 omnis
3097 4688 3255 4729 causa
3284 4674 3403 4730 efﬁo
3442 4742 3449 4750 _

1827 4768 1974 4822 ciens
2000 4776 2099 4821 est.
2145 4767 2315 4821 Omne
2342 4777 2518 4819 autem
2548 4763 2787 4820 efﬁciens
2824 4764 2993 4834 majus
3040 4774 3120 4819 est
3148 4780 3305 4834 quam
3350 4765 3405 4821 id

1827 4858 1967 4927 quod
1999 4858 2245 4912 efﬁcitur.
2286 4856 2425 4911 Nihil
2457 4865 2631 4911 autem
2671 4856 2841 4925 majus
2878 4864 2961 4910 est
2987 4857 3258 4912 voluntate
3286 4856 3402 4911 Dei.
3432 4843 3443 4858 ’

1828 4947 1943 5004 Non
1970 4964 2096 5019 ergo
2124 4947 2237 5016 ejus
2263 4962 2418 5002 causa
2448 4946 2730 5017 qumrenda
2757 4955 2857 5001 est.

1902 5038 2094 5095 XXIX.
2132 5037 2314 5094 Utrum
2343 5037 2533 5107 aliquid
2563 5037 2625 5091 sit
2660 5053 2860 5091 sursum
2887 5047 2973 5089 aut
3009 5036 3242 5091 deorsum
3283 5037 3337 5091 in

2493 5129 2742 5183 universo.

1906 5224 2032 5289 ρυω
2053 5239 2251 5277 sursum
2276 5229 2390 5275 sunt
2410 5220 2568 5291 sapite
2593 5219 2810 5291 (Coloss.
2835 5234 2910 5285 nt,
2937 5217 3015 5289 ἓ).
3046 5219 3119 5272 Ea
3146 5234 3263 5288 qua:
3290 5233 3411 5273 sur-

1832 5332 1950 5374 sum
1979 5324 2103 5371 sunt
2128 5330 2315 5386 sapere
2350 5313 2636 5383 iubemur,
2678 5311 2969 5379 spiritualia
3007 5310 3247 5374 scilicet,
3291 5326 3413 5380 qua:

1834 5426 1939 5466 non
1971 5409 2101 5464 locis
2129 5416 2183 5462 et
2210 5404 2448 5476 partibus
2477 5402 2635 5473 hujus
2657 5401 2838 5456 mundi
2865 5416 3073 5456 sursum
3102 5416 3222 5457 esse
3252 5401 3415 5455 intel-

1834 5501 2041 5573 ligenda
2066 5507 2218 5564 sunt,
2248 5497 2341 5553 sed
2369 5497 2557 5551 merito
2581 5493 2910 5551 excellentia:
2936 5508 3085 5559 suae;
3119 5508 3185 5547 ne
3214 5492 3265 5545 in
3295 5490 3413 5558 ejus

1835 5593 2017 5650 mundi
2047 5581 2195 5662 parte
2234 5590 2458 5662 ﬁgamus
2482 5588 2715 5643 animum
2745 5594 3004 5651 nostrum,
3031 5598 3136 5654 quo
3166 5581 3413 5637 universo

1826 5710 1827 5719 γ
1901 5716 2121 5857 ἔξει-,ξι
2139 5727 2361 5781 undecim
2376 5732 2507 5787 Mss,
2530 5723 2709 5773 Juinm
2728 5710 3069 5781 supplantavit.
3097 5712 3242 5764 —-sic
3265 5713 3414 5801 etiam

1836 5801 1900 5846 LI)
1969 5827 1986 5843 .
2092 5824 2107 5840 .
3076 5802 3079 5805 ι

1836 5801 1986 5846 ιυαα.
2047 5801 2107 5841 I.
3076 5802 3079 5805 ν
