3942 6416
553 277 625 348 ιο
1256 261 1348 321 DE
1388 255 1694 318 mvensrs
1729 245 2248 332 QUESTIQNWUS
2285 250 2566 328 LXXXIII,
2607 257 2665 314 s.
2705 258 3070 320 AUGUSTINI

552 407 653 450 nos
677 390 934 460 debemus
962 400 1178 458 enitere.
1221 383 1440 448 Sursum
1481 389 1654 433 autem
1685 392 1746 431 ac
1786 374 2051 433 deorsum
2078 369 2130 422 in

553 485 710 554 huius
737 481 916 546 mundi
943 479 1180 552 partibus
1206 484 1306 531 est.
1334 475 1462 530 Nam
1490 473 1763 542 universus
1785 486 1880 524 nec
1902 471 2013 542 ipse
2034 467 2130 526 ba-

551 582 640 636 bet
693 594 902 642 sursum
948 557 1052 638 lant
1114 573 1384 629 deorsum.
1449 572 1748 639 Corporeus
1800 573 1883 632 est
1942 564 2124 628 enim;

550 675 668 744 quia
702 687 859 728 omne.
903 667 1112 730 visibile
1155 679 1467 736 corporeum
1515 671 1614 717 est.
1669 659 1808 714 Nihil
1854 667 2030 713 autem
2073 655 2127 710 in

551 768 801 822 universo
849 776 1074 832 corpore
1125 774 1333 828 sursum
1384 765 1474 811 aut
1527 754 1776 810 deorsum
1836 761 1935 827 est.
1992 749 2127 804 Cum

549 859 688 914 enim
713 859 764 914 in
786 872 881 914 sex
909 862 1087 926 partes
1116 862 1290 916 motus
1318 851 1430 914 fieri
1452 849 1710 911 videatur,
1736 845 1822 915 qui
1848 853 2021 925 rectus
2045 842 2128 896 di-

548 951 708 1014 citur,
743 948 793 1001 id
823 955 904 1006 est
924 989 938 1011 ,
970 944 1058 1016 qui
1087 943 1360 1002 circularis
1387 955 1489 994 non
1522 949 1602 1002 est
1625 982 1640 1005 ,
1682 938 1734 992 in
1761 938 2031 1012 anteriora
2071 943 2126 1016 et.

549 1041 866 1111 posteriora,
896 1039 946 1092 in
971 1037 1268 1092 dexteriora
1297 1041 1349 1088 et
1377 1031 1703 1086 sinisteriora
1729 1073 1742 1094 ,
1772 1029 1822 1082 in
1851 1028 2127 1104 superiora

548 1143 600 1186 ct
631 1129 910 1192 inferiora;
947 1127 1088 1190 utilia
1114 1126 1330 1179 omnino
1358 1123 1491 1186 ratio
1513 1132 1594 1186 est
1613 1136 1709 1176 cur
1735 1119 1983 1173 universo
2009 1133 2130 1171 cor-

549 1223 663 1294 pori
692 1230 815 1274 ante
840 1235 902 1274 ac
924 1227 1041 1288 post
1070 1216 1201 1271 nihil
1228 1217 1314 1280 sit,
1345 1223 1397 1272 et
1424 1211 1639 1267 dextera
1669 1227 1730 1265 ac
1753 1211 1902 1274 laeva,
1935 1209 2004 1264 sit
2034 1224 2127 1261 au-

549 1325 653 1370 tem
679 1328 890 1368 sursum
920 1327 981 1365 ac
1007 1310 1278 1366 deorsum.
1320 1305 1423 1361 Sed
1448 1320 1510 1358 eo
1545 1302 1944 1356 considerantes
1984 1297 2127 1351 deci-

547 1407 762 1478 piuntur
787 1446 802 1470 ,
834 1401 975 1473 quod
1003 1400 1244 1456 sensibus
1270 1407 1322 1454 et
1350 1393 1716 1450 consuetudini
1745 1391 1958 1446 difficile
1985 1387 2128 1442 obsi-

547 1499 723 1554 stitur.
766 1496 878 1554 Non
905 1494 1046 1548 enim
1074 1502 1180 1546 tam
1222 1489 1387 1544 facilis
1412 1497 1490 1544 est
1519 1486 1672 1540 nobis
1701 1482 1979 1538 conversio
2007 1495 2128 1533 cor-

545 1593 692 1663 poris
711 1634 724 1655 ,
756 1606 871 1658 qum
900 1587 985 1651 fit,
1030 1587 1072 1640 si
1104 1585 1222 1658 quis
1251 1583 1421 1654 capite
1449 1578 1698 1634 deorsum
1734 1573 1932 1629 moveri
1961 1573 2119 1637 velit,

544 1700 702 1756 quam
745 1681 910 1738 facilis
936 1688 1017 1736 est
1043 1695 1072 1733 a
1101 1678 1285 1732 dextra
1315 1676 1365 1729 in
1396 1673 1580 1729 larvam
1607 1714 1620 1737 ,
1653 1669 1734 1723 vel
1763 1670 1829 1722 ab
1857 1667 2125 1722 anteriore

543 1777 597 1834 in
641 1776 981 1846 posteriorem
1030 1781 1250 1841 partem.
1296 1767 1650 1834 Quamobrem
1689 1763 1907 1818 remotis
1951 1759 2125 1813 verbis

545 1884 725 1922 secum
758 1867 857 1937 ipsi
880 1866 1056 1920 animo
1077 1861 1424 1933 satagendum
1450 1869 1552 1926 est,
1585 1868 1639 1912 ut
1665 1859 1766 1911 hoc
1793 1871 2014 1911 cernere
2044 1869 2126 1908 va-

541 1959 668 2016 leat.

543 2047 716 2106 XXX.
764 2047 943 2102 Utrum
971 2046 1139 2099 omnia
1167 2045 1222 2098 in
1259 2043 1521 2097 utilitatem
1552 2039 1768 2096 hominis
1805 2047 1972 2092 creata
1998 2038 2118 2092 sint.

615 2143 686 2199 Ut
734 2142 872 2200 inter
906 2141 1183 2195 honestum
1221 2147 1274 2192 et
1312 2135 1438 2189 utile
1483 2136 1736 2198 interest,
1780 2133 1846 2184 ita
1885 2141 1940 2184 et
1986 2131 2124 2184 inter

540 2213 834 2294 fruendutii
851 2242 906 2287 et
936 2231 1206 2285 utendum.
1241 2229 1547 2294 Quanquam
1589 2223 1730 2278 enim
1771 2237 1929 2276 omne
1957 2221 2123 2274 bone-

539 2336 679 2390 stum
708 2325 866 2390 utile,
896 2333 948 2375 et
986 2335 1144 2374 omne
1175 2317 1301 2372 utile
1343 2317 1619 2370 honestum
1649 2330 1769 2370 esse
1793 2356 1808 2378 ,
1855 2313 2122 2367 subtiliter

539 2417 750 2474 defendi
783 2421 944 2486 queat
974 2431 988 2466 :
1021 2422 1196 2466 tamen
1229 2409 1349 2478 quia
1380 2409 1545 2474 magis
1585 2406 1797 2478 pmprie
1823 2417 1982 2476 atque
2009 2406 2120 2459 usi-

543 2521 701 2568 tatius
729 2509 1009 2562 honestum
1036 2505 1227 2558 dicitur
1261 2501 1400 2571 quod
1431 2511 1645 2572 propter
1669 2516 1726 2554 se
1755 2501 1925 2569 ipsum
1955 2515 2120 2572 expe-

541 2602 759 2660 tendum
789 2607 871 2654 est
892 2639 909 2666 ,
949 2597 1077 2652 utile
1103 2605 1276 2649 autem
1305 2593 1442 2664 quod
1471 2594 1534 2646 ad
1566 2592 1704 2670 aliud
1734 2591 1932 2659 aliquid
1976 2589 2118 2645 refe-

538 2694 761 2750 rendum
792 2700 906 2746 est:
933 2688 1223 2743 secundmn
1259 2688 1392 2740 banc
1411 2685 1760 2740 differentiam
1785 2700 1926 2739 nunc
1951 2681 2121 2755 loqui-

538 2801 686 2846 mur.
724 2781 850 2836 illud
881 2796 1010 2835 sane
1039 2778 1401 2836 custodientes
1426 2819 1439 2841 ,
1485 2785 1540 2831 ut
1580 2777 1858 2830 honestum
1896 2785 1947 2828 et
1991 2775 2119 2830 utile

537 2875 685 2930 nullo
713 2873 871 2927 modo
899 2872 1110 2927 sibimet
1133 2870 1497 2925 adversentur.
1529 2868 1809 2922 Adversari
1838 2867 1978 2922 enim
2004 2865 2122 2923 lucc

535 2967 634 3020 sibi
681 2965 963 3036 aliquando
1001 2964 1247 3032 imperite
1293 2977 1354 3016 ac
1397 2961 1682 3034 vulgariter
1722 2961 2114 3016 existimantur.

535 3058 662 3116 Frui
691 3074 816 3128 ergo
845 3057 1070 3120 dicimur
1098 3072 1158 3110 ea
1189 3071 1248 3112 re
1277 3055 1344 3110 de
1370 3070 1472 3125 qua
1499 3054 1739 3122 capimus
1766 3054 2110 3126 voluptatem.

535 3145 743 3205 Utimur
772 3163 832 3202 ea
859 3163 1014 3217 quam
1043 3146 1320 3206 referimus
1366 3145 1432 3200 ad
1473 3145 1524 3202 id
1566 3145 1710 3202 unde
1739 3146 1984 3216 voluptas
2023 3163 2111 3204 ca-

531 3240 723 3315 pienda
752 3250 853 3295 est.
881 3241 1065 3296 Omnis
1093 3241 1269 3312 itaque
1293 3239 1521 3298 humana
1549 3239 1818 3311 perversio
1839 3247 1941 3305 est,
1973 3238 2112 3311 quod

531 3335 691 3404 etiam
718 3333 902 3388 vitium
929 3343 1165 3402 vocatur,
1199 3331 1438 3388 fruendis
1465 3332 1536 3386 uti
1561 3321 1702 3386 velle
1725 3373 1740 3397 ,
1772 3341 1930 3402 atque
1955 3342 2114 3388 uten~

531 3427 614 3484 dis
641 3427 763 3484 frui.
797 3428 864 3483 Et
889 3443 1077 3490 rursus
1101 3428 1271 3483 omnis
1301 3428 1583 3494 ordinatio,
1615 3445 1733 3498 qua:
1760 3429 1926 3482 virtus
1951 3429 2111 3482 etiam

523 3518 833 3578 nominatur
853 3560 868 3584 ,
912 3517 1148 3580 fruendis
1176 3517 1312 3584 frui,
1353 3528 1408 3573 et
1435 3518 1646 3578 utendis
1680 3519 1776 3572 uti.
1803 3519 2110 3576 Fruendum

529 3619 614 3666 est
635 3619 811 3668 autem
842 3609 1101 3671 honestis,
1135 3608 1384 3664 utendum
1412 3625 1539 3663 vero
1580 3608 1814 3664 utilibus.
1847 3609 2110 3665 Honesta-

530 3707 636 3756 tetn
665 3714 797 3756 voco
826 3698 1211 3769 intelligibilem
1255 3698 1698 3768 pulchritudinem
1722 3741 1736 3766 ,
1768 3717 1926 3770 quam
1955 3702 2112 3772 Spiri-

530 3791 724 3852 tualem
753 3805 850 3846 nos
878 3790 1086 3859 proprie
1116 3789 1370 3855 dicimus;
1416 3791 1692 3848 utilitatem
1723 3804 1898 3848 autem
1919 3834 1934 3858 ,
1975 3794 2110 3848 divi-

529 3898 651 3942 nam
688 3881 1090 3952 providentiam.
1121 3881 1455 3951 Quapropter
1479 3899 1778 3956 quanquam
1811 3885 1913 3939 sint
1944 3885 2110 3942 multa

529 3976 749 4048 pulchra
778 3975 1003 4034 visibilia
1027 4017 1043 4040 ,
1071 3991 1191 4045 quae
1222 3975 1394 4029 minus
1419 3978 1630 4054 proprie
1671 3976 1891 4033 honesta
1924 3979 2104 4048 appel-

529 4068 737 4131 lantur;
767 4068 877 4137 ipsa
909 4076 1084 4122 tamen
1119 4067 1474 4138 pulchritudo,
1512 4085 1575 4126 ex
1605 4086 1707 4140 qua
1734 4071 1951 4142 pulchra
1987 4080 2110 4126 sunt

528 4172 874 4234 quit-cumque
914 4157 1131 4227 pulchra
1175 4166 1334 4222 sunt,
1379 4160 1523 4212 nullo
1554 4160 1712 4213 modo
1751 4169 1832 4214 est
1858 4160 2104 4216 visibilis.

526 4248 656 4308 Item
685 4250 851 4327 multa
878 4250 1021 4305 utilia
1048 4249 1274 4304 visibilia
1301 4267 1314 4313 ;
1361 4250 1452 4304 sed
1483 4252 1592 4322 ipsa
1622 4236 1820 4306 utilitas
1841 4293 1858 4318 ,
1901 4268 1962 4307 ex
2005 4268 2106 4322 qua

526 4343 683 4404 nobis
726 4352 946 4414 prosunt
985 4359 1330 4414 quwcumqw
1363 4351 1621 4411 prosunt,
1669 4361 1823 4414 quam
1873 4345 2106 4401 divinam

525 4439 912 4510 providentiam
942 4437 1168 4494 dicimus
1191 4480 1207 4503 ,
1239 4438 1461 4492 visibilis
1490 4454 1594 4494 non
1623 4449 1724 4494 est.
1757 4438 1948 4493 Notum
1979 4455 2108 4495 sane

524 4533 597 4588 sit
647 4534 932 4589 visibilium
983 4533 1198 4588 nomine
1246 4532 1422 4586 omnia
1474 4531 1770 4599 corporalia
1820 4533 2101 4587 contineri.

524 4625 750 4693 oportet
779 4639 904 4693 ergo
940 4622 1036 4676 frui
1066 4623 1302 4692 pulchris
1328 4623 1696 4686 invisibilibus,
1727 4623 1778 4678 id
1805 4633 1906 4699 est,
1941 4624 2108 4688 Itone-

525 4715 623 4770 stis
652 4733 665 4769 :
695 4722 874 4770 utrum
905 4721 1079 4768 autem
1107 4713 1385 4779 omnibus,
1415 4713 1513 4767 alia
1544 4715 1766 4782 quaestio
1792 4725 1910 4780 est;
1939 4732 2106 4786 quan-

525 4823 682 4878 quam
711 4807 932 4861 fortasse
959 4805 1180 4860 honesta
1211 4822 1314 4860 non
1346 4807 1444 4860 nisi
1473 4807 1660 4876 quibus
1691 4806 1967 4864 fruendum
2001 4817 2102 4874 est,

525 4899 626 4954 dici
657 4900 859 4954 deccat.
894 4898 1122 4955 Ulilibus
1149 4909 1326 4956 autem
1358 4901 1611 4955 utendum
1640 4911 1720 4956 est
1749 4904 2016 4968 omnibus,
2047 4915 2104 4960 ut

523 5007 738 5063 quoquo
757 5008 940 5048 eorum
968 5007 1100 5062 opus
1126 5003 1224 5047 est.
1257 4993 1320 5046 Et
1345 4993 1444 5046 frui
1475 4994 1684 5062 quidem
1713 4996 1831 5049 cibo
1854 5005 1906 5050 et
1933 4997 2104 5065 quali-

523 5083 612 5137 bet
639 5083 902 5151 corporali
930 5084 1196 5151 voluptate
1221 5099 1324 5137 non
1367 5083 1501 5138 adeo
1535 5085 1762 5138 absurde
1791 5086 2102 5140 existiman-

523 5186 609 5232 tur
633 5187 688 5234 et
716 5177 895 5232 bestia:
925 5195 940 5232 :
971 5178 1047 5231 uti
1072 5187 1246 5232 autem
1273 5178 1443 5248 aliqua
1469 5194 1526 5232 re
1545 5195 1650 5232 non
1680 5189 1852 5248 potest
1876 5181 1976 5236 nisi
1997 5181 2105 5234 ani-

523 5271 628 5326 mal
661 5269 800 5339 quod
828 5269 1046 5324 rationis
1090 5279 1172 5323 est
1214 5271 1498 5339 particeps.
1542 5269 1688 5324 Scire
1728 5286 1955 5339 namque
1999 5287 2103 5342 quo

521 5362 755 5434 quidque
779 5362 1111 5419 referendum
1143 5363 1244 5426 sit,
1279 5380 1380 5418 non
1410 5365 1586 5417 datum
1629 5373 1710 5420 est
1749 5366 1969 5426 rationis
2005 5381 2112 5460 eat-,-

519 5458 793 5530 pertibus;
840 5455 933 5512 sed
977 5472 1150 5524 neque
1194 5457 1322 5525 ipsis
1361 5456 1705 5511 rationalibus
1753 5459 1947 5522 stultis.
1993 5459 2100 5519 Nec

517 5553 596 5610 uti
625 5553 848 5622 quisque
868 5559 1041 5620 potest
1058 5567 1122 5606 ea
1149 5567 1208 5606 re
1229 5567 1349 5620 quin
1373 5567 1479 5619 quo
1502 5551 1772 5606 referenda
1797 5553 1866 5609 sit
1890 5556 2091 5623 nescit;

520 5659 620 5698 nec
646 5643 923 5714 quisquam
954 5633 1124 5714 potest
1167 5643 1301 5696 scire
1345 5643 1441 5696 nisi
1484 5641 1713 5710 sapiens.
1747 5645 1922 5714 Quare
1951 5648 2098 5703 abuti

517 5733 712 5792 rectius
737 5735 840 5791 dici
864 5735 1070 5804 solent,
1098 5734 1189 5806 qui
1217 5750 1323 5791 non
1352 5734 1489 5793 bene
1518 5743 1754 5792 utuntur.
1793 5736 1911 5798 Non
1953 5740 2096 5800 enim

2237 369 2478 440 cuiquam
2502 374 2715 442 prodest
2737 377 2787 450 id
2808 393 2914 447 quo
2935 381 3072 436 male
3093 382 3286 460 utitur;
3309 390 3364 444 et
3383 385 3522 456 quod
3537 403 3644 444 non
3659 393 3822 464 prod-

2234 471 2346 529 est,
2381 477 2484 557 non
2527 467 2704 552 utique
2757 468 2883 522 utile
2912 476 3012 524 est.
3047 471 3182 544 Utile
3208 483 3384 530 autem
3413 478 3672 557 quidquid
3704 492 3815 550 est,

2232 556 2428 624 utendo
2453 567 2535 611 est
2561 549 2690 632 utile
2721 577 2735 614 :
2765 560 2834 615 ita
2862 577 3020 617 nemo
3047 566 3210 620 utitur
3235 567 3336 622 nisi
3365 549 3502 624 utili.
3540 549 3661 630 Ῑίῖοη
3693 591 3817 648 ergo

2233 647 2395 700 utitur
2418 688 2431 712 ,
2461 649 2698 718 quisquis
2738 654 2874 706 male
2905 656 3084 709 utitur.
3116 656 3354 713 Perfecta
3394 660 3554 734 igitur
3585 647 3818 723 hominis

2231 737 2366 790 ratio
2389 779 2403 802 ,
2441 755 2558 809 qua:
2599 741 2763 806 virtus
2795 755 3014 798 vocatur
3041 788 3056 813 ,
3104 750 3268 803 utitur
3299 752 3471 821 primo
3515 769 3573 810 se
3606 757 3724 826 ipsa
3755 761 3815 820 ad

2231 826 2628 899 intelligendum
2657 832 2818 904 Deum
2839 876 2851 900 ,
2883 843 2938 889 ut
2965 852 3028 891 eo
3057 837 3262 904 fruatur
3290 858 3319 894 a
3351 860 3455 912 quo
3485 846 3648 900 etiam
3686 850 3814 903 farta

2230 929 2328 974 est.
2369 915 2540 994 Utitur
2564 937 2740 980 autem
2765 931 2973 984 ca-teris
2999 933 3343 987 rationalibus
3370 919 3734 1002 animantibus
3754 941 3813 995 ad

2230 1019 2575 1085 societatem,
2633 1022 3026 1088 irrationalibus
3077 1026 3143 1098 ad
3201 1029 3564 1087 eminentiam.
3644 1033 3812 1095 Vitam

2231 1113 2389 1166 etiam
2429 1129 2577 1182 suam
2617 1115 2683 1168 ad
2717 1115 2765 1169 id
2797 1116 2999 1186 refert,
3027 1127 3085 1172 ut
3131 1119 3334 1176 fruatur
3377 1124 3484 1178 Deo
3519 1145 3531 1179 :
3569 1125 3639 1196 ita
3673 1128 3810 1184 enim

2229 1204 2380 1257 beata
2399 1213 2498 1258 est.
2524 1207 2661 1276 Ergo
2685 1215 2738 1261 et
2762 1223 2820 1262 se
2846 1208 2955 1277 ipsa
2979 1211 3142 1264 utitur
3167 1229 3315 1283 ;qu:n
3333 1214 3572 1284 profecto
3598 1217 3811 1272 inchoat

2228 1297 2494 1350 miseriam
2544 1315 2638 1372 per
2680 1301 2999 1369 superbiam,
3052 1303 3096 1355 si
3139 1301 3204 1356 ad
3249 1319 3307 1362 se
3353 1305 3543 1373 ipsam,
3595 1325 3702 1366 non
3744 1308 3806 1362 ad

2229 1387 2395 1442 Deum
2437 1389 2714 1444 referatur.
2749 1391 2924 1447 Utitur
2954 1395 3110 1448 etiam
3139 1397 3452 1465 corporibus
3491 1400 3806 1470 quibusdam

2229 1479 2557 1535 \‘ivilicandis
2602 1483 2665 1542 ad
2713 1484 3149 1551 bent-licentiam;
3192 1488 3269 1542 sic
3312 1489 3454 1542 enim
3505 1492 3672 1544 utitur
3716 1507 3808 1546 suo

2228 1588 2452 1642 corpore
2485 1592 2496 1626 :
2528 1575 2840 1643 quibusdam
2884 1579 3216 1631 assumendis
3264 1580 3347 1634 vel
3392 1584 3708 1650 respuendis
3747 1585 3808 1638 ad

2229 1664 2580 1720 valetudinem
2614 1708 2626 1730 ,
2667 1668 2978 1736 quibusdam
3027 1669 3314 1724 tolerandis
3357 1672 3420 1723 ad
3455 1674 3804 1742 patientiam,

2226 1759 2539 1830 quibusdam
2571 1761 2875 1815 ordinandis
2906 1763 2971 1816 ad
3007 1763 3266 1831 justitiam
3289 1807 3302 1829 ,
3336 1766 3647 1836 quibusdam
3683 1783 3808 1824 cono

2225 1851 2520 1906 siderandis
2561 1853 2625 1906 ad
2667 1853 2881 1923 aliquod
2921 1854 3158 1910 veritatis
3184 1857 3555 1910 documentum
3592 1876 3604 1911 :
3641 1863 3811 1913 utitur

2226 1945 2384 1998 etiam
2417 1944 2481 2000 iis
2507 1963 2534 1998 a
2566 1947 2755 2015 quibus
2782 1962 2838 1999 se
2872 1947 3122 2012 abstinet,
3159 1949 3225 2001 ad
3272 1952 3694 2018 temperantiam.
3735 1952 3809 2004 lta

2225 2039 2472 2094 Omnibus
2513 2049 2564 2092 et
2604 2041 2774 2092 sensis
2802 2049 2853 2091 et
2887 2056 2988 2093 non
3032 2042 3201 2094 seusis
3230 2042 3429 2107 utitur;
3471 2059 3567 2096 nec
3601 2043 3808 2111 aliquid

2225 2129 2436 2182 tertium
2467 2139 2566 2183 est.
2612 2129 2817 2184 Judicat
2858 2142 3034 2186 autem
3074 2131 3139 2185 de
3178 2133 3424 2186 omnibus
3467 2133 3656 2203 quibus
3704 2135 3806 2186 uti-

2227 2232 2310 2276 tur
2341 2239 2354 2274 :
2389 2221 2454 2277 de
2482 2223 2597 2276 solo
2627 2224 2731 2276 Deo
2763 2239 2865 2280 non
2894 2223 3093 2292 judicat
3114 2265 3128 2290 ,
3159 2223 3275 2294 quia
3304 2225 3590 2286 Secundum
3633 2225 3802 2280 Deum

2223 2315 2290 2370 de
2317 2318 2524 2374 caeteris
2547 2317 2780 2385 judicat;
2814 2335 2912 2372 nec
2937 2333 3002 2378 eo
3030 2318 3191 2371 utitur
3211 2360 3224 2381 ,
3259 2318 3350 2372 sed
3381 2318 3588 2371 fruitur.
3620 2319 3801 2386 Neque

2223 2412 2363 2465 enim
2391 2411 2455 2465 ad
2484 2411 2679 2481 aliquid
2715 2411 2856 2466 aliud
2901 2413 3036 2466 Deus
3067 2412 3372 2465 referendus
3396 2419 3498 2468 e~t.
3542 2412 3798 2477 Quoniam

2219 2516 2381 2566 ontue
2410 2503 2548 2572 quod
2576 2503 2640 2556 ad
2659 2503 2802 2557 aliud
2822 2502 3154 2558 referendum
3172 2512 3274 2568 est,
3297 2501 3518 2557 inferius
3539 2513 3620 2557 est
3642 2518 3798 2570 quam

2223 2593 2272 2654 id
2304 2595 2367 2647 ad
2399 2597 2538 2664 quod
2571 2595 2902 2650 referendum
2932 2605 3031 2650 est.
3062 2595 3170 2650 Nec
3209 2606 3290 2649 est
3331 2595 3526 2665 aliquid
3573 2596 3684 2649 Deo
3713 2611 3796 2648 su-

2222 2686 2438 2756 perius,
2499 2703 2604 2740 non
2653 2687 2813 2753 loco,
2866 2687 2961 2740 sed
3009 2687 3318 2741 excellentia
3367 2702 3476 2740 sua:
3532 2686 3794 2738 naturze'.

2219 2779 2409 2848 Omnia
2440 2795 2568 2854 ergo
2595 2796 2712 2852 qua:
2743 2780 2872 2834 facta
2902 2787 3064 2854 sunt,
3107 2778 3158 2830 in
3200 2794 3351 2830 usum
3396 2776 3628 2832 hominis
3670 2775 3798 2830 facta

2219 2881 2378 2940 sunt,
2431 2851 2553 2942 quia
2599 2872 2845 2926 omnibus
2893 2851 3377 2938 utitur'judicando
3425 2870 3637 2934 ratio',
3685 2881 3796 2938 quat

2222 2964 2424 3020 homini
2456 2965 2576 3020 data
2613 2974 2712 3021 est.
2756 2965 2820 3019 Et
2850 2974 2973 3018 ante
3005 2964 3207 3034 lapsum
3236 2963 3449 3032 quidem
3479 2978 3583 3016 non
3618 2963 3798 3018 uteba-

2221 3065 2307 3114 tur
2333 3059 2655 3124 tolerandis,
2695 3072 2792 3112 nec
2831 3064 2954 3128 post
2995 3057 3198 3126 lapsum
3228 3056 3393 3109 utitur
3435 3055 3532 3108 nisi
3565 3070 3792 3109 conver-

2210 3164 2352 3216 sus,
2402 3131 2467 3206 let
2515 3163 2812 3218 quanquam
2871 3157 2995 3202 ante
3053 3157 3278 3202 mortem
3335 3147 3615 3215 corporis,
3687 3146 3792 3215 jam

2217 3248 2396 3314 tamen
2437 3250 2691 3310 quantum
2742 3248 2917 3310 potest
2964 3239 3060 3295 Dei
3112 3239 3353 3312 amicus,
3402 3239 3520 3308 quia
3568 3237 3794 3307 libenter

2215 3349 2426 3396 servus.

2215 3425 2410 3488 XXXI.
2466 3425 2727 3484 Sententia
2776 3423 3032 3482 Ciceronis
3055 3467 3071 3492 ,
3121 3424 3540 3492 quemadmodum
3592 3423 3792 3490 virtute:

2285 3520 2450 3576 animi.
2481 3519 2541 3573 ab
2571 3519 2659 3574 illo
2685 3519 2856 3573 divisa:
2889 3535 2948 3580 ac
2976 3518 3198 3588 deﬁnita
3224 3521 3324 3584 sint
3369 3517 3511 3589 (Cic.
3543 3515 3637 3572 lib.
3667 3516 3701 3588 2
3729 3515 3791 3582 de

2286 3610 2538 3683 Invent.).

2287 3707 2336 3759 i.
2379 3705 2558 3760 Virtus
2582 3715 2663 3760 est
2693 3704 2855 3762 animi
2884 3705 3094 3763 habitus
3119 3715 3320 3768 naturas
3345 3704 3502 3759 modo
3526 3712 3688 3772 atque
3710 3718 3789 3758 ra—

2211 3797 2342 3870 tioni
2361 3807 2771 3854 consentaneus.
2807 3797 2980 3864 Quare
3007 3799 3253 3858 omnibus
3279 3797 3515 3874 partibus
3555 3795 3673 3864 ejus
3697 3811 3788 3856 co-

2209 3889 2393 3964 gnitis,
2416 3899 2525 3960 tota
2553 3892 2635 3948 vis
2675 3892 2780 3947 erit
2820 3892 3076 3960 simplicis
3112 3891 3406 3946 honestatis
3431 3890 3784 3948 considerata.

2209 3979 2382 4037 Habet
2423 3983 2584 4053 igitur
2619 3991 2800 4052 partes
2843 3991 3099 4054 quatuor:
3130 3982 3483 4052 prudentiam,
3506 3981 3784 4050 justitiam,

2209 4072 2598 4143 fortitudinem,
2622 4077 3044 4146 temperantiam.
3074 4075 3357 4130 Prudentia
3386 4083 3465 4128 est
3490 4088 3668 4129 rerum
3701 4075 3788 4128 bo-

2212 4185 2398 4236 parum
2438 4177 2492 4222 ct
2521 4169 2776 4223 malarum
2825 4179 3238 4238 neutrarumque
3283 4167 3506 4222 scientia
3532 4166 3572 4219 ³.
3604 4166 3787 4226 Partes

2209 4261 2344 4331 ejus,
2375 4261 2652 4327 memoria,
2677 4260 3034 4330 intelligentia,
3061 4259 3408 4329 providentia.
3436 4257 3688 4314 Memoria
3712 4265 3786 4311 c~t

2205 4368 2306 4422 per
2331 4368 2488 4423 quam
2511 4355 2718 4410 animus
2749 4354 2937 4420 repetit
2967 4352 3054 4406 illa
3079 4369 3196 4422 qum.
3222 4351 3450 4405 fuerunt.
3491 4350 3785 4419 Intelligen-

2211 4443 2302 4508 tia,
2335 4459 2428 4513 per
2453 4459 2609 4514 quam
2639 4459 2697 4499 ea
2728 4443 2976 4512 perSpicit
3002 4458 3119 4518 qum
3147 4451 3286 4498 sunt.
3320 4439 3677 4504 Providentia,
3698 4454 3786 4508 per

2208 4551 2368 4606 quam
2399 4534 2629 4590 futurum
2657 4533 2854 4604 aliquid
2886 4533 3091 4590 videtur
3129 4543 3409 4602 antequam
3457 4535 3651 4588 factum
3688 4540 3779 4584 est.

2209 4626 2416 4686 Iustitia
2456 4635 2537 4680 est
2566 4625 2774 4680 habitus
2800 4625 2982 4686 animi,
3013 4625 3280 4678 communi
3313 4625 3536 4678 utilitate
3567 4639 3781 4678 conser-

2207 4726 2353 4784 uta,
2393 4733 2541 4774 suam
2568 4717 2756 4790 cuique
2783 4715 3020 4772 tribuens
3061 4715 3388 4787 dignitatem.
3426 4715 3552 4779 Ejus
3585 4714 3781 4766 initium

2205 4822 2291 4874 est
2318 4811 2391 4867 ab
2428 4820 2612 4868 natura
2643 4811 2966 4879 profectum:
2991 4809 3182 4864 deinde
3211 4807 3449 4878 quaedam
3481 4807 3528 4860 in
3556 4822 3597 4858 ct
3625 4819 3782 4860 usuc-

2208 4905 2444 4961 tudinem
2474 4920 2538 4958 ex
2569 4903 2809 4957 utilitatis
2851 4901 3056 4956 ratione
3087 4909 3346 4958 venerunt
3373 4919 3386 4954 :
3415 4908 3596 4970 postea
3624 4913 3711 4953 res
3737 4904 3785 4951 et

2206 4997 2276 5054 ab
2301 5007 2486 5052 natura
2517 4994 2781 5066 profectas
2806 5001 2862 5049 et
2885 4992 2955 5048 ab
2979 4991 3364 5048 consuetudine
3391 4991 3660 5064 probatas,
3709 4991 3781 5043 le—

2203 5105 2328 5162 gum
2355 5083 2526 5150 metus
2550 5099 2604 5144 et
2634 5087 2818 5157 religio
2840 5086 3032 5140 sanxit.
3065 5084 3260 5162 Natura
3277 5084 3364 5153 jus
3391 5092 3490 5141 est.
3516 5083 3656 5152 quod
3681 5095 3780 5135 non

2205 5184 2385 5252 opinio
2409 5182 2608 5253 genuit,
2639 5179 2733 5236 sed
2759 5177 2999 5249 quwdatn
3031 5178 3208 5231 innata
3243 5177 3322 5229 vis
3354 5175 3594 5240 inseruit,
3627 5184 3682 5228 ut
3705 5188 3785 5230 rc-

2199 5274 2479 5346 .iiaionem,
2511 5275 2786 5346 pietatem,
2839 5268 3084 5342 gratiam,
3132 5267 3564 5331 vindicationem.
3597 5266 3780 5322 observ

2207 5366 2459 5434 vantiam,
2489 5364 2788 5419 veritatem.
2819 5360 3025 5431 Religio
3049 5369 3132 5416 est
3159 5376 3276 5435 quin
3297 5357 3586 5428 superioris
3609 5356 3782 5427 cujus-

2270 5503 2376 5549 Irr.
2417 5507 2468 5550 et
2490 5498 2658 5562 plures
2700 5506 2825 5557 Μαι,
2872 5495 2958 5548 sed
2995 5492 3280 5546 excedentia
3319 5491 3608 5546 substantia.
3635 5489 3786 5538 --stc

2206 5564 2352 5616 etiam
2373 5562 2516 5624 Lugd.
2539 5569 2590 5611 et.
2613 5571 2728 5624 ven.
2773 5567 2852 5624 HM.

2269 5628 2289 5658 ²
2321 5619 2518 5675 Codices
2539 5624 2662 5680 duo,
2684 5619 2953 5686 judirmtdi
2969 5619 3108 5668 ratio.

2271 5689 2303 5755 ’_
2325 5687 2538 5736 Nonnulli
2563 5677 2742 5736 iussin
2765 5684 2890 5746 apud
2911 5683 3215 5755 Ciceronem,
3261 5689 3437 5734 Rerum
3479 5679 3712 5736 baturus
3743 5677 3786 5729 et

2205 5750 2444 5803 malarum
2465 5756 2511 5801 et
2536 5755 2845 5812 utrarumque
2869 5750 3081 5797 amentia.
