3956 6524
567 365 641 425 23
1315 359 1401 418 DE
1441 357 1752 417 DIVERSIS
1787 350 2310 425 QUAES'I‘IONIBUS
2344 344 2629 423 LXXXIII,
2669 355 2727 413 S.
2766 356 3134 420 AUGUSTINI

559 495 737 544 metus
762 485 960 560 aliquid
988 490 1210 552 metuat,
1241 497 1362 539 cum
1391 482 1569 537 anima
1613 478 1787 551 potius
1827 476 1945 547 ipso
1988 483 2135 530 metu

559 587 793 646 metuat;
841 577 970 635 illud
994 576 1250 642 attendat,
1281 573 1423 646 quod
1448 574 1666 643 cognitu
1694 570 1848 626 facile
1870 576 1975 635 est,
2015 567 2137 622 nul-

557 670 669 727 Ium
698 682 898 728 metum
937 685 1059 727 esse
1087 670 1189 725 nisi
1214 668 1372 724 futuri
1401 675 1456 723 et
1492 664 1818 721 imminentis
1843 663 1991 718 mali.
2028 660 2136 716 Ne-

558 778 711 819 cesse
730 772 812 819 est
830 770 1007 818 autem
1034 770 1094 818 ut
1118 762 1206 833 qui
1232 761 1438 827 metuit,
1461 758 1658 830 aliquid
1679 757 1864 827 fugiat.
1887 752 2138 825 Quisquis

559 856 734 926 itaque
761 864 1002 911 metuere
1044 854 1252 919 metuit,
1300 861 1384 908 est
1419 850 1662 922 profecto
1702 846 2135 910 absurdissimus,

556 948 677 1019 quia
699 947 947 1019 fugiendo
968 947 1129 1002 habet
1148 946 1375 1016 idipsum
1392 943 1536 1015 quod
1562 942 1711 1012 fugit.
1732 939 1866 995 Nam
1888 938 2138 1009 quoniam

559 1055 662 1095 non
691 1040 944 1095 metuitur
970 1039 1070 1094 nisi
1102 1053 1169 1093 ne
1188 1036 1384 1107 aliquid
1413 1036 1536 1090 mali
1557 1034 1781 1098 accidat,
1806 1040 2046 1087 metuere
2071 1044 2140 1084 ne

558 1130 762 1184 accidat
794 1137 986 1191 metus,
1015 1127 1147 1182 nihil
1181 1126 1324 1181 aliud
1353 1134 1436 1181 est
1457 1125 1557 1179 nisi
1587 1123 1835 1194 amplecti
1875 1121 2017 1192 quod
2050 1135 2140 1176 re-

558 1221 722 1289 spuis.
750 1219 901 1287 Quod
922 1219 966 1274 si
987 1233 1288 1289 repugnans
1309 1227 1410 1284 est,
1437 1216 1590 1272 sicuti
1616 1225 1718 1279 est,
1749 1215 1895 1270 nullo
1923 1226 2141 1283 prorsus

558 1309 720 1364 modo
741 1310 946 1374 metuit,
971 1309 1207 1379 quisquis
1223 1309 1353 1362 nihil
1382 1306 1528 1362 aliud
1546 1316 1689 1362 amat
1715 1320 1872 1375 quam
1900 1320 2003 1359 non
2029 1319 2143 1358 me—

559 1408 729 1455 tuere.
756 1400 821 1454 Et
844 1408 1125 1469 propterea
1145 1414 1304 1454 nemo
1334 1406 1509 1468 potest
1534 1397 1640 1451 hoc
1666 1397 1835 1451 solum
1862 1409 2063 1461 amare,
2086 1400 2141 1449 et

560 1506 665 1545 non
712 1490 925 1546 habere.
958 1490 1147 1547 Utrum
1177 1500 1355 1546 autem
1398 1489 1500 1544 hoc
1528 1489 1697 1544 solum
1739 1485 2021 1542 amandum
2049 1485 2138 1548 sit,

559 1581 663 1635 alia
692 1582 916 1651 quzeslio
939 1590 1042 1636 est.
1064 1581 1179 1635 Jam
1209 1597 1365 1652 quem
1393 1596 1497 1635 non
1523 1580 1789 1635 exanimat
1816 1587 2008 1644 metus,
2040 1592 2142 1633 nec

558 1671 820 1741 cupiditas
848 1688 969 1727 eum
992 1680 1183 1739 vastat,
1205 1687 1304 1727 nec
1329 1671 1591 1741 :rgritudo
1616 1679 1867 1732 macerat,
1888 1684 1987 1725 nec
2008 1684 2143 1723 ven-

560 1761 679 1816 tilat
706 1765 940 1832 gestiens
964 1772 1018 1816 et
1040 1777 1175 1817 vana
1201 1761 1405 1817 laetitia.
1432 1761 1490 1816 Si
1510 1761 1652 1815 enim
1680 1760 1845 1829 cupit,
1865 1760 1987 1830 quia
2012 1758 2143 1814 nihil

558 1853 699 1909 aliud
724 1862 807 1910 est
826 1854 1088 1924 cupiditas
1104 1853 1208 1909 nisi
1231 1868 1382 1908 amor
1402 1868 1578 1908 rerum
1602 1852 2009 1917 transeuntium,
2034 1867 2150 1935 me:

560 1955 673 2000 tuat
700 1961 919 2001 necesse
946 1955 1047 2008 est,
1080 1962 1149 2002 ne
1174 1954 1265 2000 aut
1292 1946 1501 2001 amittat
1521 1960 1613 2000 eas
1639 1961 1761 2000 cum
1785 1944 2008 2014 adeptus
2032 1944 2147 1998 lue-

558 2039 647 2102 rit,
680 2047 771 2093 aut
804 2053 909 2092 non
933 2038 1273 2108 adipiscatur.
1299 2036 1416 2092 Non
1439 2044 1615 2092 autem
1640 2037 1859 2092 metuit:
1886 2051 1989 2091 non
2016 2050 2145 2106 ergo

558 2130 722 2200 cupit.
752 2129 885 2186 Item
904 2130 949 2185 si
967 2130 1183 2200 angitur
1206 2129 1368 2184 animi
1396 2128 1603 2195 dolore,
1630 2143 1852 2184 necesse
1879 2136 1962 2183 est
1983 2128 2145 2182 etiam

560 2230 704 2276 metu
723 2221 980 2292 agitetur:
1002 2220 1252 2291 quoniam
1273 2216 1496 2291 quorum
1521 2219 1781 2274 malorum
1801 2218 2142 2288 przesentium

560 2322 644 2367 est
662 2312 971 2379 anxietudo,
990 2327 1172 2367 eorum
1199 2320 1281 2366 est
1308 2318 1364 2366 et
1386 2311 1776 2366 imminentium
1796 2320 1987 2365 metus.
2008 2310 2147 2366 Metu

559 2414 739 2460 autem
766 2413 913 2461 caret
932 2422 946 2459 :
963 2420 1092 2476 ergo
1108 2413 1164 2459 et
1187 2401 1548 2459 anxietudine.
1573 2401 1704 2457 Item
1727 2402 1771 2456 si
1796 2402 2006 2456 Itetetur
2029 2402 2146 2456 ina-

562 2496 721 2561 niter,
763 2496 832 2550 de
874 2496 939 2549 iis
986 2496 1146 2549 rebus
1186 2494 1412 2559 laetatur,
1459 2508 1591 2564 quas
1635 2500 1816 2564 potest
1864 2493 2144 2548 amittere:

562 2600 728 2657 quare
757 2594 958 2640 metuat
977 2600 1199 2642 necesse
1218 2595 1301 2641 est
1331 2601 1398 2642 ne
1425 2586 1651 2641 amittat.
1681 2584 1789 2641 Sed
1816 2584 1962 2641 nullo
1989 2584 2150 2642 modo

564 2678 786 2734 metuit:
819 2679 967 2734 nullo
986 2678 1148 2734 modo
1166 2679 1325 2749 igitur
1346 2680 1557 2734 laetatur
1581 2678 1831 2734 inaniter.

563 2769 806 2827 XXXIV.
849 2769 1031 2828 Utrum
1069 2789 1171 2827 non
1218 2772 1361 2827 aliud
1399 2771 1673 2827 amandum
1711 2772 1795 2838 sit,
1835 2787 1989 2842 quam
2014 2779 2152 2826 metu

1262 2881 1451 2921 carere.

639 2955 697 3011 Si
728 2954 916 3010 vitium
943 2963 1027 3011 est
1054 2970 1161 3010 non
1183 2964 1444 3023 metuere,
1474 2970 1580 3011 non
1609 2964 1693 3011 est
1715 2955 2023 3011 amandum.
2045 2954 2153 3012 Sed

569 3062 728 3101 nemo
757 3045 1095 3101 beatissimus
1117 3046 1324 3113 metuit,
1351 3055 1406 3103 et
1424 3061 1584 3102 nemo
1598 3046 1937 3102 beatissimus
1952 3047 2005 3101 in
2025 3047 2155 3102 vitio

567 3148 669 3195 est.
701 3138 815 3195 Non
856 3148 939 3194 est
977 3140 1155 3209 itaque
1178 3140 1362 3195 vitium
1390 3156 1500 3196 non
1524 3149 1783 3196 metuere.
1823 3141 1893 3196 At
1934 3139 2154 3197 audacia

567 3230 752 3286 vitium
780 3238 880 3286 est.
907 3229 1024 3285 Non
1046 3246 1174 3301 ergo
1194 3231 1432 3302 quisquis
1451 3245 1558 3287 non
1583 3232 1789 3297 metuit,
1829 3231 2003 3286 audax
2039 3240 2152 3298 est;

567 3336 868 3393 quanquam
895 3321 1070 3377 omnis
1097 3322 1185 3392 qui
1226 3321 1405 3385 audet,
1437 3336 1540 3376 non
1572 3330 1794 3377 metuat.
1837 3320 1965 3377 Item
1991 3321 2156 3376 cada-

565 3429 662 3469 ver
688 3429 846 3469 omne
870 3428 975 3469 non
1016 3401 1223 3469 metuit.
1252 3413 1587 3483 Quapropter
1613 3429 1733 3469 cum
1771 3428 2056 3469 commune
2085 3414 2156 3468 sit

567 3520 674 3562 non
711 3515 950 3562 metuere
994 3506 1303 3563 beatissimo
1341 3516 1395 3562 et
1432 3505 1619 3560 audaci
1661 3513 1718 3561 et
1752 3505 2019 3568 cadaveri.
2058 3504 2156 3561 sed

565 3598 905 3656 beatissimus
935 3598 989 3653 id
1014 3598 1206 3655 habeat
1232 3613 1328 3667 per
1368 3597 1801 3668 tranquillitatem
1840 3596 2030 3664 animi,
2056 3612 2155 3653 au-

567 3691 673 3745 dax
698 3705 793 3761 per
816 3691 1193 3756 temeritatem,
1225 3690 1453 3745 cadaver
1470 3690 1592 3760 quia
1612 3691 1758 3746 omni
1784 3703 1944 3746 sensu
1970 3699 2153 3759 caret;

568 3795 740 3853 neque
765 3796 873 3837 non
896 3780 1180 3837 amandum
1205 3789 1287 3837 est
1315 3796 1420 3837 non
1449 3790 1709 3848 metuere,
1735 3783 1987 3854 quoniam
2013 3784 2156 3840 beati

569 3890 690 3932 esse
714 3875 992 3941 volumus;
1021 3889 1192 3946 neque
1215 3876 1387 3931 solum
1418 3875 1726 3946 amandum,
1773 3878 2029 3949 quoniam
2054 3892 2155 3934 au-

570 3968 730 4024 daces
753 3975 810 4024 et
833 3966 1091 4022 inanimes
1119 3980 1238 4022 esse
1261 3967 1530 4022 nolumus.

960 4055 1176 4112 XXXV.
1222 4056 1358 4124 Quid
1375 4058 1651 4113 amandum
1677 4059 1759 4114 sit.

643 4148 696 4204 1.
737 4148 997 4216 Quoniam
1025 4147 1279 4219 quidquid
1306 4163 1412 4203 non
1436 4148 1568 4203 vivit
1591 4162 1698 4204 non
1728 4149 1936 4217 metuit,
1980 4165 2156 4222 neque

568 4237 677 4296 vita
701 4237 990 4294 carendum
1015 4238 1294 4310 quisquam
1338 4241 1683 4309 persuaserit,
1713 4247 1773 4294 ut
1807 4248 1953 4296 metu
1993 4241 2155 4297 etiam

570 4346 755 4388 carere
780 4331 1076 4401 possimus;
1104 4331 1393 4387 amandum
1420 4341 1501 4387 est
1531 4333 1647 4388 sine
1667 4341 1813 4389 metu
1827 4333 2026 4390 vivere.
2046 4333 2155 4391 Sed

567 4440 755 4481 rursus
783 4425 906 4497 quia
934 4425 1038 4480 vita
1067 4434 1209 4481 metu
1238 4439 1446 4493 carens,
1483 4427 1640 4481 etiam
1659 4470 1675 4495 ,
1716 4427 1760 4482 si
1808 4428 2154 4500 intelligentia

568 4527 768 4584 careat,
804 4535 910 4575 non
949 4527 1033 4576 est
1067 4521 1391 4591 appetenda;
1439 4522 1725 4577 amandum
1762 4531 1845 4578 est
1870 4524 1985 4578 sine
2010 4533 2154 4580 metu

567 4627 688 4666 cum
709 4612 979 4667 intellectu
1009 4614 1206 4668 vivere.
1240 4614 1363 4669 Idne
1379 4616 1547 4668 solum
1573 4614 1898 4670 amandum?
1922 4632 1990 4672 an
2004 4632 2157 4673 amor

570 4718 782 4773 quoque
806 4703 920 4773 ipse
948 4704 1206 4759 amandus
1230 4705 1347 4760 est?
1375 4705 1446 4758 Ita
1480 4719 1627 4769 vero,
1658 4706 1869 4776 quando
1910 4708 2025 4765 sine
2053 4709 2157 4768 hoc

569 4794 658 4849 illa
688 4809 794 4850 non
822 4802 1087 4849 amantur.
1126 4794 1234 4852 Sed
1275 4796 1322 4851 si
1366 4805 1584 4866 propter
1626 4798 1725 4866 alia
1773 4815 1891 4869 quae
1931 4803 2156 4859 amanda

571 4894 695 4939 sunt
736 4899 889 4939 amor
928 4895 1157 4953 amatur,
1187 4900 1298 4941 non
1339 4895 1486 4943 recte
1528 4889 1693 4943 amari
1732 4889 1984 4948 dicitur‘.
2012 4892 2155 4948 Nihil

569 4978 712 5034 enim
757 4978 899 5033 aliud
943 4987 1027 5033 est
1072 4994 1272 5046 amare,
1326 4995 1484 5051 quam
1514 4992 1732 5052 propter
1756 4998 1817 5039 se
1847 4984 2011 5054 ipsam
2041 5001 2155 5041 rem

565 5069 799 5139 aliquam
829 5079 1100 5142 appetere.
1124 5069 1259 5125 Num
1289 5070 1447 5143 igitur
1471 5082 1688 5143 propter
1711 5089 1770 5130 se
1805 5075 1975 5146 ipsum
2003 5092 2156 5134 amor

567 5160 899 5233 appetendus
931 5171 1035 5229 est,
1082 5177 1202 5217 cum
1246 5163 1460 5233 quando
1487 5163 1625 5221 desit
1662 5166 1802 5237 quod
1828 5178 2056 5234 amatur,
2088 5184 2153 5225 ea

565 5250 637 5307 sit
675 5250 964 5308 indubitata
1002 5253 1250 5309 miseria?
1276 5255 1477 5312 Deinde
1503 5272 1622 5312 cum
1652 5273 1803 5313 amor
1830 5268 2006 5315 motus
2033 5260 2155 5331 qui-

565 5344 690 5400 dam
729 5346 816 5411 sit,
850 5361 1023 5417 neque
1052 5347 1191 5401 ullus
1236 5348 1305 5403 sit
1348 5358 1522 5405 motus
1549 5350 1649 5405 nisi
1674 5350 1741 5406 ad
1768 5351 2002 5421 aliquid;
2031 5367 2152 5408 cum

564 5436 856 5506 qumrimus
884 5438 1010 5508 quid
1042 5440 1328 5495 amandum
1354 5443 1443 5509 sit,
1472 5442 1595 5513 quid
1625 5444 1695 5498 sit
1733 5444 1861 5498 illud
1900 5444 1969 5500 ad
2007 5444 2153 5515 quod

565 5530 765 5583 moveri
810 5538 1072 5599 oporteat,
1116 5532 1423 5601 quaerimus.
1475 5533 1651 5602 Quare
1696 5535 1741 5588 si
1789 5534 2045 5590 amandus
2072 5545 2156 5592 est

568 5634 739 5687 amor,
792 5635 898 5676 non
948 5620 1129 5690 utique
1179 5624 1353 5679 omnis
1391 5626 1651 5680 amandus
1679 5636 1778 5681 est.
1811 5627 1904 5681 Est
1932 5626 2073 5680 enim
2098 5638 2155 5683 et

629 5752 740 5822 ‘._Sic
760 5758 933 5822 ttataet
956 5754 1222 5822 octodecim
1239 5764 1345 5807 Mss.
1371 5764 1518 5822 Atlir.
1539 5766 1592 5808 et
1613 5764 1744 5820 Lov.,
1757 5774 1849 5812 non
1876 5764 2153 5811 recteamor

565 5813 761 5865 dicitur.
786 5838 849 5852 —
864 5815 1014 5879 Lugd.
1038 5824 1090 5867 et
1112 5824 1253 5879 νειμ,
1276 5819 1451 5869 (tutari.
1518 5827 1574 5868 at.

2246 472 2434 543 turpis,
2457 488 2565 545 quo
2582 475 2792 532 animus
2811 492 2871 533 se
2895 478 3012 549 ipso
3031 480 3281 539 inferiora
3306 490 3559 557 sectatur,
3579 501 3719 559 qua
3736 498 3861 545 Ina-

2243 564 2323 637 gis
2350 567 2565 636 proprie
2605 569 2866 640 cupiditas
2908 570 3121 642 dicitur,
3166 576 3404 632 omnium
3432 578 3649 637 scilicet
3680 580 3859 637 malo-

2243 671 2361 711 rum
2389 657 2556 714 radix.
2602 658 2670 715 Et
2708 660 2827 716 ideo
2851 678 2958 718 non
2987 665 3271 722 amandum
3299 676 3401 736 est,
3428 671 3572 742 quod
3600 673 3859 729 manenti

2244 754 2299 802 et
2326 747 2522 805 fruenti
2546 752 2715 807 amori
2735 753 2753 785 ⁸
2779 753 2977 810 auferri
3009 767 3201 826 potest.
3234 759 3397 831 Cujus
3421 777 3551 833 ergo
3577 764 3666 819 rei
3692 779 3858 822 amor

2243 839 2501 896 amandus
2528 851 2631 906 est,
2671 843 2775 898 nisi
2812 844 2928 915 ejus
2957 863 3076 918 qua:
3115 864 3220 905 non
3264 861 3441 921 potest
3482 854 3687 912 deesse
3721 857 3853 915 dum

2243 932 2489 986 amatur?
2516 932 2572 988 Id
2608 943 2785 990 autem
2825 946 2927 1004 est,
2973 940 3115 1009 quod
3158 942 3292 998 nihil
3334 954 3420 1000 est
3460 946 3608 1002 aliud
3645 947 3857 1006 habere
3890 960 3895 967 '

2243 1039 2401 1095 quam
2442 1029 2658 1082 nosse'.
2692 1029 2857 1084 Porro
2882 1046 3068 1087 aurum
3100 1044 3154 1089 et
3190 1051 3350 1093 omne
3378 1054 3575 1111 corpus
3605 1057 3723 1098 non
3753 1043 3854 1099 hoc

2244 1125 2327 1171 est
2359 1115 2555 1209 habere
2580 1120 2721 1189 quod
2751 1136 2944 1179 nosse:
2973 1140 3076 1183 non
3104 1127 3281 1200 itaque
3307 1133 3619 1188 amandum'
3641 1145 3755 1209 est.
3776 1136 3856 1193 Et

2245 1208 2492 1277 quoniam
2521 1219 2696 1279 potest
2720 1212 2918 1285 aliquid
2947 1216 3134 1284 amari,
3165 1234 3263 1275 nec
3284 1221 3487 1289 haberi,
3528 1240 3643 1281 non
3675 1227 3851 1284 solum

2245 1314 2310 1354 ex
2342 1299 2424 1356 his
2452 1318 2571 1373 qua:
2607 1305 2833 1359 amanda
2863 1323 2970 1362 non
2999 1319 3142 1375 sunt,
3186 1321 3263 1366 ut'
3290 1314 3571 1384 pulchrum
3628 1318 3852 1389 aliquod

2245 1406 2459 1462 corpus,
2490 1392 2582 1448 sed
2612 1395 2772 1451 etiam
2803 1412 2989 1454 eorum
3014 1416 3132 1471 quae
3155 1404 3381 1460 amanda
3412 1416 3556 1475 sunt,
3604 1418 3666 1464 ut
3694 1410 3850 1466 beata

2250 1485 2385 1550 vita;
2426 1494 2479 1541 et
2506 1502 2695 1543 rursus
2727 1500 2905 1560 potest
2945 1492 3146 1564 aliquid
3175 1495 3380 1563 haberi,
3417 1515 3517 1557 nec
3557 1504 3763 1571 amari,
3795 1514 3852 1560 ut

2246 1578 2567 1647 compedes:
2588 1580 2710 1650 jure
2748 1584 3006 1653 quaeritur
3050 1596 3227 1643 utrum
3272 1592 3441 1660 possit
3474 1594 3751 1665 quispiam
3797 1595 3850 1653 id

2246 1672 2388 1744 quod
2416 1673 2614 1731 habere
2644 1676 2771 1732 nihil
2797 1686 2880 1733 est
2902 1679 3006 1734 nisi
3034 1695 3216 1748 nosse,
3252 1698 3355 1739 non
3383 1700 3564 1742 amare
3588 1704 3721 1744 cum
3755 1689 3852 1746 ba-

2247 1765 2389 1829 beat,
2434 1767 2485 1822 id
2528 1777 2631 1833 est,
2675 1772 2902 1827 noverit.
2944 1771 3051 1829 Sed
3093 1790 3215 1833 cum
3246 1777 3521 1837 videamus
3552 1786 3847 1843 nonnullos

2247 1872 2354 1913 non
2380 1858 2450 1914 ob
2475 1860 2641 1941 aliud,
2674 1858 2822 1918 verbi
2848 1865 3039 1934 gratia,
3084 1866 3293 1924 discere
3341 1887 3614 1939 numeros,
3650 1877 3757 1931 nisi
3789 1884 3851 1932 ut

2248 1952 2435 2009 eadem
2465 1954 2744 2026 disciplina
2777 1961 3051 2028 pecuniosi
3082 1960 3229 2027 fiant,
3261 1972 3353 2018 aut
3377 1964 3681 2024 hominibus
3723 1971 3847 2039 pla-

2248 2055 2438 2112 ceant;
2467 2062 2624 2116 quam
2651 2063 2770 2103 cum
2798 2049 3100 2119 didicerint,
3130 2053 3197 2108 ad
3234 2057 3479 2113 eumdem
3505 2059 3664 2116 tinem
3692 2062 3844 2118 refe-

2248 2147 2390 2203 runt,
2423 2156 2580 2210 quem
2607 2142 2706 2197 sibi
2736 2157 2857 2198 cum
2884 2144 3173 2212 discerent,
3216 2161 3630 2219 proposuerant;
3662 2169 3846 2225 neque

2250 2228 2411 2284 ullam
2442 2229 2775 2299 disciplinam
2806 2235 2946 2289 aliud
2968 2235 3038 2290 sit
3074 2236 3272 2295 habere
3295 2256 3455 2312 quam
3500 2258 3697 2301 nosse:
3732 2245 3849 2303 fieri

2250 2332 2428 2395 potest
2453 2332 2512 2379 ut
2542 2325 2737 2381 habeat
2762 2327 2990 2399 quisque
3014 2330 3239 2401 aliquid,
3283 2334 3424 2405 quod
3468 2335 3694 2405 habere,
3743 2338 3849 2396 hoc

2251 2415 2321 2470 sit
2344 2416 2487 2486 quod
2511 2432 2689 2481 nosse,
2721 2435 2894 2491 neque
2913 2430 3056 2477 amet
3082 2432 3278 2481 tamen.
3302 2426 3612 2501 Quanquam
3641 2430 3847 2489 bonum

2252 2506 2394 2577 quod
2425 2522 2529 2563 non
2559 2518 2788 2579 amatur,
2834 2527 2995 2567 nemo
3032 2521 3209 2584 potest
3249 2517 3485 2587 perfecte
3531 2521 3736 2581 habere
3763 2524 3847 2582 vel

2255 2616 2432 2659 nosse.
2474 2604 2604 2672 Quis
2643 2605 2785 2660 enim
2832 2614 3007 2676 potest
3047 2623 3206 2667 nosse
3246 2622 3499 2683 quantum
3528 2617 3597 2672 sit
3619 2617 3846 2689 bonum,

2253 2710 2361 2767 quo
2384 2711 2489 2751 non
2517 2698 2741 2753 fruitur?
2768 2698 2884 2755 Non
2910 2709 3084 2756 autem
3115 2702 3322 2771 fruitur,
3348 2706 3393 2761 si
3423 2723 3529 2764 non
3550 2720 3697 2766 amat
3717 2728 3732 2766 :
3751 2725 3850 2768 nec

2256 2786 2418 2844 habet
2448 2788 2605 2859 igitur
2628 2788 2768 2860 quod
2796 2791 3079 2848 amandum
3107 2802 3210 2862 est,
3240 2796 3329 2866 qui
3355 2812 3461 2853 non
3488 2811 3654 2867 amat,
3684 2801 3845 2858 etiam

2256 2879 2300 2934 si
2321 2895 2503 2935 amare
2527 2882 2713 2952 possit,
2744 2883 2837 2954 qui
2876 2899 2980 2940 non
3022 2885 3199 2942 habet.
3248 2887 3416 2956 Nemo
3446 2890 3610 2961 igitur
3632 2894 3849 2952 beatam

2256 2969 2417 3026 vitam
2435 2973 2601 3039 novit,
2620 2982 2675 3029 et
2699 2974 2863 3031 miser
2885 2984 3000 3031 est:
3026 2978 3277 3047 quoniam
3299 2980 3343 3034 si
3365 2982 3589 3039 amanda
3612 2995 3723 3053 est,
3751 2988 3852 3043 sic-

2259 3064 2335 3119 uti
2362 3072 2465 3129 est,
2490 3064 2593 3122 hoc
2610 3075 2694 3122 est
2718 3082 2836 3123 eam
2858 3082 3016 3124 nosse
3038 3069 3181 3139 quod
3207 3070 3408 3128 habere
3433 3072 3533 3146 (τι).

2326 3156 2381 3211 2.
2413 3157 2543 3224 Quae
2562 3173 2684 3214 cum
2709 3158 2780 3214 ita
2817 3161 2943 3227 sint,
2970 3161 3098 3233 quid
3124 3174 3207 3218 est
3252 3164 3395 3220 aliud
3429 3166 3584 3223 beate
3610 3168 3828 3244 vivere,

2258 3247 2360 3303 nisi
2403 3257 2665 3305 aeternum
2703 3250 2900 3320 aliquid
2955 3253 3330 3322 cognoscendo
3381 3255 3617 3314 habere?
3669 3260 3847 3317 λεια·-

2258 3356 2385 3395 num
2408 3349 2492 3397 est
2513 3343 2677 3409 enim,
2700 3341 2767 3396 de
2785 3357 2892 3413 quo
2919 3343 3035 3397 solo
3064 3352 3210 3400 recte
3234 3345 3430 3414 fiditur,
3470 3350 3612 3420 quod
3642 3351 3838 3411 amanti

2258 3432 2455 3488 auferri
2486 3448 2590 3487 non
2641 3441 2816 3502 potest
2843 3448 2857 3487 :
2883 3433 3041 3504 idque
3080 3434 3254 3504 ipsum
3295 3447 3379 3494 est
3416 3441 3558 3510 quod
3598 3443 3736 3499 nihil
3774 3445 3836 3503 sit

2257 3524 2401 3580 aliud
2428 3523 2626 3580 habere
2645 3539 2803 3595 quam
2830 3540 3009 3581 nosse.
3038 3525 3290 3583 Omnium
3330 3531 3474 3587 enim
3510 3549 3693 3590 rerum
3716 3550 3848 3607 prato

2260 3618 2650 3673 stantissimum
2678 3625 2762 3673 est
2785 3617 2927 3689 quod
2946 3627 3205 3675 aeternum
3235 3630 3354 3678 est:
3385 3632 3439 3679 et
3471 3636 3755 3697 propterea
3786 3626 3838 3682 id

2260 3709 2460 3767 habere
2489 3726 2595 3766 non
2622 3725 2927 3781 possumus,
2974 3711 3079 3768 nisi
3116 3727 3179 3768 ea
3215 3729 3277 3772 re
3302 3730 3405 3787 qua
3448 3719 3846 3787 praestantiore:

2260 3818 2466 3871 sumus,
2500 3804 2551 3859 id
2577 3812 2660 3860 est
2684 3814 2883 3861 mente.
2906 3803 3174 3877 Quidquid
3192 3816 3370 3864 autem
3397 3816 3575 3866 mente
3597 3810 3843 3878 habetur,

2260 3896 2533 3952 nascendo
2555 3895 2805 3963 habetur;
2832 3896 3145 3969 nullumque
3178 3897 3377 3955 bonum
3406 3900 3646 3970 perfecte
3672 3900 3847 3959 nescio

2262 4000 2367 4054 tur,
2391 3989 2530 4060 quod
2555 4004 2662 4045 non
2692 3989 2929 4061 perfecte
2966 4000 3195 4046 amatur.
3235 3991 3419 4063 Neque
3451 4002 3508 4049 ut
3543 3994 3657 4050 sola
3699 4005 3845 4049 meus

2260 4091 2436 4155 potest
2463 4097 2811 4154 cognoscere,
2850 4083 2924 4139 ita
2958 4091 3012 4140 et
3031 4099 3210 4140 amare
3239 4084 3353 4139 sola
3379 4094 3572 4157 potest.
3607 4086 3845 4157 Namque

2259 4190 2412 4231 amor
2435 4175 2701 4246 appetitus
2728 4175 2943 4246 quidam
2964 4184 3047 4232 est
3073 4193 3089 4231 :
3116 4184 3172 4231 et
3193 4175 3435 4234 videmus
3452 4178 3613 4235 etiam
3639 4178 3843 4236 caeteris

2259 4267 2426 4326 animi
2455 4268 2694 4339 partibus
2724 4268 2902 4326 inesse
2934 4269 3250 4339 appetitum,
3304 4271 3395 4341 qui
3446 4272 3492 4326 si
3548 4273 3716 4329 menti
3756 4286 3843 4327 ra—

2260 4360 2497 4432 tionique
2525 4360 2845 4426 consentiat,
2877 4361 2928 4415 in
2959 4360 3051 4416 tali
3080 4376 3213 4431 pace
3251 4369 3307 4417 et
3342 4364 3727 4433 tranquillitate
3751 4378 3840 4419 va-

2258 4455 2402 4512 cabit
2444 4464 2625 4510 mente
2674 4454 3021 4526 contemplari
3072 4455 3216 4525 quod
3264 4466 3523 4514 aeternum
3568 4469 3674 4516 est.
3702 4459 3839 4529 Ergo

2260 4546 2419 4601 etiam
2445 4546 2656 4602 caeteris
2683 4546 2795 4600 suis
2822 4545 3063 4615 partibus
3091 4562 3274 4603 amare
3303 4550 3516 4607 animus
3540 4550 3704 4607 debet
3744 4549 3841 4605 hoc

2261 4648 2369 4693 tam
2401 4653 2649 4708 magnum
2670 4638 2811 4708 quod
2838 4646 3017 4694 mente
3040 4640 3465 4710 cognoscendum
3495 4650 3596 4699 est.
3630 4644 3696 4699 Et
3714 4655 3841 4713 quo-

2261 4730 2405 4786 niam
2432 4729 2484 4784 id
2524 4730 2667 4801 quod
2698 4738 2925 4797 amatur,
2974 4729 3173 4787 alliciat
3211 4747 3280 4788 ex
3336 4748 3396 4788 se
3441 4745 3709 4792 amantem
3754 4746 3841 4788 ne-

2260 4838 2413 4879 cesse
2438 4831 2550 4889 est;
2578 4822 2637 4879 lit
2662 4832 2720 4879 ut
2745 4823 2823 4878 sic
2842 4832 3076 4879 amatum
3095 4825 3235 4894 quod
3265 4836 3525 4882 :cternnm
3556 4837 3659 4896 est,
3688 4835 3839 4882 arter-

2261 4915 2430 4972 nitate
2449 4916 2685 4971 animum
2707 4914 2919 4970 alliciat.
2947 4915 3209 4984 Quocirca
3224 4932 3287 4973 ea
3304 4916 3518 4973 demum
3534 4920 3639 4974 vita
3670 4902 3836 4982 beata,

2261 5024 2380 5080 qua:
2408 5017 2607 5064 aeterna
2632 5016 2734 5062 est.
2767 5005 2905 5074 Quid
2928 5023 3055 5062 vero
3085 5016 3343 5064 arternum
3374 5019 3477 5078 est,
3523 5011 3665 5081 quod
3694 5017 3839 5065 aeter-

2263 5100 2426 5155 nitate
2446 5100 2682 5154 animum
2713 5097 2932 5163 alliciat,
2968 5097 3068 5152 nisi
3112 5098 3294 5154 Deus?
3347 5102 3514 5155 Amor
3540 5112 3719 5157 autem
3760 5110 3839 5152 re-

2261 5208 2379 5248 rum
2409 5190 2782 5254 amandarum,
2810 5189 3044 5245 charitas
3065 5191 3146 5246 vel
3177 5191 3392 5247 dilectio
3413 5193 3603 5249 melius
3626 5191 3832 5249 dicitur.

2260 5283 2437 5351 Quare
2467 5282 2715 5338 omnibus
2759 5281 3096 5352 cogitationis
3154 5282 3356 5339 viribus
3398 5282 3834 5341 considerandum

2260 5385 2343 5432 est
2369 5374 2777 5432 saluberrimum
2810 5372 2939 5429 illud
2966 5385 3315 5444 praeceptum,
3346 5376 3544 5449 Diliges
3569 5375 3837 5432 Dominum

2324 5515 2342 5546 ί
2368 5518 2467 5561 nat.
2495 5518 2547 5562 et
2568 5517 2679 5561 octo
2694 5516 2824 5571 uss,
2846 5512 3069 5561 uitiatori.

2323 5577 2343 5605 ³
2365 5581 2573 5632 Quatuor
2588 5579 2702 5635 Mss.
2729 5584 2839 5620 cum
2870 5574 3099 5635 taugypio,
3124 5585 3269 5634 quam
3301 5574 3427 5625 sicut
3452 5575 3737 5625 uastandum
3768 5569 3836 5635 eg!

2258 5631 2410 5687 nosse.
2433 5642 2486 5684 Et
2506 5634 2661 5695 infra,
2676 5642 2827 5695 ,Nemo
2865 5631 3016 5695 igitur
3035 5631 3223 5683 beatum
3257 5635 3405 5687 vitam
3442 5636 3564 5688 sicut

2258 5704 2359 5756 est,
2593 5694 2974 5743 additamentum
3023 5702 3268 5757 sumptum
3317 5706 3396 5750 est
3450 5712 3514 5749 ex
3572 5705 3589 5746 ι
3638 5697 3825 5748 Item

2257 5757 2674 5880 migufﬁnctract.
2701 5829 2804 5877 cap.
2823 5815 2898 5866 96.

2830 6505 3445 6515 ῨἪᾏῨ
3454 6514 3469 6515 7
3500 6514 3517 6515 7
