3942 6416
141 361 202 422 κ
814 294 850 333 ”
1023 301 1037 341 ⁷
1509 331 1695 390 LIBER

1805 329 1945 390 sus.
2582 307 2618 329 "
2725 265 2772 343 ’ί
3301 331 3379 398 υ

142 481 289 536 nam
312 482 428 528 tam
447 468 500 522 in
537 471 647 519 toto
680 460 837 517 corde
863 467 978 524 tuo,
1007 452 1124 510 etin
1147 461 1247 508 tota
1285 449 1454 505 anima
1503 460 1610 516 tua,
1641 457 1689 504 et

143 573 453 629 intotamatte
476 570 564 614 tua
595 555 821 630 (Matth.
855 565 992 616 xxn,
1039 545 1148 619 37);
1190 554 1244 601 et
1271 542 1401 599 illud
1429 541 1572 613 quod
1614 541 1689 597 ait

149 661 359 718 Dominus
383 655 550 719 Iesus,
584 647 720 702 Haec
750 653 822 700 est
844 652 1014 697 autem
1042 640 1140 694 vita
1166 646 1369 701 teterna,
1402 636 1456 688 itt
1496 648 1688 703 cogno-

91 806 100 834 ,ι
146 766 262 812 mm
283 767 322 806 te
343 749 494 804 solum
542 759 726 798 verum
781 738 964 804 Deum,
1013 742 1062 790 et
1099 747 1244 803 quem
1291 728 1469 784 misisti
1507 725 1689 783 Iesum

88 832 100 900 ἐ
142 840 538 910 Christumann.
578 850 714 897 xvtt,
746 832 823 903 3).

94 945 99 1005 _'
405 927 653 988 XXXVI.
689 925 767 979 De
807 919 1074 978 nutrienda
1107 917 1371 971 charitate.

196 1033 242 1086 t.
269 1025 570 1082 Charitatem
617 1032 779 1080 voco,
833 1029 937 1086 qua
966 1014 1252 1065 ‘amantur
1297 1022 1360 1062 ea
1405 1020 1525 1077 quae
1580 1018 1686 1059 non

139 1131 245 1180 sunt
271 1131 363 1191 prae
389 1117 502 1186 ipso
546 1120 767 1166 amante
820 1101 1257 1162 contemnenda:
1295 1099 1344 1153 id
1395 1104 1496 1163 est,
1546 1093 1686 1166 quod

114 1195 351 1270 'mtenium
377 1216 477 1272 est,
504 1215 559 1260 et
589 1200 734 1273 quod
757 1213 939 1253 amare
966 1196 1141 1263 ipsum
1188 1200 1444 1246 aeternum
1491 1195 1684 1258 potest.

132 1307 247 1360 Deus
270 1301 413 1373 igitur
435 1306 489 1351 et
514 1296 728 1349 animus
759 1306 865 1361 quo
906 1295 1119 1342 amatur
1142 1288 1186 1350 ',
1215 1282 1446 1338 charitas
1475 1279 1687 1352 proprie

127 1369 307 1450 dicitur.
339 1386 712 1462 purgatissima
731 1392 786 1437 et
825 1385 1220 1440 consummata,
1275 1375 1320 1428 si
1372 1372 1499 1427 nihil
1544 1369 1687 1425 aliud

128 1495 312 1542 amatur
333 1482 405 1554 (α)
437 1500 451 1535 :
478 1480 620 1532 hanc
650 1485 704 1531 et
723 1472 1068 1552 dilectionem
1093 1467 1198 1523 dici
1223 1467 1412 1537 placet.
1439 1463 1542 1519 Sed
1562 1478 1686 1518 cum

127 1580 252 1633 Deus
295 1548 455 1640 magis
502 1570 739 1640 diligitur
780 1580 944 1636 quam
976 1548 1208 1626 animus,
1258 1567 1316 1613 ut
1346 1557 1495 1612 malit
1527 1557 1687 1610 homo

127 1671 227 1741 ejus
244 1683 355 1724 esse
379 1681 534 1738 quam
563 1677 710 1727 suus,
742 1669 868 1714 tunc
884 1671 1009 1712 vere
1029 1654 1209 1709 animo
1229 1665 1540 1720 summeque
1561 1663 1690 1703 con-

129 1765 322 1824 sulitur,
351 1763 738 1826 consequenter
761 1760 818 1807 et
839 1748 1075 1820 corpori,
1102 1745 1259 1801 nobis
1283 1743 1334 1799 id
1369 1757 1470 1796 non
1501 1755 1690 1796 curan-

129 1856 256 1909 tibus
279 1854 449 1922 aliquo
469 1848 700 1918 appetitu
718 1851 1009 1914 satagente,
1031 1839 1124 1894 sed
1150 1847 1352 1892 tantum
1372 1843 1614 1904 prompta
1636 1842 1689 1888 et

129 1947 290 2000 oblata
321 1942 670 1999 sumentibus.
713 1935 1000 1992 Charitatis
1052 1941 1228 1986 autem
1271 1943 1537 1985 venenum
1584 1935 1684 1992 est,

129 2052 246 2106 spes
273 2033 728 2103 adipiscendorum
755 2037 843 2082 aut
868 2022 1270 2081 retinendorum
1293 2018 1685 2088 temporalium.

133 2131 523 2184 Nutrimentum
563 2125 673 2192 ejus
709 2131 805 2185 est,
835 2117 1122 2174 imminutio
1157 2114 1484 2186 cupiditatis;
1508 2110 1687 2180 perfe-

138 2223 259 2288 ctio,
288 2222 424 2274 nulla
467 2217 736 2287 cupiditas.
763 2214 972 2285 Signum
1024 2208 1294 2280 profectus
1341 2206 1475 2275 ejus,
1510 2203 1688 2259 immi-

132 2315 274 2368 nutio
305 2311 522 2374 timoris;
579 2308 775 2376 signum
827 2301 1165 2373 perfectionis
1215 2298 1349 2369 ejus,
1395 2296 1571 2351 nullus
1619 2294 1690 2348 ti-

131 2420 238 2458 mor
267 2422 280 2456 :
310 2403 425 2473 quia
475 2408 529 2454 et
567 2398 712 2452 radix
751 2406 822 2451 est
866 2394 1091 2449 omnium
1144 2391 1395 2445 malorum
1441 2386 1690 2457 cupiditas

133 2496 170 2563 (l
197 2495 324 2548 Tim.
351 2509 419 2555 vt,
455 2491 566 2561 10);
593 2499 664 2556 et,
692 2495 1041 2542 consummata
1066 2482 1267 2538 dilectio
1289 2483 1426 2552 foras
1455 2479 1605 2532 mittit
1626 2477 1691 2530 ti-

135 2561 298 2641 morem
326 2586 364 2655 (Ι
389 2585 542 2638 Joan.
572 2599 642 2648 tv,
677 2579 790 2653 18).
816 2577 1068 2648 Quisquis
1112 2575 1271 2644 igitur
1314 2587 1431 2627 eam
1486 2561 1690 2625 nutrire

138 2679 252 2741 vult,
281 2678 430 2731 instet
453 2671 760 2729 minuendis
793 2667 1195 2738 cupiditatibus.
1241 2664 1336 2719 Est
1377 2671 1553 2716 autem
1593 2676 1688 2715 cu—

142 2768 321 2836 piditas,
345 2783 494 2820 amor
518 2762 857 2835 adipiscendi
907 2768 1000 2814 aut
1028 2755 1302 2814 obtinendi
1351 2752 1686 2822 temporalia.

145 2862 280 2931 llujus
303 2859 585 2915 minuendae
622 2857 834 2912 initium
867 2862 970 2920 est,
1003 2853 1169 2908 Deum
1197 2850 1403 2911 timere,
1432 2845 1521 2916 qui
1544 2845 1692 2900 solus

148 2954 287 3006 timeri
312 2955 417 3006 sine
443 2967 629 3006 amore
681 2964 791 3003 non
815 2955 1012 3018 potest.
1054 2943 1136 2998 Ad
1187 2939 1505 3012 sapientiam
1549 2938 1691 2995 enim

155 3043 364 3107 tenditur,
385 3052 432 3098 et
453 3042 574 3096 nihil
611 3041 796 3096 verius
829 3053 895 3092 eo
937 3036 1075 3108 quod
1099 3035 1298 3090 dictum
1345 3042 1447 3101 est,
1477 3033 1692 3088 Initium

148 3135 366 3202 sapientia:
388 3135 522 3186 timor
539 3131 762 3186 Domini
790 3128 970 3198 (Eccli.
999 3144 1038 3192 ι,
1064 3127 1177 3196 l6).
1201 3125 1368 3181 Nemo
1395 3134 1478 3180 est
1497 3125 1693 3196 quippe

148 3227 218 3296 qui
241 3242 329 3282 non
349 3229 502 3296 magis
529 3226 786 3280 dolorem
834 3222 1037 3292 fugiat,
1068 3236 1226 3290 quam
1282 3229 1496 3290 appetat
1538 3221 1691 3275 volu-

151 3328 316 3386 ptatem
341 3337 354 3371 :
383 3315 817 3389 quandoquidem
831 3313 1073 3367 videmus
1102 3311 1261 3366 etiam
1281 3310 1693 3365 immanissimas

143 3410 355 3465 bestiasa
400 3409 658 3467 maximis
707 3406 1067 3477 voluptatibus
1115 3403 1401 3458 absterreri
1448 3402 1692 3458 dolorum

141 3513 294 3567 metu;
323 3503 449 3573 quod
476 3519 605 3558 cum
639 3502 692 3555 in
719 3497 1030 3554 earumdem
1051 3494 1492 3551 consuetudinem
1518 3503 1693 3549 verte-

139 3593 212 3654 rit,
234 3591 425 3648 domita:
461 3602 516 3648 et
541 3598 847 3647 mansueta:
876 3595 1155 3642 vocantur.
1183 3583 1518 3655 Quapropter
1559 3597 1697 3653 quo-

142 3684 263 3738 niam
287 3686 416 3739 inest
443 3681 658 3738 homini
688 3680 846 3745 ratio,
883 3693 1002 3748 quae
1032 3692 1156 3731 cum
1211 3675 1376 3730 servit
1419 3672 1697 3744 cupiditati

140 3777 440 3847 penei-sione
482 3771 810 3835 miserabili,
839 3779 897 3824 ut
950 3768 1196 3823 homines
1243 3781 1349 3822 non
1389 3766 1696 3833 timeantur,

139 3870 338 3938 suggerit
364 3868 527 3922 latere
559 3879 730 3936 posse
748 3861 1058 3923 commissa,
1087 3869 1140 3914 et
1158 3859 1223 3913 ad
1247 3858 1470 3929 tegenda
1492 3858 1699 3913 occulta

139 3970 322 4029 peccata
350 3960 714 4015 astutissimas
738 3955 974 4009 fallacias
1006 3960 1308 4021 comparat;
1337 3966 1402 4006 eo
1433 3951 1490 4004 ﬁt
1519 3958 1576 4004 ut
1605 3951 1699 4003 ho-

138 4053 285 4107 mines
328 4068 458 4122 quos
509 4048 758 4106 nondum
799 4046 1030 4101 delectat
1083 4041 1419 4112 pulchritudo
1467 4039 1698 4122 virtutis,

139 4099 285 4107 ------ν
330 4099 454 4122 «ιπ-
510 4099 757 4106 --ν----υ-
1085 4099 1099 4112 .
1684 4099 1696 4108 .

137 4143 444 4213 nisipuanisa
482 4139 765 4213 peccando
804 4137 1201 4200 deterreantur,
1258 4148 1376 4203 quae
1423 4099 1702 4187 tersissime

137 4247 218 4301 per
236 4244 432 4290 sanctos
475 4243 531 4290 et
563 4231 780 4287 divinos
832 4227 976 4283 viros
1022 4225 1396 4296 prmdicantur,
1453 4230 1507 4278 et
1560 4221 1704 4292 quod

137 4323 294 4377 celant
324 4325 658 4388 hominibus,
691 4321 802 4374 Deo
830 4318 995 4374 celari
1028 4333 1131 4371 non
1166 4331 1323 4386 posse
1343 4314 1701 4380 consentiant,

136 4415 371 4473 difﬁcilius
415 4420 719 4474 domentur
747 4429 904 4484 quam
940 4411 1083 4466 ferae.
1126 4408 1195 4465 Ut
1232 4416 1408 4464 autem
1457 4408 1706 4462 timeatur

134 4508 276 4576 Deus,
313 4511 484 4566 divina
509 4506 849 4582 providentia
876 4506 985 4575 regi
1014 4504 1260 4558 universa
1280 4499 1704 4572 persuadendum

133 4612 229 4665 est;
255 4617 350 4657 non
375 4613 484 4657 tam
518 4599 844 4661 rationibus,
867 4611 1003 4666 quas
1043 4595 1134 4665 qui
1183 4602 1356 4664 potest
1410 4593 1564 4656 inire,
1615 4607 1709 4662 po-

134 4703 220 4748 test
249 4697 351 4764 jam
387 4705 442 4751 et
481 4690 942 4766 pulchritudinem
1011 4687 1215 4743 sentire
1261 4685 1490 4749 virtutis,
1549 4698 1708 4752 quam

132 4787 363 4856 exemplis
403 4786 490 4841 vel
515 4782 852 4846 recentibus,
899 4781 942 4834 si
968 4794 1070 4849 qua
1098 4785 1404 4844 occurrunt,
1432 4775 1512 4830 vel
1535 4775 1602 4829 de
1628 4774 1712 4829 hi-

134 4881 294 4945 storia,
329 4890 474 4936 etea
530 4879 769 4933 maxime
820 4891 942 4945 quae
987 4875 1103 4944 ipsa
1147 4873 1325 4927 divina
1371 4868 1707 4941 providentia

134 4984 446 5040 procurante,
481 4973 606 5028 sive
633 4971 683 5025 in
714 4969 935 5035 Vetere,
963 4968 1076 5022 sive
1100 4967 1151 5021 in
1191 4965 1340 5020 Novo
1370 4962 1711 5017 Testamento

135 5065 625 5120 excellentissimam
663 5061 1036 5115 auctoritatem
1068 5056 1338 5129 religionis
1375 5053 1597 5122 recepit.
1628 5052 1714 5108 Si—

136 5156 225 5208 mul
247 5168 418 5212 autem
444 5154 719 5226 agendum
751 5161 836 5208 est
873 5161 927 5206 et
955 5151 1022 5206 de
1048 5149 1220 5220 pomis
1267 5155 1628 5219 peccatorum,
1660 5154 1715 5201 et

140 5246 190 5300 de
211 5251 440 5318 praemiis
469 5257 622 5304 recte
644 5249 927 5302 factorum.

196 5341 240 5396 Ξ.
266 5343 381 5398 iam
412 5359 550 5400 vero
580 5358 700 5398 cum
736 5340 910 5409 aliqua
939 5352 1042 5391 non
1075 5333 1329 5406 peccandi
1358 5331 1710 5399 consuetudo,

149 5434 265 5497 (ιιιοά
304 5451 602 5492 onerosum
643 5433 946 5505 putabatur,
1001 5429 1152 5484 facile
1197 5441 1317 5486 esse
1365 5423 1712 5496 persuaserit;

149 5519 337 5594 incipiat
362 5527 575 5599 gustari
597 5525 822 5581 dulcedo
851 5523 1081 5594 pietatis,
1114 5530 1168 5577 et
1194 5517 1558 5577 commendari
1596 5516 1716 5587 pul-

152 5638 455 5754 ﬂgttacmuss.
518 5644 573 5686 At
617 5637 767 5694 editi,
822 5633 1116 5685 cliaritatem
1168 5645 1280 5686 voco
1335 5637 1514 5682 motum
1568 5625 1718 5679 animi

241 5733 254 5754 .
367 5738 379 5747 .

201 5733 226 5744 ν
241 5733 254 5754 ,
287 5733 379 5748 μιν,

201 5760 218 5823 ε
237 5763 428 5816 cuidam
445 5767 576 5820 3455.,
595 5773 689 5823 quo
710 5767 950 5810 amimtur.

202 5821 265 5879 (ε)
298 5821 659 5886 taetract.cap.
679 5823 753 5871 26.

1791 447 2036 503 chritudo
2058 445 2289 514 virtutis,
2316 455 2375 503 ut
2401 445 2675 506 cbaritatis
2703 447 2922 508 libertas
2945 465 3062 523 prte
3110 431 3366 510 servitute

1794 541 2000 597 timoris
2022 541 2274 597 emineat.
2303 540 2454 596 Tunc
2469 541 2582 612 jam
2617 543 3048 614 persuadendum
3093 554 3176 600 est
3201 543 3376 600 ﬁdeli-

1790 633 1891 690 bus
1918 633 2340 704 praecedentibus
2364 635 2784 706 regenerationis
2827 635 3215 703 Sacramentis,
3254 650 3375 706 quas

1792 741 2013 782 necesse
2061 735 2143 782 est
2179 726 2464 796 plurimum
2512 735 2780 794 moveant,
2821 727 2946 798 quid
2979 728 3187 784 intersit
3228 727 3370 782 inter

1791 821 1927 876 duos
1970 820 2236 885 homines,
2265 831 2498 878 veterem
2528 829 2583 878 et
2610 837 2828 886 novum,
2860 823 3184 878 exteriorem
3215 831 3269 878 et
3299 823 3374 877 in-

1794 912 2064 978 teriorem,
2095 921 2366 968 terrenum
2409 923 2465 970 et
2491 914 2786 980 caelestem;
2837 913 2890 969 id
2932 924 3034 980 est,
3074 915 3214 969 inter
3247 929 3371 969 eum

1792 1005 1880 1075 qui
1908 1004 2044 1061 bona
2087 1006 2317 1060 carnalia
2344 1013 2399 1061 et
2425 1007 2759 1077 temporalia,
2783 1014 2838 1061 et
2856 1022 2980 1061 eum
3009 1006 3097 1076 qui
3123 1006 3374 1075 spiritua-

1792 1096 1860 1150 lia
1903 1105 1957 1153 et
1996 1105 2194 1153 :eterna
2244 1106 2517 1154 sectatur:
2548 1098 2984 1168 manendumque
3025 1113 3090 1152 ne
3142 1097 3374 1167 peritura

1791 1189 2047 1246 beneficia
2078 1201 2132 1247 et
2168 1193 2495 1248 transeuntia
2529 1200 2910 1260 exspectentur
2942 1206 2970 1243 a
3003 1191 3132 1256 Deo,
3183 1188 3377 1259 quibus

1792 1293 1847 1338 et
1870 1283 2096 1354 improbi
2125 1283 2366 1340 homines
2392 1284 2664 1338 abundare
2695 1291 2957 1353 possunt;
3003 1281 3097 1336 sed
3146 1280 3296 1334 firma
3324 1285 3380 1334 et

1792 1377 2133 1445 sempiterna,
2159 1391 2255 1445 pro
2283 1376 2476 1447 quibus
2500 1375 2823 1445 accipiendis
2853 1374 3032 1429 omnia
3054 1387 3173 1443 quae
3195 1371 3247 1426 in
3274 1371 3378 1426 hoc

1791 1466 1991 1520 mundo
2021 1467 2157 1520 bona
2187 1477 2436 1536 putantur
2464 1475 2519 1522 et
2546 1467 2704 1530 mala,
2739 1465 2956 1534 penitus
2984 1460 3374 1519 contemnenda

1793 1573 1934 1618 sunt.
1964 1563 2060 1616 ilic
2080 1561 2575 1629 praestantissimum
2605 1559 2732 1614 illud
2759 1569 2811 1614 et
2833 1558 3044 1615 unicum
3074 1555 3376 1625 exemplum

1795 1654 2053 1708 Dominici
2080 1652 2308 1707 hominis
2332 1651 2733 1722 proponendum
2761 1660 2852 1705 est
2881 1651 2922 1715 ‘,
2955 1648 3044 1718 qui
3073 1663 3192 1701 cum
3222 1660 3281 1700 se
3297 1653 3376 1699 tot

1792 1749 2061 1804 miraculis
2090 1757 2289 1802 tantam
2316 1763 2495 1803 rerum
2527 1753 2842 1816 potestatem
2877 1742 3078 1797 habere
3107 1747 3376 1794 monstra-

1793 1853 1894 1909 ret,
1923 1851 1978 1897 et
2003 1859 2065 1898 ea
2099 1842 2299 1912 sprevit
2341 1857 2458 1910 quae
2486 1853 2675 1909 magna
2717 1837 2879 1898 bona.
2927 1843 2984 1890 et
3030 1848 3092 1888 ea
3128 1827 3378 1886 sustinuit

1793 1953 1910 2007 qua:
1935 1951 2121 2005 magna
2147 1935 2284 1988 mala
2307 1932 2536 2001 imperiti
2566 1939 2753 1998 putant
2790 1946 2802 1981 :
2826 1942 2963 1998 quos
3003 1937 3182 1980 mores
3209 1929 3265 1976 et
3289 1918 3376 1974 di-

1794 2029 2094 2100 sciplinam,
2119 2043 2185 2081 ne
2215 2035 2363 2081 tanto
2393 2025 2568 2078 minus
2598 2022 2874 2092 quisquam
2905 2015 3120 2088 aggredi
3157 2013 3376 2077 audeat,

1794 2130 1993 2190 quanto
2016 2118 2144 2173 illud
2186 2118 2356 2186 magis
2397 2115 2645 2179 honorat,
2691 2122 2746 2167 et
2792 2111 2859 2166 de
2908 2102 3376 2179 pollicitationibus

1793 2221 1953 2281 atque
1980 2209 2371 2264 hortationibus
2417 2205 2554 2274 ejus,
2585 2212 2639 2258 et
2677 2203 2743 2257 de
2772 2200 3090 2256 imitantium
3132 2195 3379 2250 multitu-

1793 2303 1919 2359 dine
1946 2300 2323 2372 Apostolorum
2348 2338 2362 2363 ,
2407 2305 2721 2366 martyrum,
2767 2301 3182 2359 sanctorumque
3219 2288 3379 2341 innu-

1793 2393 2155 2458 merabilium,
2188 2405 2345 2460 quam
2386 2403 2493 2442 non
2538 2385 2646 2440 sint
2679 2383 2767 2438 illa
2819 2379 3156 2453 desperanda
3203 2386 3383 2433 osten-

1792 2486 2024 2542 dendum
2043 2493 2146 2540 est.

1866 2582 1920 2636 '5.
1960 2580 2031 2633 At
2059 2577 2145 2632 ubi
2174 2574 2372 2630 fuerint
2400 2569 2690 2626 carnalium
2732 2565 3062 2635 voluptatum
3115 2558 3382 2615 illecebrae

1794 2681 2079 2744 superatae,
2111 2667 2405 2725 cavendum
2437 2673 2521 2720 est
2552 2679 2618 2718 ne
2646 2660 2900 2729 subrepat
2928 2668 3088 2726 atque
3130 2652 3382 2709 succedat

1795 2767 2056 2836 cupiditas
2107 2760 2353 2833 placendi
2397 2755 2702 2812 hominibus
2754 2759 2844 2807 aut
2887 2765 2984 2820 per
3016 2748 3190 2816 aliqua
3244 2745 3382 2799 facta

1795 2859 2076 2923 mirabilia,
2118 2865 2210 2910 aut
2235 2871 2328 2925 per
2374 2850 2644 2906 difficilem
2689 2844 3076 2902 continentiam
3123 2841 3236 2896 sive
3281 2854 3380 2909 pa-

1797 2951 2058 3013 tientiam,
2098 2957 2188 3002 aut
2223 2962 2320 3017 per
2352 2945 2582 3013 aliquam
2620 2938 2983 3009 largitionem,
3042 2942 3133 2988 aut
3167 2930 3385 2988 nomine

1797 3044 2034 3099 scientia:
2065 3040 2145 3094 vel
2169 3036 2486 3108 eloquentiae
2510 3051 2525 3088 :
2553 3033 2604 3088 in
2632 3047 2698 3087 eo
2716 3043 2912 3102 genere
2938 3037 3020 3083 est
3040 3035 3093 3082 et
3113 3023 3376 3096 cupiditas

1798 3135 2035 3190 honoris.
2053 3130 2248 3187 Contra
2266 3144 2384 3200 qum
2397 3126 2576 3180 omnia
2599 3138 2696 3194 pro
2706 3121 2945 3177 ferantur
2959 3133 3019 3174 ea
3041 3132 3160 3188 qua:
3183 3115 3382 3183 scripta

1799 3237 1923 3282 sunt
1965 3226 2034 3280 de
2063 3223 2220 3278 laude
2268 3217 2562 3281 charitatis,
2605 3226 2662 3272 et
2704 3215 2772 3271 de
2801 3213 3054 3268 inanitate
3085 3207 3384 3280 jactantim;

1798 3317 2158 3385 doceaturque
2201 3328 2360 3384 quam
2395 3311 2464 3366 sit
2495 3306 2804 3379 pudendum
2844 3304 2922 3360 eis
2965 3303 3177 3372 placere
3223 3296 3383 3361 velle,

1799 3424 1933 3480 quos
1961 3407 2096 3462 nolis
2121 3404 2338 3459 imitari.
2368 3403 2472 3455 Aut
2499 3399 2642 3454 enim
2679 3396 2808 3451 boni
2852 3410 2959 3449 non
2999 3400 3142 3457 sunt,
3168 3399 3223 3445 et
3250 3386 3387 3442 nihil

1799 3515 2048 3571 magnum
2079 3505 2161 3552 est
2187 3511 2216 3550 a
2244 3493 2398 3549 malis
2426 3491 2671 3554 laudari;
2727 3497 2818 3542 aut
2845 3486 2972 3542 boni
3012 3492 3156 3545 sunt,
3190 3491 3245 3536 et
3291 3493 3388 3534 eos

1799 3597 2011 3662 Oportet
2039 3585 2255 3642 imitari.
2278 3583 2386 3639 Sed
2415 3582 2505 3653 qui
2535 3580 2662 3636 boni
2684 3586 2832 3644 sunt,
2854 3575 3053 3629 virtute
3076 3571 3203 3627 boni
3231 3577 3385 3624 sunt:

1800 3683 1969 3738 virtus
1993 3688 2172 3735 autem
2201 3692 2308 3733 non
2331 3674 2536 3746 appetit
2566 3671 2707 3742 quod
2749 3671 2801 3724 in
2840 3667 3069 3723 aliorum
3109 3663 3390 3718 hominum

1801 3783 2067 3849 potestate
2097 3780 2198 3826 est.
2229 3770 2329 3839 Qui
2369 3782 2498 3837 ergo
2540 3765 2781 3821 imitatur
2809 3762 3000 3824 bonos,
3054 3757 3253 3814 nullius
3291 3753 3392 3809 ho-

1803 3870 1963 3927 minis
2003 3866 2204 3937 appetit
2241 3862 2473 3927 laudem;
2523 3859 2613 3931 qui
2668 3856 2862 3920 malos,
2907 3867 3012 3908 non
3053 3850 3246 3922 dignus
3307 3855 3393 3902 est

1808 3960 1986 4017 laude.
2014 3958 2068 4014 Si
2095 3965 2275 4012 autem
2323 3954 2536 4024 placere
2581 3948 2885 4004 hominibus
2926 3943 3045 4000 ideo
3085 3942 3186 4006 vis,
3218 3947 3276 3994 ut
3313 3939 3393 3993 eis

1807 4052 1981 4125 prosis
2008 4049 2074 4104 ad
2100 4046 2427 4118 diligendum
2461 4046 2653 4105 Deum;
2683 4055 2789 4095 non
2813 4038 2921 4108 jam
2945 4035 3069 4100 hoc,
3116 4031 3210 4087 sed
3249 4028 3392 4084 aliud

1807 4144 1976 4214 cupis.
2000 4141 2102 4210 Qui
2131 4149 2309 4196 autem
2340 4138 2555 4208 placere
2592 4133 2760 4203 cupit,
2815 4127 3176 4185 necessarium
3221 4122 3395 4178 adhuc

1808 4236 1970 4291 habet
1991 4236 2236 4289 timorem
2270 4250 2282 4285 :
2311 4229 2568 4300 primum,
2612 4241 2680 4280 ne
2709 4222 2916 4279 occulte
2947 4217 3222 4292 peccando
3257 4216 3396 4270 inter

1809 4326 2115 4397 hypocritas
2163 4340 2194 4378 a
2232 4323 2460 4377 Domino
2497 4324 2856 4387 computetur;
2894 4311 3108 4379 deinde,
3151 4309 3194 4364 si
3225 4308 3392 4362 bene-

1810 4419 1961 4475 factis
1985 4417 2199 4486 placere
2241 4412 2460 4482 appetit,
2510 4425 2577 4464 ne
2615 4407 2754 4461 hanc
2782 4402 3086 4459 mercedem
3125 4412 3397 4468 aucupans

1811 4509 1998 4583 perdat
2018 4505 2159 4578 quod
2179 4504 2400 4559 daturus
2426 4509 2510 4555 est
2537 4500 2701 4553 Deus.

1882 4605 1936 4659 4.
1966 4601 2072 4658 Sed
2099 4598 2304 4654 devicta
2348 4596 2448 4650 ista
2500 4590 2810 4661 cupiditate,
2856 4583 3098 4642 cavenda
3147 4580 3396 4652 superbia

1814 4704 1913 4752 est.
1948 4690 2175 4747 Difﬁcile
2206 4696 2288 4743 est
2307 4685 2446 4742 enim
2473 4692 2533 4738 ut
2561 4671 2810 4752 dignetur
2836 4675 3132 4733 consociari
3165 4672 3399 4728 homini-

1814 4787 1931 4851 bus,
1957 4783 2048 4855 qui
2073 4783 2152 4838 eis
2172 4781 2380 4852 placere
2415 4778 2526 4848 jam
2558 4790 2664 4829 non
2690 4771 2978 4835 desiderat,
3006 4777 3061 4824 et
3102 4768 3315 4838 plenum
3341 4781 3402 4822 se

1817 4875 2098 4932 virtutibus
2128 4880 2293 4942 putat.
2321 4869 2509 4939 Itaque
2538 4865 2719 4920 adhuc
2744 4861 3080 4918 necessarius
3107 4869 3188 4914 est
3219 4860 3400 4924 timor,

1817 4985 1884 5024 ne
1906 4965 2034 5022 illud
2063 4965 2222 5019 etiam
2252 4960 2392 5032 quod
2422 4958 2638 5014 videtur
2669 4955 2886 5018 habere,
2919 4952 3192 5006 auferatur
3230 4948 3298 5002 ab
3335 4962 3404 5002 eo

1820 5061 2033 5138 (Matth.
2062 5074 2186 5124 xxv,
2218 5057 2333 5127 29);
2363 5062 2418 5110 et
2444 5052 2696 5108 manibus
2723 5063 2786 5104 ac
2831 5047 3053 5118 pedibus
3085 5042 3258 5115 ligatis
3278 5040 3405 5096 mit-

1818 5133 1960 5211 tatur
1997 5152 2050 5207 in
2097 5148 2345 5206 tenebras
2388 5143 2690 5201 exteriores
2735 5137 2846 5212 (Id.
2869 5136 3129 5204 xxtt,i3).
3174 5133 3409 5202 Quapro-

1819 5257 1937 5319 pter
1960 5242 2054 5299 Dei
2079 5241 2241 5296 timor
2261 5253 2367 5293 non
2409 5236 2582 5291 solum
2611 5231 2846 5296 inchoat,
2873 5228 2967 5284 sed
3016 5228 3173 5282 etiam
3200 5221 3410 5294 perficit

1822 5318 2134 5408 Sapientem.
2163 5332 2212 5387 ls
2238 5339 2320 5387 est
2345 5337 2528 5384 autem
2571 5325 2662 5396 qui
2689 5336 2898 5379 summe
2924 5319 3095 5390 diligit
3135 5318 3322 5381 Deum,
3355 5321 3410 5369 et

1821 5407 2121 5502 proximum
2150 5434 2400 5496 tanquam
2424 5436 2484 5476 se
2512 5420 2706 5490 ipsum.
2739 5416 2869 5485 Qua
2888 5424 3068 5470 autem
3111 5411 3164 5468 in
3197 5411 3296 5466 hoc
3318 5407 3408 5462 iti-

1889 5623 2163 5685 tangimus
2184 5621 2231 5668 in
2256 5618 2444 5685 duobus
2467 5622 2595 5685 iis»
2627 5604 3114 5685 ςαξβηρριιινη
3136 5607 3412 5685 arma:

1825 5660 2600 5736 “£251”iiiieé’iséiité’éi'au'iibi
2623 5660 2881 5736 [ἐξεύροι.
2902 5682 3008 5736 cap.
3029 5666 3105 5725 i9,
3133 5660 3408 5736 (amendato;

1825 5724 2494 5810 Eﬁi'iiignisiiﬁits'éiiiigiuini
2505 5724 2614 5810 ais-e
2631 5724 2886 5798 aliquando
2908 5724 3098 5778 dictum
3119 5738 3233 5777 esse
3256 5724 3414 5782 homi-

1827 5823 1939 5860 nem
1963 5803 2254 5858 Dominictun
2278 5819 2373 5855 non
2398 5803 2582 5867 probat.
