3942 6416
544 297 622 370 η
1323 285 1413 342 DE
1443 279 1754 341 DIVEBSIS
1789 272 2312 346 QUIESTIQNIBUS
2351 273 2638 368 LXXXIII,
2681 273 2739 332 S.
2779 275 3144 336 AUGUSTINl
3437 309 3444 330 ς

546 426 674 474 nere
692 408 924 492 pericula
943 403 1384 490 difﬁcultatesaue
1422 398 1722 492 metuende
1760 396 1888 468 sint.
1927 401 1982 454 et
2005 396 2123 464 qui-

545 503 645 566 bus
669 502 921 574 remediis
947 501 1020 557 uti
1048 504 1311 572 oporteat,
1335 494 1434 556 alia
1465 491 1688 563 quaestio
1715 497 1816 545 εει.

954 588 1216 654 XXXVII.
1249 585 1326 652 De
1347 601 1541 656 semper
1566 593 1704 682 nato.
2078 667 2094 682 ο

616 687 802 750 Melior
822 691 903 747 est
925 697 1139 752 semper
1169 690 1347 747 natus,
1377 692 1534 749 quam
1575 675 1663 750 qui
1693 686 1906 742 semper
1950 675 2123 724 nasci-

545 789 649 846 tur.
677 780 812 848 Quia
836 778 926 848 qui
953 791 1168 854 semper
1191 774 1446 836 nascitur,
1475 767 1708 831 nondum
1735 775 1816 820 est
1853 774 2009 866 natus
2030 781 2043 828 ;
2068 771 2122 817 et

545 886 817 940 nunquam
849 879 1002 926 natus
1027 877 1109 936 est
1133 875 1222 928 aut
1253 875 1408 930 natus
1426 863 1545 936 erit,
1570 861 1613 925 si
1635 875 1848 932 semper
1866 861 2122 912 nascitur.

550 965 709 1022 Aliud
735 974 818 1022 est
840 963 980 1024 enim
1009 961 1178 1027 nasci,
1223 959 1363 1022 aliud
1408 967 1591 1022 natum
1623 969 1760 1050 esse.
1794 954 1869 1005 Ac
1903 966 2000 1028 per
2026 948 2126 1050 hoc

546 1071 815 1128 nunquam
847 1055 1007 1120 ﬁlius,
1037 1053 1080 1114 si
1117 1065 1382 1120 nunquam
1410 1058 1562 1115 natus
1592 1064 1605 1108 ς
1639 1045 1778 1099 ﬁlius
1803 1052 1980 1096 autem
2004 1045 2127 1116 quia

549 1161 728 1216 natus,
755 1156 839 1203 est
861 1161 1073 1218 semper
1097 1144 1231 1208 ﬁlius
1257 1160 1270 1197 :
1295 1156 1506 1212 semper
1536 1139 1694 1214 igitur
1716 1146 1890 1206 natus.

803 1235 1092 1302 XXXVIII.
1124 1234 1201 1288 De
1228 1232 1627 1306 conformatione
1656 1229 1858 1288 animm.

613 1331 748 1388 Cum
773 1329 914 1386 aliud
939 1329 1008 1384 sit
1034 1337 1243 1393 natura,
1287 1315 1428 1396 aliud
1465 1322 1765 1398 disciplina,
1795 1317 1936 1371 aliud
1972 1332 2121 1382 usus,

544 1429 598 1480 et
625 1421 741 1480 luce
773 1422 824 1474 in
856 1436 957 1480 una
1000 1419 1173 1484 anima
1230 1417 1590 1488 intelligantur
1627 1413 1768 1467 nulla
1817 1411 2125 1466 diversitate

542 1512 892 1576 substantiae:
927 1513 1052 1574 item
1085 1525 1206 1564 cum
1237 1508 1378 1562 aliud
1420 1508 1489 1576 sit
1521 1504 1811 1587 ingenium,
1836 1501 1978 1560 aliud
2016 1501 2125 1554 vir-

548 1613 653 1664 tus,
678 1603 821 1662 aliud
865 1601 1240 1671 trittnquiIlitas,
1283 1599 1528 1664 similiter
1583 1598 1736 1651 unius
1781 1594 2126 1666 ejusdemque

543 1695 897 1760 substantiae;
939 1703 994 1750 et
1043 1709 1162 1748 cum
1206 1693 1380 1746 anima
1425 1691 1494 1744 sit
1530 1689 1749 1744 alterius
1792 1686 2124 1750 substantiae,

545 1803 701 1856 quam
737 1788 894 1850 Deus,
931 1802 1230 1856 quanquam
1263 1785 1331 1839 ab
1354 1786 1442 1838 illo
1466 1783 1620 1849 facta;
1651 1783 1764 1852 ipse
1787 1790 1962 1836 autem
1988 1781 2126 1834 Deus

543 1878 990 1960 sitsagratissima
1041 1878 1153 1946 illa,
1186 1885 1239 1933 et
1284 1877 1464 1930 tnultis
1490 1876 1676 1939 verbo,
1726 1889 1786 1928 re
1828 1875 2012 1944 paucis
2035 1887 2128 1926 co-

544 1971 690 2038 gnita
748 1969 1020 2024 Trinitas:
1055 1967 1464 2037 diligentissime
1531 1965 1954 2036 investigandum
2006 1971 2123 2030 est,

546 2059 686 2131 quod
709 2060 781 2114 ait
806 2060 1064 2124 Dominus
1089 2059 1268 2126 Iesus,
1298 2057 1460 2111 Nemo
1489 2058 1617 2112 venit
1647 2057 1715 2110 ad
1740 2074 1835 2121 me,
1861 2056 1958 2110 nisi
1978 2071 2124 2126 quem

542 2145 698 2202 Pater
727 2151 986 2214 attraxerit
1022 2148 1199 2224 (Joan.
1233 2165 1306 2215 v1,
1335 2147 1447 2220 4M);
1482 2158 1554 2213 et,
1585 2147 1748 2202 Nemo
1774 2149 1903 2202 venit
1930 2148 1998 2211 ad
2025 2145 2121 2199 Pa-

541 2251 686 2306 trem,
712 2245 809 2296 nisi
835 2261 922 2315 per
956 2260 1034 2306 me
1066 2241 1173 2313 (Id.
1205 2259 1314 2308 xw,
1341 2244 1416 2318 6);
1447 2253 1521 2312 et,
1553 2239 1673 2312 Ipse
1698 2258 1782 2296 vos
1838 2242 1890 2295 in
1930 2257 2126 2301 omnem

539 2339 794 2392 veritatem
820 2338 1018 2398 inducet
1042 2335 1150 2409 (Id.
1174 2353 1280 2401 xvi,
1307 2337 1418 2410 I3),

1001 2424 1242 2479 XXXIX.
1289 2425 1361 2477 De
1388 2424 1658 2478 alimentis.

609 2517 746 2587 Quid
774 2523 858 2572 est
882 2515 1024 2588 quod
1049 2516 1240 2584 accipit
1281 2530 1396 2578 eam
1435 2531 1570 2590 rem,
1600 2529 1756 2584 quam
1788 2522 2080 2578 commutat
2103 2515 2132 2570 ’ἶ

539 2617 597 2664 ιιι
639 2608 834 2666 animal
878 2609 1074 2664 cibum.
1115 2606 1250 2676 Quid
1282 2617 1364 2661 est
1389 2607 1535 2676 quod
1580 2607 1857 2675 accipitur,
1889 2616 1940 2661 et
1979 2623 2127 2661 com-

539 2702 811 2758 mutatur?
855 2710 913 2758 ut
939 2701 1078 2766 idem
1105 2701 1275 2770 cibus.
1317 2699 1451 2766 Quid
1482 2709 1563 2760 est
1587 2700 1725 2771 quod
1756 2701 2030 2769 accipitur,
2074 2709 2127 2755 et

540 2812 644 2851 non
667 2795 1065 2861 cumulatur?
1090 2807 1146 2852 ut
1171 2794 1339 2864 oculis
1366 2793 1476 2864 lux,
1504 2803 1557 2850 et
1582 2811 1743 2849 sonus
1765 2796 1998 2854 auribus.
2021 2793 2126 2850 Sed

539 2888 654 2948 hac
682 2905 777 2960 per
816 2904 1010 2959 corpus
1047 2889 1237 2960 accipit
1267 2889 1442 2958 anima
1475 2905 1488 2941 :
1519 2887 1642 2959 quid
1671 2898 1754 2944 est
1779 2899 1954 2944 autem
1986 2889 2124 2960 quod

540 2996 635 3050 per
675 2996 733 3036 se
762 2981 930 3050 ipsam
969 2969 1180 3051 accipit,
1224 2990 1279 3050 et
1308 2991 1599 3048 commutat
1643 2981 1694 3034 in
1740 2981 1840 3034 se?
1887 2990 1942 3033 ut
1970 2980 2123 3035 aliam

539 3074 790 3136 animam,
836 3087 994 3142 quam
1041 3072 1343 3144 recipiendo
1382 3073 1434 3140 in
1461 3071 1745 3126 amicitiam
1778 3071 1860 3132 sui
1901 3072 2125 3126 similem

543 3160 685 3222 facit.
727 3163 792 3220 Et
817 3163 942 3234 quid
972 3171 1058 3232 est
1093 3163 1232 3232 quod
1262 3179 1354 3234 per
1392 3179 1451 3218 se
1484 3163 1648 3232 ipsam
1677 3164 1887 3242 accipit,
1924 3171 1978 3218 et
2019 3179 2123 3218 non

540 3254 864 3322 commutat?
910 3264 965 3310 ut
1007 3255 1302 3316 veritatem.
1345 3255 1522 3326 Quare
1571 3256 1996 3336 cognoscendum
2045 3265 2128 3320 est

542 3354 597 3400 et
622 3346 744 3416 quid
771 3348 840 3402 sit
877 3347 1035 3414 Petro
1059 3347 1278 3413 dictum,
1314 3346 1486 3418 diaeta
1522 3359 1567 3412 et
1597 3348 1848 3404 manduca
1872 3346 2026 3422 (Act.
2053 3367 2087 3404 Χ
2107 3391 2121 3416 ,

543 3435 610 3488 15
630 3435 687 3502 );
719 3446 773 3503 et
809 3437 935 3508 quid
960 3439 1014 3494 in
1057 3439 1364 3510 Evangelia,
1399 3438 1466 3494 Et
1491 3441 1591 3496 vita
1617 3449 1723 3493 erat
1753 3439 1841 3493 tua:
1866 3439 2127 3493 hominum

541 3524 716 3598 (Joan.
746 3545 789 3594 ι,
810 3528 888 3600 4,).

542 3619 652 3682 XL.
694 3620 822 3678 Cum
870 3624 1153 3690 animarum
1201 3632 1387 3690 natura
1434 3639 1537 3692 una
1578 3623 1662 3691 sit,
1697 3623 1832 3690 unde
1869 3623 2125 3698 hominum

1052 3713 1260 3781 diversa;
1287 3712 1608 3784 voluntates?

617 3803 695 3870 Ex
759 3801 986 3874 diversis
1043 3804 1174 3858 visis
1221 3805 1463 3876 diversus
1517 3807 1780 3877 appetitus
1827 3809 2122 3868 animarum

543 3905 649 3961 est,
699 3909 764 3948 ex
812 3894 1020 3958 diverso
1057 3895 1294 3966 appetitu
1341 3895 1586 3968 diversus
1630 3898 1953 3976 adipiscendi
2002 3917 2125 3958 suc-

542 4000 748 4054 cessus,
767 4000 830 4040 ex
861 3985 1070 4041 diverso
1116 4001 1365 4058 successu
1402 3987 1609 4046 diversa
1659 3993 2006 4058 consuetudo,
2058 4009 2125 4048 ex

542 4078 752 4134 diversa
789 4078 1172 4146 consuetudine
1218 4079 1427 4136 diversa
1475 4092 1561 4136 est.
1601 4082 1863 4138 voluntas.
1904 4086 2123 4148 Diversa

543 4180 718 4232 autem
747 4171 856 4224 visa
898 4169 1031 4238 ordo
1074 4186 1252 4225 rerum
1283 4171 1407 4227 facit
1439 4191 1452 4227 :
1485 4175 1721 4229 occultus
1749 4176 1982 4248 quidem,
2028 4179 2123 4234 sed

542 4264 644 4318 sub
670 4263 843 4318 divina
878 4263 1208 4334 providentia
1234 4275 1411 4320 certus
1454 4274 1650 4322 tamen.
1689 4267 1804 4324 Non
1847 4268 2024 4340 itaque
2055 4269 2124 4325 ob

547 4354 648 4410 hoc
675 4355 965 4426 putandum
1005 4365 1088 4424 est
1114 4355 1350 4426 diversas
1380 4373 1498 4429 esse
1539 4371 1753 4430 naturas
1789 4363 2082 4420 animarum
2104 4407 2128 4432 ,,

543 4447 664 4516 quia
690 4446 913 4502 diversa:
955 4457 1077 4502 sunt
1107 4450 1444 4515 voluntates;
1474 4466 1592 4506 cum
1637 4455 1797 4512 etiam
1828 4455 1980 4511 unius
2004 4456 2121 4510 ani-

545 4554 644 4592 mre
671 4540 910 4594 Voluntas
949 4555 1046 4609 pro
1072 4549 1372 4612 temporum
1415 4544 1720 4600 diversitate
1748 4548 2001 4604 varietur.
2035 4550 2120 4606 Si-

541 4630 752 4701 quidem
780 4631 887 4693 alio
937 4639 1176 4702 tempore
1204 4634 1350 4698 dives
1379 4651 1496 4690 esse
1537 4638 1701 4706 cupit,
1724 4639 1835 4694 alio.
1859 4648 2118 4712 tempore,

541 4721 859 4790 contemptis
899 4721 1100 4776 divitiis
1128 4726 1342 4794 sapiens
1371 4740 1490 4781 esse
1510 4727 1776 4783 desiderat
1809 4749 1822 4784 :
1850 4742 1905 4786 et
1928 4733 1980 4787 in
2007 4736 2129 4806 ipso,

542 4811 910 4881 temporalium
925 4814 1155 4896 appetitu
1178 4815 1281 4867 alio
1297 4824 1535 4885 tempore
1558 4818 1647 4880 uni
1671 4821 1867 4882 homini
1887 4827 2119 4896 negotia-

541 4905 635 4967 tio,
660 4912 713 4960 ει
738 4905 842 4960 alio
870 4891 1111 4974 tempore
1138 4907 1321 4962 militia
1345 4909 1540 4982 placet.

541 4994 674 5050 XLI.
701 4995 826 5050 Cum
842 4998 1010 5062 omnia
1037 4997 1167 5052 Deus
1196 5002 1386 5070 [ecerit,
1417 5019 1572 5075 quare
1587 5007 1913 5080 noutequalia
1925 5012 2117 5086 [ecerit.

609 5088 742 5154 Quia
787 5103 892 5142 non
937 5099 1114 5154 essent
1162 5091 1354 5163 omnia,
1402 5083 1445 5148 si
1493 5107 1672 5166 essent
1713 5083 1984 5171 aequalia:
2015 5120 2124 5172 non

537 5179 679 5236 enim
721 5190 900 5236 essent
940 5181 1104 5250 multa
1150 5197 1327 5239 rerum
1369 5201 1587 5259 genera,
1619 5190 1812 5262 quibus
1838 5197 2122 5253 coniicitur

540 5273 872 5340 universitas,
914 5274 1113 5347 primas
1144 5285 1197 5342 et
1219 5279 1504 5352 secundas,
1553 5291 1607 5338 et
1654 5284 1907 5360 deinceps
1955 5306 2121 5362 usque

537 5363 604 5419 ad
655 5365 862 5420 ultimas
890 5367 1158 5446 ordinatas
1197 5369 1402 5441 habens
1447 5384 1719 5450 creaturas
1763 5397 1777 5434 :
1813 5367 1868 5452 et
1909 5383 2011 5440 hoc
2040 5394 2122 5444 est

540 5460 678 5528 quod
705 5459 918 5529 dicitur,
945 5465 1145 5519 omnia.

573 5551 730 5610 XLII.
777 5553 1037 5622 Quomodo
1076 5557 1303 5624 Christus
1331 5571 1377 5616 et
1405 5563 1457 5618 in
1486 5572 1624 5620 utero
1653 5568 1828 5632 matris
1853 5571 2009 5642 fuerit
2038 5542 2094 5630 et
2108 5542 2136 5549 Ἰ

601 5735 882 5804 Quomodo
906 5740 1126 5799 verbum
1140 5654 1552 5820 ἤιζζιίῖιῖἷζιιοᾶ
1575 5747 1675 5804 etsi
1691 5749 1840 5808 multi
1864 5754 2106 5831 audiunt,

2239 397 2406 443 totum
2437 389 2656 449 audiunt
2685 391 2892 462 singuli.

2231 477 2412 556 XLIII.
2457 481 2624 559 Quare
2649 481 2813 561 Filius
2848 483 2941 550 Dei
2966 486 3018 540 in
3059 488 3260 544 homine
3285 492 3543 563 apparuit,
3571 501 3620 550 et
3645 495 3791 568 SpH-

2652 585 2729 630 tus
2758 588 2960 632 sanctus
2997 580 3049 634 in
3093 583 3366 638 columba?
3695 579 3697 582 i

2300 665 2431 734 Quia
2461 667 2550 741 ille
2576 669 2737 732 venit,
2770 678 2828 724 ιιι
2855 672 3159 741 exemplum
3189 675 3396 730 vivendi
3425 676 3795 741 demonstraret

2230 759 2568 826 hominibus;
2596 762 2715 828 iste,
2758 771 2814 816 ut
2843 764 3038 820 donum
3069 767 3260 837 ipsum,
3294 785 3400 840 quo
3426 771 3560 827 bene
3587 775 3787 833 vivendo

2230 852 2553 920 pervenitur,
2605 853 2944 922 signiﬁcaret,
2997 861 3259 927 apparuit.
3305 859 3595 934 Utrumque
3632 878 3783 922 autem

2229 941 2504 995 visibiliter
2532 942 2722 995 factum
2747 954 2825 997 est
2854 954 3071 1016 propter
3091 950 3351 1016 carnales,
3379 953 3445 1006 ab
3471 953 3532 1006 iis
3557 971 3668 1024 qua:
3689 973 3786 1011 ocu.

2231 1030 2296 1084 lis
2323 1033 2589 1101 corporeis
2619 1046 2926 1101 cernuntur,
2965 1037 3029 1091 ad
3056 1053 3116 1092 ea
3150 1055 3269 1109 quae
3300 1053 3476 1098 mente
3506 1046 3787 1117 intelligun-

2230 1132 2334 1186 tur,
2367 1136 2820 1181 sacramentorum
2855 1130 3103 1197 gradibus
3145 1133 3562 1192 transferendos.
3603 1139 3722 1194 Nam
3749 1151 3790 1196 ct

2230 1217 2388 1271 verba
2416 1226 2606 1272 sonant
2630 1227 2684 1273 et
2713 1229 3023 1286 transeunt;
3056 1239 3154 1278 nec
3185 1235 3358 1280 tamen
3390 1243 3451 1281 ea
3490 1246 3605 1299 qua:
3636 1234 3787 1287 verbis

2230 1310 2628 1379 signitieantur,
2663 1328 2783 1367 cum
2831 1313 3030 1384 aliquid
3075 1316 3309 1372 divinum
3355 1331 3514 1390 atque
3556 1332 3784 1379 a'ternum

2232 1401 2494 1470 loquendo
2529 1409 2828 1476 exponitur,
2858 1409 3101 1470 similiter
3129 1421 3423 1467 transeunt.

2229 1491 2410 1549 XLIV.
2456 1495 2622 1560 Quare
2667 1505 2802 1551 tanto
2844 1509 2955 1568 post
3005 1502 3135 1554 venit
3180 1503 3426 1574 Dominus
3468 1506 3616 1572 Iesus
3658 1509 3784 1565 Chri-

2433 1597 2558 1653 stus,
2589 1599 2631 1641 et
2656 1607 2753 1642 non
2784 1591 2834 1643 in
2861 1593 3107 1662 principio
3136 1599 3326 1664 peccati
3348 1599 3604 1655 hominis?

2299 1679 2430 1745 Quia
2461 1697 2616 1735 omne
2662 1682 2939 1751 pulchrum
2968 1701 2997 1737 a
3027 1702 3232 1741 summa
3275 1691 3662 1760 pulchritudine
3684 1705 3785 1762 est,

2230 1770 2367 1839 quod
2420 1770 2559 1825 Deus
2588 1782 2669 1826 est
2701 1791 2713 1825 :
2749 1777 3058 1843 temporalis
3086 1789 3261 1832 autem
3296 1781 3625 1849 pulchritudo
3654 1789 3789 1842 rebus

2229 1861 2608 1917 decedentibus
2649 1866 3160 1936 succedentibusque
3191 1875 3478 1940 peragitur.
3511 1875 3668 1932 Habet
3706 1895 3789 1934 au-

2231 1961 2336 2008 tem
2363 1953 2612 2008 decorem
2657 1971 2811 2010 suum
2841 1957 2890 2009 in
2923 1957 3142 2028 singulis
3172 1963 3471 2034 quibusque
3513 1967 3793 2026 hominibus

2229 2046 2433 2117 singula
2451 2065 2675 2118 quaeque
2699 2059 2828 2104 aetas
2843 2051 2909 2105 ab
2931 2052 3146 2106 infantia
3176 2071 3343 2124 usque
3368 2059 3431 2112 ad
3461 2074 3788 2119 senectutem.

2230 2137 2377 2193 Sicut
2405 2155 2532 2209 ergo
2561 2141 2822 2196 absurdus
2853 2152 2955 2209 est,
3004 2146 3095 2214 qui
3120 2147 3411 2214 juvenilem
3443 2160 3639 2208 tantum
3682 2168 3791 2213 ceta-

2233 2241 2335 2286 tem
2373 2234 2530 2288 vellet
2555 2249 2674 2288 esse
2703 2235 2754 2288 in
2787 2235 3001 2291 homine
3045 2243 3370 2310 temporibus
3402 2247 3646 2313 subdito;
3679 2251 3793 2306 invi-

2230 2321 2380 2378 deret
2429 2323 2568 2376 enim
2617 2329 2828 2380 CLBICI‘IS
2878 2328 3390 2402 pulchritudiuibns,
3437 2353 3557 2407 qua:
3609 2343 3791 2396 eceteris

2229 2415 2469 2472 natalibus
2493 2431 2614 2470 suas
2643 2418 2782 2472 vices
2812 2427 2969 2488 atque
2991 2421 3231 2478 ordinem
3261 2438 3450 2496 gerunt
3475 2449 3488 2484 :
3515 2432 3592 2487 sic
3616 2435 3785 2498 absur-

2229 2505 2328 2560 dus
2366 2515 2465 2569 est,
2493 2509 2582 2578 qui
2620 2509 2672 2563 in
2703 2512 2816 2580 ipso
2846 2512 3093 2568 universo
3134 2530 3330 2586 genere
3375 2521 3607 2580 ltutnano
3652 2543 3784 2580 unam

2229 2607 2438 2652 aetatem
2461 2599 2764 2668 desiderat;
2799 2619 2918 2656 nam
2944 2612 2999 2660 et
3025 2607 3196 2675 ipsum
3217 2617 3462 2680 tanquam
3491 2632 3624 2670 unus
3653 2619 3786 2671 homo

2228 2698 2411 2744 aetates
2442 2706 2565 2745 suas
2609 2695 2733 2763 agit.
2774 2693 2884 2750 Nec
2911 2699 3147 2772 oportuit
3175 2703 3356 2757 venire
3398 2704 3652 2761 divinitus
3693 2726 3789 2762 nta-

2229 2781 2472 2851 gistrum,
2499 2784 2649 2853 cujus
2688 2786 2983 2854 imitatione
3010 2790 3061 2844 in
3095 2807 3272 2848 mores
3299 2795 3534 2864 optimos
3563 2799 3790 2856 formare-

2232 2883 2334 2941 tur,
2362 2876 2459 2930 nisi
2507 2887 2745 2947 tempore
2773 2880 3068 2949 juventutis
3117 2883 3215 2958 (τι).
3257 2887 3339 2941 Ad
3369 2887 3471 2944 hoc
3498 2893 3642 2948 valet
3675 2894 3791 2966 quod

2229 2969 2516 3036 Apostolus
2559 2971 2720 3038 dicit,
2766 2975 2865 3030 sub
2913 2976 3027 3047 lege
3076 2985 3323 3050 tanquam
3372 2983 3474 3038 sub
3528 2987 3792 3058 pzedagogo

2227 3061 2475 3129 parVulos
2501 3063 2790 3122 custoditos
2819 3065 3010 3138 (Galat.
3063 3085 3140 3138 ιιι,
3171 3071 3266 3139 25,
3300 3073 3418 3146 24),
3464 3076 3634 3134 donec
3661 3082 3792 3136 veni-

2229 3161 2312 3206 ret
2335 3153 2424 3208 cui
2446 3155 2774 3225 servabatur,
2803 3161 2891 3232 qui
2921 3177 3015 3230 per
3039 3162 3333 3232 Prophetas
3359 3171 3652 3240 promissus
3677 3183 3789 3228 erat.

2229 3245 2385 3309 Aliud
2413 3248 2552 3310 enim
2574 3259 2656 3304 est
2673 3245 2812 3320 quod
2833 3253 3007 3309 divina
3028 3257 3361 3327 providentia
3391 3264 3542 3333 quasi
3571 3267 3790 3335 privatim

2229 3353 2347 3393 cum
2370 3340 2589 3411 singulis
2607 3342 2734 3412 agit,
2761 3344 2902 3398 aliud
2919 3346 3061 3418 quod
3089 3354 3271 3420 generi
3295 3354 3540 3410 universo
3565 3365 3793 3430 tauquam

2229 3430 2437 3500 publice
2462 3434 2755 3492 consulit‘.
2805 3435 2937 3491 Nam
2963 3447 3016 3494 et
3041 3440 3362 3518 quicumque
3395 3447 3590 3520 singuli
3611 3451 3673 3505 ad
3695 3467 3794 3507 cer-

2229 3529 2336 3576 tam
2365 3523 2677 3600 sapientiam
2720 3540 3093 3598 pervenerunt,
3130 3536 3342 3590 nonnisi
3372 3537 3562 3594 eadem
3591 3544 3794 3600 veritate

2228 3599 2448 3672 suarum“
2489 3617 2793 3688 singillatim
2848 3629 3064 3692 relatum
3118 3629 3514 3696 opportunitate
3571 3634 3796 3700 illustrati
3881 3685 3884 3689 .

2227 3714 2352 3760 sunt
2381 3723 2394 3760 :
2425 3723 2456 3762 a
2483 3725 2583 3789 qua
2611 3709 2853 3776 veritate,
2886 3724 2942 3767 ut
2966 3715 3195 3785 populus
3212 3719 3426 3790 sapiens
3449 3724 3625 3793 tieret,
3650 3725 3795 3798 ipsius

2225 3801 2437 3871 generis
2464 3785 2678 3858 humani
2705 3815 3000 3875 opportuna
3023 3815 3182 3864 aetate
3209 3809 3369 3867 homo
3406 3825 3682 3888 susceptus
3705 3827 3794 3876 est.

2581 3894 2744 3951 XLV.
2782 3897 3034 3954 Adversus
3061 3901 3456 3959 mathematicos.

2299 3986 2352 4042 1.
2391 3985 2507 4056 Νοιι
2533 4001 2626 4040 eos
2655 3988 2992 4059 appellarunt
3019 3992 3425 4051 mathematicos
3463 4007 3694 4068 veteres,
3720 4001 3796 4073 qui

2227 4091 2369 4132 nunc
2396 4077 2764 4147 appellantur;
2799 4081 2894 4136 sed
2935 4081 3054 4137 illos
3079 4084 3168 4154 qui
3217 4093 3514 4157 temporum
3563 4109 3798 4149 numeros

2227 4175 2375 4221 motu
2400 4168 2521 4223 coeli
2549 4183 2612 4222 ac
2655 4169 2888 4224 siderum
2936 4174 3377 4245 pervestigarent,
3411 4178 3477 4235 de
3501 4184 3694 4254 quibus
3720 4199 3796 4239 re-

2227 4257 2463 4310 ctissime
2489 4257 2683 4313 dicitur
2720 4259 2774 4315 in
2804 4261 3090 4332 Scripturis
3119 4267 3318 4322 sanctis
3348 4287 3362 4324 :
3391 4268 3592 4327 lterum
3619 4292 3708 4330 nec
3727 4276 3798 4329 his

2227 4348 2367 4404 debet
2390 4352 2600 4424 ignosci.
2643 4353 2703 4409 Si
2731 4356 2863 4409 enim
2898 4366 3092 4412 tantum
3129 4370 3396 4432 potuerunt
3422 4367 3570 4433 scire,
3599 4379 3654 4423 ut
3689 4387 3797 4442 pos-

2225 4446 2601 4500 sentazstimare
2627 4449 2905 4513 saeculum;
2933 4453 3183 4520 quomodo
3212 4455 3363 4526 hujus
3401 4457 3679 4516 Dominum
3710 4480 3800 4518 non

2226 4535 2427 4604 facilius
2463 4537 2754 4592 invenerunt
2796 4539 2947 4610 (Sap.
2991 4559 3101 4610 xm,
3137 4545 3189 4610 8,
3223 4546 3319 4619 9)?
3362 4549 3508 4605 Mens
3536 4555 3682 4609 enim
3709 4555 3799 4609 liu-

2226 4642 2382 4683 mana
2408 4628 2475 4682 de
2496 4630 2789 4688 visibilibus
2813 4633 3077 4704 judicans,
3105 4648 3280 4712 potest
3317 4658 3610 4716 agnoscere
3634 4651 3798 4706 omni-

2225 4717 2326 4775 bus
2352 4719 2648 4778 visibilibus
2691 4739 2749 4794 se
2785 4725 2953 4796 ipsam
2983 4744 3101 4784 esse
3137 4733 3431 4792 meliorem.
3476 4738 3609 4814 Quae
3635 4753 3804 4800 tamen

2225 4825 2346 4866 cum
2375 4812 2536 4867 etiam
2563 4831 2620 4869 se
2660 4827 2876 4888 propter
2901 4818 3166 4877 defectum
3211 4812 3610 4903 profectumque
3639 4837 3692 4892 in
3722 4852 3802 4891 sa-

2226 4904 2420 4980 pientia
2448 4907 2639 4962 fatetur
2657 4925 2796 4977 esse,
2831 4913 3160 4982 mutabilem,
3186 4917 3385 4976 invenit
3410 4938 3568 4994 supra
3601 4943 3660 4993 se
3694 4944 3804 4986 esse

2227 4996 2708 5070 incommutabilem
2744 5003 3020 5059 veritatem
3053 5025 3068 5062 :
3098 5016 3256 5080 atque
3284 5013 3353 5067 ita
3385 5008 3669 5077 adhaerens
3692 5031 3806 5094 post

2226 5091 2416 5163 ipsam,
2447 5093 2581 5148 sicut
2607 5094 2802 5150 dictum
2832 5106 2935 5165 est,
2986 5100 3210 5157 Adhaesit
3247 5108 3416 5162 anima
3454 5128 3566 5167 mea
3612 5091 3723 5185 post
3765 5124 3806 5168 te

2229 5180 2398 5253 (Psal.
2429 5200 2555 5250 an,
2583 5184 2638 5256 9)
2663 5203 2677 5251 ;
2708 5188 2858 5243 beata
2899 5191 3145 5261 efﬁcitur,
3176 5195 3493 5257 intrinsecus
3534 5180 3808 5269 inveniens

2224 5275 2382 5329 etiam
2409 5277 2649 5332 omnium
2668 5279 2952 5337 visibilium
2977 5283 3283 5341 Creatorem
3311 5299 3469 5358 atque
3493 5294 3803 5362 Dominum;

2223 5384 2328 5437 non
2355 5385 2599 5438 quat-rens
2627 5373 2958 5430 extrinsecus
2985 5378 3229 5446 visibilia,
3271 5387 3510 5452 quamvis
3534 5390 3806 5456 caelestia:

2223 5476 2341 5530 qua:
2358 5471 2447 5514 ant
2464 5477 2566 5516 non
2588 5463 2947 5535 inveniuntur,
2960 5477 3052 5523 aut
3065 5486 3184 5525 cum
3206 5489 3395 5546 magno
3415 5477 3592 5535 labore
3610 5479 3807 5536 frustra

2223 5540 2583 5622 inveniuntur,
2599 5555 2699 5610 nisi
2715 5573 2780 5612 ex
2793 5574 2975 5614 eorum
2990 5576 3107 5630 qua:
3120 5561 3250 5619 foris
3264 5577 3386 5622 sunt
3397 5571 3808 5642 pulchritudine,

2286 5708 2303 5740 ι
2323 5716 2423 5757 Duo
2440 5714 2566 5768 Mss,
2591 5715 2816 5774 tanquam
2804 5713 3041 5827 2publicis
3072 5715 3351 5774 utilitatibus
3368 5722 3586 5778 consulit.

2287 5769 2360 5827 (α)
2392 5775 2428 5820 tl
2449 5777 2654 5825 Retract.
2673 5785 2779 5827 cap.

2287 5769 2360 5836 (α)
2392 5775 2428 5820 tt
2449 5777 2654 5825 neu-act.
2673 5769 2779 5840 cap.
