3942 6416
608 342 676 410 81
1338 348 1428 406 DE
1467 348 1783 409 DIVERSIS
1816 349 2170 421 QUESTIO!‘

2281 352 2338 412 IS
2375 350 2658 429 LXXXIII,
2689 359 2748 419 S.
2787 362 3154 429 Αυαυετιιηι
3800 384 3857 443 5!

609 466 786 520 anima
829 463 1103 522 rationalis
1144 464 1283 520 inter
1309 480 1400 521 eas
1426 480 1515 521 res
1538 481 1658 537 quae
1702 476 1828 522 sunt
1853 480 1886 523 s
1912 467 2025 523 Deo
2058 482 2187 523 εοιι-

608 554 757 623 diue,
788 558 964 612 omnia
1006 566 1259 627 superat;
1305 566 1360 612 et
1396 557 1508 612 Deo
1551 558 1789 628 proxima
1830 566 1933 624 est,
1978 557 2192 630 quando

608 661 740 718 pura
769 655 887 713 est;
919 647 1072 719 eique
1122 648 1176 702 in
1215 655 1471 719 quantum
1509 648 1765 704 eharitate
1805 650 2106 717 cohaeserit,
2134 649 2192 705 in

609 746 813 793 tantum
840 738 907 794 ab
934 754 1000 795 eo
1026 739 1227 795 lumine
1255 739 1347 794 illo
1370 739 1686 810 intelligibili
1727 740 1937 811 perfusa
1962 741 2192 813 quodam

605 827 765 883 modo
808 838 861 884 et
889 830 1146 885 illustrata
1178 831 1371 899 cernit,
1418 848 1521 887 non
1550 847 1646 904 per
1672 847 1957 903 corporeos
1984 835 2187 904 oculos,

604 919 701 976 sed
741 935 837 990 per
865 920 1031 991 ipsius
1058 922 1141 978 sui
1171 923 1481 994 principale,
1510 940 1615 993 quo
1640 926 1877 991 excellit,
1906 925 1958 981 id
1988 936 2071 982 est
2094 942 2192 997 per

603 1009 1006 1083 intelligentiam
1056 1028 1226 1079 suam,
1278 1016 1406 1070 istas
1446 1016 1702 1081 rationes,
1735 1033 1959 1087 quarum
1984 1018 2189 1075 visione

607 1104 665 1160 lit
688 1106 1011 1163 beatissima.
1034 1108 1175 1176 Quas
1196 1110 1448 1175 rationes,
1474 1119 1533 1165 ut
1552 1110 1750 1165 dictum
1767 1119 1870 1173 est,
1889 1112 2000 1167 sive
2018 1112 2185 1179 ideas,

605 1195 715 1253 sive
744 1198 959 1266 formas,
989 1200 1101 1255 sive
1131 1201 1358 1270 species,
1400 1202 1513 1258 sive
1542 1208 1774 1257 rationes
1801 1202 1926 1257 licet
1954 1219 2143 1259 vocare
2167 1244 2184 1270 ,

604 1298 658 1343 et
688 1290 866 1346 multis
892 1293 1202 1348 conceditur
1226 1296 1497 1365 appellare
1526 1297 1667 1368 quod
1694 1297 1823 1352 libet
1849 1298 1890 1366 ί,
1918 1298 2013 1354 sed
2057 1313 2188 1369 pau-

603 1381 829 1438 cissimis
858 1383 1038 1440 videre
1075 1387 1216 1456 quod
1247 1403 1428 1443 verum
1458 1400 1559 1444 est.

601 1492 810 1552 XLVII.
870 1495 1051 1553 Utrum
1097 1499 1368 1570 aliquando
1411 1503 1732 1573 cogitationes
1781 1512 1978 1560 nostras
2021 1504 2187 1560 videre

1258 1595 1525 1664 possimus.

669 1679 846 1750 Quarri
895 1682 1031 1739 solet
1067 1686 1333 1755 quomodo
1376 1697 1495 1759 post
1534 1691 1980 1746 resurrectionem
2026 1700 2184 1763 atque

599 1772 1021 1830 immutationem
1074 1778 1351 1847 corporis,
1401 1796 1520 1851 quae
1574 1782 1773 1837 sanctis
1825 1784 2181 1853 promittitur,

599 1868 949 1936 cegitationes
975 1880 1183 1926 nostras
1214 1871 1395 1928 videre
1420 1875 1705 1943 possimus.
1735 1877 2054 1946 Coniectura
2080 1878 2183 1933 ita-

596 1974 701 2029 que
741 1963 996 2031 capienda
1035 1974 1201 2020 estex
1246 1981 1310 2022 ea
1358 1979 1506 2036 parte
1548 1968 1788 2039 corporis
1833 1970 2031 2032 nostri,
2063 1986 2180 2041 quae

600 2052 716 2118 plus
753 2052 911 2110 habet
950 2054 1114 2122 lucis;
1147 2058 1394 2127 quoniam
1437 2061 1673 2131 angelica
1706 2076 1961 2131 corpora,
2006 2062 2178 2132 qualia

597 2157 696 2197 nos
734 2142 1005 2201 habituros
1042 2162 1352 2217 speramus,
1391 2150 1713 2206 lucidissima
1752 2163 1909 2223 atque
1947 2153 2177 2209 tetherea

594 2245 715 2287 esse
757 2236 1074 2291 credendum
1114 2249 1196 2295 est
1226 2241 1339 2313 (a):
1388 2243 1431 2297 si
1459 2258 1587 2313 ergo
1616 2244 1763 2299 multi
1807 2255 1980 2301 motus
2015 2248 2176 2303 animi

594 2325 758 2377 nostri
785 2341 926 2382 nunc
944 2341 1303 2397 agnoscuntur
1328 2333 1379 2387 in
1408 2335 1599 2401 oculis,
1628 2336 1902 2405 probabile
1926 2348 2007 2393 est
2035 2339 2176 2409 quod

592 2417 770 2471 nullus
796 2430 972 2474 motus
1008 2422 1169 2476 animi
1198 2423 1383 2479 latebit
1404 2467 1418 2488 ,
1449 2441 1571 2481 cum
1604 2437 1770 2482 totum
1802 2429 1955 2484 fuerit
1981 2446 2177 2502 corpus

594 2505 903 2576 athereum,
935 2509 987 2564 in
1011 2511 1164 2581 cujus
1186 2516 1583 2583 comparatione
1611 2518 1696 2573 isti
1720 2520 1860 2576 oculi
1885 2536 2011 2578 caro
2029 2531 2172 2579 sunt.

1030 2621 1256 2678 XLVIII.
1299 2624 1374 2679 De
1398 2627 1735 2685 credibilibus.

665 2711 1004 2770 Credibilium
1029 2717 1124 2771 tria
1152 2729 1274 2774 sunt
1294 2736 1510 2792 genera.
1532 2725 1648 2779 Alia
1673 2738 1796 2782 sunt
1820 2743 1938 2798 quae
1959 2745 2173 2803 semper

591 2803 900 2871 creduntur,
931 2816 983 2862 et
1004 2824 1269 2879 nunquam
1301 2812 1701 2885 intelliguntur:
1733 2819 1868 2874 sicut
1896 2830 1979 2876 est
1998 2825 2172 2879 omnis

593 2892 846 2962 historia,
896 2901 1205 2969 temporalia
1253 2911 1307 2957 et
1357 2903 1585 2961 humana
1638 2918 1785 2978 gesta
1830 2926 2167 2981 percurrens.

591 2985 704 3040 Alia
730 3003 847 3059 quae
871 3005 1012 3057 mox,
1043 3001 1102 3047 ut
1124 2995 1433 3064 creduntur,
1457 2998 1859 3072 intelliguntur:
1891 3005 2028 3061 sicut
2046 3017 2170 3063 sunt

590 3090 778 3134 omnes
803 3083 1036 3140 rationes
1066 3084 1331 3152 humanae,
1364 3092 1445 3146 vel
1472 3092 1540 3149 de
1569 3097 1825 3164 numeris,
1857 3098 1939 3152 vel
1964 3098 2030 3153 de
2054 3101 2172 3171 qui-

589 3168 823 3229 buslibet
846 3174 1157 3247 disciplinis.
1191 3180 1427 3239 Tertium
1448 3225 1465 3251 ,
1502 3201 1620 3256 qua!
1648 3188 1817 3257 primo
1844 3168 2133 3247 creduntur
2152 3233 2168 3258 ,

587 3272 643 3318 et
673 3275 851 3333 postea
880 3266 1242 3341 intelliguntur
1266 3292 1279 3329 :
1309 3276 1484 3346 qualia
1509 3286 1631 3333 sunt
1656 3293 1717 3334 ea
1745 3295 1865 3350 quae
1887 3281 1954 3337 de
1975 3282 2168 3338 divinis

588 3354 746 3412 rebus
785 3373 890 3414 non
927 3374 1145 3431 possunt
1184 3365 1436 3439 intelligi,
1466 3370 1565 3425 nisi
1604 3371 1673 3427 ab
1716 3371 1799 3428 his
1839 3375 1927 3445 qui
1967 3377 2168 3432 mundo

586 3456 711 3504 sunt
736 3453 929 3519 corde;
958 3457 1099 3527 quod
1128 3458 1186 3513 lit
1212 3463 1493 3533 praeceptis
1517 3464 1763 3531 servatis,
1792 3482 1911 3537 qua:
1938 3467 2007 3523 de
2032 3468 2168 3527 bene

584 3542 810 3600 vivendo
835 3548 1185 3618 accipiuntur.

584 3675 770 3732 XLIX.
813 3680 981 3746 Quare
1007 3685 1104 3751 lilii
1140 3684 1306 3740 Israel
1330 3689 1684 3758 sacriﬁcabant
1722 3694 1979 3751 uisibiliter
2014 3713 2165 3767 peco-

1170 3794 1281 3833 rum
1308 3781 1533 3838 victimas
1552 3784 1579 3838 ?

652 3880 784 3949 Quia
808 3892 933 3940 sunt
954 3887 1114 3942 etiam
1141 3903 1290 3946 sacra
1315 3894 1627 3963 spiritualia,
1659 3898 1885 3970 quorum
1910 3902 2165 3976 imagines

580 3974 846 4030 carnalem
874 3978 1125 4047 populum
1150 3982 1423 4041 celebrare
1450 3990 1746 4059 oportebat,
1780 4001 1838 4049 ut
1855 3974 2163 4068 praeﬁgura-

582 4061 658 4117 tio
686 4066 807 4119 novi
856 4068 1034 4138 populi
1080 4073 1333 4131 servitute
1371 4079 1567 4134 veteris
1614 4081 1764 4138 ﬁeret
1793 4061 1894 4156 (ιῇ.
1925 4061 2161 4155 Quorum

580 4152 804 4211 duorum
844 4160 1156 4228 populorum
1182 4163 1532 4225 diil‘erentiam
1571 4174 1727 4228 etiam
1758 4152 1812 4230 in
1842 4152 2162 4250 unoimoque

581 4256 821 4304 nostrum
847 4251 971 4307 licet
995 4255 1291 4323 advertere,
1319 4276 1439 4317 cum
1464 4266 1687 4337 quisque
1707 4268 1775 4325 ab
1802 4280 1953 4327 utero
1977 4277 2161 4331 matris

578 4346 811 4397 veterem
849 4343 1115 4402 hominem
1154 4365 1371 4409 necesse
1397 4364 1478 4410 est
1503 4367 1660 4427 agat,
1684 4364 1853 4418 donec
1888 4366 2065 4419 veniat
2094 4366 2161 4422 ad

575 4427 860 4499 juvenilem
882 4446 1127 4504 aetatem;
1160 4441 1245 4496 ubi
1269 4442 1379 4512 jam
1408 4460 1509 4500 non
1537 4456 1619 4501 est
1641 4464 1857 4507 necesse
1879 4455 2160 4511 carnaliter

576 4534 787 4590 sapere,
816 4525 909 4581 sed
948 4536 1122 4595 potest
1167 4531 1233 4585 ad
1263 4534 1553 4602 spiritualia
1591 4539 1861 4594 voluntate
1885 4550 2155 4613 converti,

576 4621 630 4664 et
655 4612 977 4671 intrinsecus
1018 4624 1340 4688 regenerari.
1372 4624 1523 4689 Quod
1552 4643 1680 4696 ergo
1726 4631 1775 4684 in
1808 4647 1912 4685 uno
1942 4612 2156 4693 homine

576 4710 722 4757 recte
740 4702 984 4771 educato,
1008 4710 1193 4764 ordine
1209 4722 1408 4767 natura:
1430 4715 1812 4789 disciplinaque
1837 4725 2091 4795 contingit
2110 4730 2152 4795 ³,

578 4788 679 4847 hoc
710 4798 1050 4866 proportione
1076 4800 1129 4854 in
1165 4802 1413 4858 universo
1442 4821 1636 4875 genere
1664 4808 1892 4866 humano
1918 4815 2030 4869 iieri
2062 4833 2156 4886 per

572 4882 804 4942 divinam
834 4891 1219 4959 providentiam
1241 4936 1256 4959 ,
1291 4899 1573 4968 peragiqne
1598 4901 2008 4970 pulcherrimum
2049 4882 2150 4964 est.

1032 5005 1093 5061 L.
1133 5006 1210 5061 De
1235 5010 1517 5079 mqualitatc
1546 5012 1687 5069 Filii.

640 5113 804 5181 Deus,
833 5131 989 5187 quem
1017 5121 1217 5189 genuit.
1243 5123 1488 5191 quoniam
1516 5127 1790 5185 meliorem
1812 5145 1870 5186 se
1899 5147 2152 5202 generare

569 5222 675 5261 non
698 5210 867 5277 potuit
897 5209 916 5277 (
937 5210 1065 5266 nihil
1094 5212 1238 5268 enim
1268 5215 1375 5269 Deo
1403 5209 1664 5289 melius),
1693 5235 1950 5291 generare
1969 5224 2153 5281 debuit

568 5300 851 5368 aequalem.
876 5301 932 5359 Si
958 5306 1099 5360 enim
1130 5306 1316 5375 voluit,
1346 5317 1399 5364 et
1422 5325 1526 5365 non
1554 5313 1742 5382 potuit,
1772 5314 2013 5372 inﬁrmus
2033 5327 2146 5374 est:

630 5477 750 5560 ἷξε
763 5475 1258 5560 pleriquegditi
1282 5493 1465 5551 autem,
1496 5494 1543 5540 et
1560 5488 1724 5541 multis
1754 5491 2030 5543 conceditur
2061 5509 2149 5560 ap~

566 5535 981 5623 refige'm“
983 5547 1303 5623 ωνλξεάῳις.
1352 5535 1386 5536 ἡ
1499 5535 1721 5623 ’⁷

630 5601 1753 5682 ξιτοὲιειέειῇεῳειείηαωνα
1784 5613 1898 5679 agit.
1934 5616 2020 5667 Alii
2043 5621 2150 5682 qui-

564 5660 694 5718 dam,
717 5670 907 5716 natura!
922 5660 1281 5733 disdplinizque
1296 5660 1536 5736 contingit:

625 5745 699 5871 Ea;
731 5752 747 5794 Ι
770 5754 973 5801 netraet.
999 5764 1114 5826 cap.
1130 5752 1208 5813 ω,
1235 5763 1285 5804 ει
1306 5753 1391 5805 lib.
1410 5755 1497 5818 22,
1512 5756 1577 5808 de
1591 5758 1727 5811 Civil.
1751 5760 1868 5823 Dei,
1893 5774 1999 5827 cap.
2021 5764 2100 5816 ω.

646 5819 677 5857 a
731 5809 829 5860 Lib.
856 5810 914 5862 l0
935 5812 999 5863 de
1020 5820 1154 5865 Ctvtt.
1180 5820 1284 5871 Dei,
1308 5830 1445 5871 app.
1465 5819 1512 5871 5.
1528 5818 1576 5869 6.

646 5809 699 5871 α)
731 5809 829 5860 Lib.
856 5810 914 5862 10
935 5812 999 5863 de
1020 5809 1154 5865 Civit.
1180 5809 1284 5877 Det,
1308 5830 1445 5880 capp.
1465 5809 1512 5883 5,
1528 5818 1576 5869 6.

2304 470 2352 524 si
2378 472 2567 541 potuit,
2590 483 2644 531 et
2668 490 2773 532 non
2800 478 2985 548 voluit,
3012 481 3223 541 invidus
3240 491 3343 543 est.
3366 481 3451 543 Ex
3472 500 3577 561 quo
3600 493 3856 557 «manu

2300 564 2562 632 :equalem
2592 569 2839 636 genuisse
2867 570 3081 629 Filium.

2298 652 2381 709 LI.
2423 655 2500 711 De
2523 658 2722 740 homine
2744 666 2881 733 [acto
2904 664 2974 717 ad
2996 666 3265 739 itnaginem
3286 679 3335 726 et
3357 672 3733 733 similitudinem
3753 678 3850 740 Dei.

2368 748 2417 803 l.
2449 738 2579 806 Cum
2613 756 2929 812 exteriorem
2968 767 3026 814 et
3051 738 3360 819 interiorem
3390 765 3660 826 hominem
3697 772 3849 835 dirius

2293 836 2561 910 Scriptura
2603 858 3020 925 commemoret,
3049 861 3106 908 et
3134 854 3186 908 in
3213 862 3419 912 tantum
3452 873 3545 917 eos
3569 862 3847 938 discernat,

2294 940 2353 985 ut
2376 932 2443 986 ab
2467 935 2723 1003 Apostolo
2764 937 2962 996 dictum
2987 942 3086 1009 sit,
3113 943 3183 999 Et
3205 946 3252 1000 si
3276 950 3493 1005 anterior
3533 953 3683 1009 homo
3710 932 3850 1015 noua;

2292 1025 2631 1095 corrumpitur
2649 1070 2667 1096 ,
2720 1031 2809 1085 sed
2854 1033 3063 1089 interior
3104 1050 3373 1094 renovatur
3419 1042 3483 1097 de
3530 1046 3613 1100 die
3639 1049 3693 1103 in
3741 1052 3847 1108 diem

2294 1111 2359 1182 (ιι
2388 1113 2504 1170 Cor.
2549 1133 2621 1183 tv,
2666 1119 2792 1190 £6);
2842 1125 3007 1193 quaeri
3050 1135 3225 1196 potest
3272 1140 3449 1187 utrum
3498 1148 3634 1193 unus
3682 1140 3846 1200 horum

2292 1202 2462 1259 factus
2508 1208 2576 1262 sit
2616 1209 2682 1264 ad
2713 1212 2992 1284 imaginem
3034 1226 3089 1272 et
3132 1219 3533 1280 similitudinem
3578 1228 3694 1284 Dei.
3737 1231 3843 1290 Nam

2292 1295 2419 1351 illud
2442 1301 2656 1355 stultum
2682 1310 2765 1357 est
2790 1320 3051 1374 quterere,
3080 1309 3126 1364 si
3154 1327 3310 1378 unus,
3341 1315 3461 1384 quis
3492 1317 3843 1390 horum?Quis

2289 1388 2432 1443 enim
2476 1389 2680 1446 dubitat
2717 1409 2838 1450 eum
2874 1399 3048 1465 potius
3075 1402 3164 1471 qui
3202 1416 3508 1474 renovatur,
3550 1425 3708 1480 quam
3742 1388 3839 1471 eum

2289 1479 2377 1547 qui
2404 1484 2775 1554 corrumpitur,
2811 1486 3033 1545 dicere?
3062 1491 3246 1547 Utrum
3275 1505 3450 1553 autem
3478 1479 3657 1567 ambo,
3683 1520 3841 1575 magna

2289 1574 2511 1642 qtttestio
2534 1586 2615 1631 est
2645 1579 2745 1650 (a).
2776 1579 2907 1635 Nam
2933 1583 2977 1636 si
3016 1587 3250 1641 exterior
3277 1588 3436 1644 homo
3461 1600 3546 1648 est
3576 1574 3777 1662 Adam
3799 1607 3841 1655 et

2289 1662 2511 1719 interior
2536 1663 2808 1736 Christus,
2841 1672 2975 1728 bene
3005 1675 3162 1731 ambo
3196 1677 3581 1751 intelliguntur.
3614 1685 3716 1742 Sed
3740 1704 3840 1747 cum

2288 1752 2479 1819 Adam,
2512 1756 2650 1813 sicut
2674 1774 2703 1812 a
2729 1761 2837 1815 Deo
2863 1762 3030 1818 factus
3059 1775 3158 1832 est,
3186 1766 3360 1824 bonus
3386 1786 3491 1827 non
3515 1779 3777 1843 manserit,
3795 1790 3841 1837 et

2287 1844 2552 1917 diligendo
2579 1854 2808 1907 carnalia
2847 1858 3075 1912 carnalis
3101 1859 3323 1916 ell'ectus
3351 1865 3457 1929 sit,
3499 1883 3607 1923 non
3636 1869 3842 1928 absurde

2286 1938 2450 1993 videri
2479 1951 2679 2009 potest,
2713 1944 2812 2000 hoc
2839 1946 3010 2016 ipsum
3040 1950 3088 2005 ei
3120 1950 3284 2008 luisse
3318 1955 3509 2013 cadere
3531 2000 3547 2024 ,
3580 1960 3839 2031 imaginem

2288 2028 2379 2083 Dei
2408 2031 2426 2105 ε
2454 2040 2508 2085 ει
2548 2034 2942 2093 similitudinem
2972 2042 3232 2098 amittere.
3266 2046 3343 2100 Ac
3372 2063 3466 2116 per
3492 2048 3590 2105 hoc
3620 2028 3728 2121 ipse
3765 2070 3841 2109 re.

2284 2129 2510 2176 novatur
2527 2164 2543 2189 ,
2571 2132 2627 2178 et
2661 2125 2773 2195 ipse
2799 2139 2882 2183 est
2910 2131 3129 2187 interior
3153 2151 3168 2188 :
3196 2137 3464 2205 quomodo
3487 2156 3617 2211 ergo
3641 2152 3722 2199 est
3745 2145 3839 2215 ipse

2283 2219 2336 2265 et
2358 2213 2631 2268 exterior?
2660 2218 2740 2271 An
2774 2220 3064 2276 secundum
3093 2238 3321 2294 corpus;
3351 2238 3408 2282 ut
3435 2229 3658 2288 interior
3680 2236 3744 2290 sit
3765 2213 3838 2292 se-

2281 2305 2508 2360 cundum
2536 2310 2763 2366 animam
2783 2354 2799 2379 ,
2828 2324 2883 2368 et
2911 2315 3177 2375 interioris
3204 2324 3274 2377 sit
3304 2326 3324 2357 ²
3356 2329 3674 2382 resurrectio
3698 2338 3749 2384 et
3769 2345 3837 2385 re-

2282 2399 2516 2465 novatio,
2538 2415 2656 2471 qua:
2684 2419 2825 2459 nunc
2848 2405 2907 2461 lit
2932 2411 3223 2467 secundum
3251 2426 3475 2473 mortem
3498 2420 3693 2489 prioris
3714 2421 3831 2487 vita,

2282 2485 2335 2541 id
2370 2499 2452 2543 est
2494 2492 2728 2560 peccati,
2773 2503 2830 2551 et
2874 2500 3165 2557 secundum
3213 2485 3672 2576 regenerationem
3707 2485 3833 2568 nove

2280 2580 2423 2647 vitm,
2451 2581 2502 2635 id
2526 2592 2610 2637 est
2630 2586 2848 2652 justitiae
2868 2587 2892 2642 ?
2914 2589 3060 2658 Quos
3085 2593 3208 2649 item
3231 2595 3366 2651 duos
3391 2597 3638 2656 homines
3664 2602 3736 2657 sic
3758 2617 3833 2674 ap-

2280 2671 2460 2740 pellat,
2486 2682 2543 2728 ut
2562 2690 2723 2731 unum
2754 2687 3009 2743 veterem,
3027 2699 3185 2753 quem
3206 2686 3462 2758 debemus
3484 2705 3703 2759 exuere,
3728 2671 3833 2749 alte-

2278 2776 2397 2818 rum
2425 2779 2639 2833 novum,
2664 2779 2717 2824 et
2740 2786 2862 2827 eum
2890 2773 3209 2832 induendum
3234 2793 3620 2839 commemoret
3640 2783 3830 2855 (Colon.

2279 2869 2354 2921 Ill,
2378 2854 2569 2930 9,}0):
2592 2875 2815 2929 quorum
2837 2880 3023 2921 rursus
3044 2867 3187 2922 illum
3206 2872 3438 2939 appellat
3456 2854 3736 2946 imaginem
3752 2886 3831 2932 ter-

2279 2946 2391 2998 reni
2414 2945 2664 3016 hominis,
2690 2952 2811 3022 quia
2836 2957 3125 3012 secundum
3147 2969 3419 3029 peccatum
3442 2945 3605 3033 primi
3630 2966 3831 3023 hominis

2274 3038 2495 3105 geritur,
2540 3042 2631 3110 qui
2671 3052 2753 3098 est
2790 3046 2994 3113 Adam;
3036 3051 3255 3105 alterum
3296 3052 3584 3124 imaginem
3625 3058 3832 3115 caelestis

2278 3128 2507 3184 hominis
2528 3130 2568 3204 (Ι
2598 3132 2715 3187 Car.
2745 3151 2850 3203 xv,
2881 3138 2992 3210 49).
3022 3142 3145 3209 quia
3172 3144 3466 3200 secundum
3488 3147 3742 3223 justitiam
3764 3165 3831 3205 se-

2275 3222 2431 3276 cundi
2460 3222 2688 3280 hominis
2710 3231 2945 3298 geritur,
2977 3232 3069 3300 qui
3097 3244 3178 3287 est
3206 3234 3365 3291 Jesus
3388 3235 3658 3295 Christus.
3696 3222 3831 3297 Exte—

2274 3313 2384 3368 rior
2406 3323 2581 3370 autem
2605 3315 2781 3382 homo,
2805 3321 2895 3390 qui
2920 3337 3059 3377 nunc
3082 3331 3457 3397 corrumpitur,
3479 3327 3658 3386 futura
3678 3347 3832 3387 resur-

2272 3405 2512 3462 rectione
2539 3410 2894 3477 renovabitur,
2926 3427 3047 3468 cum
3076 3413 3229 3470 istam
3261 3427 3487 3475 mortem
3513 3423 3829 3490 persolverit,

2272 3514 2432 3569 quam
2468 3511 2672 3559 natura:
2705 3503 2883 3574 debet,
2916 3506 3033 3577 lege
3070 3508 3159 3563 illa
3206 3524 3327 3580 quae
3368 3512 3419 3567 in
3449 3514 3697 3583 paradiso
3729 3516 3832 3572 dats

2271 3598 2354 3645 est
2382 3589 2424 3645 ³.

2340 3680 2396 3735 2.
2428 3682 2705 3750 Quomodo
2730 3695 2907 3742 autem
2939 3703 3043 3743 non
3069 3690 3139 3744 sit
3162 3691 3531 3764 incongruum,
3558 3697 3703 3768 quod
3717 3696 3831 3754 dici-

2273 3779 2362 3827 tur
2387 3774 2548 3829 etiam
2575 3791 2768 3847 corpus
2796 3777 2990 3835 factum
3014 3781 3081 3836 ad
3120 3782 3515 3843 similitudinem
3548 3789 3643 3845 Dei
3660 3830 3676 3855 ,
3699 3789 3833 3846 lscile

2272 3864 2517 3935 intelligit
2548 3868 2639 3937 qui
2688 3868 2967 3940 diligenter
2992 3874 3217 3930 attendit
3238 3876 3381 3946 quod
3408 3878 3609 3936 dictum
3631 3891 3737 3949 est,
3779 3881 3834 3935 Et

2269 3955 2387 4024 fecit
2416 3954 2554 4010 Deus
2580 3958 2748 4012 omnia
2772 3960 2902 4015 bona
2938 3963 3084 4017 ualde
3113 3963 3260 4035 (Gen.
3289 3983 3344 4035 ι,
3372 3968 3482 4039 3i).
3511 3970 3683 4028 Nemo
3707 3973 3832 4028 enim

2268 4044 2473 4101 dubitat
2495 4048 2636 4117 quod
2661 4050 2729 4104 sit
2754 4051 2866 4121 ipse
2889 4053 3132 4123 primitus
3156 4056 3344 4113 bonus.
3372 4059 3549 4116 Multis
3574 4064 3714 4119 enim
3733 4078 3833 4119 mo-

2267 4137 2350 4192 dis
2375 4138 2478 4194 dici
2509 4155 2595 4196 res
2622 4153 2841 4211 possunt
2865 4145 3067 4201 similes
3095 4147 3206 4203 Deo
3236 4166 3249 4201 :
3281 4150 3398 4205 alia;
3423 4155 3716 4211 secundum
3741 4157 3833 4211 vir-

2268 4238 2431 4284 tutem
2455 4239 2511 4285 et
2545 4234 2855 4303 sapientiam
2886 4236 3038 4292 taetre
3060 4277 3077 4301 ,
3098 4239 3221 4309 quia
3256 4240 3310 4295 in
3340 4242 3455 4311 ipso
3480 4254 3565 4299 est
3592 4247 3755 4302 virtus
3786 4254 3832 4302 et

2264 4320 2519 4386 sapientia
2548 4337 2653 4377 non
2693 4323 2864 4390 facta;
2903 4327 3023 4381 alite
3046 4328 3099 4382 in
3130 4342 3385 4400 quantum
3417 4334 3593 4391 solum
3633 4339 3827 4401 vivunt.

2263 4408 2383 4477 quia
2427 4411 2513 4466 ille
2555 4427 2761 4469 summe
2793 4425 2848 4470 et
2876 4418 3120 4486 primitus
3162 4421 3323 4486 vivit;
3355 4423 3469 4478 alia:
3498 4424 3553 4479 in
3590 4438 3829 4497 quantum

2263 4508 2419 4564 sunt,
2449 4503 2569 4573 quia
2610 4503 2699 4558 ille
2722 4519 2927 4561 sumine
2969 4518 3023 4563 et
3052 4511 3291 4579 primitus
3317 4522 3419 4568 est.
3459 4515 3527 4570 Et
3570 4518 3693 4573 ideo
3727 4533 3832 4588 quae

2264 4593 2627 4647 tantummodo
2652 4606 2792 4661 sunt,
2822 4614 2921 4654 nec
2950 4609 3123 4656 tamen
3154 4602 3336 4658 vivunt
3361 4615 3450 4660 aut
3475 4609 3707 4678 sapiunt,
3739 4623 3833 4665 non

2262 4679 2513 4748 perfecte,
2541 4683 2633 4738 sed
2660 4687 2848 4756 exigue
2876 4699 2999 4743 sunt
3025 4692 3089 4745 ad
3117 4694 3517 4752 similitudinem
3546 4700 3691 4768 ejus;
3722 4701 3831 4773 quis

2261 4782 2314 4825 et
2359 4773 2470 4842 ipsa
2500 4774 2635 4830 bona
2672 4789 2794 4833 sunt
2837 4781 2889 4835 in
2927 4784 3112 4839 ordine
3149 4799 3278 4852 suo,
3312 4804 3431 4843 cum
3458 4790 3527 4845 sit
3565 4792 3656 4848 ille
3685 4807 3833 4864 super

2260 4865 2435 4918 omnia
2479 4866 2677 4934 bonus,
2706 4886 2734 4923 τι
2773 4887 2879 4942 quo
2917 4877 3095 4930 omnia
3130 4878 3267 4934 bona
3299 4882 3610 4950 procedunt.
3655 4885 3832 4941 Omnia

2265 4971 2391 5011 vero
2416 4972 2534 5028 quae
2561 4961 2742 5017 vivunt
2762 4972 2815 5018 et
2840 4981 2947 5020 non
2974 4968 3203 5037 sapiunt,
3236 4973 3391 5041 paulo
3415 4976 3645 5044 amplius
3674 4976 3831 5048 parti-

2258 5048 2435 5118 cipant
2455 5052 2871 5113 similitudinem.
2894 5058 3043 5127 Quod
3065 5063 3206 5117 enim
3229 5064 3378 5130 vivit,
3403 5068 3562 5123 etiam
3590 5081 3709 5126 est:
3737 5085 3834 5126 non

2259 5151 2435 5196 autem
2473 5144 2723 5214 quidquid
2759 5157 2873 5213 est,
2900 5152 3059 5205 etiam
3084 5153 3232 5209 vivit.
3265 5154 3382 5211 .lam
3408 5173 3567 5227 porro
3596 5176 3717 5231 quae
3752 5175 3833 5215 sa-

2261 5234 2432 5303 piunt,
2456 5237 2523 5291 ita
2558 5238 2630 5292 illi
2659 5240 3003 5300 similitudine
3028 5255 3150 5301 sunt
3179 5250 3437 5318 proxima,
3466 5262 3521 5307 ut
3546 5254 3598 5308 in
3629 5263 3831 5310 creatu-

2262 5327 2337 5382 ris
2366 5327 2496 5383 nihil
2533 5331 2602 5385 sit
2645 5334 3009 5407 propinqnius.
3054 5338 3204 5407 Quod
3245 5342 3386 5397 enim
3428 5346 3710 5416 participat
3753 5360 3835 5401 sa-

2322 5461 2441 5541 gsic
2472 5469 2575 5512 uss.
2613 5470 2669 5513 Αι
2701 5465 2837 5527 editi,
2872 5467 2960 5519 hoc
2991 5469 3151 5534 ipsum
3180 5472 3229 5524 ei
3256 5472 3401 5537 fuisse
3433 5488 3599 5528 carere
3630 5475 3837 5541 ἱυωαὶπε

2258 5529 2436 5660 Dat}??-
2462 5594 2516 5660 _el
2542 5593 2674 5660 ιρι..
2698 5587 2900 5660 interior
2917 5593 3193 5660 sit._atelius
3215 5603 3315 5647 Rat.
3344 5605 3397 5648 et
3422 5606 3552 5660 Mss,
3575 5598 3836 5651 interimis.

2254 5647 2493 5713 -—_Lu_gd.
2520 5656 2570 5713 ei
2586 5657 2726 5713 ven.,
2750 5651 2949 5704 uiterior
2972 5654 3048 5713 sit,
3082 5664 3136 5705 ut
3160 5664 3233 5706 Er.
3255 5668 3307 5709 et
3330 5647 3557 5710 mihi

2318 5708 2451 5783 illic
2490 5711 2606 5783 editi
2645 5713 2853 5783 addunt,_
2892 5729 2979 5779 per
3002 5708 3311 5783 praeceptum.
3350 5708 3625 5773 Navarﬁcus
3661 5721 3838 5783 codex,

2252 5775 2696 5838 postprtgceptum;
2726 5777 2854 5838 quod
2877 5775 2905 5826 a
2925 5775 3118 5830 caeteris
3140 5775 3247 5834 fere
3283 5789 3388 5834 Mss.
3410 5786 3566 5836 abest.

2313 5830 3079 5905 ia)IJb.'ttde1i-init.cap.i.
3412 5830 3545 5889 *ἦ
