3942 6416
137 402 200 462 33
1522 361 1702 420 LIBEI

1810 359 1960 417 NUS.
3293 356 3368 416 δι

140 512 347 591 pientize,
365 515 411 562 et
432 501 557 557 vivit
583 507 641 554 et
667 504 791 554 est:
825 492 973 565 quod
998 498 1168 546 autem
1191 485 1337 551 vivit,
1362 495 1582 591 necesse
1606 488 1688 534 est

147 571 200 664 t
228 605 311 665 sit,
334 571 428 653 non
467 604 689 649 necesse
721 595 806 643 est
845 595 908 640 ut
952 583 1138 652 sapiat.
1165 579 1342 646 Quare
1377 589 1497 630 cum
1529 571 1689 625 homo

148 697 284 770 possit
308 689 550 761 particeps
575 696 700 738 esse
741 675 1020 747 sapientiae
1057 668 1343 770 secundum
1383 665 1687 768 interiorem

147 755 402 846 hominem,
431 755 731 832 secundum
760 771 935 839 ipsum
964 767 982 796 ί
1019 766 1092 817 ita
1132 770 1212 816 est
1257 757 1326 813 ad
1368 755 1685 846 imaginem,

145 842 198 934 at,
227 874 345 931 nulla
380 842 566 924 natura
605 858 920 931 interposita
962 855 1252 915 formetur;
1299 855 1353 903 et
1397 846 1516 901 ideo
1553 842 1687 899 nihil

140 970 196 1025 sit
218 968 311 1022 Deo
346 959 694 1030 coniunctius.
725 951 797 1007 Et
828 948 969 1018 sapit
995 945 1175 1010 enim,
1212 950 1267 998 et
1291 937 1454 1005 vivit,
1484 946 1537 993 et
1561 944 1643 993 est
1670 953 1686 990 :

144 1074 234 1130 qua
254 1064 463 1113 creatura
491 1047 629 1104 nihil
658 1054 741 1100 est
768 1041 980 1097 melius.

207 1151 251 1205 5.
285 1143 412 1215 Quod
456 1142 500 1197 si
541 1138 777 1196 exterior
801 1134 964 1188 homo
1003 1129 1114 1185 vita
1157 1126 1244 1182 illa
1280 1123 1561 1215 accipitur,
1584 1135 1687 1192 qua

146 1255 223 1311 per
255 1213 431 1306 corpus
475 1232 740 1288 sentimus
782 1225 1017 1295 quinque
1061 1213 1353 1274 notissimis
1405 1213 1685 1311 sensibus,

140 1305 252 1400 quos
267 1305 374 1381 eum
400 1321 680 1394 pecoribus
703 1317 959 1372 habemus
979 1324 1292 1367 communes
1314 1326 1328 1361 :
1357 1322 1481 1400 nam
1501 1313 1557 1360 et
1575 1305 1687 1374 ipsa

137 1398 368 1476 molestiis
393 1413 730 1471 sensibilibus
751 1451 765 1476 ,
797 1422 916 1478 quae
942 1400 1404 1474 persecutionibus
1440 1398 1688 1468 ingemu-

137 1520 232 1575 tur,
270 1505 515 1575 corrumpi
556 1511 732 1572 potest
765 1517 778 1552 :
822 1512 927 1552 non
977 1494 1243 1549 immerito
1286 1499 1339 1546 et
1387 1491 1485 1544 iste
1525 1489 1687 1543 homo

139 1601 370 1670 particeps
397 1597 586 1651 dicitur
631 1588 993 1647 similitudinis
1042 1586 1173 1650 Dei;
1204 1599 1312 1638 non
1358 1582 1530 1636 solum
1564 1581 1686 1670 quia

138 1669 267 1753 vivit,
286 1689 413 1761 quod
432 1687 587 1743 etiam
612 1685 664 1737 in
688 1681 873 1736 bestiis
897 1686 1150 1749 apparet;
1180 1674 1276 1730 sed
1301 1673 1525 1742 amplius
1546 1669 1690 1742 quod

137 1783 196 1836 ad
222 1791 433 1836 mentem
469 1777 795 1832 convertitur
820 1788 880 1827 se
905 1778 1178 1840 regentem
1199 1810 1214 1834 ,
1242 1781 1399 1837 quam
1416 1767 1436 1796 '
1464 1765 1690 1819 illustrat

138 1874 398 1943 sapientia,
429 1869 566 1941 quod
616 1869 667 1921 in
718 1864 902 1920 beStiis
929 1876 1034 1916 non
1069 1867 1244 1931 potest
1269 1857 1474 1912 ratione
1501 1869 1688 1910 caren-

141 1942 288 2019 tibus.
321 1964 513 2031 Corpus
537 1973 744 2028 quoque
773 1953 1007 2010 hominis
1025 1993 1040 2015 ,
1068 1950 1189 2020 quia
1212 1948 1382 2003 solum
1411 1945 1551 2000 inter
1579 1942 1692 1997 ani-

140 2057 346 2112 malium
377 2065 702 2108 terrenarum
738 2062 974 2117 corpora.
1016 2060 1123 2098 non
1167 2056 1391 2111 pronum
1419 2039 1474 2094 in
1515 2039 1690 2092 alvum

155 2156 464 2219 prostratum
489 2154 601 2210 est,
629 2158 746 2198 cum
784 2141 852 2196 sit
871 2138 1095 2199 visibile,
1136 2133 1230 2190 sed
1275 2133 1339 2188 ad
1381 2130 1692 2187 intuendum

149 2240 332 2294 calum
375 2247 644 2298 erectum,
695 2230 830 2303 quod
872 2238 952 2284 est
998 2227 1315 2298 principium
1369 2224 1650 2279 visibilium
1675 2240 1703 2288 ;.

145 2344 419 2404 quanquam
446 2344 551 2384 non
580 2343 703 2392 sua,
736 2325 827 2380 sed
855 2325 1047 2379 animai
1082 2322 1362 2392 praesentia
1391 2320 1570 2374 vivere
1598 2331 1694 2372 co-

145 2433 431 2495 gnoscatur:
460 2431 632 2476 tamen
663 2435 768 2473 non
796 2416 956 2471 modo
983 2415 1106 2486 quia
1135 2422 1247 2478 est,
1280 2421 1335 2468 et
1364 2413 1416 2468 in
1442 2419 1694 2481 quantum

145 2527 236 2581 est,
265 2516 425 2585 utique
454 2513 649 2568 bonum
676 2522 799 2566 est:
831 2508 927 2564 sed
955 2509 1112 2564 etiam
1145 2505 1264 2579 quia
1294 2505 1396 2560 tale
1421 2513 1524 2570 est,
1549 2512 1608 2557 ut
1630 2501 1696 2558 ad

148 2605 571 2677 contemplandum
613 2603 812 2658 omium
854 2601 924 2654 sit
945 2599 1139 2667 aptius,
1177 2596 1343 2666 magis
1388 2595 1440 2650 in
1486 2595 1588 2648 hoc
1629 2593 1698 2648 ad

153 2699 392 2768 imaginem
417 2706 470 2751 et
493 2693 898 2752 similitudinem
923 2690 1038 2756 Dei,
1064 2705 1223 2760 quam
1253 2697 1444 2742 ctetera
1472 2701 1699 2756 corpora

157 2787 414 2842 animalium
454 2786 650 2840 factum
692 2784 817 2855 jure
864 2780 1032 2835 videri
1081 2787 1275 2849 potest.
1321 2777 1522 2832 Tamen
1576 2775 1699 2845 quia

159 2876 291 2932 homo
313 2879 418 2932 sine
443 2878 549 2930 vita
579 2892 688 2930 non
729 2883 876 2928 recte
905 2871 1200 2942 appellatur
1230 2869 1305 2941 (a)
1331 2885 1346 2932 ;
1377 2884 1480 2922 non
1503 2883 1700 2937 corpus

167 2970 298 3022 solum
319 2970 466 3023 homo
485 2967 740 3030 exterior,
762 2981 939 3036 neque
950 2965 1064 3019 sola
1090 2964 1196 3017 vita
1220 2979 1337 3032 qua:
1363 2962 1412 3015 in
1438 2976 1597 3016 sensu
1619 2970 1702 3015 est

171 3059 367 3126 corporis
388 3099 404 3124 ,
428 3061 514 3112 sed
533 3069 825 3128 utrumque
854 3056 1012 3111 simul
1033 3055 1229 3110 rectius
1256 3054 1480 3110 fortasse
1506 3054 1699 3109 intelli-

165 3151 294 3219 gitur.

221 3243 265 3295 4.
290 3241 457 3309 Neque
479 3241 666 3295 inscite
691 3238 1031 3308 distinguitur
1051 3278 1064 3302 ,
1096 3236 1238 3307 quod
1265 3236 1406 3290 aliud
1433 3237 1500 3290 sit
1528 3238 1702 3306 imago

162 3343 203 3386 et
227 3332 490 3387 similitudo
517 3333 645 3393 Dei,
691 3331 782 3401 qui
810 3331 969 3385 etiam
994 3329 1160 3383 Filius
1185 3328 1411 3393 dicitur;
1453 3328 1593 3381 aliud
1637 3327 1702 3382 ad

161 3422 409 3493 imaginem
435 3432 486 3477 et
524 3422 931 3477 similitudinem
975 3420 1103 3484 Dei,
1137 3419 1274 3474 sicut
1323 3419 1590 3473 hominem
1622 3418 1703 3473 fa-

157 3525 276 3568 etum
300 3515 576 3583 accipimus
607 3513 706 3584 (ὁ).
736 3511 871 3566 Sunt
896 3511 1053 3565 etiam
1079 3509 1166 3579 qui
1198 3525 1301 3564 non
1327 3511 1519 3563 frustm
1550 3510 1706 3564 intel-

157 3603 294 3673 ligant
316 3605 421 3659 duo
444 3606 579 3660 dicta
606 3619 726 3658 esse
747 3644 761 3666 ,
784 3601 852 3656 ad
883 3600 1161 3672 imaginem
1183 3608 1236 3655 et
1268 3601 1666 3655 similitudinem
1689 3620 1703 3656 :

157 3710 262 3750 cum
283 3697 320 3750 si
344 3712 447 3752 una
472 3710 560 3751 res
587 3703 749 3759 esset,
780 3709 945 3748 unum
970 3708 1162 3747 nomen
1195 3692 1443 3747 suflicere
1470 3693 1707 3761 potuisse

161 3799 384 3842 merant.
409 3787 522 3844 Sed
565 3787 634 3840 ad
665 3785 946 3857 imaginem
985 3792 1218 3848 mentem
1262 3784 1451 3838 factam
1480 3784 1704 3850 volunt,

158 3894 260 3948 qua:
283 3881 410 3934 nulla
447 3878 764 3948 interposita
789 3875 1080 3931 substantia
1103 3875 1170 3930 ab
1196 3874 1308 3945 ipsa
1334 3875 1559 3930 veritate
1597 3873 1707 3928 for-

160 3980 334 4038 matur,
360 3972 446 4043 qni
479 3971 644 4027 etiam
682 3968 900 4039 spiritus
941 3967 1134 4022 dicitur
1167 3984 1181 4019 :
1215 3981 1320 4020 non
1365 3967 1454 4022 ille
1480 3965 1709 4036 Spiritus

157 4074 370 4129 sanctus,
401 4062 499 4133 qui
529 4071 615 4116 est
636 4059 876 4129 ejusdem
918 4058 1226 4113 substantiae
1245 4099 1262 4124 ,
1293 4056 1442 4126 cujus
1471 4066 1525 4110 et
1554 4056 1711 4110 Pater

159 4165 204 4207 et
223 4153 396 4221 Filius,
427 4153 532 4210 sed
556 4153 775 4223 spiritus
798 4151 1047 4204 hominis.
1074 4149 1208 4203 Nam
1236 4149 1308 4202 ita
1336 4149 1434 4202 hos
1457 4148 1712 4202 discernit

162 4249 408 4318 Apostolus
437 4270 451 4304 :
487 4248 660 4303 Nemo
687 4247 778 4301 scit
805 4246 926 4315 quid
951 4257 1132 4316 agatur
1154 4244 1208 4297 in
1236 4244 1456 4309 homine,
1488 4244 1584 4295 nisi
1607 4243 1713 4312 spi-

161 4342 274 4393 ritus
292 4344 486 4397 trossulis
500 4360 520 4406 ;
542 4351 590 4395 et
616 4356 762 4394 nemo
785 4340 878 4393 scit
906 4337 1026 4408 quid
1045 4345 1222 4407 agatur
1242 4337 1295 4388 in
1317 4335 1444 4398 Deo,
1468 4335 1564 4388 nisi
1593 4335 1715 4404 Spi-

159 4433 271 4486 ritus
293 4433 379 4487 Dei
418 4435 458 4503 (1
488 4434 612 4488 Cor.
647 4449 720 4496 ιι,
749 4432 859 4501 Η).
896 4430 1024 4484 Item
1052 4429 1119 4482 de
1161 4426 1346 4497 spiritu
1375 4426 1604 4482 hominis
1629 4426 1712 4480 di-

157 4525 248 4578 cit:
279 4526 479 4580 Saluum
505 4525 661 4596 faciat
689 4523 926 4592 spiritum
951 4529 1186 4583 oestrum,
1215 4527 1262 4573 et
1286 4520 1506 4572 animam
1528 4528 1575 4573 et
1603 4535 1716 4573 cor-

155 4632 235 4683 pus
264 4617 302 4686 (I
326 4616 507 4671 Thess.
537 4632 570 4669 v
590 4655 605 4681 ,
634 4614 752 4683 εδ).
783 4613 853 4668 Et
893 4613 993 4668 iste
1029 4612 1172 4668 enim
1199 4612 1366 4665 factus
1390 4620 1472 4667 est
1499 4627 1529 4664 a
1560 4612 1673 4667 Deo
1695 4654 1712 4682 ,

155 4707 272 4761 sicut
295 4719 344 4762 et
383 4719 588 4764 caetera
613 4714 876 4761 creatura.
906 4702 1173 4772 Scriptum
1199 4711 1283 4757 est
1307 4703 1449 4756 enim
1497 4701 1551 4756 in
1581 4702 1715 4757 Pro-

155 4797 325 4852 verbiis
349 4798 454 4853 hoc
482 4796 646 4851 modo
671 4811 687 4848 :
724 4794 866 4850 Scito
893 4793 1130 4863 quoniam
1155 4790 1403 4844 Dominus
1440 4792 1594 4844 corda
1623 4793 1718 4845 Ito-

156 4890 317 4943 stiusm
356 4891 538 4953 nouit;
567 4899 616 4942 et
637 4889 723 4958 qui
748 4886 899 4956 finxit
938 4885 1169 4956 spiritum
1196 4883 1426 4938 omnibus
1444 4923 1458 4948 ,
1495 4885 1604 4954 ipse
1628 4885 1719 4939 scit

153 4983 298 5036 slsis
317 4982 512 5054 (Prov.
545 4996 664 5048 ιη,
691 4981 773 5053 2).
803 4978 944 5047 Ergo
978 4978 1076 5032 iste
1101 4977 1315 5046 spiritus
1339 4975 1406 5030 ad
1436 4977 1719 5047 imaginem

159 5069 233 5125 Dei
257 5073 393 5129 nullo
417 5071 706 5129 dubitante
731 5068 904 5122 factus
930 5066 1187 5136 accipitur
1204 5106 1219 5130 ,
1251 5066 1302 5121 in
1330 5081 1435 5135 quo
1461 5074 1543 5120 est
1565 5067 1722 5121 intel-

161 5159 341 5231 ligentia
366 5163 618 5219 veritatis
649 5179 664 5215 :
697 5160 865 5215 haeret
901 5159 1042 5214 enim
1071 5157 1281 5212 veritati
1312 5157 1455 5211 nulla
1481 5156 1720 5227 interpo-

167 5255 242 5308 sita
264 5270 536 5314 creatura.
567 5255 772 5312 Caetera
813 5252 1047 5309 hominis
1069 5251 1137 5306 ad
1161 5251 1559 5306 similitudinem
1586 5251 1722 5309 facta

171 5345 300 5404 ﬁeri
322 5350 548 5413 volunt;
590 5347 712 5418 quia
736 5347 912 5402 omnis
935 5343 1152 5415 quidem
1178 5344 1356 5414 imago
1384 5343 1572 5399 similis
1601 5352 1720 5413 est,

227 5542 375 5609 ‘litt.
395 5546 674 5600 sectandum
700 5559 754 5597 se
773 5545 950 5610 ipsum
992 5549 1047 5592 At
1066 5548 1196 5601 uss,
1235 5539 1501 5591 secundant
1532 5538 1724 5604 ipsum;

173 5603 211 5651 Η
225 5618 307 5674 is,
323 5603 579 5660 Hminem
598 5603 897 5674 interiorem.
1227 5672 1233 5674 Α
1344 5664 1374 5674 ﬂ

223 5664 367 5730 ms...
392 5670 627 5722 conuertit
646 5685 696 5720 se
727 5676 983 5735 regentem,
1006 5678 1164 5731 quem,
1190 5672 1284 5716 etc.
1304 5664 1727 5726 ;dissentientibus

424 5745 481 5784 es
499 5741 606 5783 Mss.

222 5795 288 5917 ig;
581 5793 896 5919 'cap.
919 5854 973 5916 ϐ,
994 5867 1045 5906 ιι.
1065 5852 1142 5916 Β,
1165 5858 1255 5906 ett
1278 5857 1482 5903 και-θα.
1501 5864 1606 5916 esp.
1625 5849 1704 5902 28.

1797 489 1904 530 non
1947 481 2122 528 autem
2147 487 2304 529 omne
2327 473 2468 543 quod
2495 474 2667 528 simile
2693 481 2810 540 est,
2837 473 2997 530 etiam
3040 473 3214 544 imago
3238 488 3368 543 pro-

1797 568 1912 636 prie
1930 606 1946 631 ,
1976 565 2068 619 sed
2096 565 2230 621 forte
2254 563 2472 619 abusive
2497 565 2602 619 dici
2633 575 2822 634 potest.
2852 566 2956 621 Sed
2993 565 3284 622 cavendum
3312 567 3367 623 in

1795 656 1991 711 talibus
2019 670 2086 710 ne
2121 655 2246 725 quid
2271 656 2430 710 nimis
2467 657 2878 712 asseverantium
2904 667 3148 728 putetur,
3195 659 3284 714 illa
3309 673 3371 716 re

1795 745 2226 800 sane-salubriter
2249 745 2508 801 custodita
2530 789 2544 814 ,
2574 762 2642 802 ne
2670 748 2916 816 quoniam
2943 764 3135 820 corpus
3154 750 3368 820 quodli-

1794 838 1884 894 bet
1909 853 2003 909 per
2026 839 2211 894 localia
2236 840 2402 909 Spatia
2436 849 2736 910 porrectum
2760 849 2859 904 est,
2887 841 3080 912 aliquid
3111 842 3216 897 tale
3242 857 3367 899 cre-

1789 931 1947 988 datur
1972 946 2092 988 esse
2119 930 2412 986 substantia
2442 932 2554 987 Dei.
2581 931 2713 987 Nam
2738 947 2824 987 res
2850 948 2968 1002 quae
3010 933 3062 988 in
3091 944 3238 1004 parte
3263 935 3366 989 mi-

1793 1039 1892 1078 nor
1917 1033 1999 1079 est
2025 1037 2183 1093 quam
2211 1023 2264 1076 in
2300 1032 2409 1078 toto
2431 1065 2446 1089 ,
2477 1038 2577 1080 nec
2601 1023 2840 1094 dignitati
2866 1025 3055 1080 animae
3079 1026 3364 1091 convenit;

1791 1123 1990 1185 quanto
2014 1114 2187 1168 minus
2216 1113 2479 1184 maiestati
2506 1114 2637 1168 Dei?

1790 1204 1899 1260 LII.
1929 1202 2010 1259 De
2045 1210 2102 1259 eo
2143 1203 2278 1274 quod
2301 1204 2486 1258 dictum
2525 1214 2631 1272 est,
2663 1204 2891 1261 Ptenitet
2918 1221 3004 1261 me
3033 1205 3222 1262 fecisse
3268 1206 3367 1264 ho-

2229 1297 2424 1352 minem
2451 1297 2602 1370 (Gen.
2632 1313 2716 1363 v1,
2748 1298 2815 1364 6,
2849 1299 2926 1368 7).

1864 1387 2066 1442 Divinte
2095 1386 2380 1457 Scriptura:
2400 1403 2430 1442 a
2453 1397 2662 1443 terreno
2688 1397 2742 1443 et
2767 1389 3000 1444 humano
3019 1404 3179 1445 sensu
3201 1390 3268 1445 ad
3287 1390 3370 1445 di-

1790 1481 1970 1535 vinum
2001 1491 2054 1536 et
2082 1481 2353 1536 caelestem
2384 1496 2478 1535 nos
2505 1481 2802 1550 erigentes,
2835 1496 3000 1550 usque
3024 1481 3091 1535 ad
3121 1497 3182 1536 ea
3205 1483 3367 1538 verba

1791 1574 2215 1640 descenderunt,
2256 1574 2446 1644 quibus
2473 1572 2609 1628 inter
2636 1589 2696 1628 se
2737 1574 3169 1628 stultissimorum
3207 1575 3367 1630 etiam

1789 1665 1956 1721 utitur
1974 1663 2319 1720 consuetudo.
2343 1664 2521 1733 Itaque
2541 1680 2721 1718 earum
2743 1665 2903 1719 etiam
2925 1665 3261 1720 all‘ectionum
3283 1682 3372 1721 no-

1792 1758 1934 1813 mina
1954 1800 1968 1823 ,
2001 1773 2133 1828 quas
2156 1757 2365 1812 animus
2387 1766 2570 1812 noster
2599 1756 2794 1826 patitur
2814 1797 2828 1822 ,
2856 1773 2987 1826 quas
3013 1757 3320 1828 longissime
3340 1774 3372 1813 a

1795 1852 1905 1905 Deo
1925 1867 2043 1906 esse
2065 1851 2330 1920 sejunctas
2353 1850 2460 1920 jam
2487 1850 2576 1920 qui
2604 1850 2792 1904 melius
2816 1849 2953 1919 sapit
2977 1849 3242 1921 intelligit,
3265 1866 3372 1905 non

1793 1942 2166 1998 dubitaverunt
2186 1943 2260 1996 illi
2282 1941 2381 1996 viri
2407 1959 2500 2010 per
2520 1958 2654 2012 quos
2677 1942 2882 1996 locutus
2904 1951 2986 1997 est
3005 1943 3232 2012 Spiritus
3252 1958 3375 1998 san-

1794 2043 1909 2089 ctus
1930 2076 1943 2100 ,
1975 2033 2422 2104 opportunissime
2448 2032 2499 2088 in
2530 2033 2677 2086 libris
2707 2048 2923 2101 ponere.
2952 2032 3053 2101 Ut,
3083 2033 3228 2088 verbi
3254 2049 3374 2104 gra-

1797 2127 1901 2193 tia,
1946 2126 2196 2196 quoniam
2237 2123 2604 2179 difﬁcillimum
2634 2133 2715 2178 est
2743 2132 2799 2177 ut
2843 2124 3003 2178 homo
3027 2123 3225 2194 aliquid
3256 2123 3375 2177 vin-

1796 2217 1939 2273 dicet
1966 2218 2080 2272 siue
2121 2217 2235 2283 ira,
2280 2217 2564 2270 vindictam
2608 2217 2700 2271 Dci
2728 2231 2846 2286 qua:
2887 2216 3105 2271 omnino
3133 2217 3247 2271 sine
3275 2217 3376 2272 ista

1799 2307 2194 2378 perturbatione
2239 2305 2330 2372 fit,
2375 2306 2506 2360 iram
2551 2315 2726 2359 tamen
2769 2307 3061 2360 vocandum
3105 2306 3376 2375 iudicave-

1797 2410 1921 2455 runt
1955 2396 2054 2469 (a).
2099 2396 2228 2451 Item
2258 2396 2379 2465 quia
2422 2395 2661 2464 conjugis
2688 2395 2984 2449 castitatem
3028 2395 3250 2450 zelando
3275 2396 3377 2450 viri

1799 2489 2066 2546 custodire
2107 2496 2534 2551 consueverunt,
2571 2486 2711 2540 illam
2741 2486 2833 2540 Dei
2873 2485 3255 2556 providentiam
3284 2502 3378 2557 per

1800 2600 1956 2655 quatn
1983 2582 2288 2654 praecipitur
2305 2592 2464 2652 atque
2491 2581 2662 2651 agitur
2688 2596 2756 2636 ne
2782 2581 2956 2635 anima
2988 2591 3377 2652 corrumpatur,

1801 2685 1855 2732 et
1896 2677 2026 2731 deos
2051 2675 2185 2730 alios
2208 2684 2368 2745 atque
2404 2675 2538 2729 alios
2562 2689 2789 2744 sequens
2817 2673 3047 2743 quodam
3075 2673 3234 2728 modo
3260 2689 3378 2729 me-

1802 2769 2113 2832 retricetur,
2145 2767 2316 2822 zelum
2348 2765 2440 2821 Dei
2483 2765 2900 2835 appellaverunt.
2934 2763 3023 2820 Sic
3064 2772 3122 2820 et
3165 2780 3381 2820 manum

1803 2862 1918 2924 Dei,
1951 2861 2058 2915 vim
2083 2876 2187 2930 qua
2216 2869 2495 2930 operatur;
2516 2868 2570 2913 et
2595 2858 2758 2928 pedes
2785 2858 2897 2923 Dei,
2928 2858 3033 2913 vim
3060 2874 3163 2929 qua
3189 2858 3241 2913 in
3267 2874 3383 2913 om-

1803 2955 1890 3011 nia
1929 2954 2272 3010 custodienda
2297 2955 2313 2984 ¹
2344 2962 2398 3009 et
2437 2953 2777 3023 gubernanda
2818 2953 3113 3021 pertendit;
3145 2963 3199 3008 et
3226 2969 3384 3010 aures

1806 3048 1897 3102 Dei
1924 3049 2004 3102 vel
2032 3047 2216 3100 oculos
2245 3045 2372 3111 Dei,
2400 3046 2505 3098 vim
2533 3060 2638 3114 qua
2664 3045 2840 3098 omnia
2867 3045 3092 3116 percipit
3118 3055 3277 3116 atque
3303 3047 3386 3100 in-

1805 3140 2023 3209 telligit;
2060 3147 2115 3194 et
2154 3137 2339 3194 faciem
2372 3137 2496 3202 Dei,
2529 3138 2635 3190 vim
2681 3153 2782 3207 qua
2813 3152 2872 3192 se
2899 3138 3200 3193 manifestat
3226 3147 3387 3209 atque

1806 3227 2166 3299 dignoscitur;
2213 3237 2267 3283 et
2309 3237 2501 3282 caetera
2541 3228 2594 3282 in
2634 3227 2774 3282 hunc
2819 3229 3072 3295 modum,
3107 3240 3387 3300 propterea

1807 3322 2014 3376 scilicet
2041 3322 2162 3391 quia
2207 3337 2304 3375 nos
2330 3321 2396 3374 ad
2441 3335 2574 3390 quos
2600 3336 2779 3375 sermo
2811 3321 2901 3386 fit,
2931 3331 2985 3378 et
3023 3323 3271 3379 manibus
3296 3339 3386 3379 so-

1808 3417 1978 3472 lemus
2004 3413 2247 3484 operari,
2277 3422 2331 3467 et
2360 3412 2581 3481 pedibus
2611 3413 2858 3468 incedere
2876 3455 2890 3481 ,
2919 3425 2972 3469 et
2999 3430 3105 3486 quo
3134 3416 3235 3471 fert
3268 3417 3389 3472 ani-

1809 3522 1929 3562 mus
1971 3505 2286 3576 pervenire,
2318 3512 2371 3558 et
2399 3503 2615 3558 auribus
2660 3513 2816 3573 atque
2860 3507 3028 3560 oculis
3076 3509 3391 3578 czeterisque

1808 3599 2054 3655 sensibus
2076 3596 2315 3666 corporis
2339 3596 2632 3664 corporalia
2664 3598 2967 3668 percipere,
2995 3608 3048 3652 et
3074 3598 3205 3653 facie
3235 3600 3392 3654 iuno.

1811 3698 2016 3744 tescere
2047 3704 2062 3740 :
2096 3697 2149 3742 et
2175 3687 2220 3740 si
2250 3684 2375 3755 quid
2415 3684 2558 3738 aliud
2600 3685 2665 3738 ad
2699 3685 2834 3740 hanc
2865 3697 3112 3755 tanquam
3157 3689 3391 3757 regulam

1805 3780 2057 3853 pertinet.
2088 3778 2198 3832 Hoc
2229 3775 2386 3831 modo
2429 3775 2619 3845 igitur,
2652 3777 2900 3846 quoniam
2929 3788 3135 3833 mutare
3159 3789 3392 3851 coeptum

1811 3871 2024 3945 aliquod
2044 3880 2098 3927 et
2121 3870 2176 3925 in
2196 3868 2339 3924 aliud
2368 3867 2657 3924 transferre
2677 3881 2781 3922 non
2812 3868 2965 3924 facile
2989 3871 3223 3926 solemus
3243 3873 3264 3904 ³
3289 3871 3393 3928 nisi

1813 3964 2137 4037 pernitendo,
2160 3977 2457 4033 quanquam
2473 3961 2646 4015 divina
2665 3961 2992 4031 providentia
3011 3977 3198 4018 serena
3216 3973 3395 4021 mente

1815 4059 2138 4114 intuentibus
2166 4063 2419 4126 appareat
2454 4063 2643 4109 cuncta
2671 4054 2971 4109 certissimo
3009 4056 3197 4110 ordine
3226 4056 3394 4112 admi-

1815 4151 2060 4214 nistrare,
2080 4143 2628 4202 accommodatissime
2656 4155 2828 4199 tamen
2847 4144 2913 4199 ad
2941 4146 3190 4200 humilem
3210 4145 3398 4200 buma-

1815 4255 1938 4296 nam
1968 4238 2367 4308 intelligentiam
2383 4236 2404 4266 ³
2421 4251 2482 4290 ea
2498 4251 2616 4306 qua:
2642 4234 2902 4304 incipiunt
2915 4250 3056 4303 esse,
3083 4251 3257 4306 neque
3274 4251 3396 4306 per-

1816 4340 2062 4389 severaut
2088 4340 2339 4400 quantum
2389 4337 2792 4399 perseveratum
2822 4335 3032 4397 Spes-sta
3063 4335 3218 4392 sunt,
3247 4326 3397 4398 quasi

1817 4441 1914 4496 per
1939 4421 2301 4492 ptetiitcntiam
2325 4420 2415 4475 Dei
2439 4419 2684 4474 dicuntur
2706 4417 2899 4471 ablata.

1818 4514 1950 4572 Llll.
1971 4513 2052 4569 De
2078 4527 2202 4566 auro
2222 4520 2270 4566 et
2292 4519 2499 4582 argento
2523 4509 2658 4581 quod
2678 4507 2928 4563 Israelita:
2948 4509 3012 4563 ab
3032 4509 3296 4580 Egyptiis
3315 4527 3402 4567 ac-

2481 4609 2735 4672 ceperunt.

1893 4701 1946 4755 l.
1976 4697 2225 4769 Quisquis
2265 4696 2490 4751 duorum
2536 4694 2997 4748 Testamentorum
3043 4693 3403 4767 dispensatio-

1821 4808 1919 4848 nes
1936 4835 1952 4859 ,
1981 4807 2078 4861 pro
2106 4800 2402 4858 temporum
2429 4786 2771 4855 congruentia
2792 4825 2807 4850 ,
2834 4787 3045 4854 generis
3071 4786 3287 4844 humani
3316 4790 3403 4845 di-

1823 4884 2049 4954 ligenter
2072 4879 2314 4936 uitalibus
2338 4878 2647 4933 distributas
2673 4877 2907 4931 intuetur
2923 4918 2940 4944 ,
2965 4880 3116 4942 satis,
3150 4890 3400 4950 quantum

1825 4978 2104 5040 existimo,
2138 4973 2385 5042 intelligit
2410 4971 2534 5041 quid
2582 4971 2793 5040 proprie
2821 4972 2982 5040 priori
3008 4975 3149 5027 tutati
3193 4977 3406 5044 generis

1827 5069 2078 5133 humani,-
2105 5066 2232 5136 quid
2264 5063 2540 5135 posteriori
2564 5064 2866 5118 conveniat.
2898 5064 3080 5118 Divina
3107 5066 3247 5120 enim
3282 5083 3407 5137 pro-

1825 5160 2056 5215 videntia
2099 5155 2320 5228 pulchre
2358 5156 2534 5210 omnia
2566 5154 2907 5220 moderante,
2942 5155 3012 5210 ita
3043 5157 3284 5212 universa
3313 5175 3406 5229 ge-

1827 5253 2161 5309 nerationum
2184 5250 2348 5305 series
2367 5249 2433 5303 ab
2459 5247 2625 5302 Adam
2653 5263 2818 5316 usque
2844 5246 2908 5300 ad
2930 5246 3087 5302 linem
3117 5250 3291 5304 saeculi
3314 5251 3407 5306 ad-

1830 5345 2178 5406 ministratur,
2213 5351 2458 5410 tanquam
2491 5339 2646 5394 unius
2673 5337 2900 5392 hominis
2928 5354 2957 5390 a
2989 5341 3212 5408 pueritia
3241 5358 3406 5412 usque

1829 5435 1894 5492 ad
1941 5443 2266 5490 senectutem
2299 5433 2551 5500 temporis
2577 5432 2657 5485 sui
2697 5441 2920 5484 tracmm
2947 5432 3115 5486 aetatis
3157 5435 3410 5504 gradibus

1830 5530 2182 5586 terminantis.
2226 5528 2293 5582 Et
2321 5527 2439 5582 ideo
2469 5527 2718 5580 virtutum
2747 5525 2905 5579 etiam
2932 5525 3126 5595 gradus
3167 5527 3222 5580 in
3245 5526 3409 5581 mori-

1897 5667 1913 5698 ι
1938 5672 2038 5714 nat.
2061 5672 2113 5714 et
2133 5671 2325 5727 septem
2347 5671 2474 5724 Mss.,
2498 5665 2841 5727 constituenda.

1896 5729 1916 5758 ²
1939 5733 2040 5776 Duo
2061 5725 2299 5785 tisse—non
2323 5728 2422 5788 fere
2445 5725 2664 5788 aeternus.

1896 5783 2934 5852 itaalthnaﬁdhumitemhgminm

1894 5851 1972 5915 (a)
1990 5849 2416 5903 minuma.
2435 5852 2540 5912 Dei,
2557 5849 2776 5918 apis.
