3942 6416
558 349 632 409 39
1338 337 1427 395 DE
1466 333 1775 393 DIVERSIS
1811 328 2329 403 QUASSTIONIBUS
2350 328 2648 413 ,LXXXIII,
2684 331 2745 390 Β.
2783 331 3149 392 AUGUSTINI
3762 342 3841 402 46
3940 332 3942 343 '

560 473 707 535 sunt,
736 464 871 522 ﬁunt
896 461 1076 521 decies
1097 458 1285 522 octies,
1326 455 1468 527 quod
1494 463 1579 510 est
1607 452 1896 523 octoginta.
1922 450 2140 521 Reginae

562 577 733 634 ergo,
776 570 899 616 sunt
943 555 1133 612 animae
1179 559 1461 621 regnantes
1513 547 1566 603 in
1617 542 2032 616 intelligibilibus
2084 549 2142 597 et

561 633 943 727 spiritualibus.
989 644 1330 705 Concubinte,
1372 656 1492 713 quae
1529 635 1837 694 mercedem
1877 633 2144 703 accipiunt

563 756 916 807 terrenorum,
945 738 1015 794 de
1048 735 1240 807 quibus
1266 732 1467 788 dictum
1506 738 1610 794 εει,
1651 728 1970 797 Acceperunt
2006 738 2141 777 mer-

560 838 731 894 cedent
773 849 916 889 sum
963 828 1172 903 (lauit.
1199 841 1253 882 γι
1273 866 1291 891 ,
1314 823 1406 896 2).
1436 810 1876 878 ‘Adolescentulm
1917 829 2143 889 quarum

563 947 669 987 non
694 935 777 985 est
798 937 1073 991 numerus,
1097 933 1322 993 quarum
1347 931 1454 972 non
1484 922 1569 971 est
1590 911 1943 969 determinata
1964 909 2143 965 scien-

564 1022 632 1078 tia
652 1059 669 1089 ,
713 1026 767 1076 et
800 1015 1024 1072 diversis
1066 1008 1401 1084 dogmatibus
1436 1003 1730 1078 periclitari
1772 1009 1996 1074 possunt
2031 1016 2046 1054 :
2087 1006 2147 1054 ut

562 1122 838 1176 numerus,
878 1105 1021 1177 quod
1052 1103 1253 1161 dictum
1292 1108 1404 1167 est,
1432 1094 1693 1169 signiﬁcet
1715 1102 1925 1149 certam
1962 1098 2017 1146 et
2060 1090 2144 1146 in-

563 1202 857 1260 dubitatam
896 1194 1357 1254 conﬁrmationem
1394 1186 1651 1245 scientiae.

633 1316 766 1376 LVI.
816 1312 895 1369 De
933 1310 1079 1366 annis
1115 1304 1457 1380 quadraginta
1488 1317 1577 1359 sea:
1603 1299 1845 1370 aediﬁcati
1878 1297 2073 1370 templi.

635 1411 775 1473 Sex,
816 1419 1045 1469 novem,
1084 1398 1392 1463 duodecim,
1427 1394 1613 1451 decem
1650 1399 1705 1446 et
1740 1398 1894 1455 octo,
1938 1388 2056 1443 haec
2091 1386 2147 1442 in

564 1518 730 1561 unum
768 1501 902 1555 ﬁunt
926 1499 944 1529 ⁸
971 1491 1322 1567 quadraginta
1360 1489 1614 1560 quinque.
1640 1483 1793 1539 Adde
1817 1497 1944 1554 ergo
1972 1480 2147 1551 ipsum

566 1610 775 1660 unum,
816 1588 950 1647 ﬁunt
1002 1583 1357 1658 quadraginta
1409 1595 1501 1635 sex
1545 1595 1560 1632 :
1601 1577 1703 1632 hoc
1758 1574 1967 1639 sexies,
2015 1573 2150 1673 ﬁunt

566 1688 793 1744 ducenta
839 1677 1172 1751 septuaginta
1221 1690 1337 1730 sex.
1404 1670 1606 1726 Dicitur
1648 1676 1825 1722 autem
1870 1670 2149 1733 conceptio

571 1779 803 1835 humana
837 1773 916 1829 sic
949 1768 1239 1842 procedere
1276 1775 1331 1821 et
1359 1761 1564 1835 perfici,
1592 1768 1653 1815 ut
1689 1757 1875 1830 primis
1903 1770 1997 1811 sex
2036 1753 2149 1809 die-

565 1871 667 1929 bus
704 1867 857 1941 quasi
899 1864 1051 1921 lactis
1094 1860 1292 1917 habeat
1335 1853 1760 1918 similitudinem,
1802 1848 2151 1941 sequentibus
2228 1894 2245 1901 ,

566 1937 759 2021 novem
816 1958 1006 2015 diebus
1050 1959 1394 2011 convertatur
1444 1948 1496 2003 in
1548 1944 1860 2015 sanguinem
1885 1980 1901 2007 ,
1954 1937 2150 1995 deinde

553 2055 847 2115 duodecim
892 2050 1079 2107 diebus
1126 2043 1403 2107 solidetur,
1457 2037 1674 2108 reliquis
1711 2035 1897 2090 decem
1938 2039 1993 2087 et
2029 2037 2152 2085 octo

567 2149 758 2207 diebus
784 2145 1045 2201 formetur
1081 2152 1249 2208 usque
1294 2133 1363 2189 ad
1399 2129 1632 2203 perfecta
1663 2127 1984 2182 lineamenta
2030 2135 2151 2176 om-

568 2243 716 2299 nium
733 2237 1112 2295 membrorum,
1131 2238 1187 2285 et
1210 2227 1341 2282 hinc
1364 2224 1474 2293 iam
1502 2220 1705 2290 reliquo
1721 2226 1960 2286 tempore
1985 2227 2154 2284 usque

567 2333 636 2389 ad
665 2310 877 2399 tempus
904 2333 1084 2396 partus
1108 2314 1473 2389 magnitudine
1486 2309 1767 2408 augeat-ur.
1796 2302 2155 2408 Quadraginta

567 2440 698 2497 ergo
723 2395 955 2494 quinque
977 2414 1164 2470 diebus
1190 2408 1370 2463 addito
1398 2419 1525 2497 uno,
1720 2395 1983 2497 signiﬁcat
2010 2409 2156 2497 sum.-

568 2485 712 2574 mam
797 2485 919 2583 quia
948 2522 1043 2562 sex
1069 2511 1125 2558 et
1152 2513 1342 2558 novem
1382 2501 1437 2550 et
1476 2490 1756 2590 duodecim
1795 2494 1850 2543 et
1888 2485 2072 2590 decem
2101 2491 2158 2539 et

569 2618 694 2666 octo
738 2604 791 2661 in
817 2581 1001 2658 Vunum
1045 2593 1263 2657 coactis,
1314 2590 1449 2644 ﬁunt
1493 2581 1837 2657 quadraginta
1876 2581 2152 2650 quinque:

569 2699 751 2757 addito
793 2708 941 2767 ergo,
987 2700 1047 2746 nt
1072 2689 1275 2744 dictum
1325 2690 1426 2747 est,
1478 2693 1605 2743 uno,
1638 2674 1770 2730 fiunt
1810 2670 2156 2744 quadraginta

573 2808 688 2850 sex.
734 2787 836 2857 Qui
879 2800 1001 2841 cum
1046 2779 1242 2836 fuerint
1284 2769 1617 2842 multiplicati
1661 2783 1755 2839 per
1794 2767 1967 2836 ipsum
1995 2778 2155 2819 sena-

572 2884 710 2941 rium
743 2891 1042 2939 numerum,
1075 2870 1165 2942 qui
1208 2867 1366 2936 hujus
1408 2860 1757 2918 ordinationis
1784 2864 1943 2927 caput
1969 2862 2153 2919 ,tenet,

496 2966 511 3013 τ
574 2977 710 3032 ﬁunt
737 2970 948 3027 ducenti
977 2962 1311 3037 septuaginta
1340 2973 1438 3014 sex
1471 2975 1485 3012 :
1517 2955 1568 3010 id
1591 2962 1692 3017 est,
1724 2964 1914 3006 novem
1945 2961 2157 3004 menses

573 3075 630 3124 et
674 3080 772 3121 sex
818 3062 955 3127 dies,
1005 3056 1097 3129 qui
1143 3057 1515 3122 computantur
1559 3046 1627 3101 ab
1677 3052 1865 3099 octavo
1908 3039 2157 3096 calendas
2207 3084 2217 3093 .

573 3156 779 3230 aprilis,
823 3167 931 3224 quo
980 3150 1067 3205 die
1112 3152 1400 3214 mnceptus
1440 3136 1695 3230 Dominus
1732 3134 1983 3197 creditur,
2033 3130 2186 3230 quia.

514 3276 525 3301 ε
574 3223 765 3308 eodem
788 3223 875 3300 die
894 3243 1054 3300 etiam
1080 3250 1268 3310 passus
1291 3242 1395 3300 est,
1423 3244 1589 3301 usque
1617 3227 1683 3283 ad
1706 3238 1950 3282 octavum
1979 3223 2156 3278 calen-

516 3310 527 3407 ᾗ
575 3343 672 3399 das
696 3337 995 3412 ianuarias,
1038 3347 1145 3404 quo
1180 3329 1269 3385 die
1307 3335 1461 3381 natus
1489 3332 1591 3380 est.
1634 3320 1750 3376 Non
1773 3334 1900 3389 ergo
1927 3312 2156 3371 absurde

516 3416 525 3485 Ῑ
575 3431 919 3506 quadraginta
961 3442 1055 3483 sex
1094 3423 1250 3479 annis
1290 3420 1484 3476 dicitur
1519 3416 1833 3471 fabricatum
1873 3424 1992 3506 esse
2023 3418 2157 3506 tem-

514 3540 523 3595 ;
573 3500 741 3599 plum,
767 3500 908 3594 quod
926 3532 1121 3589 corpus
1145 3516 1261 3587 ejus
1280 3510 1611 3603 signiﬁcabat
1631 3506 1807 3577 (Joan.
1830 3519 1888 3603 ιι,
1910 3502 2001 3566 20,
2023 3500 2115 3603 2i)
2138 3516 2153 3554 :

574 3591 631 3674 ut
658 3591 936 3687 quot'anni
967 3612 1183 3666 fuerunt
1211 3606 1264 3659 in
1306 3599 1652 3657 fabricatione
1683 3594 1895 3687 templi,
1928 3602 2007 3648 tot
2041 3591 2156 3647 dies

571 3683 770 3766 fuerint
798 3706 852 3762 in
878 3700 1118 3773 corporis
1147 3692 1407 3752 Dominici
1434 3688 1758 3762 perfectione
1786 3683 1885 3759 (a).

640 3824 798 3882 LVII.
841 3821 918 3876 De
958 3827 1157 3873 centum
1195 3809 1565 3882 quinquaginta
1602 3805 1760 3859 tribus
1805 3800 2043 3874 piscibus.

642 3921 697 3976 1.
732 3916 915 3972 Omnia
937 3919 1127 3975 vestra,
1158 3921 1243 3961 vos
1284 3913 1454 3957 autem
1483 3898 1666 3955 Christi
1685 3939 1700 3964 ,
1734 3895 1963 3950 Christus
1988 3902 2155 3947 autem

568 4015 666 4072 Dei
695 4012 739 4083 (l
764 4010 884 4067 Cor.
913 4023 1006 4074 ιιι,
1029 4004 1130 4068 22,
1153 4000 1271 4071 25).
1303 3998 1361 4055 Si
1398 4013 1429 4050 a
1476 3995 1647 4065 capite
1676 3998 2041 4083 numerentur,
2074 3987 2158 4042 in-

570 4079 853 4162 veniuntur
895 4114 1058 4154 unum
1080 4136 1096 4162 ,
1126 4094 1265 4158 duo,
1300 4091 1400 4147 tria
1422 4131 1437 4156 ,
1488 4096 1734 4160 quatuor.
1785 4084 1914 4139 Item
1947 4102 1960 4137 :
1989 4079 2157 4149 Caput

570 4195 793 4253 mulieris
832 4192 929 4259 vir,
977 4196 1129 4259 caput
1168 4185 1261 4241 viri
1291 4184 1541 4248 Christus,
1582 4189 1734 4250 caput
1776 4186 1941 4231 autem
1971 4174 2156 4230 Christi

570 4287 712 4346 Deus
740 4283 850 4355 (Id.
878 4298 958 4349 ιι,
984 4281 1061 4350 '5).
1089 4278 1146 4335 Si
1175 4275 1366 4333 eodem
1396 4273 1556 4329 modo
1586 4280 1960 4335 numerentur,
2000 4269 2153 4323 inve-

572 4372 793 4440 niuntur
820 4375 1065 4433 similiter
1092 4386 1254 4428 unum
1274 4410 1291 4437 ,
1333 4368 1475 4435 duo,
1507 4365 1607 4421 tria
1632 4374 1687 4419 et
1714 4370 1959 4435 quatuor.
1990 4361 2155 4417 Porro

571 4489 738 4533 unum
773 4479 828 4528 et
866 4468 974 4525 duo
1014 4477 1069 4523 et
1111 4465 1210 4521 tria
1258 4472 1314 4520 et
1353 4470 1579 4534 quatuor
1617 4457 1777 4514 simul
1819 4457 1975 4512 ducta
2021 4455 2157 4509 fiunt

572 4569 778 4625 decem.
825 4565 1160 4633 Quapropter
1187 4556 1557 4626 disciplinam,
1597 4567 1717 4623 qute
1758 4549 1991 4604 insinuat
2027 4563 2156 4604 con-

574 4660 800 4717 ditorem
830 4655 997 4709 Deum
1027 4659 1080 4705 et
1108 4647 1379 4704 conditam
1418 4652 1717 4701 creaturam
1738 4682 1755 4709 ,
1782 4648 1929 4695 recte
1957 4638 2157 4709 signiﬁ-

571 4762 660 4809 cat
705 4745 955 4805 denarius
1004 4754 1279 4797 numerus.
1338 4735 1407 4791 Et
1455 4749 1579 4790 cum
1626 4748 1821 4803 corpus
1864 4730 2156 4802 perfectum

572 4853 733 4915 atque
757 4831 1216 4895 inexterminabile
1240 4827 1486 4884 subditur
1509 4825 1701 4880 animm
1728 4822 1976 4895 perfectae
1997 4830 2157 4891 atque

574 4929 1021 4997 inexterminabili
1040 4968 1056 4993 ,
1094 4937 1388 4992 rursusque
1417 4921 1530 4991 ipsa
1559 4918 1801 4974 subditur
1827 4915 2038 4972 Christo
2057 4955 2072 4980 ,
2103 4922 2157 4970 et

575 5032 665 5087 ille
692 5030 823 5091 Deo,
855 5038 961 5078 non
988 5029 1239 5087 tanquam
1266 5013 1544 5070 dissimilis
1572 5020 1663 5066 aut
1686 5010 1904 5066 alterius
1929 5018 2153 5075 natum,

578 5122 673 5180 sed
703 5130 952 5189 tanquam
979 5111 1124 5169 Patri
1149 5110 1345 5174 Filius,
1379 5107 1480 5162 hoc
1518 5115 1683 5160 totum
1711 5105 1896 5161 eodem
1935 5118 2157 5160 numero

576 5212 796 5271 denario
824 5217 969 5263 recte
997 5203 1326 5275 signiﬁcatur
1344 5240 1361 5267 ,
1393 5198 1535 5271 quod
1563 5207 1685 5269 post
1709 5200 2156 5256 resurrectionem

578 5305 818 5378 corporis
845 5307 1088 5373 speratur
1130 5296 1366 5352 futurum
1399 5293 1452 5348 in
1495 5303 1772 5349 aeternum.
1823 5293 1891 5348 Et
1933 5292 2159 5348 fortasse

578 5406 861 5473 propterea
912 5391 1003 5463 qui
1050 5388 1421 5445 conducuntur
1472 5384 1541 5441 ad
1583 5384 1829 5453 vineam,
1880 5384 2159 5441 denarium

580 5490 848 5560 accipiunt
891 5481 1154 5541 mercedis
1201 5480 1415 5537 nomine
1459 5476 1682 5548 (Matth.
1716 5494 1826 5547 xx,
1864 5479 1957 5552 2).
2015 5480 2160 5538 Sicut

590 5726 604 5738 .
644 5661 843 5738 ιωςι,
886 5657 991 5709 hac
1033 5655 1086 5707 in
1131 5651 1521 5718 universam.
1556 5660 1615 5705 At
1643 5654 1871 5720 plerique
1902 5657 2163 5721 usque

581 5736 850 5852 ..ὦπα
874 5782 907 5834 4
925 5782 991 5833 de
1005 5781 1193 5844 TriniL,
1213 5792 1318 5847 cap.
1339 5777 1388 5832 5.

1781 5871 1877 5884 σ’βν

2247 456 2422 504 autem
2454 464 2617 504 unum
2659 457 2713 504 et
2752 448 2859 505 duo
2892 458 2947 505 et
2984 454 3083 507 tria
3111 460 3165 507 et
3190 461 3416 523 quatuor
3444 454 3605 510 simul
3637 454 3833 515 decem

2245 538 2411 607 ﬁunt,
2454 539 2533 595 sic
2571 554 2737 595 unum
2782 549 2839 596 et
2878 539 2985 597 duo
3023 550 3080 598 et
3120 542 3221 598 tria
3264 552 3321 600 et
3364 559 3592 616 quatuor
3632 556 3837 618 quater

2245 629 2407 685 ducta
2432 630 2779 701 quadraginta
2806 630 2960 686 ﬁunt.

2316 721 2373 776 2.
2400 721 2461 778 Si
2505 715 2683 778 autem
2726 724 3097 794 quaternarins
3137 740 3392 782 numerus
3438 735 3583 784 recte
3629 742 3837 800 corpus

2248 813 2532 885 signiﬁcat,
2560 822 2780 886 propter
2804 824 3028 886 quatuor
3051 817 3354 873 notissimas
3378 827 3617 887 naturas,
3638 820 3843 891 quibus

2250 913 2494 971 constat,
2537 905 2732 961 siccam
2762 914 2817 961 et
2857 904 3163 973 humidam,
3210 906 3450 978 frigidam
3481 918 3534 964 et
3558 909 3839 975 calidam;

2251 1004 2308 1052 ει
2335 994 2477 1067 quod
2507 996 2809 1066 progressio
2838 1011 2867 1050 a
2889 1005 3085 1067 puncto
3108 996 3177 1052 ad
3205 997 3586 1069 longitudinem
3608 1040 3624 1068 ,
3665 1016 3696 1055 a
3717 1002 3844 1057 lon-
3892 1042 3910 1071 δ

2253 1085 2493 1157 gitudine
2517 1086 2584 1143 ad
2614 1086 2944 1142 latitudinem
2968 1130 2983 1153 ,
3025 1103 3055 1143 a
3081 1088 3357 1146 latitudine
3379 1090 3447 1146 ad
3474 1092 3840 1161 altitudinem,

2236 1176 2574 1233 soliditatem
2604 1178 2847 1249 corporis
2897 1179 3060 1249 facit,
3103 1197 3222 1252 qum
3264 1198 3448 1238 rursus
3493 1188 3844 1254 quatornario

2256 1284 2482 1326 numero
2501 1269 2808 1325 continetur
2837 1288 2850 1324 :
2884 1285 2988 1327 non
3019 1272 3247 1329 absurde
3275 1274 3582 1346 intelligitur
3608 1277 3844 1347 quadra-

2251 1361 2504 1432 genarius
2534 1377 2787 1417 numerus
2816 1363 3163 1432 temporalem
3190 1364 3640 1435 dispensationem
3664 1366 3841 1438 signi-

2255 1455 2435 1521 ﬁcare,
2463 1471 2581 1526 quae
2601 1471 2698 1526 pro
2720 1456 2890 1512 salute
2916 1466 3096 1511 nostra
3121 1466 3269 1528 gesta
3290 1468 3388 1525 est,
3425 1474 3548 1515 cum
3579 1461 3844 1518 Dominus

2255 1562 2449 1618 corpus
2473 1549 2792 1618 assumpsit,
2833 1557 2889 1604 et
2929 1550 3207 1605 visibiliter
3247 1551 3550 1607 hominibus
3576 1569 3846 1624 apparere

2253 1638 2498 1708 dignatus
2542 1648 2643 1695 est.
2691 1639 2861 1696 Unum
2900 1641 3041 1695 enim
3068 1651 3121 1696 et
3147 1640 3252 1697 duo
3274 1650 3333 1698 et
3367 1643 3464 1697 tria
3494 1654 3549 1699 et
3581 1655 3844 1715 quatuor,

2253 1746 2371 1801 quae
2429 1730 2733 1801 signiﬁcant
2787 1732 3093 1787 Creatorem
3154 1740 3210 1788 ct
3266 1743 3591 1799 creaturam,
3648 1745 3850 1806 quater

2253 1820 2430 1885 ducta,
2464 1820 2517 1874 id
2539 1829 2620 1875 est
2640 1861 2655 1886 ,
2708 1837 2805 1892 per
2837 1838 3029 1892 corpus
3063 1824 3424 1893 temporaliter
3448 1824 3844 1893 demonstrata,

2254 1912 2389 1968 fiunt
2432 1914 2797 1986 quadraginta.
2837 1917 2969 1972 Nam
3006 1918 3143 1972 inter
3185 1926 3409 1988 quatuor
3432 1927 3488 1974 et
3523 1929 3710 1989 quater
3738 1920 3851 1977 hoc

2255 2006 2497 2072 interest,
2524 2008 2665 2077 quod
2692 2019 2918 2079 quatuor
2940 2010 2992 2064 in
3023 2020 3163 2065 statu
3188 2020 3344 2077 sunt,
3370 2021 3559 2081 quater
3583 2011 3636 2065 in
3663 2020 3849 2068 motu.

2260 2094 2402 2166 Ergo
2439 2107 2495 2151 ut
2523 2106 2751 2166 quatuor
2776 2099 3079 2155 referuntur
3102 2100 3168 2155 ad
3192 2114 3386 2171 corpus
3406 2142 3423 2169 ,
3464 2102 3535 2156 ita
3559 2111 3755 2172 quater
3780 2102 3850 2159 ad

2256 2195 2466 2257 tempus
2499 2205 2511 2241 :
2546 2189 2947 2260 insinuaturque
2991 2202 3379 2248 sacramentum
3407 2193 3764 2261 corporaliter
3797 2203 3853 2251 et

2256 2280 2620 2350 temporaliter
2646 2289 2872 2352 gestum,
2900 2292 3117 2353 propter
3138 2299 3232 2339 eos
3245 2284 3332 2353 qui
3355 2299 3639 2354 corporum
3656 2300 3855 2344 amore

2257 2371 2509 2442 implicati
2537 2382 2711 2440 erant,
2738 2382 2796 2430 et
2820 2375 3142 2445 temporibus
3167 2374 3364 2430 subditi
3395 2376 3434 2430 ⁸.
3462 2376 3856 2448 Quadragena-
3900 2452 3909 2459 ν

2256 2466 2368 2522 rius
2394 2482 2523 2537 ergo
2551 2483 2823 2535 numerus,
2850 2478 2908 2523 ut
2929 2468 3126 2523 dictum
3149 2477 3251 2536 est,
3289 2469 3635 2539 temporalem
3666 2471 3855 2541 ipsam

2257 2556 2707 2628 dispensationem
2756 2574 2861 2614 non
2908 2559 3196 2630 incongrue
3233 2559 3533 2628 signiﬁcare
3579 2561 3855 2620 creditur.

2258 2648 2328 2703 Et
2370 2647 2594 2705 fortasse
2638 2649 2739 2705 hoc
2763 2657 2844 2705 est
2869 2649 3010 2720 quod
3055 2650 3400 2722 quadraginta
3436 2651 3550 2708 dies
3577 2651 3858 2711 Dominus

2254 2739 2514 2810 jejunavit
2544 2740 2772 2811 (Matth.
2800 2756 2885 2809 tv,
2910 2739 3017 2814 2),
3043 2741 3224 2796 saeculi
3277 2742 3463 2813 hujus,
3496 2743 3637 2813 quod
3687 2755 3859 2803 motu

2259 2845 2544 2901 corporum
2568 2840 2623 2885 et
2646 2830 2971 2899 temporibus
2996 2832 3169 2902 agitur
3189 2872 3204 2899 ,
3246 2833 3533 2889 ostendens
3566 2834 3857 2904 inopiam:

2259 2930 2313 2977 et
2338 2920 2679 2991 quadraginta
2704 2920 2820 2976 dies
2849 2930 2969 2992 post
2987 2922 3429 2977 resurrectionem
3456 2939 3577 2978 cum
3603 2924 3860 2996 discipu-

2260 3009 2325 3066 lis
2349 3011 2465 3076 fuit,
2492 3010 2626 3065 hanc
2655 3011 2823 3080 ipsam
2853 3013 2977 3081 illis,
3007 3014 3187 3081 credo,
3221 3014 3668 3085 dispensationem
3697 3025 3863 3076 tem-

2259 3102 2495 3174 poralem
2520 3143 2535 3167 ,
2586 3119 2743 3174 quam
2785 3121 2882 3175 pro
2910 3106 3081 3163 salute
3106 3120 3283 3162 nostra
3308 3108 3505 3179 gessit,
3545 3109 3864 3170 insinuans.

2258 3191 2722 3264 Quadragenarius
2749 3204 2928 3250 autem
2956 3212 3209 3253 numerus
3233 3238 3248 3262 ,
3281 3197 3518 3266 partibus
3543 3199 3651 3253 suis
3672 3239 3690 3266 ,
3725 3218 3869 3273 qua

2260 3286 2410 3341 illum
2441 3286 2751 3353 metiuntur,
2786 3290 3131 3357 computatis,
3159 3304 3326 3359 usque
3349 3289 3416 3345 ad
3444 3290 3869 3362 quinquagena-

2259 3377 2398 3433 rium
2423 3389 2697 3434 numerum
2715 3378 2975 3448 pervenit,
2996 3378 3222 3449 idipsum
3243 3381 3654 3449 commendans;
3681 3398 3870 3453 quan-

2261 3469 2546 3539 doquidem
2574 3471 2704 3539 ipsae
2731 3480 2931 3540 partes.
2959 3486 3077 3541 quae
3102 3471 3247 3525 illum
3267 3473 3575 3541 metiuntur,
3606 3478 3869 3545 aequales

2260 3561 2399 3616 inter
2427 3576 2487 3617 se
2510 3570 2635 3616 sunt
2665 3578 2678 3616 :
2711 3562 2834 3633 quia
2862 3577 2982 3617 cum
3029 3563 3275 3632 aequitate
3316 3564 3680 3621 administrata
3714 3584 3868 3653 ροτ-

2259 3653 2458 3725 poralis
2504 3664 2558 3709 et
2599 3654 2822 3709 visibilis
2873 3656 3235 3724 temporaliter
3279 3657 3417 3711 actio
3462 3656 3865 3728 perfectmnem

2259 3745 2462 3802 homini
2503 3755 2797 3816 comparat.
2843 3746 2974 3815 Quae
3001 3747 3256 3817 perfectio
3279 3788 3294 3813 ,
3338 3748 3474 3803 sicut
3514 3750 3712 3805 dictum
3748 3765 3865 3823 est,

2257 3835 2479 3893 denario
2533 3852 2758 3892 numero
2802 3837 3129 3908 signiﬁcatur
3164 3855 3178 3892 :
3219 3839 3357 3893 sicut
3393 3840 3868 3911 quadragenas-ius

2258 3942 2517 3983 numerus
2537 3926 2831 3998 mqualibus
2853 3927 2964 3981 suis
2985 3926 3224 3997 partibus
3250 3929 3301 3982 in
3327 3944 3587 3984 summam
3613 3931 3867 3993 redactis

2257 4018 2537 4077 denarium
2568 4035 2849 4075 numerum
2876 4023 3046 4091 parit,
3077 4021 3327 4091 quoniam
3354 4021 3420 4076 ad
3442 4023 3863 4095 quinquagenm

2256 4110 2395 4165 rium
2416 4152 2432 4176 ,
2463 4111 2598 4166 sicut
2624 4126 2786 4180 supra
2825 4110 3022 4165 dictum
3051 4121 3164 4175 est,
3205 4113 3462 4181 pervenit.
3496 4112 3665 4168 Unum
3694 4118 3862 4174 enim
3897 4156 3901 4161 .

2257 4202 2401 4273 quod
2429 4201 2627 4257 habent
2672 4201 3018 4272 quadraginta
3058 4202 3411 4273 quadragies,
3458 4211 3512 4258 et
3548 4203 3654 4258 duo
3696 4210 3863 4276 quod

2256 4292 2456 4350 habent
2478 4293 2662 4359 vicies,
2690 4301 2745 4347 et
2767 4302 2996 4364 quatuor
3010 4293 3150 4363 quod
3180 4294 3374 4349 habent
3399 4293 3596 4362 decies,
3615 4304 3671 4351 et
3685 4301 3865 4368 quin-

2257 4402 2362 4458 que
2389 4386 2529 4457 quod
2569 4385 2767 4440 habent
2808 4385 2974 4441 octies
2996 4426 3012 4448 .
3052 4393 3107 4440 et
3133 4394 3253 4440 octo
3278 4386 3418 4457 quod
3447 4385 3642 4442 habent
3682 4393 3863 4459 quin-

2258 4478 2444 4548 quies,
2475 4486 2529 4531 et
2563 4476 2749 4530 decem
2782 4476 2923 4545 quod
2952 4474 3151 4531 habent
3173 4486 3379 4546 quater,
3411 4487 3464 4532 et
3485 4478 3667 4548 viginti
3696 4484 3864 4551 quod

2258 4568 2457 4622 habent
2484 4566 2604 4631 bis,
2655 4565 2815 4619 simul
2840 4564 2995 4619 ducta
3038 4565 3173 4620 ﬁunt
3217 4566 3613 4638 quinquaginta.
3653 4568 3863 4632 Nullus

2258 4658 2399 4714 enim
2430 4658 2565 4712 alius
2592 4671 2844 4712 numerus
2882 4644 3060 4712 metiri
3099 4672 3194 4728 per
3223 4667 3399 4728 partes
3439 4660 3673 4728 aequales
3711 4678 3866 4733 qua.

2260 4748 2633 4819 dragenarium
2660 4763 2941 4803 numerum
2972 4757 3178 4818 potest,
3205 4758 3399 4819 praeter
3424 4749 3523 4806 hos
3548 4767 3682 4822 quos
3710 4768 3866 4811 enu-

2260 4840 2614 4907 meravimus,
2664 4848 2721 4894 et
2756 4834 3181 4910 computatos‘ad
3210 4841 3712 4921 quinquagenarium
3749 4862 3864 4904 nu.

2260 4948 2466 4989 merum
2497 4930 2869 5001 perduximus.
2914 4930 3149 4986 Peractis
3173 4946 3302 5002 ergo
3335 4932 3588 4988 Dominus
3614 4937 3866 5003 quadra-

2260 5023 2407 5095 ginta
2432 5021 2619 5077 diebus
2648 5031 2767 5092 post
2794 5022 3239 5079 resurrectionem
3263 5038 3383 5078 cum
3412 5024 3683 5096 discipulis
3706 5031 3861 5099 suis,

2264 5114 2316 5170 id
2339 5123 2422 5170 est
2439 5156 2454 5179 ,
2498 5112 2880 5169 commendans
2909 5113 2987 5169 eis
3010 5113 3151 5185 quod
3177 5129 3275 5185 pro
3304 5115 3457 5170 nobis
3478 5120 3864 5188 temporaliter

2266 5216 2473 5278 gestum
2502 5213 2584 5261 est
2604 5244 2621 5272 ,
2658 5203 2898 5259 ascendit
2922 5204 2975 5259 in
3004 5204 3200 5262 ctelum
3231 5223 3245 5260 :
3270 5213 3324 5262 et
3348 5217 3470 5279 post
3492 5209 3625 5263 alios
3657 5210 3863 5272 decem

2267 5299 2380 5355 dies
2406 5299 2551 5354 misit
2574 5297 2828 5370 Spiritum
2855 5307 3093 5354 sanctum
3124 5298 3257 5367 (Act.
3286 5316 3339 5366 ι,
3366 5301 3422 5369 3,
3454 5301 3506 5367 9,
3539 5311 3586 5356 et
3611 5319 3677 5369 ιι,
3703 5306 3863 5380 1-4),

2266 5407 2374 5465 quo
2400 5392 2780 5463 perﬁcerentur
2806 5391 3150 5463 spiritualiter
3168 5391 3235 5447 ad
3260 5392 3540 5450 invisibilia
3564 5396 3863 5471 capienda,

2266 5486 2358 5557 qui
2409 5484 2706 5541 visibilibus
2762 5485 3247 5557 temporalibusque
3299 5488 3657 5545 crediderant.
3711 5487 3867 5563 Ipsis

2264 5575 2514 5632 videlicet
2554 5575 2740 5631 decem
2760 5575 2949 5633 diebus
2977 5586 3097 5647 post
3113 5592 3248 5647 quos
3273 5578 3417 5635 misit
3441 5580 3695 5651 Spiritum
3724 5598 3868 5642 san-

2266 5677 2408 5725 ctum
2433 5709 2449 5734 ,
2496 5668 2737 5723 eamdem
2768 5668 3149 5740 perfectionem
3182 5687 3301 5741 quae
3324 5688 3422 5745 per
3446 5672 3703 5746 Spiritum
3722 5690 3869 5739 san-

2333 5785 2355 5816 !
2379 5780 2548 5833 Plures
2569 5789 2696 5834 ιιεε..
2720 5790 2767 5835 et
2790 5783 3129 5853 temperatam
3748 5872 3752 5876 _
3831 5858 3895 5915 ᾖ
