3942 6416
179 262 232 319 ιι
1200 280 1201 283 η
1559 244 1709 305 LIBE

1820 246 1992 308 JNUS.
2388 248 2393 263 ί
2520 254 2525 259 ’
3350 277 3422 333 ιε
3484 256 3487 259 ’

178 388 301 435 ctum
325 374 569 431 confertur
595 368 827 426 denario
847 382 1074 426 numero
1099 368 1366 435 indicans,
1391 380 1553 439 quem
1581 384 1715 439 qua-

178 470 471 541 dragenarius
492 466 817 536 computatis
854 465 1150 536 :equalibus
1189 462 1428 534 partibus
1455 462 1566 518 suis
1590 462 1718 529 edit,

180 573 229 619 et
251 563 301 617 ﬁt
322 558 773 631 quinquagenarius
806 575 821 612 :
854 558 995 613 sicut
1024 556 1301 627 temporali
1327 556 1725 627 dispensatione

182 673 285 713 cum
308 656 519 724 aequitate
547 652 927 708 administrata
978 651 1289 722 pervenitur
1328 650 1394 706 ad
1437 649 1724 720 perfectio-

182 748 300 815 nem,
322 762 456 817 quam
482 746 739 803 denarius
766 761 1024 801 numerus
1049 745 1332 817 signiﬁcat,
1362 744 1452 815 qui
1474 744 1723 800 denarius

174 842 302 898 simul
338 857 447 896 cum
504 840 939 910 quadragenario
997 837 1513 909 quinquagenarium
1572 836 1719 893 facit.

172 934 283 1004 Ergo
306 932 534 1003 quoniam
556 930 817 1001 perfectio
841 946 964 1001 qua:
986 929 1045 983 ﬁt
1063 945 1158 1000 per
1176 929 1432 1000 Spiritum
1453 938 1718 999 sanctum,

170 1025 382 1097 quamdiu
418 1023 586 1079 adhuc
635 1024 692 1078 in
728 1038 897 1079 carne
920 1022 1291 1089 ambulamus,
1338 1021 1585 1092 quamvis
1613 1037 1722 1077 non

174 1120 371 1174 vivamus
389 1118 691 1181 carnaliter,
717 1132 841 1171 cum
870 1117 984 1187 ipsa
1010 1114 1410 1185 dispensatione
1440 1113 1720 1185 temporali

172 1214 424 1283 cepulatur,
455 1222 599 1268 recte
618 1211 842 1266 videtur
859 1208 1345 1281 quinquagenarius
1372 1222 1629 1264 numerus
1650 1208 1718 1264 ad

165 1313 413 1368 Ecclesiam
450 1313 727 1381 pertinere
751 1353 766 1375 ,
808 1310 903 1366 sed
928 1309 1041 1380 jam
1070 1317 1345 1380 purgatam
1392 1317 1552 1379 atque
1589 1324 1716 1379 per-

162 1404 363 1471 fectam,
407 1422 515 1475 qua:
560 1404 871 1475 temporalis
916 1403 1332 1472 dispensationis
1371 1403 1529 1458 ﬁdem
1557 1410 1717 1474 atque

161 1496 432 1551 aeternitatis
479 1497 671 1551 futura:
717 1510 867 1566 Spem
899 1494 1161 1551 cbaritate
1199 1496 1534 1567 amplexatur
1562 1497 1616 1562 ί,
1663 1496 1715 1551 id

161 1599 246 1653 est,
274 1591 403 1660 quasi
430 1589 911 1661 quadragenarium
935 1604 1215 1644 numerum
1238 1588 1461 1644 denario
1488 1604 1716 1644 numero

159 1682 395 1752 copulans.
450 1683 574 1737 llmc
618 1691 795 1736 autem
846 1681 1124 1749 Ecclesia,
1174 1682 1242 1738 ad
1282 1698 1438 1753 quam
1485 1684 1717 1754 pertinet

156 1775 600 1845 quinquagenarius
630 1789 887 1829 numerus
909 1817 923 1837 ,
957 1774 1069 1829 sive
1106 1773 1228 1844 quia
1259 1790 1327 1829 ex
1355 1774 1527 1830 tribus
1553 1791 1716 1846 gene-

159 1868 285 1921 ribus
311 1867 565 1922 hominum
587 1868 828 1938 eligitur,
859 1866 1092 1935 Judmis,
1122 1876 1174 1922 et
1201 1866 1492 1933 Gentibus,
1524 1877 1575 1923 ct
1596 1884 1715 1924 car—

156 1960 344 2014 nalibus
383 1959 724 2027 Christianis,
769 1961 882 2015 sive
911 1960 1031 2030 quia
1074 1970 1410 2016 sacramento
1437 1961 1713 2019 Trinitatis

156 2051 391 2106 imbuitur
417 2094 431 2118 ,
475 2069 695 2107 numero
740 2069 843 2122 quo
888 2052 1219 2123 signiﬁcatur
1274 2063 1357 2110 ter
1405 2055 1597 2123 ducto,
1644 2056 1711 2111 ad

164 2144 504 2198 centenarium
531 2153 582 2198 et
602 2146 1095 2215 quinquagenarium
1137 2147 1401 2216 pervenit.
1434 2148 1708 2219 Quinqua-

160 2236 296 2306 ginta
323 2236 449 2290 enim
480 2246 555 2291 ter
579 2237 732 2290 ducta
767 2238 893 2291 ﬁunt
918 2247 1132 2291 centum
1161 2239 1561 2311 quinquaginta.
1591 2242 1710 2310 Quo

155 2342 264 2383 eum
309 2328 554 2383 addideris
603 2329 713 2400 ipsa
766 2332 903 2397 tria,
954 2332 1076 2402 quia
1124 2332 1330 2402 insigne
1360 2342 1415 2389 et
1456 2336 1700 2393 eminens

52 2459 69 2481 ι
156 2420 293 2476 debet
315 2438 423 2477 esse
444 2422 577 2493 quod
616 2424 669 2477 in
713 2425 930 2479 nomine
962 2425 1134 2480 Patris
1162 2436 1217 2480 et
1243 2426 1360 2482 Filii
1392 2436 1446 2483 et
1480 2428 1708 2499 Spiritus

154 2518 300 2570 sancti
341 2518 531 2573 lavacro
555 2520 975 2589 regenerationis
994 2520 1223 2575 abluitur
1254 2523 1466 2587 (Matth.
1502 2541 1693 2593 xxvnt,

158 2607 266 2676 l9),
311 2610 424 2664 ﬁunt
450 2623 659 2667 centum
706 2614 1090 2685 quinquaginta
1138 2624 1270 2670 tres.
1321 2616 1421 2683 Qui
1451 2634 1708 2674 numerus

156 2701 343 2769 piscium
378 2706 670 2771 invenitur,
724 2708 847 2776 quia
888 2709 940 2761 in
971 2708 1245 2764 dexteram
1294 2722 1499 2781 partem
1544 2714 1707 2770 missa

158 2804 259 2848 Sunt
285 2797 431 2862 retia;
463 2808 515 2853 et
546 2798 669 2853 ideo
700 2814 923 2870 magnos
950 2798 1130 2869 (Joan.
1160 2819 1271 2869 xxx,
1296 2803 1349 2867 6,
1376 2804 1489 2875 Ii),
1518 2803 1571 2859 id
1600 2815 1703 2874 est,

158 2884 379 2953 perfectos
404 2898 454 2943 et
479 2904 647 2958 regno
671 2890 931 2945 ctelorum
958 2900 1109 2961 aptos
1131 2892 1309 2949 habet.
1352 2893 1484 2949 Nam
1512 2895 1599 2949 illa
1631 2896 1707 2950 si-

160 2976 357 3033 militudo
392 2981 592 3036 reticuli
636 2998 744 3036 non
772 2983 826 3037 in
856 2982 1133 3038 dexteram
1160 2986 1345 3053 missi,
1378 2986 1534 3041 simul
1564 2988 1707 3057 cepit

159 3064 295 3124 honos
316 3079 365 3125 et
391 3074 575 3136 malos,
602 3074 698 3143 qui
719 3084 1036 3144 separantur
1057 3076 1110 3130 in
1138 3076 1314 3131 littore
1346 3076 1560 3147 (Matth.
1585 3094 1698 3147 xm,

156 3160 253 3229 48).
287 3161 419 3217 Nunc
453 3165 592 3219 enim
626 3165 772 3219 intra
812 3166 947 3220 retia
994 3179 1377 3237 praeceptorum
1422 3177 1477 3223 et
1513 3169 1704 3225 Sacra-

160 3263 410 3309 mentorum
438 3255 561 3321 Dei,
594 3256 649 3310 in
681 3256 926 3312 Ecclesia
953 3273 1069 3327 quae
1091 3274 1232 3313 nunc
1259 3267 1362 3327 est,
1392 3259 1551 3315 simul
1579 3260 1705 3316 boni

154 3345 345 3416 malique
378 3358 675 3404 versantur.
716 3349 803 3403 Fit
828 3351 849 3381 ²
876 3360 1055 3406 autem
1096 3352 1361 3422 separatio
1391 3352 1445 3406 in
1477 3353 1579 3409 line
1605 3369 1705 3409 sae-

152 3439 269 3506 culi,
305 3451 543 3513 tanquam
569 3444 627 3498 in
660 3443 766 3499 ﬁne
806 3445 1005 3511 maris,
1040 3446 1092 3501 id
1124 3455 1226 3513 est,
1258 3447 1310 3501 in
1340 3447 1549 3513 littore;
1582 3464 1705 3503 cum

150 3543 336 3601 regnant
355 3536 481 3604 justi
512 3537 688 3605 primo
718 3537 1105 3607 temporaliter,
1140 3539 1280 3593 sicut
1306 3539 1357 3592 in
1382 3540 1704 3612 Apocalypsi

149 3626 363 3695 scriptum
388 3637 469 3683 est
497 3670 511 3691 ,
540 3627 736 3683 deinde
766 3629 817 3683 in
847 3639 1107 3685 aeternum
1140 3630 1192 3684 in
1232 3630 1318 3684 illa
1346 3630 1560 3685 civitate
1586 3648 1705 3702 qua:

149 3714 209 3768 ibi
245 3718 544 3774 describitur
588 3720 771 3790 (Apoc.
820 3719 970 3793 nt),
1020 3722 1107 3777 ubi
1150 3722 1259 3791 jam
1296 3724 1706 3793 conquiescente

149 3803 507 3875 diSpensatione
538 3812 813 3881 temporali
839 3854 852 3876 ,
885 3829 1005 3885 quae
1034 3812 1454 3884 quadragenario
1480 3831 1706 3871 numero

149 3899 446 3970 signiﬁcatur,
476 3903 731 3959 denarius
751 3915 1014 3973 remanet,
1034 3922 1191 3976 quam
1214 3907 1511 3963 mercedem
1537 3909 1707 3963 sancti

150 3995 219 4064 qui
242 4009 517 4069 operantur
548 4000 601 4053 in
628 4000 779 4054 vinea
818 4000 1119 4070 percepturi
1145 4009 1287 4055 sunt.

207 4089 249 4142 5.
275 4089 437 4146 Potest
467 4092 664 4156 etiam,
696 4092 739 4145 si
770 4108 1031 4147 numerus
1056 4094 1156 4148 istc
1190 4093 1579 4162 consideretur,
1612 4110 1706 4150 oc-

148 4192 326 4238 currere
348 4185 406 4238 ad
435 4185 699 4239 Ecclesia:
728 4186 1065 4240 sanctitatem
1089 4226 1104 4253 ,
1146 4203 1265 4255 quae
1302 4203 1396 4258 per
1424 4187 1705 4242 Dominum

148 4283 349 4327 nostrum
381 4275 573 4331 Jesum
612 4273 882 4330 Christum
927 4276 1065 4331 facta
1096 4285 1180 4332 est
1212 4295 1224 4331 :
1254 4286 1310 4333 ut
1335 4278 1587 4348 quoniam
1617 4293 1706 4333 se-

148 4366 354 4431 ptenario
390 4383 628 4423 numero
674 4380 917 4423 creatura
965 4380 1211 4438 constat,
1270 4386 1391 4425 cum
1442 4374 1707 4428 ternarius

149 4456 309 4513 animm
344 4470 394 4515 et
433 4462 817 4533 quaternarius
847 4462 1055 4531 corpori
1104 4463 1352 4517 tribuitur
1374 4506 1388 4530 ,
1440 4466 1707 4534 susceptio

148 4545 239 4616 ipsa
275 4549 490 4609 hominis
536 4554 770 4609 ducatur
808 4553 873 4607 ad
914 4554 1010 4608 tria
1040 4554 1256 4624 septies.
1290 4553 1421 4622 Quia
1454 4564 1508 4611 et
1550 4556 1705 4611 Pater

146 4640 262 4694 misit
286 4642 467 4700 Filium
487 4688 503 4713 ,
556 4653 615 4700 et
642 4645 802 4699 Pater
831 4646 883 4699 in
920 4644 1056 4699 Filio
1080 4655 1202 4711 est,
1232 4653 1287 4701 et
1309 4645 1451 4701 dono
1472 4645 1703 4716 Spiritus

144 4732 285 4785 sancti
326 4735 389 4789 de
417 4736 629 4805 virgine
674 4744 829 4790 natus
858 4743 957 4789 est.
1007 4736 1074 4789 Et
1112 4737 1226 4791 hcce
1243 4744 1373 4814 sunt
1397 4738 1516 4803 tria,
1550 4737 1707 4793 Pater

142 4830 185 4872 et
207 4821 352 4879 Filius
373 4838 423 4881 et
440 4828 676 4898 Spiritus
697 4837 932 4882 sanctus.
961 4828 1169 4896 Septies
1188 4838 1387 4893 autem,
1412 4834 1525 4898 ipse
1546 4829 1707 4884 homo

145 4921 385 4986 lemporali
412 4921 817 4990 dispensatione
844 4930 1124 4991 susceptus
1152 4921 1173 4953 ⁸
1192 4962 1208 4987 ,
1241 4930 1299 4975 ιιι
1328 4921 1481 4976 ﬁeret
1504 4922 1705 4990 sempio

145 5013 316 5065 ternus.
343 5013 427 5069 Fit
451 5028 590 5084 ergo
616 5028 821 5068 summa
854 5013 1063 5067 numeri
1094 5014 1279 5083 viginti
1310 5029 1495 5077 unum,
1525 5014 1575 5067 id
1602 5021 1702 5081 est,

66 5144 67 5149 η
146 5101 229 5153 tria
252 5107 465 5176 septies.
503 5106 635 5161 Haec
660 5115 840 5160 autem
870 5105 1103 5161 hominis
1127 5106 1395 5175 susceptio
1422 5105 1489 5160 ad
1515 5105 1708 5160 libera-

145 5193 313 5251 tionem
339 5199 507 5253 valuit
537 5198 815 5263 Ecclesiae,
845 5198 931 5252 cui
959 5205 1121 5268 caput
1139 5207 1220 5253 est
1252 5197 1468 5269 (Ephes.
1492 5214 1546 5264 ν,
1578 5197 1703 5269 25);

150 5292 196 5336 ιιι
212 5286 308 5357 ipsa
333 5290 601 5357 Ecclesia,
626 5300 844 5362 propter
873 5292 1105 5346 animam
1129 5300 1182 5346 et
1206 5306 1422 5361 corpus,
1446 5292 1499 5345 in
1517 5290 1705 5346 eodem

150 5385 409 5447 septenario
452 5400 682 5439 numero
728 5394 1004 5453 reparetur
1028 5383 1070 5437 ‘.
1120 5384 1395 5438 Ducuntur
1434 5384 1609 5454 itaque
1630 5384 1708 5438 vi-

206 5470 220 5499 ¹
240 5478 497 5527 Sami-iens
521 5485 626 5535 διε,
650 5489 733 5539 spe
756 5481 803 5525 et
818 5473 1055 5525 charitate
1077 5474 1401 5540 amplexatur.

205 5531 224 5561 ³
244 5537 353 5586 Λικιιᾶ
376 5546 451 5586 Fx.
478 5538 631 5586 Lued.
658 5546 777 5586 V'en.
806 5545 934 5586 ων..
963 5535 1079 5586 Fiet.
1135 5546 1189 5585 Μ.

205 5538 353 5646 'éﬁd
376 5546 451 5587 Η.
478 5538 631 5601 Lugd.
658 5538 777 5586 Ven.
806 5545 934 5596 bov.,
963 5538 1079 5587 I-‘ict.
1135 5538 1189 5585 Μ.

199 5593 279 5673 ἴ...
371 5606 626 5673 ammte
647 5607 738 5650 εει·
761 5601 991 5673 νεξτδιωιν
1015 5606 1103 5659 est.
1125 5613 1230 5673 eo".
1245 5600 1477 5673 essetin
1501 5606 1616 5673 Mss.

195 5654 355 5733 ψιλά
371 5669 480 5712 mss.
498 5654 561 5733 fit
582 5663 632 5711 in
657 5666 870 5733 excusis,
895 5654 1141 5733 cui'capitt
1162 5668 1241 5733 est.
1261 5661 1493 5733 Christus.
1518 5668 1575 5733 At
1596 5658 1705 5723 ipsa

584 5722 797 5775 arti:th
812 5717 867 5775 et
881 5717 1073 5789 corpus,
1087 5723 1139 5778 in
1151 5724 1319 5778 eodem
1331 5721 1598 5791 septenario
1612 5717 1704 5775 nu-

353 5870 583 5939 SANC'I‘.
620 5873 903 5939 Ausus'r.
936 5873 1042 5936 Vl.

1835 374 1967 444 ginti
1992 360 2154 429 unum
2181 378 2414 447 septies,
2446 366 2674 451 propter
2697 396 2793 439 eos
2830 384 2919 453 qui
2959 399 3057 455 per
3088 388 3418 448 Dominicum

1834 464 2105 521 hominem
2137 467 2434 525 liberantur
2458 511 2472 536 ,
2517 481 2574 527 et
2603 473 2737 530 ﬁunt
2765 475 2920 531 simul
2946 488 3161 535 centum
3192 484 3419 552 quadra.

1831 557 1977 628 ginta
2003 568 2230 630 septem.
2257 559 2353 617 Cui
2384 561 2597 619 additur
2635 568 2878 624 senarius
2906 586 3181 638 numerus,
3208 574 3419 645 signum

1830 650 2204 721 perfectionis,
2238 655 2361 725 quia
2390 657 2629 726 partibus
2655 663 2764 715 suis
2784 704 2801 728 ,
2842 678 2961 733 qure
3002 664 3151 720 illum
3182 669 3417 725 metiun-

1831 748 1942 810 tur,
1972 753 2220 813 constat,
2251 747 2321 802 ita
2350 757 2407 804 ut
2434 750 2564 805 nihil
2596 752 2770 807 minus
2812 754 3049 826 nihilque
3082 760 3312 828 amplius
3340 762 3423 817 in-

1828 839 2091 895 veniatur.
2141 841 2356 899 Metitur
2394 844 2591 915 quippe
2636 846 2784 901 illum
2827 864 3025 915 unum,
3066 853 3205 921 quod
3259 854 3422 912 habet

1829 932 2041 999 sexies;
2069 942 2124 989 et
2142 934 2268 1001 duo,
2299 952 2417 1007 quae
2443 937 2605 993 habet
2629 949 2742 1006 ter;
2770 949 2825 995 et
2843 942 2961 1007 tria,
2986 958 3107 1011 quae
3127 943 3209 1001 bis
3225 944 3418 1004 habet:

1828 1038 1947 1094 quae
1972 1025 2133 1081 simul
2160 1027 2335 1093 ducta,
2365 1045 2527 1095 unum
2550 1039 2603 1086 et
2622 1030 2728 1085 duo
2748 1042 2803 1087 et
2829 1033 2949 1099 tria,
2971 1048 3063 1089 sex
3092 1034 3244 1091 ﬁunt.
3264 1037 3421 1105 Quod

1826 1116 2053 1175 fortasse
2079 1120 2145 1175 ad
2175 1120 2303 1175 illud
2332 1122 2492 1177 etiam
2524 1134 2910 1180 sacramentum
2959 1127 3227 1196 pertinet,
3274 1130 3420 1201 quod

1826 1208 1969 1265 Deus
1998 1219 2150 1265 sexta
2175 1212 2261 1267 die
2282 1212 2506 1283 perfecit
2530 1216 2706 1269 omnia
2734 1230 2894 1286 opera
2922 1232 3017 1272 sua
3049 1217 3202 1291 (Gen.
3236 1236 3304 1286 ιι,
3334 1221 3417 1291 2).

1825 1302 1907 1357 Ad
1936 1312 2147 1358 centum
2176 1320 2304 1376 ergo
2329 1316 2383 1362 et
2413 1312 2760 1380 quadraginta
2803 1320 3007 1380 septem
3036 1327 3158 1368 cum
3193 1328 3293 1370 sex
3319 1316 3418 1370 ad-

1822 1396 2055 1467 dideris,
2099 1400 2238 1469 quod
2264 1410 2344 1456 est
2368 1402 2577 1472 signum
2624 1404 2965 1473 perfectionis
2990 1449 3005 1473 ,
3048 1407 3181 1463 ﬁunt
3203 1417 3420 1466 centum

1822 1492 2202 1563 quinquaginta
2246 1495 2343 1549 tria
2377 1513 2391 1550 :
2425 1497 2513 1566 qui
2560 1513 2816 1554 numerus
2862 1500 3081 1569 piscium
3128 1503 3415 1571 invenitur,

1824 1594 2171 1655 posteaquam
2207 1588 2358 1657 jussu
2384 1589 2595 1646 Domini
2638 1592 2689 1646 in
2721 1592 2992 1648 dexteram
3025 1604 3227 1665 partem
3254 1597 3417 1654 missa

1820 1684 1946 1731 sunt
1974 1682 2127 1742 retia,
2161 1679 2249 1735 ubi
2276 1690 2583 1750 peccatores
2606 1683 2697 1754 qui
2721 1684 2787 1740 ad
2812 1686 3083 1743 sinistram
3121 1689 3413 1759 pertinent,

1820 1786 1929 1827 non
1955 1772 2315 1830 inveniuntur.

2208 1868 2388 1924 LVIII.
2418 1868 2499 1925 De
2520 1869 2721 1926 Joanne
2756 1871 3009 1944 Baptista.

1892 1959 1943 2013 I.
1984 1959 2218 2016 Joannes
2247 1961 2511 2032 Baptista,
2536 1960 2874 2021 ‘considerala
2913 1966 3175 2037 scriptura
3202 1983 3320 2038 qua:
3348 1968 3418 2026 de

1817 2047 1910 2105 illo
1939 2052 1992 2106 in
2034 2052 2319 2124 Evangelio
2367 2055 2595 2127 legitur,
2638 2058 2821 2113 multis
2863 2060 3223 2129 probabilibus
3250 2062 3417 2117 docu-

1818 2145 2015 2200 mentis
2052 2161 2163 2200 non
2203 2148 2435 2204 absurde
2472 2151 2708 2206 creditur
2736 2153 3031 2223 prophetia:
3054 2164 3263 2225 gestare
3292 2172 3417 2227 per-

1816 2249 2004 2291 sonam
2030 2279 2045 2303 ,
2098 2247 2152 2293 et
2186 2254 2250 2295 eo
2293 2241 2525 2296 maxime
2567 2244 2707 2312 quod
2736 2244 2803 2299 de
2835 2244 2926 2301 illo
2968 2247 3225 2303 Dominus
3262 2248 3415 2319 dicit,

1817 2327 1950 2384 Plus
1980 2348 2131 2400 quam
2158 2334 2405 2403 prapheta
2435 2332 2644 2405 (Matth.
2674 2352 2726 2390 ιι
2747 2378 2761 2402 ,
2794 2336 2868 2406 9).
2918 2338 3015 2393 llic
3045 2339 3306 2408 siquidem
3336 2351 3419 2396 to-

1815 2422 1923 2477 tius
1952 2424 2268 2494 prophetim,
2296 2440 2414 2495 quae
2439 2426 2505 2480 ab
2527 2427 2748 2481 exordio
2766 2429 2980 2497 generis
3005 2428 3220 2484 humani
3248 2447 3417 2502 usque

1818 2515 1884 2571 ad
1911 2516 2199 2571 adventum
2229 2517 2442 2573 Domini
2471 2518 2538 2573 de
2568 2519 2794 2573 Domino
2819 2519 2956 2575 facta
2991 2530 3090 2584 est,
3126 2522 3415 2593 imaginem

1813 2616 2006 2679 gestat.
2049 2608 2148 2664 Est
2177 2618 2353 2664 autem
2386 2610 2657 2681 Evangelii
2689 2628 2916 2682 persona
2943 2614 2993 2667 in
3022 2614 3139 2683 ipso
3168 2616 3412 2684 Domino,

1814 2715 1933 2771 quae
1962 2716 2055 2770 per
2085 2700 2419 2771 prophetiam
2468 2704 2923 2772 praenuntiabatur
2947 2748 2961 2772 ,
3005 2707 3158 2775 cujus
3194 2717 3419 2778 augetur

1814 2796 2122 2867 praedicatio
2168 2813 2263 2866 per
2304 2798 2609 2853 universum
2658 2799 2843 2853 orbem
2884 2808 3144 2855 terrarum
3179 2802 3246 2858 ab
3292 2803 3412 2872 ipso

1812 2889 2021 2944 Domini
2044 2890 2274 2945 adventu
2308 2909 2321 2945 :
2355 2891 2631 2961 prophetia
2658 2900 2835 2948 autem
2859 2894 3116 2949 minuitur
3132 2906 3415 2965 postquam

1813 2984 1867 3039 id
1896 2985 2038 3056 quod
2062 2986 2454 3055 prmnuntiabat
2478 2986 2711 3041 advenit.
2739 2986 2921 3057 Itaque
2961 2988 3219 3044 Dominus
3250 2990 3411 3045 dicit:

1812 3077 1921 3132 Lex
1954 3087 2002 3134 et
2030 3078 2306 3149 Propheta:
2333 3096 2487 3152 usque
2509 3078 2577 3133 ad
2609 3079 2863 3134 Joannem
2888 3079 3206 3152 Baptistam;
3232 3083 3415 3138 abhinc

1811 3189 2023 3243 regnum
2062 3173 2156 3226 Dei
2202 3174 2510 3243 praedicatur
2551 3172 2701 3245 (Luc.
2733 3190 2860 3241 xvr,
2894 3175 3008 3246 16).
3064 3174 3133 3230 Et
3175 3176 3413 3233 Joannes

1813 3264 1928 3334 ipse
1961 3283 1974 3319 :
2016 3265 2209 3331 Illum,
2238 3267 2443 3337 inquit,
2473 3276 2667 3339 oportet
2687 3284 2906 3323 crescere
2924 3311 2939 3336 ,
2961 3286 3043 3324 me
3063 3278 3229 3324 mitem
3255 3272 3416 3326 minui

1814 3355 1992 3430 (Joan.
2026 3372 2117 3422 ιιι,
2146 3357 2259 3425 '50).
2315 3357 2466 3425 Quod
2494 3367 2548 3413 et
2584 3359 2770 3413 diebus
2799 3359 2991 3429 quibus
3034 3362 3143 3416 nati
3176 3371 3318 3429 sunt,
3360 3370 3415 3418 ct

1812 3447 2076 3503 mortibus
2130 3448 2321 3518 quibus
2360 3449 2502 3517 passi
2548 3460 2712 3515 sunt,
2764 3453 3041 3520 ﬁguratum
3074 3462 3172 3508 est.
3228 3455 3415 3509 Nasci-

1811 3552 1900 3600 tur
1939 3558 2170 3613 namque
2217 3542 2450 3597 Joannes
2493 3558 2557 3597 ex
2605 3558 2710 3613 quo
2752 3542 2867 3598 dies
2912 3544 3172 3613 incipiunt
3212 3546 3409 3602 minui:

1812 3639 2050 3694 nascitur
2078 3636 2331 3691 Dominus
2361 3651 2427 3691 ex
2454 3650 2559 3705 quo
2582 3635 2697 3690 dies
2735 3635 2993 3704 incipiunt
3020 3650 3280 3692 crescere.
3314 3638 3416 3692 Ca-

1814 3733 1922 3803 pite
1948 3731 2037 3786 ille
2076 3730 2333 3784 minuitur
2356 3770 2371 3794 ,
2404 3709 2529 3783 dum
2551 3728 2813 3784 occiditur
2850 3746 2864 3782 :
2893 3727 2979 3781 hic
3001 3744 3130 3783 vero
3155 3730 3415 3786 attollitur

1813 3825 1870 3879 in
1914 3838 2094 3878 cruce.
2146 3822 2435 3891 Postquam
2484 3835 2613 3890 ergo
2653 3819 2931 3889 prophetia
2962 3821 3071 3889 ipsa
3116 3821 3168 3874 in
3207 3821 3413 3877 Joanne

1813 3919 2100 3973 constituta
2126 3915 2293 3985 digito
2317 3913 2551 3969 ostendit
2575 3923 2915 3985 praesentem,
2947 3930 3104 3984 quem
3128 3924 3413 3971 venturum

1814 4011 1882 4066 ab
1908 4010 2130 4066 exordio
2177 4008 2388 4079 generis
2417 4006 2635 4061 humani
2665 4006 2970 4073 cecinerat,
3016 4005 3200 4076 incipit
3222 4007 3409 4075 minui,

1814 4115 1972 4176 atque
2016 4104 2139 4159 inde
2185 4118 2428 4158 crescere
2474 4100 2778 4171 praedicatio
2815 4102 2962 4171 regni
3008 4102 3120 4157 Dei.
3178 4101 3244 4155 Et
3291 4102 3413 4157 ideo

1814 4198 2103 4268 baptizavit
2139 4196 2373 4252 Joannes
2416 4195 2468 4249 in
2511 4192 2879 4264 pmnitentiam
2913 4192 3126 4262 (Matth.
3158 4210 3247 4260 ιιι,
3275 4192 3363 4265 il)
3395 4211 3410 4249 :

1814 4294 1998 4347 ﬁnitur
2024 4291 2167 4347 enim
2193 4299 2345 4345 vetus
2383 4288 2493 4343 vita
2518 4303 2689 4359 usque
2714 4287 2783 4343 ad
2821 4288 3186 4359 pmnitentiam
3207 4330 3223 4355 ,
3251 4296 3412 4360 atque

1814 4384 1939 4440 inde
1966 4383 2149 4451 incipit
2177 4397 2335 4436 nova.

1883 4477 1939 4530 2.
1970 4475 2087 4530 Non
2113 4484 2288 4529 autem
2321 4480 2527 4528 tantum
2565 4474 2621 4527 in
2650 4473 2715 4527 iis
2742 4472 2832 4541 qui
2869 4472 3083 4541 proprie
3124 4473 3408 4543 Prophetm

1815 4568 2062 4639 appellati
2094 4576 2252 4629 sunt,
2283 4565 2379 4622 sed
2410 4564 2465 4619 in
2503 4565 2616 4635 ipsa
2643 4562 2858 4619 Veteris
2884 4562 3213 4619 Testamenti
3242 4564 3411 4619 histo-

1814 4660 1892 4714 ria
1918 4658 2195 4731 prophetia
2225 4672 2331 4712 non
2360 4657 2519 4711 silere
2546 4656 2813 4725 colligitur
2833 4655 2901 4709 al)
2923 4657 3002 4710 eis
3030 4656 3118 4726 qui
3145 4656 3231 4727 pie
3256 4674 3409 4728 quac—

1814 4763 1959 4822 runt,
2000 4761 2055 4809 et
2095 4752 2163 4808 ad
2207 4752 2323 4806 haec
2370 4749 2731 4820 investiganda
2776 4749 3028 4805 divinitus
3067 4750 3401 4821 adjuvantur.

1816 4847 2050 4903 Maxime
2088 4853 2267 4900 tamen
2294 4845 2400 4899 illis
2426 4843 2845 4898 cvidentiorihus
2881 4858 3061 4898 rerum
3106 4843 3287 4913 ﬁguris
3317 4860 3408 4915 np.

1816 4948 1966 5010 paret
1998 4956 2010 4992 :
2040 4938 2181 5008 quod
2208 4936 2339 4991 Abel
2360 4935 2535 5005 justus
2560 4951 2589 4989 a
2615 4934 2776 4989 fratre
2804 4934 3122 4991 interﬁcitur
3149 4934 3301 5007 (Gen.
3336 4952 3409 5000 tv,

1814 5033 1891 5103 8),
1922 5042 1976 5088 et
1996 5032 2251 5087 Dominus
2276 5046 2303 5083 a
2328 5028 2526 5084 Judmis
2560 5047 2571 5081 :
2600 5028 2743 5099 quod
2770 5044 2889 5083 arca
2913 5028 3046 5095 Noe,
3077 5037 3323 5099 tanquam
3357 5029 3408 5083 in

1813 5125 2015 5181 diluvio
2043 5123 2222 5179 smculi
2250 5122 2486 5177 Ecclesia
2513 5121 2840 5191 gubernatur
2865 5120 2977 5191 (Id.
3011 5124 3102 5187 vit,
3136 5118 3189 5191 l)
3223 5138 3237 5174 :
3267 5121 3413 5191 quod

1814 5218 1960 5275 lsaac
1998 5214 2357 5271 immolandos
2400 5214 2511 5268 Deo
2557 5213 2800 5278 ducitur,
2849 5220 2904 5267 et
2942 5213 3082 5266 aries
3110 5226 3204 5281 pro
3242 5211 3332 5266 illo
3357 5211 3415 5267 in

1815 5314 2056 5369 sentibus
2118 5321 2367 5381 tanquam
2416 5308 2701 5364 cruciﬁxus
2739 5308 3044 5377 agnoscitur
3088 5305 3223 5376 (Id.
3272 5322 3408 5373 xxu,

1814 5408 1965 5475 5—15)
1997 5424 2011 5460 :
2041 5403 2182 5473 quod
2211 5405 2261 5457 in
2288 5402 2494 5458 duobus
2515 5401 2741 5456 Abrahm
2778 5400 2897 5454 ﬁliis
2923 5442 2937 5465 ,
2968 5414 3075 5453 uno
3100 5398 3167 5455 de
3192 5398 3407 5464 ancilla,

1813 5500 1984 5553 altero
2012 5497 2077 5553 de
2099 5496 2285 5559 libera,
2317 5495 2422 5550 duo
2451 5494 2789 5548 Testamenta
2820 5490 3185 5560 intelliguntur
3210 5487 3407 5552 (Galat.

1814 5608 1889 5661 tv,
1918 5589 2112 5663 22—24)
2144 5609 2156 5643 :
2183 5589 2323 5661 quod
2350 5588 2456 5643 duo
2483 5586 2666 5658 populi
2694 5586 2743 5640 in
2784 5584 3006 5655 geminis
3025 5624 3039 5649 ,
3088 5583 3224 5635 Esau
3260 5578 3408 5631 scili-

1812 5692 1899 5739 cet
1923 5692 1978 5738 et
2012 5682 2177 5738 Jaeob
2199 5724 2213 5749 ,
2244 5688 2723 5751 praemonstrantur
2755 5675 2907 5747 (Gen.
2938 5689 3067 5738 xxv,
3092 5669 3182 5740 23)
3220 5686 3234 5723 :
3267 5670 3411 5738 quod

1815 5776 2014 5849 Joseph
2049 5792 2082 5835 a
2104 5775 2354 5836 fratribus
2390 5772 2815 5848 persecutionem
2855 5781 3045 5838 passus
3067 5807 3083 5834 ,
3125 5764 3192 5822 ab
3218 5764 3412 5824 alienis

2819 5861 3098 5944 (Deum)
