3942 6416
453 205 526 264 ts
661 227 666 232 -
874 167 884 191 ⁵
1125 197 1216 254 nn
1255 191 1569 254 DIVERSIS
1607 191 2047 263 QU/ESTIONIBI

2160 189 2424 250 LXXXIII
2446 236 2459 261 ,
2505 195 2564 253 S.
2603 195 2995 255 AUGUSTlNl.
3524 142 3537 154 .
3676 204 3747 264 ﬂ

453 324 751 380 honoratur
775 315 926 390 (Gen.
956 330 1136 371 xxxvu
1157 355 1172 380 ,
1204 312 1357 387 xu);
1409 313 1545 370 sicut
1567 311 1823 369 Dominus
1847 309 2046 367 Iudaeis

457 410 898 487 persequentibus
921 448 939 476 ,
983 406 1121 478 apud
1159 405 1360 464 Gentes
1404 404 1724 466 clariticatus
1752 413 1855 460 est.
1904 403 2048 460 Lon-

457 523 580 581 gum
609 513 695 564 est
735 513 1160 562 commemorare
1203 498 1409 569 singula
1431 541 1444 563 ,
1493 513 1614 554 cum
1653 499 1725 552 ita
1768 496 2048 553 concludat

458 599 748 674 Apostolus
774 606 829 654 et
856 596 1036 654 dicat:
1066 595 1192 650 ch
1229 603 1399 650 autem
1426 594 1480 648 in
1503 593 1670 664 ﬁgura
1695 592 2046 662 contingebant

457 695 565 761 eis;
589 693 784 762 scripta
813 700 932 746 sunt
953 698 1122 744 autem
1143 696 1349 760 propter
1367 703 1481 755 nos,
1511 686 1564 739 in
1587 702 1714 756 quos
1744 685 1862 755 linis
1885 686 2046 739 uecti-

456 788 625 845 torutn
649 785 842 842 deum:
867 783 910 855 (Ι
937 781 1058 840 Cor.
1085 798 1121 837 x
1144 824 1161 849 ,
1195 781 1308 851 11).
1351 779 1497 835 Finis
1521 787 1698 835 autem
1726 779 2046 834 steculorum

456 888 711 950 tanquam
735 885 982 934 senectus
1001 875 1198 930 veteris
1227 873 1457 930 hominis
1475 913 1492 938 ,
1523 887 1646 928 cum
1679 880 1846 928 totum
1877 887 2046 942 genus

455 973 747 1032 humanum
768 979 1019 1043 tanquam
1041 986 1202 1026 unum
1228 969 1498 1026 hominem
1519 968 1877 1035 constitueris,
1895 976 2045 1024 sexta

455 1076 612 1124 atate
641 1065 881 1135 signatur
902 1105 918 1129 ,
949 1079 1053 1134 qua
1085 1064 1339 1120 Dominus
1371 1064 1534 1119 venit.
1578 1063 1712 1120 Sunt
1749 1061 1891 1116 enim
1911 1071 2042 1117 mta-

452 1164 537 1214 tes
560 1171 658 1212 sex
683 1155 845 1212 etiam
873 1157 927 1210 in
955 1171 1062 1210 uno
1083 1155 1333 1221 homine;
1366 1154 1606 1222 infantia,
1636 1154 1882 1225 pueritia,
1911 1154 2044 1208 ado-

452 1248 744 1315 lescentia,
806 1247 1087 1316 juventus,
1136 1247 1402 1318 gravitas,
1449 1256 1502 1302 et
1547 1255 1815 1302 senectus.
1868 1245 2046 1300 Prima

453 1343 636 1414 itaque
677 1344 890 1414 generis
930 1343 1148 1400 humani
1191 1353 1320 1400 tetas
1343 1353 1431 1400 est
1457 1345 1526 1400 ab
1563 1343 1735 1398 Adam
1777 1358 1946 1413 usque
1977 1341 2047 1398 ad

452 1437 587 1496 Noe.
629 1437 908 1506 Secunda,
936 1453 967 1492 a
995 1437 1109 1493 Noe
1131 1437 1198 1493 ad
1231 1437 1497 1494 Abraham
1532 1456 1544 1490 :
1575 1438 1666 1507 qui
1695 1436 1900 1492 articuli
1923 1443 2049 1491 sunt

453 1530 839 1588 evidentissimi
867 1539 921 1586 et
948 1532 1230 1588 notissimi.
1261 1531 1460 1598 Tertia,
1492 1530 1561 1586 ab
1590 1531 1858 1586 Abraham
1879 1546 2048 1601 usque

453 1623 522 1680 ad
563 1624 729 1681 David
769 1641 784 1679 :
823 1625 902 1680 sic
937 1625 1085 1681 enim
1128 1625 1405 1682 Matthteus
1446 1624 1775 1696 evangelista
1821 1626 2048 1694 partitur

457 1715 669 1790 (Matth.
701 1733 739 1784 ι,
772 1717 885 1788 17).
914 1717 1130 1786 Quarta,
1159 1735 1190 1773 a
1219 1719 1382 1774 David
1412 1734 1580 1790 usque
1607 1718 1675 1773 ad
1705 1717 2048 1788 transmigra-

455 1809 658 1865 tionem
688 1810 741 1864 in
767 1809 1137 1882 Babyloniam.
1178 1811 1374 1876 Quinta
1393 1854 1407 1877 ,
1439 1824 1471 1867 ι
1501 1812 1965 1882 transmigratione
1992 1812 2045 1864 in

453 1900 802 1972 Babyloniam
840 1918 1009 1973 usque
1047 1903 1115 1960 ad
1155 1903 1440 1960 adventum
1468 1903 1704 1959 Domini.
1753 1903 1950 1969 Sexta,
1977 1902 2048 1957 ab

452 1993 683 2050 adventu
713 1993 924 2051 Domini
953 2010 1120 2066 usque
1149 1995 1204 2051 in
1232 1996 1392 2050 ﬁnem
1425 1996 1608 2051 saeculi
1637 1994 1899 2065 speranda
1920 2002 2004 2049 est
2027 2007 2048 2050 :

451 2102 554 2156 qua
584 2087 822 2144 exterior
866 2088 1029 2144 homo
1069 2097 1318 2158 tanquam
1361 2096 1637 2145 senectute
1663 2088 2044 2158 corrumpitur,

451 2181 542 2250 qui
567 2182 727 2236 etiam
755 2190 908 2237 vetus
936 2182 1159 2248 dicitur,
1203 2191 1258 2238 et
1283 2183 1508 2237 interior
1535 2189 1830 2237 renovatur
1864 2179 1931 2234 de
1959 2178 2047 2236 die

452 2271 508 2326 in
531 2272 668 2328 diem
697 2272 764 2342 (ll
791 2273 911 2327 Cor.
940 2289 1012 2340 IV,
1048 2274 1157 2344 16).
1190 2274 1317 2328 Inde
1347 2275 1561 2344 requies
1583 2275 1906 2343 sempiterna
1939 2280 2043 2339 est,

451 2380 570 2434 quae
599 2365 928 2435 signiﬁcatur
948 2366 1188 2420 sabbato.
1214 2366 1346 2421 Huic
1364 2370 1441 2420 rei
1463 2367 1706 2435 congruit
1721 2365 1862 2434 quod
1881 2365 2046 2418 homo

451 2466 605 2513 sexto
644 2456 734 2512 die
779 2458 950 2511 factus
981 2467 1062 2512 est
1107 2457 1173 2511 ad
1219 2459 1501 2528 imaginem
1547 2467 1599 2512 et
1640 2455 2044 2512 similitudinem

448 2548 545 2604 Dci
571 2546 725 2622 (Gen.
758 2565 811 2616 ι,
837 2548 952 2620 27).
1000 2549 1170 2605 Nemo
1201 2559 1377 2604 autem
1424 2550 1632 2620 ignorat
1660 2549 1934 2605 hominum
1961 2549 2043 2603 vi-

449 2649 558 2696 tam
579 2640 691 2710 jam
719 2640 919 2711 aliquid
936 2641 1415 2710 administrantem,
1441 2643 1745 2712 cognitione
1766 2651 1819 2697 et
1834 2643 2044 2698 actione

448 2731 642 2788 fulciri.
686 2732 816 2786 Nam
858 2742 912 2788 et
950 2735 1089 2787 actio
1121 2737 1403 2789 temeraria
1447 2743 1531 2790 est
1573 2735 1688 2790 sine
1716 2735 2037 2803 cognitione,

448 2832 503 2881 et
546 2824 664 2882 sine
706 2825 917 2881 actione
960 2826 1149 2897 ignava
1191 2827 1443 2895 cognitio.
1486 2826 1591 2882 Sed
1619 2828 1788 2896 prima
1813 2827 1922 2882 vita
1949 2826 2043 2881 ho-

447 2915 610 2972 minis
633 2958 649 2983 ,
686 2917 773 2973 cui
800 2918 947 2972 nulla
976 2917 1367 2972 administratio
1395 2927 1540 2973 recte
1570 2918 1808 2974 creditur
1829 2960 1844 2986 ,
1884 2919 2044 2989 quin-

450 3023 555 3078 que
597 3009 843 3064 sensibus
886 3009 1129 3080 corporis
1176 3008 1356 3070 dedita
1403 3020 1525 3076 est;
1573 3011 1664 3080 qui
1705 3019 1830 3066 sunt
1872 3011 2042 3078 visus,

449 3100 682 3169 auditus,
713 3101 960 3170 olfactus,
1011 3111 1218 3174 gustus,
1253 3113 1444 3158 tactus.
1473 3104 1542 3157 Et
1568 3103 1690 3166 ideo
1712 3103 1830 3159 duae
1856 3104 2052 3173 prima!

452 3204 638 3258 atates
667 3197 882 3267 generis
906 3196 1124 3250 humani
1151 3195 1303 3251 denis
1332 3196 1764 3265 generationibus
1792 3195 2048 3251 definiun-

450 3294 575 3355 tur,
624 3296 871 3358 tanquam
912 3286 1134 3343 infantia
1164 3298 1218 3344 et
1264 3288 1526 3358 pueritia;
1565 3288 1812 3357 quinario
1838 3287 2046 3344 scilicet

451 3378 721 3447 geminato
746 3418 760 3444 ,
785 3378 1037 3448 quoniam
1067 3379 1343 3449 generatio
1378 3388 1606 3448 utroque
1627 3394 1760 3434 sexu
1787 3393 2047 3449 propaga-

450 3477 556 3526 tur.
598 3470 738 3528 Sunt
777 3484 910 3540 ergo
945 3472 1317 3540 generationes
1355 3470 1543 3525 decem
1572 3471 1640 3526 ab
1677 3471 1846 3525 Adam
1879 3486 2047 3540 usque

451 3561 519 3616 ad
555 3560 708 3627 Noe,
752 3569 808 3616 et
855 3561 979 3616 inde
1019 3577 1186 3631 usque
1225 3561 1293 3614 ad
1337 3560 1608 3616 Abraham
1652 3561 1770 3615 aliae
1815 3561 2043 3628 decem;

454 3667 588 3722 quas
614 3649 749 3705 duas
790 3659 974 3705 aetates
1015 3651 1289 3705 infantiam
1322 3659 1374 3705 et
1401 3651 1681 3722 pueritiam
1710 3653 1923 3722 generis
1947 3652 2048 3707 hu-

452 3741 603 3798 mani
631 3757 751 3798 esse
779 3741 1032 3796 diximus.
1075 3741 1450 3798 Adolescentia
1479 3757 1605 3797 vero
1631 3752 1684 3798 et
1713 3743 1967 3816 juventus
1994 3753 2050 3800 et

450 3839 704 3909 gravitas,
735 3835 790 3892 id
817 3844 916 3902 est,
950 3835 1017 3890 ab
1042 3834 1311 3890 Abraham
1339 3851 1506 3907 usque
1529 3835 1596 3892 ad
1627 3836 1816 3906 David,
1848 3849 1901 3893 et
1923 3838 2049 3895 inde

453 3945 622 4002 usque
648 3930 714 3984 ad
757 3927 1278 3998 transmigrationem
1309 3930 1365 3984 in
1406 3930 1787 4002 Babyloniam,
1831 3940 1886 3986 et
1923 3931 2049 3987 inde

456 4037 626 4093 usque
667 4021 735 4076 ad
777 4021 1065 4076 adventum
1111 4020 1361 4087 Domini,
1390 4031 1616 4091 quatuor
1644 4021 1797 4076 denis
1823 4039 2050 4092 genera-

456 4115 690 4172 tionibus
722 4115 1053 4186 ﬁgurantur;
1083 4113 1385 4187 septenario
1410 4115 1676 4186 geminato
1706 4114 1772 4168 ad
1802 4115 2049 4171 eamdem

457 4207 858 4277 generationem
892 4206 909 4238 ¹
939 4206 1215 4278 utriusque
1257 4221 1420 4262 sexus
1443 4248 1457 4272 ,
1514 4221 1636 4262 cum
1684 4207 1928 4276 quinario
1958 4207 2048 4277 qui

457 4311 542 4356 est
591 4302 645 4355 in
693 4300 941 4357 sensibus
986 4300 1254 4369 corporis,
1304 4300 1443 4355 actio
1490 4309 1547 4355 et
1592 4301 1822 4372 cognitio
1870 4300 2050 4355 addita

456 4393 635 4450 fuerit.
679 4391 939 4450 Senectus
985 4403 1164 4448 autem
1205 4393 1347 4450 solet
1389 4392 1551 4447 etiam
1603 4400 1815 4448 tantum
1861 4402 2049 4448 tenere

456 4486 739 4557 temporis,
765 4496 1023 4556 quantum
1048 4485 1266 4555 reliquae
1293 4500 1480 4540 omnes
1509 4493 1716 4540 :etates.
1763 4485 1894 4539 Nam
1925 4500 2050 4540 cum

459 4593 491 4632 a
519 4577 849 4646 sexagesimo
875 4591 1016 4630 anno
1041 4585 1288 4631 senectus
1316 4577 1522 4632 dicatur
1550 4577 1802 4645 incipere,
1837 4586 1892 4632 ει
1920 4593 2050 4648 pos-

463 4669 535 4724 sit
561 4667 792 4723 humana
832 4668 938 4722 vita
959 4733 962 4736 λ
984 4684 1151 4738 usque
1177 4669 1242 4722 ad
1273 4680 1486 4724 centum
1515 4670 1699 4740 viginti
1729 4685 1896 4724 annos
1921 4686 2048 4742 per-

459 4761 678 4827 venire,
719 4759 1056 4816 manifestum
1097 4770 1178 4814 est
1204 4762 1370 4816 solam
1401 4770 1728 4817 senectutem
1760 4779 1918 4834 posse
1943 4775 2050 4820 tam

461 4855 678 4925 longam
724 4869 883 4922 esse,
936 4869 1094 4923 quam
1129 4869 1317 4909 omnes
1361 4863 1545 4911 aetates
1587 4866 1796 4914 exterae
1844 4859 2052 4928 priores

463 4957 609 5004 sunt.
649 4946 802 5003 Etas
843 4947 1002 5017 igitur
1031 4947 1215 5002 ultima
1258 4949 1468 5018 generis
1510 4948 1764 5017 humani,
1807 4967 1925 5021 quae
1969 4952 2052 5006 in-

461 5039 592 5110 cipit
620 5055 651 5094 a
681 5038 893 5095 Domini
916 5039 1144 5094 adventu
1169 5082 1186 5108 ,
1235 5057 1402 5111 usque
1425 5041 1478 5095 in
1511 5042 1671 5098 finem
1697 5042 1896 5110 saeculi,
1929 5045 2051 5114 qui-

383 5149 385 5152 ‘
461 5136 564 5192 bus
591 5133 1020 5205 generationibus
1045 5144 1380 5204 computetur
1423 5135 1682 5192 incertum
1713 5145 1794 5192 est
1825 5155 1838 5190 :
1867 5147 1922 5192 et
1947 5135 2054 5196 hoc

462 5229 664 5284 utiliter
689 5227 1026 5284 Deus—voluit
1067 5228 1267 5297 latere,
1312 5229 1448 5286 sicut
1488 5229 1540 5283 in
1587 5229 1876 5299 Evangelio
1913 5229 2053 5284 scri-

458 5331 611 5395 ptum
646 5331 728 5378 est
752 5321 963 5393 (Matth.
998 5337 1163 5389 utv,
1191 5321 1286 5394 56)
1313 5364 1327 5390 ,
1359 5333 1415 5380 et
1434 5324 1722 5394 Apostolus
1746 5332 2050 5392 attestatur,

459 5417 649 5474 dicens
695 5417 839 5473 diem
881 5416 1090 5472 Domini
1135 5425 1383 5487 tanquam
1424 5417 1594 5472 furem
1634 5418 1688 5472 in
1737 5425 1893 5472 nocte
1932 5431 2053 5473 esse

456 5519 744 5567 venturum
767 5507 808 5580 (1
837 5507 1014 5564 Thess.
1046 5524 1101 5574 v,
1127 5507 1208 5581 2).

530 5603 585 5660 ὅ.
612 5602 718 5660 Sed
742 5613 924 5658 tamen
950 5610 1099 5658 sexta
1143 5611 1300 5658 aetate
1325 5602 1593 5658 visitatnm
1620 5617 1737 5657 esse
1766 5617 1932 5674 genus
1960 5601 2058 5658 hu-

525 5733 1691 5797 ‘Bat.etdecemtttss.,adeamdemratiunem.
1860 5796 1876 5808 τ

2151 326 2367 368 manum
2409 313 2596 368 humili
2642 312 2856 372 Domini
2896 315 3162 385 adventu,
3209 318 3453 388 superius
3482 319 3744 380 distinctis

2150 406 2580 477 generationibus
2606 407 2886 468 edocetur.
2914 409 3030 479 Qua
3052 411 3354 468 visitatione
3381 413 3598 485 incepit
3629 432 3742 470 ma-

2151 498 2391 558 nifestari
2413 499 2716 572 prepbetia,
2738 516 2858 574 quae
2881 504 3248 574 superioribus
3283 507 3515 577 quinque
3564 510 3738 562 aetati-

2149 588 2250 646 bus
2302 589 2454 647 latuit
2507 608 2522 645 :
2575 591 2730 663 cujus
2784 595 3078 665 praphetiae
3146 612 3426 665 personam
3493 600 3745 670 quoniam

2151 681 2383 739 Joannes
2415 679 2694 754 gestabat,
2717 695 2774 741 ut
2810 701 2969 758 supra
2997 687 3193 743 dictum
3220 699 3302 744 est
3321 731 3336 756 ,
3364 691 3483 746 ideo
3509 708 3575 748 ex
3600 693 3743 747 seni-

2151 775 2250 831 bus
2275 778 2582 846 parentibus
2607 778 2844 838 nascitur
2864 821 2879 846 ,
2916 789 3164 851 tanquam
3191 794 3506 838 senescente
3551 786 3746 840 suaculo

2152 867 2429 939 prophetia
2460 869 2548 924 illa
2575 871 2912 928 innotescere
2941 873 3186 943 incipiat;
3214 885 3269 932 et
3311 876 3548 946 quinque
3596 895 3749 932 men-

2151 959 2299 1022 sibus
2321 976 2386 1018 se
2409 964 2640 1025 acetiltat
2667 974 2840 1020 mater
2860 965 2976 1036 ejus
2995 1009 3011 1034 ,
3042 968 3178 1023 sicut
3215 970 3470 1038 scriptum
3498 982 3577 1025 est
3597 1012 3611 1036 ,
3645 969 3746 1025 0c-

2153 1059 2372 1115 cultabat
2421 1076 2472 1116 se
2511 1058 2773 1118 Elisabeth
2804 1062 3054 1117 mensibus
3097 1064 3333 1136 quinque.
3366 1066 3528 1120 Sexto
3572 1076 3748 1122 autem

2153 1165 2338 1208 mense
2363 1151 2604 1208 visitatur
2631 1169 2660 1208 a
2689 1154 2850 1208 Maria
2875 1165 3045 1210 matre
3065 1156 3308 1222 Domini;
3338 1166 3392 1213 et
3409 1159 3636 1214 exsultat
3665 1160 3752 1230 iu-_

2155 1240 2273 1298 fans
2297 1243 2354 1304 in
2382 1252 2552 1312 utero,
2599 1253 2851 1318 tanquam
2891 1248 3067 1320 primo
3115 1248 3344 1305 adventu
3387 1250 3599 1308 Domini
3643 1267 3749 1322 quo

2153 1335 2207 1390 in
2247 1336 2542 1393 humilitate
2565 1339 2581 1370 ¹
2609 1355 2866 1410 apparere
2905 1340 3151 1411 dignatus
3181 1351 3293 1407 est,
3324 1344 3603 1414 prophetia
3629 1361 3748 1400 ma-

2154 1427 2391 1503 nifestari
2421 1431 2637 1503 incipiat
2669 1451 2684 1488 :
2711 1434 2804 1488 sed
2835 1443 3083 1504 tanquam
3113 1435 3166 1490 in
3198 1446 3371 1504 utero,
3403 1437 3455 1490 id
3487 1447 3588 1504 est,
3614 1454 3750 1492 non-

2155 1519 2279 1575 dum
2311 1531 2415 1576 tam
2463 1524 2759 1590 evidenter,
2788 1536 2845 1580 ut
2873 1541 3061 1582 omnes
3101 1528 3238 1582 sicut
3290 1529 3341 1583 in
3368 1528 3492 1584 luce
3531 1531 3753 1586 manife-

2154 1621 2290 1668 stam
2319 1630 2437 1670 esse
2464 1617 2746 1684 fateantur;
2777 1620 2918 1690 quod
2960 1620 3192 1676 futurum
3229 1623 3494 1678 credimus
3519 1625 3752 1680 secundo

2154 1705 2386 1762 adventu
2415 1709 2646 1777 Domini,
2689 1727 2792 1781 quo
2817 1713 2866 1766 in
2902 1714 3146 1769 claritate
3175 1725 3432 1771 venturus
3458 1726 3567 1783 est;
3599 1719 3753 1788 cujus

2154 1800 2414 1856 adventus
2437 1818 2736 1871 praecursor
2761 1816 3005 1875 speratur
3033 1807 3176 1872 lilias
3200 1850 3214 1874 ,
3245 1809 3380 1862 sicut
3408 1809 3566 1878 hujus
3588 1811 3752 1866 Joan-

2155 1907 2252 1948 nes
2297 1894 2411 1949 fuit.
2439 1894 2506 1950 Et
2534 1896 2653 1952 ideo
2690 1897 2882 1952 dicitur
2906 1915 2936 1954 a
2967 1901 3188 1955 Domino
3218 1920 3230 1954 :
3261 1901 3405 1957 Elius
3434 1905 3546 1974 jam
3572 1907 3706 1959 venit
3733 1947 3750 1973 ,

2155 1995 2201 2039 et
2228 1986 2387 2039 multa
2417 1988 2462 2040 ei
2489 1989 2713 2042 homines
2742 1994 2998 2060 fecerunt;
3027 2002 3070 2044 et
3091 1993 3133 2044 si
3178 1993 3327 2046 vultis
3353 1995 3513 2057 scire,
3546 1996 3652 2065 ipse
3681 2004 3756 2049 est

2154 2077 2381 2134 Joannes
2431 2079 2664 2150 Baptista
2687 2121 2700 2143 ,
2729 2082 2815 2152 qui
2834 2091 3073 2136 uenturus
3112 2094 3184 2138 est
3211 2082 3438 2155 (Matth.
3471 2101 3579 2139 xvn
3603 2128 3618 2151 ,
3652 2087 3753 2156 12,

2157 2183 2204 2228 et
2236 2189 2308 2238 XI,
2342 2173 2454 2244 14).
2487 2172 2618 2241 Quia
2646 2174 2698 2227 in
2725 2173 2914 2229 eodem
2945 2176 3133 2244 spiritu
3157 2185 3208 2229 et
3236 2176 3287 2230 in
3319 2176 3506 2231 eadem
3534 2178 3756 2246 virtute,

2158 2275 2403 2336 tanquam
2434 2265 2782 2336 praecedentis
2805 2268 3067 2336 praeconis
3096 2269 3271 2322 ofﬁcio
3301 2279 3354 2324 et
3401 2270 3483 2325 hic
3526 2271 3634 2340 jam
3665 2289 3766 2326 ve-

2155 2357 2265 2424 nit,
2315 2365 2370 2412 et
2419 2357 2508 2413 ille
2533 2366 2788 2414 venturus
2829 2367 2928 2413 est.
2977 2358 3262 2429 Propterea
3305 2371 3358 2416 et
3399 2363 3557 2418 istum
3587 2364 3766 2420 Joan-

2154 2463 2276 2503 nem
2305 2464 2399 2518 per
2427 2449 2671 2519 spiritum
2703 2465 2808 2521 quo
2843 2458 2994 2519 pater
3037 2451 3152 2521 ejus
3183 2463 3329 2509 vates
3363 2454 3612 2524 impletus
3638 2467 3766 2526 est,

2152 2540 2344 2596 dicitur
2369 2557 2752 2613 praecursorem
2785 2543 2996 2598 Domini
3046 2545 3274 2599 futurum
3303 2561 3422 2602 esse
3463 2549 3516 2602 in
3563 2551 3770 2619 spiritu

2154 2641 2208 2688 et
2230 2634 2426 2688 virtute
2456 2635 2603 2689 Elian.
2629 2635 2868 2690 Peractis
2907 2645 3084 2690 autem
3113 2637 3276 2692 Maria
3321 2655 3442 2694 cum
3475 2640 3768 2699 Elisabeth

2152 2725 2427 2781 mensibus
2456 2726 2646 2792 tribus,
2675 2725 2900 2782 discedit
2929 2726 3090 2798 (Luc.
3124 2727 3198 2801 ι).
3231 2729 3346 2796 Quo
3373 2747 3598 2787 numero
3620 2735 3770 2790 mihi

2152 2818 2363 2874 videtur
2405 2819 2694 2890 signiﬁcari
2739 2821 2872 2876 fides
2916 2820 3224 2889 Trinitatis,
3277 2832 3329 2880 et
3376 2824 3644 2894 Baptisma
3697 2827 3772 2886 in

2151 2911 2370 2967 nomine
2395 2911 2568 2966 Patris
2596 2920 2652 2970 et
2673 2911 2790 2968 Filii
2818 2921 2872 2970 et
2895 2913 3121 2985 Spiritus
3154 2916 3358 2982 sancti,
3388 2933 3494 2988 quo
3524 2935 3619 2988 per
3649 2920 3770 2975 lita-

2151 3003 2335 3060 milem
2379 3004 2590 3062 Domini
2632 3005 2914 3062 adventum
2943 3022 3112 3076 genus
3140 3008 3429 3063 humanum
3459 3011 3767 3085 imbuitur,

2153 3102 2209 3150 et
2230 3094 2410 3154 futuro
2434 3095 2665 3152 adventu
2695 3097 2951 3151 claritatis
2977 3098 3092 3166 ejus
3122 3099 3396 3155 extollitur
3420 3102 3441 3134 ³
3467 3102 3569 3175 (a).

2565 3187 2702 3243 LIX.
2740 3187 2813 3242 De
2841 3189 3010 3246 decem
3039 3191 3338 3262 virginibus.

2227 3279 2280 3336 1.
2310 3279 2456 3335 lnter
2495 3281 2776 3351 parabolas
2816 3298 2848 3337 a
2887 3283 3116 3339 Domino
3143 3285 3313 3342 dictas
3343 3287 3480 3344 solet
3503 3305 3769 3360 quatren-

2155 3379 2236 3428 tes
2264 3374 2488 3429 multum
2528 3389 2782 3430 exercere
2810 3374 2910 3432 ista
2931 3417 2947 3444 ,
2970 3392 3092 3447 qua:
3138 3377 3208 3434 de
3250 3379 3436 3436 decem
3462 3383 3766 3453 virginibus

2154 3465 2327 3533 posita
2372 3474 2474 3520 est.
2507 3465 2576 3521 Et
2623 3467 2773 3522 multi
2817 3468 3034 3539 quidem
3063 3469 3189 3526 hinc
3215 3474 3383 3530 multa
3429 3487 3762 3548 senserunt,

2155 3572 2276 3626 quae
2325 3572 2431 3612 non
2470 3566 2597 3613 sunt
2621 3568 2817 3628 praeter
2841 3558 3044 3620 ﬁdem:
3084 3562 3182 3618 sed
3205 3565 3474 3634 quomodo
3515 3569 3766 3638 partibus

2156 3651 2405 3707 omnibus
2429 3652 2546 3723 ejus
2561 3654 2842 3709 conveniat
2858 3655 3139 3726 expositio,
3163 3657 3216 3712 id
3237 3659 3617 3716 elaborandum
3647 3672 3762 3724 est.

2157 3744 2286 3816 Legi
2312 3745 2472 3801 etiam
2503 3746 2555 3801 in
2605 3748 2834 3817 quadam
2884 3749 3146 3820 scriptura
3174 3793 3191 3820 ,
3224 3767 3296 3809 ex
3338 3769 3520 3810 earum
3553 3771 3765 3826 genere

2158 3853 2277 3909 quae
2326 3841 2646 3912 apocrypha
2674 3842 3049 3914 nominantur,
3093 3860 3202 3902 non
3243 3849 3386 3917 quod
3429 3850 3764 3910 sit’contra

2158 3931 2474 3986 catholicam
2494 3933 2673 4001 ﬁdem;
2697 3935 2792 3990 sed
2815 3935 2940 3993 huic
2966 3937 3080 3993 loco
3103 3940 3232 3994 mihi
3257 3941 3432 3997 minus
3456 3959 3764 4013 congruere

2158 4026 2267 4079 visa
2292 4035 2367 4081 est
2387 4067 2400 4094 ,
2433 4027 2793 4084 consideranti
2821 4047 3008 4087 omnes
3038 4032 3195 4102 hujus
3216 4034 3594 4092 simulitudinis
3624 4055 3763 4109 par-

2159 4125 2261 4174 tes.
2286 4119 2360 4174 De
2387 4135 2488 4190 qua
2521 4130 2698 4177 tamen
2723 4123 3057 4193 expositione
3086 4134 3285 4182 temere
3311 4128 3439 4182 nihil
3471 4129 3641 4185 audeo
3662 4131 3768 4202 ju-

2158 4211 2368 4276 dicare,
2406 4230 2474 4269 ne
2499 4215 2635 4270 forte
2685 4231 2792 4272 non
2827 4217 2945 4287 ejus
2975 4219 3397 4277 inconvenientia
3421 4223 3550 4278 mihi
3581 4241 3766 4296 angu-

2159 4305 2290 4360 stias
2328 4306 2545 4374 fecerit,
2576 4307 2670 4362 sed
2700 4323 2819 4364 mea
2868 4309 3088 4366 tarditas
3137 4312 3189 4366 in
3217 4327 3278 4367 ea
3326 4315 3768 4374 convenientiam

2160 4414 2269 4454 non
2296 4399 2576 4455 invenerit.
2594 4401 2731 4470 Quid
2748 4410 2926 4459 autem
2953 4404 3082 4458 mibi
3114 4404 3360 4462 videatur
3387 4423 3495 4462 non
3521 4410 3768 4468 absurde

2161 4491 2264 4548 hoc
2305 4494 2424 4550 loco
2445 4495 2646 4566 accipi,
2677 4505 2931 4566 quantum
2960 4505 3148 4566 potero
3176 4497 3412 4554 breviter
3435 4509 3491 4554 et
3518 4499 3764 4572 diligen-

2162 4596 2242 4644 ter
2262 4602 2547 4658 exponam.

2229 4680 2675 4752 2.1nterrogatus
2723 4681 2882 4752 igitur
2927 4682 3181 4739 Dominus
3225 4693 3409 4742 noster
3455 4697 3664 4744 secreto
3733 4705 3772 4746 a

2160 4771 2434 4842 discipulis
2473 4773 2538 4828 de
2563 4774 3024 4830 consummatione
3044 4777 3223 4832 saeculi
3250 4818 3265 4843 ,
3296 4778 3433 4834 inter
3459 4780 3628 4835 multa
3653 4780 3774 4837 alia

2161 4879 2280 4934 qua:
2308 4863 2516 4920 locutus
2536 4873 2619 4921 est
2640 4907 2657 4934 ,
2687 4866 2788 4922 hoc
2811 4882 3023 4938 quoque
3045 4868 3177 4925 dixit
3201 4888 3213 4924 :
3242 4868 3380 4924 Tum:
3407 4871 3571 4928 simile
3612 4874 3776 4928 asti-

2160 4957 2381 5013 mabitur
2408 4975 2617 5031 regnum
2641 4960 2881 5015 caelorum
2926 4962 3097 5016 decem
3138 4963 3412 5034 virginibus
3435 5007 3450 5030 ,
3473 4981 3587 5035 qua:
3605 4981 3774 5019 acce-

2164 5061 2347 5121 perunt
2370 5052 2630 5122 lampades
2654 5071 2792 5121 suas,
2813 5063 2861 5108 et
2881 5064 3117 5110 venerunt
3142 5055 3337 5110 obviam
3356 5075 3560 5124 sponso.
3589 5058 3777 5122 Quin-

2162 5162 2258 5215 que
2285 5155 2452 5200 autem
2477 5161 2539 5200 ex
2561 5146 2631 5199 eis
2652 5155 2794 5200 erant
2819 5150 2993 5216 fatuae,
3023 5156 3069 5202 et
3093 5147 3310 5219 quinun
3336 5148 3620 5217 prudentes.
3645 5146 3780 5204 Sed

2162 5240 2382 5311 quinque
2424 5241 2580 5309 fatua
2618 5239 2838 5309 acceptis
2865 5238 3185 5306 lampadibus
3223 5239 3359 5302 suis,
3385 5256 3485 5292 non
3524 5255 3780 5309 sumpse-

2162 5340 2281 5387 runt
2326 5331 2492 5386 oleum
2521 5347 2689 5385 secum
2715 5346 2736 5386 :
2760 5331 3033 5402 prudentes
3059 5340 3225 5385 autem
3251 5343 3548 5400 acceperunt
3587 5331 3782 5392 oleum

2228 5425 2247 5456 ι
2271 5421 2553 5472 Navarricus
2565 5421 2712 5484 liber,
2732 5419 2786 5473 in
2808 5420 3122 5484 htttntmitate.

2227 5487 2249 5518 ³
2273 5491 2470 5557 ttat._Er.
2497 5490 2550 5536 et
2571 5481 2800 5557 undecim
2823 5481 3233 5557 Mss.,_emcol_s'_tur.
3268 5481 3397 5536 Alter
3431 5497 3464 5535 e
3499 5485 3780 5549 Vatitmlis,

2165 5546 2326 5618 excoli
2355 5547 2763 5618 dante—Lugd"
2783 5546 3044 5618 enectine.
3107 5553 3166 5598 tt.

2231 5612 2253 5675 ξ
2274 5609 2493 5661 nonnulli
2517 5619 2646 5671 Mss.,
2664 5609 2794 5675 quod

2231 5674 2409 5740 (αλ-οε
2431 5687 2528 5740 seu
2548 5669 2772 5740 aetatibus
2789 5673 2886 5724 vid.
2901 5674 2987 5725 lib.
3012 5673 3036 5725 1
3063 5671 3128 5725 de
3149 5673 3328 5726 Genesi
3343 5679 3512 5726 contra
3530 5669 3778 5737 Itanich.,

2167 5733 2272 5796 cap.
2290 5733 2381 5798 '23,
2399 5749 2448 5783 n.
2469 5735 2635 5785 35-41.
