3942 6416
305 225 366 281 l5
1693 213 1899 274 unus
1935 215 2132 276 unus.
2187 268 2189 270 .
3474 237 3545 293 ω

302 353 449 395 seem
471 337 658 390 inuasis
698 332 805 389 suis
849 347 977 388 cum
1023 333 1377 406 lampadibus.
1411 323 1662 388 Tardante
1703 341 1868 388 autem
1910 399 1913 402 _

305 447 482 504 sponso,
503 427 887 482 donnitauerunt
915 440 1125 495 onmes,
1154 437 1202 480 et
1233 426 1554 481 dormierunt.
1575 425 1746 479 Media
1773 442 1866 480 au-
1904 470 1915 504 ὲ

309 539 391 581 tera
420 533 545 577 nocte
587 522 779 576 clamor
806 523 978 592 {actus
1017 530 1092 575 est
1113 536 1134 575 :
1165 520 1298 574 Ecce
1321 536 1528 593 sponsus
1551 521 1682 574 venit
1705 560 1722 587 ,
1751 537 1865 575 sur-

304 622 387 691 gite
405 616 580 671 obviam
610 615 674 669 ei.
703 613 848 668 Tunc
876 621 1210 668 surrexerunt
1239 613 1451 684 virgines
1474 612 1578 666 illa:
1595 654 1611 680 ,
1639 621 1684 666 et
1712 622 1860 686 apta-

303 719 444 762 reruni
459 707 721 777 lampades
751 723 891 760 suas.
911 702 981 758 Et
1011 703 1244 758 dixerunt
1263 705 1364 758 illa:
1386 704 1550 758 stulta:
1578 703 1646 757 ad
1664 705 1863 775 sapien-

296 810 353 856 tes
375 797 532 854 :Date
551 799 701 852 nobis
727 798 792 851 de
826 798 938 852 oleo
985 805 1147 850 vestro
1169 835 1183 861 ,
1215 796 1335 865 quia
1380 795 1640 865 lampades
1677 805 1863 852 nostra!

291 895 680 963 exstinguuntur.
701 889 1101 961 Respondeth
1125 898 1292 942 autem
1314 890 1584 960 sapientes,
1608 889 1824 944 dicentes
1838 905 1858 945 .°

296 981 365 1037 Ne
389 982 500 1052 forte
522 998 634 1036 non
663 981 878 1053 “iniciat
906 981 1049 1035 nobis
1088 990 1136 1033 et
1173 980 1326 1046 vobis,
1349 981 1416 1034 ite
1439 982 1606 1050 potius
1643 981 1710 1034 ad
1735 999 1856 1036 ven-

297 1077 451 1138 ἄρκια,
476 1083 520 1126 et
545 1075 702 1127 emite
726 1059 882 1128 nobis.
929 1072 994 1126 Et
1023 1072 1142 1125 dum
1170 1073 1298 1127 irent
1325 1088 1486 1127 emere
1505 1115 1518 1136 ,
1547 1074 1676 1127 venit
1703 1090 1856 1143 spon-
1891 1117 1900 1124 .

291 1184 391 1231 sus;
414 1176 454 1221 et
479 1183 598 1238 qui:
620 1178 819 1237 paratas
849 1175 1029 1233 erant,
1057 1166 1365 1219 intraverunt
1407 1183 1520 1220 cum
1546 1183 1603 1221 eo
1641 1166 1710 1220 ad
1754 1183 1853 1220 nu-

287 1263 398 1330 ptias
419 1303 431 1325 ,
462 1270 504 1314 et
529 1261 711 1314 clausa
735 1267 811 1314 est
829 1261 1017 1330 janua.
1063 1257 1118 1312 Ν
1121 1259 1346 1314 ouissime
1373 1270 1538 1314 autem
1567 1261 1767 1332 veniunt
1809 1269 1855 1314 et

286 1355 469 1424 relique
514 1354 775 1424 virgines,
831 1353 1091 1407 dicentes:
1133 1352 1378 1416 Domine,
1429 1353 1676 1420 Domine,
1715 1354 1855 1426 aperi

289 1448 431 1500 nobis.
453 1445 514 1499 At
543 1446 630 1500 ille
669 1445 986 1518 respondens
1025 1446 1095 1499 ait
1124 1461 1142 1500 :
1166 1447 1324 1501 Amen
1351 1447 1464 1501 dico
1492 1447 1627 1502 vobis
1645 1490 1660 1515 ,
1686 1449 1851 1503 nescio

286 1555 381 1592 eos.
413 1537 622 1610 Vigilate
670 1554 793 1610 ergo
815 1580 830 1602 ,
869 1537 988 1608 quia
1024 1538 1223 1592 nescitis
1264 1538 1398 1592 diem
1420 1581 1435 1606 ,
1476 1556 1633 1610 neque
1675 1539 1853 1594 horam

290 1629 496 1700 (Haltlt.
522 1645 668 1698 xxv,
698 1631 828 1684 1-15
847 1635 889 1700 ).
942 1630 1136 1685 Decem
1181 1631 1361 1700 utique
1409 1633 1668 1702 virginum
1711 1635 1851 1704 quod

285 1723 497 1791 quinque
519 1721 873 1775 admittuntur
891 1763 907 1787 ,
934 1722 1168 1791 quinque
1193 1722 1564 1792 excluduntur,
1591 1725 1848 1781 bonorum

289 1815 599 1867 etmalorum
641 1813 1023 1868 discretionem
1074 1813 1334 1884 signiﬁcat
1370 1816 1408 1868 ι.
1445 1815 1778 1887 Quapropter
1804 1819 1849 1874 si

286 1906 588 1976 virginitatis
625 1921 819 1961 nomen
861 1905 1178 1964 honorabilc
1224 1915 1334 1973 est,
1384 1923 1481 1963 cur
1509 1910 1736 1978 receptis
1758 1926 1850 1966 ex-

289 1999 540 2068 clusisque
567 2013 842 2053 commune
864 1997 991 2054 est?
1011 1998 1216 2052 Deinde
1242 1998 1365 2068 quid
1391 1999 1491 2054 sibi
1520 2000 1632 2054 vult
1665 2017 1849 2057 nume-

295 2105 388 2144 rus
399 2092 456 2143 in
480 2099 690 2160 utraque
705 2100 855 2161 parte
886 2090 1193 2160 quinarius?
1217 2090 1353 2159 Quid
1382 2100 1557 2147 autem
1589 2092 1848 2163 signiﬁcat

303 2182 501 2249 oleum,
529 2182 713 2236 mirum
753 2181 962 2237 videtur.
993 2181 1125 2238 ltem
1147 2183 1289 2253 quod
1313 2183 1581 2255 sapientes
1610 2186 1842 2256 petenti-

293 2273 384 2328 bus
428 2290 526 2329 non
566 2275 954 2330 communicant
981 2294 996 2330 :
1026 2291 1148 2330 cum
1179 2285 1233 2330 ct
1259 2275 1496 2332 invidere
1527 2278 1602 2332 fas
1641 2294 1746 2332 non
1777 2278 1847 2334 sit

285 2382 369 2421 eas
395 2382 503 2437 qua:
532 2367 596 2421 ita
626 2368 877 2436 perfecta:
919 2375 1082 2435 sunt,
1117 2378 1225 2423 uta
1265 2385 1462 2438 sponso
1490 2371 1842 2441 recipiantur,

287 2475 381 2528 quo
421 2462 622 2515 nomine
659 2461 814 2515 nullo
842 2459 1120 2516 dubitante
1163 2461 1420 2517 Dominus
1467 2471 1649 2519 noster
1690 2464 1844 2521 Jesus

281 2551 502 2607 Christus
541 2553 906 2623 signiﬁcatur;
945 2561 1000 2608 et
1045 2553 1417 2610 misericordes
1439 2569 1558 2612 esse
1603 2564 1846 2626 oporteat

281 2642 340 2696 ad
363 2644 696 2712 praestandum
726 2660 798 2700 ex
823 2660 893 2700 eo
919 2645 1060 2715 quod
1090 2645 1317 2710 habent,
1353 2647 1730 2715 praescribente
1757 2648 1845 2704 illa

281 2739 508 2792 sententia
528 2739 771 2808 ejusdem
801 2737 1013 2792 Domini
1037 2739 1260 2795 dicentis
1283 2782 1298 2807 ,
1336 2738 1486 2794 Omni
1531 2743 1752 2812 poscenti
1775 2751 1841 2808 te,

285 2828 417 2881 tribu
436 2828 569 2899 (Luc.
586 2846 660 2895 vi,
680 2827 803 2901 50).
829 2829 967 2897 Quid
993 2839 1076 2885 est
1100 2840 1274 2886 autem
1305 2832 1445 2903 quod
1477 2833 1643 2902 possit
1667 2833 1842 2890 dando

281 2935 369 2974 non
425 2923 652 2976 sullicere
704 2921 992 2991 utrisque?
1035 2921 1162 2976 Ηωο
1200 2923 1428 2978 maxime
1467 2933 1661 2995 augent
1694 2941 1842 2996 quae-

289 3011 447 3065 stionis
480 3013 844 3068 difﬁcultatem
874 3031 887 3065 :
916 3029 1215 3084 quanquam
1248 3023 1302 3070 et
1323 3025 1514 3071 caetera
1561 3015 1844 3088 diligenter

285 3104 594 3172 considerata,
623 3117 683 3161 ut
714 3107 900 3162 omnia
926 3107 980 3161 in
1011 3123 1172 3161 unam
1193 3109 1454 3164 rationem
1485 3118 1838 3179 concurrant,

283 3197 487 3268 nihilque
505 3199 552 3253 in
570 3214 736 3254 unam
759 3207 971 3268 partem
993 3198 1198 3255 dicatur
1217 3201 1359 3272 quod
1379 3201 1633 3272 impediat
1657 3202 1839 3271 aliam,

278 3304 440 3360 magna
462 3291 638 3347 cautio
665 3291 974 3347 adhibenda
1003 3301 1105 3347 est.

336 3382 380 3435 ὅ.
403 3382 652 3438 Videntur
676 3384 863 3456 itaque
885 3383 1016 3438 mihi
1035 3384 1268 3456 quinque
1289 3386 1521 3458 virgines
1542 3388 1840 3459 significare

274 3473 734 3546 quinquepartitam
787 3475 1170 3532 continentiam
1237 3493 1266 3531 a
1315 3479 1493 3534 carnis
1551 3479 1836 3537 illecebris.
1919 3537 1922 3540 .

269 3561 609 3622 Continendns
667 3575 756 3622 est
803 3567 944 3622 enim
973 3569 1136 3622 animi
1182 3570 1444 3639 appetitus
1492 3586 1524 3626 a
1570 3572 1841 3642 voluptate

269 3658 585 3727 oculorum,a
619 3660 900 3728 voluptate
927 3661 1157 3727 aurium,
1182 3676 1211 3714 a
1238 3662 1508 3732 voluptate
1534 3663 1836 3733 oll'aciendi,

271 3753 516 3820 gustandi,
538 3751 830 3824 tangendi.
859 3751 963 3808 Sed
991 3754 1112 3823 quia
1160 3755 1258 3809 ista
1293 3756 1614 3812 continentia
1649 3759 1839 3828 partim

269 3857 420 3899 cor-am
461 3846 577 3902 Deo
634 3844 714 3912 ﬁt,
745 3854 806 3900 ut
835 3845 909 3899 illi
958 3847 1231 3915 plaeeatur
1269 3848 1322 3903 in
1378 3851 1616 3905 interiori
1647 3853 1839 3922 gaudio

265 3938 604 4003 conscientiae;
642 3937 834 4008 partim
859 3954 1037 3993 coram
1065 3939 1366 3996 hominibus
1395 3952 1618 4010 tantum,
1648 3954 1702 3998 nt
1726 3947 1839 4025 glo-

264 4028 329 4083 ria
367 4030 594 4086 humana
645 4029 907 4099 capiatur;
936 4031 1168 4100 quinque
1183 4031 1429 4088 dicuntur
1460 4037 1759 4105 sapientes,
1788 4046 1840 4094 et

263 4119 470 4192 quinque
491 4123 683 4178 stultae
710 4140 723 4174 :
753 4130 995 4192 utrzeque
1042 4132 1219 4179 tamen
1252 4124 1483 4196 virgines
1503 4169 1517 4191 ,
1547 4130 1666 4198 quia
1699 4138 1841 4185 utra-

263 4227 352 4282 que
385 4214 722 4270 continentia
763 4222 884 4281 est,
939 4215 1182 4285 quamvis
1232 4215 1444 4272 diverso
1479 4217 1665 4274 fomite
1705 4236 1837 4291 gau-

267 4304 388 4360 deat.
433 4307 748 4379 Lampades
797 4317 972 4362 autem
1009 4315 1168 4374 sunt,
1199 4309 1319 4379 quia
1351 4311 1593 4366 manibus
1623 4322 1836 4384 gestan-

267 4406 358 4464 tur,
386 4416 532 4470 opera
563 4417 697 4472 quae
744 4401 1033 4455 secundum
1061 4403 1441 4458 continentiam
1495 4405 1650 4460 istam
1681 4407 1834 4463 llnnt.

264 4490 440 4548 Dictum
469 4507 554 4550 est
612 4503 812 4558 autem,
845 4494 1070 4548 Luceant
1103 4512 1256 4566 opera
1275 4506 1436 4551 uestra
1473 4515 1644 4553 coram
1672 4501 1838 4555 homi-

260 4586 386 4640 uibus
408 4588 629 4657 (Matth.
658 4604 711 4650 v,
740 4586 852 4657 16).
879 4586 1080 4642 Omnes
1099 4604 1228 4644 vero
1254 4601 1550 4659 acceperunt
1578 4592 1838 4665 lampades

258 4693 388 4743 suas,
436 4691 481 4733 et
511 4687 766 4733 uerterunt
817 4677 1010 4732 obviam
1056 4697 1260 4749 sponso.
1309 4681 1709 4754 intelligendum
1758 4697 1839 4741 est

257 4784 371 4840 ergo
403 4770 611 4826 Christi
653 4770 868 4824 nomine
919 4772 1126 4826 censeri
1167 4772 1233 4828 de
1269 4775 1457 4844 quibus
1497 4778 1688 4846 agitur.
1719 4778 1837 4834 Non

257 4861 381 4914 enim
410 4869 647 4931 possunt
673 4861 764 4930 qui
791 4861 1065 4917 christiani
1087 4879 1193 4918 non
1219 4874 1342 4919 sunt
1359 4907 1374 4931 ,
1398 4882 1594 4936 sponso
1621 4869 1838 4925 Christo

255 4955 420 5009 venire
445 4954 692 5009 obviam.
718 4953 824 5008 Sed
846 4954 1064 5024 quinque
1089 4959 1245 5026 fatua:
1282 4959 1497 5028 acceptis
1521 4959 1839 5030 lampadibus

255 5049 361 5109 suis,
377 5065 476 5101 non
503 5057 839 5115 sumpserunt
858 5046 1023 5102 oleum
1050 5065 1237 5104 secum.
1258 5050 1407 5105 Multi
1423 5054 1564 5106 enim
1591 5056 1837 5124 quamvis

254 5135 313 5193 de
333 5138 530 5196 Christi
559 5139 800 5196 bonitate
813 5141 1100 5211 plurimum
1130 5143 1628 5214 sperent,gaudinm
1656 5155 1835 5203 tamen

258 5246 349 5285 Ian
369 5232 602 5300 habent,
619 5232 746 5288 dum
765 5234 1103 5315 continenter
1118 5235 1302 5292 vivunt
1321 5237 1365 5304 ⁹,
1395 5237 1497 5292 nisi
1519 5237 1573 5292 in
1593 5238 1838 5296 laudibus

310 5369 420 5430 Far.
446 5365 603 5430 Lugd.
630 5373 764 5430 ven.
782 5373 892 5430 inv.
917 5368 989 5418 sic
1009 5367 1250 5420 exhibent
1280 5369 1411 5420 hunc
1431 5367 1590 5422 locum
1617 5387 1630 5423 ε
1661 5381 1837 5426 Decem

260 5428 403 5500 ’πίνει
718 5427 957 5500 eam
990 5442 1197 5500 φιανιςιη
1235 5431 1440 5500 me
1472 5433 1829 5500 adnitamur.

464 5489 822 5562 excludantur,
851 5489 1083 5544 bonorum
1103 5498 1150 5544 et
1170 5489 1410 5546 malorum

258 5551 659 5696 Ἣέῗῗίέοῗῖθ
673 5615 1314 5696 sirenarum
1331 5621 1548 5696 assuto,
1567 5635 1679 5696 sum
1695 5624 1838 5673 abest

422 5677 846 5790 δεξεμ-ιαμ,
864 5676 1310 5745 ηοωυίυὼιε.“νειι.,
1339 5676 1489 5734 uitta
1745 5697 1838 5736 non

1972 333 2267 391 hominum.
2280 333 2395 392 Non
2415 351 2542 408 ergo
2563 339 2758 395 habent
2784 342 2958 397 oleum
2987 359 3188 400 secum.
3213 348 3343 403 Nam
3373 352 3540 422 ipsam

1968 422 2201 480 laetitiam
2235 426 2352 481 oleo
2389 428 2671 500 signiﬁcari
2695 433 2940 488 arbitror.
2967 434 3242 508 Pr0pterea
3261 443 3425 509 unxit,
3464 445 3542 498 in-

1966 516 2098 586 quit,
2114 524 2161 571 te
2186 515 2342 586 Deus,
2360 519 2496 574 Deus
2515 529 2627 576 tuus
2637 523 2745 578 oleo
2756 528 3103 584 consultationis
3115 531 3282 610 (Psal.
3301 550 3444 600 κων,
3465 537 3539 610 ⁸)).

1966 607 2067 674 Qui
2094 617 2268 666 autem
2297 627 2402 667 non
2433 624 2710 684 propterea
2749 620 2971 689 gaudet,
3002 624 3122 693 quia
3154 608 3263 682 Deo
3292 607 3543 686 intrinse-

1964 714 2059 754 cus
2088 701 2278 770 placet,
2312 719 2416 759 non
2447 705 2608 762 habet
2630 707 2802 762 oleum
2834 724 3032 767 secum.
3063 714 3346 772 Prudentes
3375 731 3540 774 autem

1917 817 1920 820 ~
1964 803 2260 862 acceperunt
2287 811 2454 850 secum
2478 797 2642 851 oleum
2675 799 2727 852 in
2760 800 2889 855 vasis
2915 805 3020 857 suis
3042 822 3154 860 cum
3181 808 3501 878 lampadibus
3523 855 3539 878 ,

1964 881 2018 937 id
2040 891 2140 950 est,
2173 882 2406 940 laetitiam
2434 887 2692 943 bonorum
2723 906 2942 961 Operum
2970 894 3021 946 in
3050 897 3208 951 corde
3237 910 3394 970 atquc
3421 918 3542 957 eon-

1968 975 2188 1028 scientia
2219 987 2537 1046 posuerunt;
2572 981 2706 1034 sicut
2753 982 3038 1052 Apostolus
3077 999 3258 1043 monet
3290 1009 3301 1042 :
3349 991 3534 1048 Probet

1961 1074 2128 1118 autem
2169 1082 2223 1120 se
2261 1067 2433 1135 homo,
2471 1069 2658 1138 inquit,
2706 1081 2751 1124 et
2791 1082 2905 1126 tunc
2945 1076 2998 1128 in
3036 1079 3296 1147 semetipso
3346 1082 3542 1136 habebit

1959 1158 2194 1230 gloriam,
2217 1169 2265 1214 et
2290 1177 2389 1215 non
2417 1161 2470 1215 in
2494 1163 2652 1217 altero
2677 1163 2869 1236 (Galat.
2901 1183 2973 1234 γι,
2997 1147 3086 1236 ⁷4).
3137 1169 3389 1226 Tardante
3427 1192 3540 1230 vero

1959 1265 2145 1318 sponso
2170 1251 2564 1307 dormitaverunt
2598 1272 2768 1310 omnes
2790 1274 2809 1312 :
2830 1253 2952 1328 quia
2983 1277 3046 1315 ex
3087 1272 3308 1334 utroque
3344 1282 3539 1336 genere

1958 1342 2336 1399 continentium
2361 1344 2667 1414 hominum,
2701 1350 2811 1405 sive
2840 1367 3022 1406 eorum
3069 1356 3155 1424 qui
3203 1372 3381 1412 coram
3430 1361 3539 1415 Deo

1959 1436 2244 1505 exsultant,
2269 1438 2382 1494 sive
2410 1454 2592 1495 eorum
2623 1441 2713 1512 qui
2759 1442 2810 1497 in
2858 1443 3100 1500 laudibus
3141 1447 3412 1505 hominum
3443 1467 3536 1507 ac-

1957 1527 2267 1598 qnieseunt,
2291 1531 2590 1586 moriuntur
2613 1533 2713 1588 hoc
2739 1535 3016 1593 intervallo
3055 1542 3305 1608 temporis
3324 1585 3338 1608 ,
3368 1544 3538 1601 donec

1956 1620 2056 1674 sub
2081 1620 2310 1676 adventu
2339 1622 2546 1677 Domini
2575 1625 2667 1678 ﬁat
2696 1630 3014 1684 resurrectio
3041 1640 3391 1688 mortuorum.
3425 1635 3538 1690 Me-

1955 1714 2040 1768 dia
2081 1724 2249 1770 autem
2279 1726 2438 1784 nocte,
2486 1715 2538 1772 id
2569 1728 2668 1786 est,
2717 1721 2863 1776 nullo
2894 1724 3093 1779 sciente
3122 1734 3213 1780 aut
3250 1738 3533 1797 sperante;

1953 1805 2145 1876 quippe
2170 1822 2290 1862 cum
2315 1807 2429 1878 ipse
2456 1808 2711 1864 Dominus
2748 1811 2918 1878 dicat,
2953 1814 3024 1867 De
3049 1815 3128 1867 die
3160 1827 3326 1869 autem
3360 1819 3453 1872 illa
3488 1830 3536 1874 et

1954 1895 2078 1950 hora
2118 1915 2262 1952 nemo
2288 1901 2378 1954 scit
2415 1899 2625 1972 (Matth.
2661 1917 2813 1970 xxxv,
2848 1903 2973 1974 '56);
3001 1916 3054 1960 et
3081 1907 3387 1975 Apostolus,
3412 1909 3535 1964 Dies

1951 1987 2162 2043 Domini
2185 2000 2422 2062 tanquam
2448 1995 2533 2066 fur
2555 1996 2605 2048 in
2632 2005 2792 2061 nocte,
2820 1997 2890 2049 ita
2913 1998 3071 2052 ueniet
3094 1998 3134 2073 (Ι
3158 1998 3336 2055 Thess.
3361 2018 3410 2069 ν,
3434 2000 3491 2076 2)
3518 2023 3531 2056 :

1951 2095 2018 2134 ex
2037 2097 2142 2151 quo
2168 2083 2492 2153 signiﬁcatur
2520 2102 2640 2140 eum
2669 2089 2880 2156 penitus
2903 2088 3096 2155 latere,
3133 2108 3252 2145 Clllll
3288 2095 3490 2149 venerit
3517 2117 3531 2149 :

1952 2174 2142 2227 clamor
2165 2175 2329 2250 factus
2355 2185 2447 2242 est,
2478 2177 2610 2231 Ecce
2631 2197 2844 2248 sponsus
2865 2183 3015 2249 venit,
3039 2186 3228 2255 surgite
3251 2187 3443 2240 obviam
3466 2192 3528 2243 ei.

1952 2263 2007 2318 In
2038 2265 2143 2320 ictu
2168 2266 2306 2322 oculi
2341 2276 2396 2322 et
2438 2269 2489 2321 in
2520 2271 2806 2323 novissima
2838 2273 2958 2325 tuba
2989 2289 3174 2328 omnes
3196 2293 3534 2350 resnrgemns

1951 2355 1972 2429 (
1995 2356 2015 2410 l
2040 2356 2155 2413 Cor.
2189 2376 2276 2424 xv,
2306 2357 2430 2433 52).
2464 2361 2603 2430 Ergo
2623 2374 2944 2416 surrexerunt
2967 2381 3139 2420 omnes
3164 2370 3379 2439 virgines
3405 2371 3530 2441 illae,

1947 2455 1996 2502 et
2040 2459 2337 2520 aptaverunt
2385 2451 2642 2521 lampades
2693 2469 2830 2521 suas,
2885 2453 2939 2510 id
2992 2466 3095 2524 est,
3123 2460 3356 2516 rationes
3405 2464 3531 2518 red-

1950 2541 2152 2596 dendas
2176 2558 2395 2613 Operum
2441 2559 2680 2599 suorum.
2707 2545 2926 2616 Oportet
2973 2549 3116 2603 enim
3152 2567 3248 2606 nos
3290 2553 3531 2610 exhiberi

1951 2643 2074 2690 ante
2116 2636 2345 2690 tribunal
2381 2637 2600 2705 Christi,
2651 2650 2703 2692 ut
2753 2639 2861 2694 illic
2906 2642 3128 2711 recipiat
3173 2648 3534 2719 unusquisque

1949 2729 2089 2796 quod
2133 2729 2297 2797 gessit
2343 2729 2396 2783 in
2443 2746 2695 2800 corpore,
2746 2733 2856 2787 sive
2906 2733 3126 2803 bonum,
3175 2739 3286 2793 sive
3334 2743 3531 2798 malum

1953 2817 2019 2891 (ll
2047 2815 2166 2875 Cor.
2182 2835 2237 2887 v,
2266 2821 2380 2891 10).
2427 2819 2493 2874 Et
2531 2823 2765 2876 dia-erunt
2793 2825 2960 2879 stulta:
2987 2826 3056 2880 ad
3089 2831 3336 2898 sapientes
3360 2849 3378 2885 :
3401 2832 3533 2889 Date

1948 2910 2090 2964 nobis
2105 2911 2167 2964 de
2177 2911 2285 2966 oleo
2297 2920 2472 2977 vestro,
2497 2915 2616 2984 quia
2638 2915 2897 2986 lampades
2918 2928 3104 2973 nostra:
3121 2923 3529 2994 exstinguuntur.

1945 3000 2182 3071 Quorum
2227 3004 2368 3058 enim
2413 3004 2543 3058 facta
2573 3006 2743 3060 aliena
2775 3007 2931 3063 laude
2980 3011 3296 3078 fulciuntur,
3343 3017 3531 3072 eadem

1947 3095 2218 3151 subtracta
2244 3096 2535 3163 deﬁciunt;
2570 3107 2623 3152 et
2651 3100 2716 3153 de
2736 3104 3119 3159 consuetudine
3140 3105 3189 3159 id
3219 3122 3431 3178 semper
3453 3111 3533 3164 in-

1947 3188 2108 3258 quirit
2129 3190 2168 3257 ¹,
2199 3190 2342 3245 unde
2362 3191 2593 3261 gaudere
2616 3193 2821 3247 animus
2844 3195 2997 3249 solet.
3022 3196 3203 3266 Itaque
3233 3198 3527 3269 hominum,

1946 3280 2036 3349 qui
2079 3280 2240 3334 corda
2282 3297 2389 3336 non
2437 3282 2640 3348 vident,
2688 3287 3050 3342 testimonium
3097 3291 3285 3346 volunt
3335 3292 3531 3351 habere

1945 3371 2085 3441 apud
2139 3373 2336 3438 Deum,
2379 3375 2467 3443 qui
2511 3375 2688 3430 cordis
2727 3379 2996 3448 inSpector
3023 3389 3125 3437 est.
3153 3382 3256 3438 Sed
3284 3387 3407 3455 quid
3438 3403 3528 3444 re-

1946 3462 2277 3534 sponderunt
2302 3465 2604 3534 sapientes?
2633 3466 2718 3521 Ne
2753 3473 2884 3539 forte
2923 3489 3023 3524 non
3059 3475 3271 3544 suﬁiciat
3301 3478 3440 3531 nobis
3483 3489 3530 3532 et

1944 3556 2100 3612 vobis.
2123 3555 2500 3628 Unusquisque
2530 3559 2672 3613 enim
2701 3575 2795 3629 pro
2821 3576 2880 3616 se
2904 3563 3162 3618 rationem
3191 3567 3394 3631 reddet,
3429 3585 3530 3624 nec

1943 3649 2118 3706 alieno
2139 3650 2444 3706 testimonio
2464 3651 2743 3722 quisquam
2766 3652 3048 3722 adiuvatur
3067 3657 3204 3726 apud
3234 3659 3421 3726 Deum,
3441 3665 3527 3718 cui

1945 3751 2148 3795 secreta
2178 3740 2355 3794 cordis
2381 3747 2670 3810 apparent;
2703 3750 2757 3797 et
2783 3743 2870 3797 vix
2907 3744 3005 3798 sibi
3035 3747 3262 3816 quisque
3291 3749 3490 3806 sufficit
3510 3797 3523 3819 ,

1944 3840 2002 3886 ut
2047 3832 2093 3887 ei
2137 3833 2495 3886 testimonium
2543 3834 2820 3903 perhibent
2863 3837 3185 3892 conscientia
3235 3855 3348 3893 sua.
3400 3843 3529 3910 Quis

1944 3926 2087 3980 enim
2134 3925 2446 3995 gloriabitur
2493 3927 2747 3981 mundum
2787 3943 2844 3982 se
2876 3928 3072 3984 habere
3099 3946 3191 3986 cor
3220 3930 3400 4004 (Prov.
3432 3951 3520 4002 xx,

1945 4014 2038 4085 9)?
2067 4012 2192 4068 Inde
2233 4025 2310 4068 est
2354 4015 2494 4085 quod
2536 4018 2818 4086 Apostolus
2850 4019 2963 4072 ait:
2995 4018 3128 4072 Mihi
3172 4031 3335 4076 autent
3380 4026 3526 4078 mini-

1945 4111 2081 4158 ntum
2101 4116 2195 4173 est,
2229 4116 2284 4159 ut
2317 4126 2347 4160 a
2373 4106 2507 4161 vobis
2536 4107 2758 4178 judicer,
2808 4120 2894 4162 aut
2933 4111 2994 4163 ab
3032 4112 3252 4167 humana
3299 4116 3410 4179 die;
3439 4119 3526 4171 sed

1943 4213 2099 4269 neque
2123 4198 2465 4268 memetipsum
2493 4198 2674 4268 judico
2710 4199 2765 4270 (l
2791 4199 2908 4254 Cor.
2949 4217 3032 4267 IV,
3067 4200 3143 4275 3).
3187 4202 3528 4276 Quapropter

1944 4306 2062 4344 cum
2093 4290 2160 4343 de
2191 4291 2366 4359 seipsii
2394 4291 2617 4361 quisque
2640 4301 2730 4347 aut
2758 4309 2863 4347 non
2888 4295 3104 4348 omnino
3123 4308 3212 4350 aut
3240 4300 3323 4352 vix
3357 4302 3526 4368 possit

1944 4394 2123 4432 veram
2155 4377 2292 4433 ferre
2319 4381 2636 4434 sententiam
2662 4423 2676 4448 ,
2706 4385 2974 4451 quomodo
3004 4396 3178 4454 potest
3207 4388 3274 4440 de
3310 4390 3412 4442 alio
3436 4393 3525 4458 ju-

1944 4470 2120 4524 dicare
2140 4511 2155 4536 ,
2187 4484 2308 4524 cum
2353 4471 2486 4524 sciat
2515 4486 2674 4525 nemo
2703 4472 2826 4540 quid
2857 4482 3042 4540 agatur
3071 4475 3120 4526 in
3156 4475 3391 4543 hmnine,
3422 4482 3523 4536 nisi

1943 4561 2159 4631 spiritus
2188 4560 2416 4614 hominis
2449 4559 2557 4628 (Id.
2586 4576 2646 4628 ιι,
2679 4564 2766 4631 ll)
2788 4563 2811 4615 ?
2837 4561 2918 4616 Ite
2949 4566 3108 4632 magis
3143 4568 3210 4619 ad
3237 4571 3518 4638 seruientes,

1943 4662 1988 4709 et
2013 4660 2158 4708 emite
2194 4653 2350 4707 vobis.
2383 4652 2496 4707 Non
2539 4653 2817 4708 consilium
2850 4655 3061 4710 dedisse
3091 4660 3335 4725 putandm
3375 4673 3520 4728 sunt,

1942 4746 2037 4802 sed
2076 4747 2277 4801 crimen
2309 4761 2491 4800 earum
2518 4762 2583 4801 ex
2619 4747 2833 4818 obliquo
2873 4763 3343 4809 commemorasse.
3379 4755 3521 4811 Ven-

1945 4840 2074 4894 dunt
2112 4841 2250 4894 enim
2293 4841 2469 4894 oleum
2518 4839 2855 4909 adulatores,
2905 4843 2998 4911 qui
3045 4846 3157 4900 sive
3205 4845 3361 4912 falsa,
3409 4850 3524 4907 sive

1943 4932 2182 5002 ignorata
2212 4931 2493 4995 laudando,
2524 4932 2730 4986 animas
2754 4931 2806 4985 in
2835 4947 3071 4989 errorem
3101 4935 3332 4998 mittunt,
3363 4946 3418 4990 et
3445 4939 3523 4993 eis

1941 5039 2073 5078 vana
2095 5023 2284 5092 gaudia
2318 5031 2567 5092 tanquam
2595 5020 2753 5077 fatuis
2794 5024 3126 5079 conciliando
3149 5069 3162 5089 ,
3198 5026 3427 5098 aliquam
3456 5029 3523 5085 de

1943 5115 2027 5170 his
2055 5114 2380 5180 mercedem,
2411 5113 2523 5169 sive
2547 5115 2807 5183 ciborum,
2850 5118 2963 5172 sive
3003 5120 3259 5187 pecuniae,
3288 5120 3398 5174 sive
3425 5121 3523 5175 ho-

1943 5206 2112 5273 noris,
2162 5206 2274 5262 sive
2321 5206 2546 5276 alicujus
2585 5207 2853 5262 commodi
2899 5211 3207 5280 temporalis
3235 5213 3518 5282 accipiunt,

1945 5315 2049 5356 non
2072 5297 2486 5368 intelligentibus
2515 5300 2536 5331 ¹
2561 5300 2700 5370 quod
2730 5300 2929 5356 dictum
2957 5311 3040 5356 est
3059 5343 3072 5368 ,
3103 5300 3207 5368 Qui
3234 5319 3318 5359 vos
3357 5306 3525 5375 felices

2009 5439 2027 5469 ι
2059 5437 2208 5496 Editl,
2241 5433 2507 5499 inquirunt.
2557 5442 2613 5486 At
2651 5445 2788 5497 5133.,
2824 5435 3043 5502 inquirit.
3082 5412 3305 5492 Refertur
3333 5440 3394 5490 ad
3426 5443 3529 5490 ani-

1944 5512 2126 5608 mauit}.
2150 5566 2203 5610 et
2215 5565 2356 5620 tam,
2373 5571 2468 5620 non
2497 5558 2832 5620 intelligentes.
2863 5561 3035 5612 Melius
3063 5569 3162 5611 nat.
3191 5570 3244 5610 et
3271 5569 3407 5620 5185.,
3432 5575 3525 5613 non

1945 5618 2348 5694 intelligentibus‘;
2383 5619 2513 5694 ipsis,
2555 5618 2780 5694 nimirum
2829 5621 3027 5694 fatuis,_
3044 5636 3073 5672 ιι
3121 5624 3299 5694 quibus
3319 5618 3529 5694 merce-

1946 5685 2061 5736 dem
2093 5683 2332 5746 accipiunt
2361 5683 2654 5738 adulatores.
2680 5685 2901 5749 -—uigd.
2920 5693 2971 5736 et
2988 5683 3238 5747 'Ven.,’nan
3259 5683 3526 5750 isdelligem

1950 5752 2040 5810 tes,
2060 5752 2117 5796 ut
2136 5749 2212 5796 Er.
2237 5753 2292 5798 et.
2311 5753 2420 5798 ιον.
2487 5754 2545 5797 u.

3524 5815 3550 5824 4-
