3942 6416
370 295 440 349 47
1114 278 1202 333 DE
1247 270 1551 330 DIV’ERSIS
1587 259 2111 335 QUAES'I‘IONIBUS
2139 259 2423 330 LXXXIII,
2451 259 2510 316 S.
2537 259 2902 317 AUGUSTINI
3579 260 3650 316 48

374 409 569 476 dicunt,
614 407 668 460 in
703 415 934 459 errorem
959 412 1044 450 vos
1075 393 1274 446 mittunt
1305 388 1454 461 (Isai.
1496 403 1588 452 ιιι,
1631 385 1742 455 l2).
1773 382 1959 437 Melius

374 511 457 557 est
473 473 651 556 autem
678 492 942 565 objurgari
967 489 1171 558 ajusto,
1196 499 1351 554 quam
1373 497 1400 534 a
1428 487 1706 550 peccatore
1733 473 1957 530 laudari.

377 592 680 650 Emendabit
705 606 812 654 me,
839 584 1028 655 inquit,
1048 581 1219 652 justus
1237 577 1291 629 in
1316 571 1690 637 misericordia,
1719 579 1764 623 et
1789 575 1964 638 arguet

375 703 486 751 me;
514 686 680 741 oleant
713 691 878 738 autem
909 674 1187 751 peccatoris
1213 689 1314 726 non
1333 669 1608 740 impinguet
1630 674 1779 733 caput
1802 679 1964 717 meum

376 778 550 851 (Psal.
583 793 706 839 CXL,
729 775 805 846 5).
851 770 932 825 Ite
973 782 1102 838 ergo
1130 763 1290 835 magis
1314 761 1380 816 ad
1407 759 1694 824 uendentes,
1734 765 1778 810 et
1823 755 1967 851 emite

376 845 555 936 vobis;
593 869 643 924 id
666 875 768 932 est,
800 862 1243 920 videamusnunc
1271 854 1398 925 quid
1439 867 1533 907 vos
1559 850 1839 914 adjuvant,
1879 845 1968 916 qui

376 963 528 1017 vobis
559 959 742 1015 laudes
761 954 992 1011 vendere
1017 955 1430 1013 consueverunt,
1454 954 1509 1001 et
1532 959 1628 998 vos
1653 942 1704 996 in
1728 954 1968 996 errorem

381 1055 637 1110 inducere
661 1093 675 1117 ,
710 1057 767 1104 ut
794 1064 899 1102 non
928 1060 1108 1102 coram
1137 1044 1266 1109 Deo,
1304 1039 1399 1095 sed
1428 1039 1494 1093 ab
1523 1035 1827 1091 hominibus
1855 1032 1969 1103 glo-

375 1145 512 1200 riam
561 1139 890 1212 quznreretis.
944 1134 1193 1190 Euntibus
1247 1139 1411 1185 autem
1459 1128 1561 1182 illis
1606 1142 1784 1192 emere,
1841 1122 1974 1176 venit

378 1252 626 1308 sponsus,-
656 1233 708 1286 id
736 1241 848 1297 est,
881 1225 1256 1284 inclinantilts
1288 1239 1347 1279 se
1378 1222 1482 1276 illis
1511 1220 1562 1274 in
1590 1235 1652 1274 ea
1686 1233 1804 1289 qum
1844 1213 1972 1270 foris

379 1337 505 1383 sunt
528 1335 582 1381 et
611 1325 781 1380 solitis
807 1321 1041 1394 gaudere
1069 1316 1431 1390 (inserentibus
1454 1356 1470 1380 ,
1503 1314 1625 1384 quia
1655 1310 1846 1382 gaudia
1887 1309 1973 1361 in-

376 1426 531 1474 terna
559 1432 661 1472 non
691 1420 969 1480 noverant,
992 1411 1138 1467 venit
1162 1409 1250 1465 ille
1279 1409 1367 1480 qui
1390 1406 1594 1477 judicat
1625 1423 1639 1458 :
1669 1413 1714 1456 et
1739 1417 1852 1472 qum
1875 1417 1973 1471 pa-

379 1518 506 1563 rata:
533 1516 706 1571 erant;
736 1506 788 1561 id
816 1514 916 1570 est,
945 1504 1139 1575 quibus
1164 1503 1364 1557 bonum
1392 1513 1573 1553 coram
1600 1497 1709 1550 Deo
1736 1493 1979 1548 testimo-

382 1601 530 1655 nium
575 1597 904 1655 conscientia
951 1593 1629 1668 perhibebat,intraverunt
1670 1604 1783 1641 cum
1827 1602 1882 1639 eo
1908 1582 1976 1638 ad

381 1693 624 1765 nuptias;
673 1692 723 1747 id
775 1702 876 1757 est,
919 1691 1010 1745 ubi
1055 1687 1249 1743 munda
1290 1685 1468 1739 animo
1497 1697 1630 1753 puro
1659 1691 1712 1735 et
1739 1677 1978 1749 perfecto

382 1791 815 1854 sempiternoque
843 1783 933 1838 Dei
976 1781 1151 1836 Verbo
1179 1774 1508 1832 fecundanda
1532 1775 1549 1805 ¹
1581 1771 1877 1842 copulatur.
1912 1766 1980 1822 Et

384 1881 560 1936 clausa
588 1891 658 1934 est
675 1881 861 1950 janua,
889 1877 942 1932 id
988 1885 1106 1940 est,
1138 1871 1368 1941 receptis
1398 1870 1499 1923 illis
1538 1867 1624 1938 qui
1654 1873 1775 1920 sunt
1800 1865 1852 1918 in
1880 1878 1978 1915 an-

383 1974 606 2045 gelicam
638 1972 801 2026 vitam
831 1967 1091 2023 immutati
1117 1969 1159 2017 ³.
1191 1965 1375 2018 Omnes
1397 1963 1561 2025 enim,
1587 1959 1777 2028 inquit,
1806 1971 1978 2011 resur-

386 2083 580 2136 gemus,
625 2064 714 2118 sed
757 2079 856 2116 non
899 2077 1068 2116 omnes
1106 2056 1484 2113 immutabimur
1510 2052 1555 2125 (ι
1580 2052 1696 2106 Cor.
1726 2067 1816 2116 xv,
1846 2049 1936 2120 51)
1965 2067 1977 2102 :

385 2158 600 2212 clausus
644 2167 725 2212 est
768 2156 946 2210 aditus
991 2154 1058 2208 ad
1108 2167 1331 2223 regnum
1379 2149 1656 2204 caelorum.
1690 2145 1806 2200 Non
1837 2143 1983 2198 enim

387 2257 510 2318 post
529 2247 787 2316 judicium
815 2253 959 2315 patet
985 2259 1200 2314 precum
1224 2250 1314 2295 aut
1336 2241 1648 2294 meritorum
1677 2237 1844 2290 locus.
1872 2233 1985 2288 No-

386 2340 590 2393 vissime
619 2349 786 2392 autem
808 2338 1066 2390 veniuntet
1088 2335 1293 2405 reliqua:
1320 2332 1556 2401 virgines,
1591 2330 1805 2382 dicentes
1828 2343 1847 2380 :
1869 2326 1984 2380 Do-

390 2433 545 2497 mine,
577 2429 812 2494 Domine,
845 2428 986 2497 aperi
1010 2426 1169 2480 nobis.
1204 2424 1320 2477 Non
1346 2424 1544 2476 dictum
1567 2429 1648 2475 est
1675 2419 1814 2490 quod
1841 2434 1986 2474 eme-

391 2525 503 2579 rint
531 2524 743 2586 oleum;
775 2531 830 2575 et
860 2519 980 2574 ideo
1011 2516 1366 2587 intelligenda;
1393 2523 1556 2580 sunt,
1588 2513 1735 2567 nullo
1757 2512 1865 2582 jam
1895 2526 1984 2567 re-

390 2621 641 2668 manente
685 2612 753 2666 de
797 2609 985 2664 alienis
1029 2608 1274 2662 laudibus
1303 2605 1493 2678 gaudio
1517 2645 1532 2671 ,
1565 2605 1618 2658 iu
1649 2603 1907 2674 angustiis
1932 2609 1988 2658 et

393 2705 603 2776 magnis
632 2701 1011 2758 afﬂictionibus
1057 2699 1235 2755 redire
1278 2699 1347 2753 ad
1388 2697 1818 2767 implorationem
1868 2695 1984 2751 Dei.

393 2796 501 2856 Sed
522 2812 712 2868 magna
733 2806 814 2852 est
834 2796 950 2865 ejus
973 2793 1229 2850 severitas
1251 2799 1372 2861 post
1389 2789 1668 2858 judicium,
1694 2788 1844 2858 cujus
1864 2794 1990 2843 ante

387 2892 653 2966 judicium
675 2888 956 2946 ineﬁ'abilis
976 2884 1339 2942 misericordia
1364 2890 1658 2955 prmrogata
1681 2889 1784 2937 est.
1808 2879 1990 2949 Itaque

392 2982 728 3054 respondens
753 2982 860 3048 ait,
889 2979 1050 3033 Amen
1077 2979 1190 3032 dico
1216 2977 1354 3031 vobis
1393 2975 1526 3046 quod
1568 2974 1734 3029 nescio
1767 2989 1854 3028 vos
1881 2989 1900 3027 :
1922 2987 1992 3030 ex

393 3076 487 3132 illa
531 3076 738 3132 scilicet
767 3074 948 3146 regula
973 3115 989 3141 ,
1039 3087 1142 3143 qua
1173 3087 1281 3127 non
1317 3070 1480 3126 habet
1509 3084 1596 3125 ars
1622 3069 1736 3136 Dei,
1778 3067 1881 3123 hoc
1909 3074 1993 3124 est

393 3169 655 3241 sapientia
699 3167 827 3234 Dei,
863 3175 920 3221 ut
958 3166 1158 3221 intrent
1185 3166 1238 3220 in
1275 3164 1524 3235 gaudium
1555 3162 1705 3232 ejus,
1747 3161 1837 3232 qui
1883 3175 1994 3216 non

393 3277 575 3318 coram
607 3262 737 3326 Deo,
770 3260 864 3316 sed
911 3267 969 3314 ut
1015 3261 1286 3329 placerent
1334 3257 1655 3322 hominibus,
1711 3256 1812 3310 visi
1868 3261 1996 3310 sunt

395 3354 594 3424 aliquid
637 3352 929 3408 secundum
976 3362 1240 3422 prmcepta
1270 3350 1388 3420 ejus
1430 3349 1663 3420 operari.
1693 3349 1883 3417 'Atque
1921 3346 1993 3402 ita

394 3446 668 3501 mncludit
700 3464 713 3499 :
751 3444 970 3516 Vigilate
999 3461 1116 3515 ergo
1141 3485 1156 3507 ,
1185 3444 1308 3516 quia
1335 3443 1534 3496 nescitis
1563 3442 1693 3495 diem
1719 3458 1875 3514 neque
1902 3441 1997 3496 Ito-

397 3550 530 3591 nm.
561 3537 678 3592 Non
707 3537 868 3592 modo
897 3537 1040 3591 illius
1079 3536 1250 3590 ultimi
1281 3535 1536 3605 temporis
1556 3575 1570 3601 ,
1604 3550 1710 3602 quo
1738 3545 1994 3592 venturus

401 3640 485 3686 (ut
527 3645 776 3700 sponsus,
825 3629 919 3683 sed
963 3645 1074 3682 suae
1115 3628 1340 3696 quisque
1382 3627 1522 3680 diem
1564 3626 1899 3682 dormitionis
1943 3636 1997 3683 et

399 3722 586 3777 horam
627 3721 816 3775 nescit.
849 3719 1100 3788 Quisquis
1142 3729 1320 3772 autem
1362 3727 1579 3788 paratus
1619 3726 1702 3773 est
1728 3734 1899 3790 usque
1927 3719 1996 3774 ad

402 3829 649 3871 somnum
673 3855 688 3881 ,
718 3813 771 3868 id
800 3821 904 3879 est,
935 3826 1104 3882 usque
1127 3811 1195 3865 ad
1221 3819 1449 3866 mortem
1478 3826 1597 3879 quae
1627 3811 1874 3867 omnibus
1902 3811 1998 3868 de-

399 3909 574 3974 betur,
619 3914 838 3979 paratus
880 3905 1039 3960 etiam
1081 3904 1379 3959 invenietur
1418 3918 1539 3958 cum
1571 3903 1660 3959 illa
1689 3919 1791 3959 vox
1821 3903 1996 3962 media

401 4011 560 4059 nocte
589 4000 851 4064 senuerit,
875 4013 979 4069 qua
1009 4012 1197 4053 omnes
1220 3996 1516 4066 evigilaturi
1545 3983 1686 4050 sunt.

473 4097 530 4152 4.
571 4094 723 4165 Quod
754 4107 882 4148 vero
912 4106 1109 4162 sponso
1137 4090 1268 4146 dixit
1292 4089 1504 4146 obviam
1522 4091 1707 4145 venire
1734 4089 1992 4160 virgines,

405 4193 482 4249 sic
512 4188 914 4260 intelligendum
950 4195 1097 4257 puto,
1126 4194 1184 4241 ut
1212 4201 1277 4242 ex
1308 4185 1439 4254 ipsis
1467 4185 1761 4255 virginibus
1789 4192 2000 4241 constet

405 4299 468 4340 ea
501 4298 617 4354 qua:
643 4281 837 4337 dicitur
865 4295 1059 4350 sponsa
1085 4298 1097 4334 :
1125 4288 1376 4349 tanquam
1393 4278 1438 4333 si
1465 4277 1714 4333 omnibus
1739 4278 1998 4333 Christia-

406 4377 487 4433 ni»
519 4376 575 4430 in
601 4375 891 4431 Ecclesiam
918 4372 1357 4429 concurrentibus
1398 4371 1490 4426 ﬁlii
1515 4371 1580 4426 ad
1610 4380 1837 4427 matrem
1864 4387 1999 4428 con-

407 4484 493 4525 cur
512 4483 629 4525 rere
657 4469 920 4534 dicantur,
952 4483 1072 4522 cum
1101 4483 1164 4520 cx
1194 4465 1324 4535 ipsis
1359 4465 1480 4521 ﬁliis
1509 4466 1842 4536 congregatis
1865 4480 1998 4521 con-

404 4572 513 4618 stet
539 4576 602 4618 ta
628 4578 745 4632 qure
784 4560 976 4616 dicitur
1009 4567 1198 4616 mater.
1224 4557 1375 4614 Nunc
1400 4560 1541 4614 enim
1570 4559 1890 4628 desponsata
1917 4567 2002 4615 est

407 4655 670 4721 Ecclesia,
702 4665 756 4709 et
786 4655 933 4723 virgo
958 4662 1042 4708 est
1071 4654 1137 4705 ad
1169 4654 1384 4722 nuptias
1419 4653 1780 4723 perducenda,
1811 4653 1864 4708 id
1893 4661 1996 4721 est,

408 4761 528 4804 cum
560 4759 619 4800 se
645 4745 882 4799 continet
925 4759 956 4797 a
999 4743 1338 4812 corruptione
1383 4743 1625 4798 saeculari
1657 4762 1670 4797 :
1699 4745 1792 4801 illo
1820 4754 1998 4802 autem

410 4850 654 4909 tempore
700 4837 900 4903 nubet,
929 4851 1048 4892 cum
1079 4836 1325 4892 universa
1354 4837 1678 4893 mortalitate
1710 4839 1762 4893 in
1793 4853 1856 4895 ea
1899 4855 1996 4912 pe-

407 4941 597 4988 reunte
621 4939 661 4998 δ,
715 4929 999 4984 immortali
1052 4929 1426 4999 conjunctione
1465 4929 1672 4986 fruetur
1692 4929 1733 4989 ‘.,
1765 4931 1998 5003 Despon-

405 5024 529 5087 savi,
562 5022 751 5093 inquit,
777 5037 862 5075 vos
889 5022 976 5075 uni
997 5021 1102 5075 viro
1126 5021 1363 5092 virginem
1389 5032 1579 5076 castam
1598 5023 1828 5080 exhibere
1851 5023 2001 5080 Chri-

407 5123 486 5170 sto
513 5112 580 5186 (II
609 5111 728 5168 Cor.
756 5130 827 5178 ιιι,
857 5113 936 5184 2).
981 5112 1101 5180 Vos,
1134 5114 1320 5184 inquit,
1352 5115 1625 5186 virginem;
1655 5131 1684 5170 a
1716 5117 1901 5186 plurali
1930 5119 1998 5175 ad

409 5207 732 5279 singularem
761 5207 1105 5261 concludens.
1127 5206 1251 5262 Ideo
1275 5216 1329 5263 et
1359 5207 1588 5279 virgines
1618 5209 1721 5265 diei
1752 5219 1998 5281 possunt,-

407 5308 466 5357 ει
493 5298 662 5368 virgo.
692 5300 799 5353 Cur
821 5309 996 5355 autem
1021 5300 1254 5370 quinque
1278 5299 1435 5355 diem
1459 5301 1585 5366 sint,
1612 5310 1670 5356 ut
1693 5303 1824 5359 mihi
1853 5304 1999 5360 vide-

409 5399 498 5448 tur
536 5390 834 5460 expositum
881 5401 982 5446 est.
1025 5391 1130 5447 Sed
1172 5391 1415 5447 videmus
1442 5393 1664 5449 nuncin
1693 5395 1992 5466 aenigmate,

473 5504 493 5574 ξ
511 5502 590 5574 §ic
611 5503 826 5574 [ignores
847 5509 952 5574 Mss.
975 5503 1094 5574 mliti
1113 5516 1255 5574 gero,
1284 5503 1558 5574 fecundatg.

471 5565 584 5634 {En
614 5565 672 5618 et
696 5571 835 5634 μοι,
857 5565 1158 5634 ίηυηιειαηάὶ.
1195 5565 1361 5634 At'__tiat.
1391 5574 1443 5620 et
1463 5567 1648 5634 aliquot
1663 5575 1791 5631 Mss,
1825 5569 1998 5623 sum-

405 5623 506 5691 tati
523 5631 724 5691 --ιιιιεςει⁸
755 5634 805 5679 et
821 5623 962 5688 νεα..
985 5627 1288 5681 immutandi.
1349 5638 1404 5681 Μ.

474 5689 494 5751 _1
519 5689 1000 5751 Mss.,'prtvsereunte.

475 5749 491 5780 δ
511 5749 686 5802 (ulmos
709 5766 859 5815 prope
885 5762 1009 5818 Mss,
1037 5755 1230 5818 letatur.

2069 385 2197 434 tunc
2217 386 2390 433 autem
2419 377 2551 432 facie
2579 377 2643 431 ad
2679 375 2899 441 faciem;
2930 381 2984 430 et
3025 389 3164 429 nunc
3205 389 3270 430 ex
3311 382 3483 445 parte,
3526 383 3654 432 tunc

2070 483 2248 527 autem
2277 489 2344 528 ex
2373 481 2481 527 toto
2507 470 2548 545 (Ι
2580 471 2696 526 Cor.
2727 487 2839 536 xm,
2867 469 2975 540 1‘2).
3005 470 3179 538 Ipsum
3210 479 3384 524 autem
3411 469 3463 524 in
3493 470 3653 541 aenig-

2072 575 2214 620 mate
2249 574 2302 620 et
2339 580 2405 620 ex
2447 574 2596 635 parte
2625 579 2765 618 nunc
2793 563 2846 617 in
2876 561 3162 631 Scripturis
3186 562 3385 631 aliquid
3409 577 3654 631 cernere,

2074 657 2216 726 quod
2260 665 2437 712 tamen
2483 658 2553 712 sit
2580 656 2870 712 secundum
2902 655 3218 711 catholicam
3265 655 3441 717 ﬁdem.
3471 671 3537 708 ex
3567 655 3656 710 illo

2075 749 2295 818 pignore
2313 747 2607 820 contingit,
2634 748 2773 819 quod
2799 750 3004 818 accepit
3032 748 3181 819 virgo
3209 746 3440 802 Ecclesia
3470 746 3660 802 humili

2076 839 2304 895 adventu
2351 841 2530 911 sponsi
2586 838 2708 908 sui,
2751 857 2867 912 quas
2908 841 2984 895 illi
3029 841 3214 896 ultimo
3238 841 3464 897 adventu
3489 842 3504 871 ί
3536 857 3659 897 cum

2077 935 2255 990 veniet
2285 936 2336 989 in
2363 936 2602 991 claritate
2630 946 2858 1006 nuptura
2884 946 2999 1002 est,
3031 954 3151 993 cum
3176 938 3286 1008 jam
3326 938 3456 992 facie
3487 937 3551 992 ad
3578 937 3658 992 fa-

2079 1027 2215 1082 ciem
2245 1028 2602 1085 contuebitur.
2636 1029 2788 1084 Dedit
2819 1031 2959 1084 enim
3002 1031 3155 1086 nobis
3181 1032 3368 1102 pignus
3407 1030 3662 1102 Spiritum

2079 1129 2344 1186 sanctum,
2376 1122 2512 1176 sicut
2531 1121 2661 1176 dicit
2686 1122 2972 1192 Apostolus
3003 1124 3078 1193 (ll
3100 1123 3217 1177 Cor.
3245 1141 3297 1190 v,
3323 1123 3409 1198 5),
3440 1126 3506 1178 Ει
3544 1125 3664 1180 ideo

2081 1211 2180 1266 ista
2213 1212 2474 1282 expositio
2497 1213 2627 1266 nihil
2650 1222 2856 1269 certum
2882 1215 3136 1282 intuetur,
3168 1215 3269 1269 nisi
3291 1226 3348 1270 ut
3374 1217 3666 1272 seCundum

2081 1303 2240 1358 [idem
2273 1305 2374 1371 sit;
2424 1321 2598 1376 neque
2646 1307 2762 1360 aliis
2802 1307 3142 1377 pra'judicat,
3173 1326 3291 1380 qua:
3321 1310 3668 1368 nihilominus

2084 1397 2376 1451 secundum
2412 1398 2570 1452 ﬁdem
2597 1414 2719 1454 esse
2745 1401 3036 1470 potuerint.

2082 1488 2197 1544 LX.
2221 1489 2297 1544 De
2324 1490 2408 1544 die
2425 1499 2601 1545 autem
2633 1491 2723 1547 illo
2753 1503 2807 1548 et
2838 1494 2964 1547 hora
2982 1507 3140 1549 nemo
3156 1494 3282 1562 scit,
3302 1511 3473 1567 neque
3495 1497 3671 1569 angeli

2155 1583 2444 1653 calorum,
2487 1602 2658 1656 neque
2694 1585 2862 1642 Filius
2897 1586 3127 1644 hominis
3150 1631 3166 1656 ,
3207 1589 3310 1645 nisi
3340 1591 3497 1647 Pater
3526 1592 3671 1649 solus

2162 1673 2376 1746 (Matth.
2404 1693 2551 1744 XXIV,
2581 1678 2697 1752 56).

2158 1765 2308 1822 Sicut
2330 1769 2468 1824 scire
2498 1771 2634 1825 Deus
2661 1771 2873 1839 dicitur,
2901 1773 3061 1828 etiam
3090 1789 3211 1829 cum
3239 1775 3495 1832 scientem
3526 1777 3672 1847 facit,

2088 1858 2228 1917 sicut
2255 1863 2510 1931 scriptum
2539 1875 2640 1929 est,
2666 1863 2847 1919 Tentat
2877 1884 2964 1921 vos
2983 1865 3233 1923 Dominus
3256 1869 3396 1925 Deus
3419 1882 3598 1941 vester,
3620 1881 3678 1926 ut

2086 1954 2212 2008 sciat
2240 1954 2283 2007 si
2313 1955 2533 2025 diligatis
2560 1973 2673 2010 eum
2699 1955 2874 2030 (Deut.
2899 1975 3012 2021 xm,
3043 1960 3120 2030 5).
3153 1961 3268 2016 Non
3300 1967 3440 2018 enim
3480 1965 3557 2019 sic
3591 1965 3678 2020 di-

2088 2054 2232 2099 ctum
2259 2054 2340 2100 est
2366 2048 2485 2112 hoc,
2525 2049 2674 2116 quasi
2706 2049 2907 2103 nesciat
2935 2050 3075 2104 Deus
3108 2070 3121 2105 :
3154 2053 3249 2106 sed
3280 2062 3338 2106 ut
3381 2055 3479 2123 ipsi
3510 2057 3682 2110 sciant

2091 2147 2346 2210 quantum
2378 2140 2430 2193 in
2461 2140 2670 2195 Domini
2698 2141 2983 2198 dilectione
3005 2143 3356 2212 profecerim;
3386 2145 3548 2216 quod,
3581 2148 3686 2203 nisi

2094 2232 2475 2286 tentationibus
2501 2249 2620 2302 quae
2648 2233 2926 2301 accidunt,
2965 2250 3071 2288 non
3104 2237 3259 2305 plene
3284 2237 3351 2290 ab
3381 2236 3685 2294 hominibus

2093 2327 2419 2397 agnoscitur.
2449 2327 2516 2380 Et
2538 2327 2708 2396 ipsum
2731 2327 2930 2392 Tentat,
2956 2345 3050 2397 pro
3076 2344 3142 2383 eo
3159 2329 3388 2398 positum
3415 2340 3518 2398 est,
3542 2332 3686 2402 quod

2095 2421 2286 2474 tentari
2299 2420 2443 2474 sinit.
2458 2419 2547 2475 Sic
2561 2431 2749 2475 etcum
2776 2421 2970 2475 dicitur
2992 2424 3221 2490 nescire,
3238 2433 3328 2478 aut
3345 2440 3444 2494 pro
3468 2441 3532 2479 eo
3550 2426 3686 2481 dici-

2093 2521 2200 2581 tur,
2220 2513 2362 2583 quod
2381 2529 2486 2567 non
2506 2514 2792 2583 approbat;
2814 2513 2864 2568 id
2880 2523 2980 2580 est,
3002 2515 3053 2568 in
3076 2515 3352 2586 disciplina
3377 2526 3426 2572 et
3446 2517 3690 2574 doctrinm

2094 2619 2191 2662 sua
2213 2621 2321 2660 non
2347 2606 2608 2677 agnoscit,
2636 2606 2774 2661 sicut
2797 2606 2997 2661 dictum
3027 2617 3128 2675 est,
3156 2607 3344 2664 Nescio
3361 2627 3446 2664 vos
3473 2611 3690 2683 (Matth.

2095 2712 2235 2765 xxv,
2274 2695 2379 2770 12)
2406 2715 2419 2750 :
2449 2707 2541 2752 aut
2580 2714 2677 2768 pro
2702 2715 2768 2754 eo
2807 2699 2949 2769 quod
2980 2701 3180 2755 utiliter
3205 2704 3507 2759 nescientes
3537 2703 3691 2773 facit,

2095 2789 2241 2861 quod
2267 2789 2408 2846 scire
2432 2791 2621 2846 inutile
2647 2801 2748 2848 est.
2792 2792 2917 2849 Ideo
2960 2793 3100 2849 bene
3137 2796 3412 2866 accipitur,
3462 2795 3513 2851 id
3546 2795 3697 2866 quod

2096 2881 2296 2938 dictum
2320 2892 2422 2948 est,
2454 2883 2624 2938 solum
2652 2885 2791 2940 scire
2817 2885 3059 2951 Patrem,
3091 2887 3136 2941 si
3189 2887 3386 2942 dictum
3419 2903 3539 2942 esse
3565 2888 3699 2958 quia

2097 2973 2224 3030 facit
2263 2974 2455 3031 Filium
2493 2977 2632 3032 scire
2662 2995 2674 3029 :
2708 2986 2762 3032 et
2807 2979 2949 3048 quod
2978 2979 3176 3034 dictum
3207 2987 3291 3035 est
3312 3021 3327 3048 ,
3355 2981 3567 3036 nescire
3605 2980 3700 3036 Fi-
3785 2962 3795 2972 \

2097 3067 2228 3124 lium
2251 3110 2268 3137 ,
2296 3069 2376 3125 sic
2399 3071 2598 3126 dictum
2632 3086 2752 3128 esse
2785 3074 2906 3142 quia
2937 3073 3059 3127 facit
3086 3074 3294 3128 nescire
3322 3073 3596 3146 homines,
3637 3076 3701 3134 id

2099 3173 2202 3228 est,
2230 3178 2338 3218 non
2362 3164 2540 3234 prodit
2559 3165 2639 3220 eis
2662 3164 2804 3235 quod
2833 3165 3090 3221 inutiliter
3115 3167 3331 3222 scirent.

2101 3257 2238 3314 LXI.
2293 3257 2374 3314 De
2408 3275 2466 3314 eo
2500 3259 2634 3329 quod
2671 3261 2915 3331 scriptum
2960 3270 3033 3314 est
3074 3262 3128 3314 in
3164 3260 3441 3332 Evangelia
3464 3305 3478 3328 ,
3522 3263 3700 3318 turbas

2214 3351 2494 3406 Dominum
2516 3353 2567 3405 in
2590 3361 2757 3406 monte
2786 3354 2982 3421 pavisse
3001 3353 3064 3406 de
3090 3354 3311 3424 quinque
3329 3357 3561 3425 panibus.

2176 3443 2228 3497 1.
2271 3443 2516 3514 Quinque
2544 3459 2709 3514 panes
2737 3443 3043 3511 hordeacei,
3075 3444 3266 3514 quibus
3298 3447 3350 3500 in
3379 3460 3556 3502 monte
3587 3448 3702 3503 Do-

2102 3533 2280 3588 minus
2324 3533 2507 3588 turbas
2526 3535 2689 3603 pavit,
2715 3535 3015 3606 signiﬁcant
3056 3546 3286 3590 veterem
3338 3536 3506 3607 legem
3539 3556 3551 3592 :
3582 3540 3701 3596 sive

2103 3627 2226 3697 quia
2251 3625 2487 3680 nondum
2515 3627 2900 3696 spiritualibus,
2929 3629 3023 3684 sed
3050 3629 3222 3686 adhuc
3246 3632 3546 3686 carnalibus
3571 3631 3700 3687 data

2103 3729 2205 3786 est,
2233 3720 2286 3774 id
2312 3730 2414 3784 est,
2447 3720 2681 3791 quinque
2705 3723 2946 3791 corporis
2975 3724 3216 3778 sensibus
3237 3724 3464 3789 deditis;
3494 3741 3615 3778 nam
3639 3733 3702 3780 et

2102 3813 2234 3883 ipsae
2265 3813 2434 3868 turbae
2461 3813 2694 3884 quinque
2725 3815 2890 3869 millia
2937 3815 3210 3872 hominum
3256 3817 3471 3873 fuerunt
3512 3820 3699 3888 (Joan.

2101 3920 2174 3971 v1,
2210 3905 2363 3977 9-15)
2399 3923 2411 3959 :
2457 3906 2569 3960 sive
2613 3907 2734 3977 quia
2778 3923 2875 3977 per
2918 3907 3136 3980 Moysen
3168 3911 3250 3965 lex
3285 3913 3395 3980 ipsa
3427 3911 3549 3966 data
3577 3922 3695 3982 est;

2103 3999 2312 4071 Moyses
2336 4000 2480 4054 enim
2506 4000 2740 4071 quinque
2777 4001 2939 4056 libros
2964 4003 3196 4071 scripsit.
3251 4004 3318 4058 Et
3369 4005 3507 4075 quod
3565 4007 3699 4062 hor-

2105 4094 2288 4150 deacei
2315 4101 2468 4148 erant
2489 4109 2676 4164 panes,
2701 4094 2841 4151 bene
2859 4096 3176 4166 signiﬁcant,
3204 4100 3288 4152 vel
3311 4099 3478 4168 ipsam
3499 4101 3696 4171 legem,

2103 4200 2223 4255 quas
2251 4185 2324 4240 ita
2345 4186 2468 4241 data
2497 4196 2646 4252 erat,
2677 4197 2734 4242 ut
2764 4188 2815 4242 in
2856 4203 2917 4243 ea
2949 4189 3108 4244 vitale
3151 4190 3345 4246 animae
3381 4194 3698 4252 alimentum

2103 4279 2470 4348 corporalibus
2517 4280 2864 4335 sacramentis
2901 4281 3267 4351 obtegeretur;
3314 4284 3500 4339 hordei
3553 4287 3698 4344 enim

2105 4372 2340 4428 medulla
2366 4372 2703 4427 tenacissima
2746 4373 2890 4442 palea
2935 4375 3164 4442 tegitur:
3199 4375 3282 4430 vel
3316 4379 3487 4446 ipsum
3529 4394 3700 4448 popu-

2105 4465 2215 4521 lum
2269 4466 2505 4520 nondum
2551 4467 2904 4536 exspoliatum
2954 4469 3153 4522 carnali
3201 4469 3501 4539 desiderio,
3552 4473 3695 4542 quod

2108 4567 2360 4630 tanquam
2388 4559 2539 4628 palea
2561 4558 2706 4613 cordi
2730 4559 2844 4629 ejus
2874 4559 3194 4626 inhmrebat;
3230 4563 3280 4617 id
3312 4573 3414 4629 est,
3457 4564 3695 4620 nondum

2106 4650 2268 4707 corde
2289 4650 2694 4717 circumcisum,
2743 4651 2814 4705 ita
2854 4661 2912 4706 ut
2952 4668 3051 4708 nec
3092 4656 3428 4712 trituratiune
3476 4657 3697 4711 tribula-

2107 4741 2330 4804 tionum,
2350 4755 2472 4796 cum
2501 4757 2596 4811 per
2615 4741 2823 4797 deserta
2845 4745 3189 4816 quadraginta
3211 4749 3364 4802 annis
3385 4748 3692 4818 duceretur,

2105 4834 2378 4889 intellectu
2427 4833 2663 4889 revelato
2701 4835 2932 4890 carnalia
2979 4836 3335 4909 integumenta
3378 4841 3690 4910 deponeret,

2105 4927 2244 4982 sicut
2273 4941 2372 4982 nec
2405 4923 2664 4982 hordeum
2709 4943 2849 4984 areae
2890 4931 3074 4986 tritura
3107 4933 3197 4987 illo
3228 4933 3423 5002 paleari
3465 4936 3695 5004 tegmine

2105 5022 2524 5095 exuitunltaque
2549 5024 2622 5078 illi
2640 5024 3200 5095 populocongruenter
3214 5027 3299 5081 lex
3317 5027 3436 5081 talis
3447 5026 3565 5082 data
3590 5036 3690 5082 est.

2173 5119 2226 5172 2.
2257 5120 2370 5175 Duo
2392 5128 2569 5176 autem
2598 5121 2790 5191 pisces,
2824 5123 2911 5191 qui
2938 5138 3183 5192 saporem
3204 5138 3422 5180 suavem
3447 5126 3571 5196 pani
3601 5125 3694 5182 da-

2103 5211 2249 5278 bant,
2275 5212 2408 5268 duas
2435 5213 2550 5268 illas
2577 5229 2833 5283 personas
2864 5216 3112 5272 videntur
3136 5216 3456 5289 signiﬁcare,
3501 5222 3692 5290 quibus

2103 5305 2330 5374 populus
2353 5305 2442 5362 ille
2464 5307 2762 5377 regebatur,
2786 5317 2842 5363 ut
2862 5325 2956 5379 per
2975 5326 3064 5366 eas
3081 5312 3424 5366 conciliorum
3449 5314 3695 5370 modera-

2102 5413 2225 5454 men
2242 5401 2540 5472 acciperet;
2561 5402 2755 5472 regiam
2769 5403 2971 5460 scilicet
2985 5403 3456 5476 etsacerdotalem,
3475 5408 3542 5463 ad
3559 5424 3694 5482 quas

2103 5491 2263 5548 etiam
2292 5502 2631 5552 sacrosancta
2654 5496 2744 5552 illa
2770 5498 2949 5554 unctio
2984 5497 3281 5569 pertinebat
3305 5499 3387 5571 (a)
3417 5517 3430 5557 :
3458 5515 3691 5573 quarum

2166 5701 2183 5732 ³
2219 5707 2318 5750 ttat.
2346 5707 2398 5750 et
2421 5709 2542 5762 Mss.,
2570 5699 2655 5751 illo
2675 5699 2840 5754 ultimo
2858 5702 3078 5755 tulventu.

2165 5762 2238 5824 (a)
2272 5769 2288 5812 ι
2306 5770 2509 5816 ltetract.
2531 5778 2633 5826 cap.
2655 5765 2730 5814 26.
