3942 6416
328 528 389 584 t9
1044 551 1159 599 τίςς
1340 558 1352 602 ;
1465 576 1477 588 π
1723 525 1856 582 LIBI

1968 527 2163 588 UNUS.
2674 582 2677 585 ν
2842 591 2848 596 .
3507 567 3577 631 ω

322 645 526 701 omcium
552 648 672 698 erat
690 642 947 713 procellis
979 656 1045 699 ac
1077 642 1327 701 ﬂuctibus
1361 644 1703 716 popularibus
1741 661 1879 701 nun-

317 752 451 808 quam
489 735 666 805 frangi
692 745 855 804 atque
900 737 1212 807 corrumpi,
1239 745 1295 792 et
1323 737 1576 792 violentas
1607 738 1881 795 turbarum

310 829 751 887 contradictiones
781 840 1034 901 tanquam
1054 830 1393 885 adversantes
1420 830 1589 887 undas
1614 847 1755 902 szepe
1776 832 1883 888 dis-

304 938 552 992 rumpere,
594 923 863 977 interdum
890 924 973 978 eis
991 922 1249 978 custodita
1279 940 1371 979 sua
1397 924 1701 996 integritate
1725 926 1882 983 cede-

307 1032 396 1079 re;
423 1029 646 1082 prorsus
671 1030 821 1069 more
848 1016 1076 1085 piscium
1107 1024 1353 1085 tanquam
1374 1017 1428 1071 in
1452 1018 1750 1086 procelloso
1772 1032 1883 1073 ma-

311 1108 366 1169 ri,
396 1106 465 1159 sic
493 1107 545 1159 in
587 1106 894 1161 turbulenta
937 1108 1115 1177 populi
1158 1106 1611 1164 administratione
1655 1110 1877 1164 versari.

304 1199 415 1265 Qum
440 1206 623 1252 tamen
644 1198 763 1252 dum
786 1213 1032 1267 personae
1057 1199 1333 1253 Dominum
1362 1211 1601 1254 nostrum
1629 1200 1878 1272 praeﬁgu-

300 1289 492 1341 tabant.
533 1290 743 1343 Ambas
775 1290 923 1344 enim
960 1290 1105 1344 solus
1144 1290 1232 1344 ille
1270 1291 1538 1355 sustinuit,
1583 1301 1635 1346 et
1672 1306 1779 1345 non
1817 1291 1880 1345 ﬁ-

306 1392 515 1449 gurate,
570 1381 669 1436 sed
724 1382 945 1451 proprie
996 1383 1139 1436 solus
1190 1382 1446 1451 implevit.
1498 1381 1630 1437 Nam
1682 1392 1737 1438 et
1784 1400 1878 1439 rex

306 1483 474 1526 noster
510 1481 589 1527 est
631 1474 894 1527 Dominus
934 1472 1087 1528 Jesns
1126 1474 1400 1541 Christus,
1452 1475 1537 1544 qui
1590 1475 1745 1529 nobis
1782 1492 1879 1545 pu-

303 1564 480 1634 gnandi
502 1572 555 1618 et
579 1565 831 1619 vincendi
850 1566 1235 1620 demonstravit
1256 1567 1555 1637 exemplum
1579 1586 1593 1633 ;
1622 1569 1676 1622 in
1718 1583 1877 1625 carne

300 1657 497 1709 mortali
544 1666 757 1726 peccata
801 1666 983 1711 nostra
1033 1659 1349 1730 suscipiens,
1379 1661 1750 1716 tentationibus
1778 1661 1879 1717 ini-

304 1746 419 1799 mici
442 1762 605 1815 neque
628 1747 958 1802 illecebrosis
977 1764 1150 1817 neque
1174 1749 1492 1805 terribilibus
1521 1752 1716 1806 cedens
1741 1770 1753 1804 :
1785 1767 1877 1821 po-

304 1849 492 1892 stremo
518 1856 714 1895 exuens
740 1856 801 1894 se
830 1857 1010 1907 carne,
1037 1842 1358 1912 principatus
1386 1852 1437 1897 et
1465 1852 1753 1914 potestates
1779 1860 1874 1900 ex-

303 1933 531 2000 spolians
556 1934 572 1964 ²
604 1932 937 1998 ﬁducialiter,
962 1942 1015 1987 et
1040 1935 1365 2004 triumphans
1393 1951 1483 1990 eas
1510 1936 1561 1989 in
1589 1938 1874 2006 semetipso

309 2022 535 2091 (Coloss.
557 2040 615 2086 ιι,
636 2024 750 2093 15).
782 2025 958 2092 itaque
983 2026 1099 2093 ipso
1125 2026 1257 2080 duce
1284 2027 1348 2081 ab
1374 2028 1623 2082 oneribus
1649 2038 1702 2083 et
1728 2029 1874 2085 labo-

316 2114 465 2165 ribus
492 2113 643 2181 hujus
670 2116 1097 2184 peregrinationis
1127 2128 1321 2171 nostra:
1349 2126 1594 2188 tanquam
1624 2121 1691 2175 ab
1716 2120 1873 2193 .Egy-

320 2214 408 2271 pto
429 2205 720 2261 liberamur.
742 2216 791 2259 et
808 2210 1165 2277 persequentia
1190 2224 1285 2263 nos
1306 2220 1516 2279 peccata
1540 2220 1870 2268 sacramento

307 2294 625 2363 Baptismatis
646 2298 798 2351 nobis
817 2300 1165 2354 evadentibus
1186 2302 1480 2357 obruuntur
1504 2322 1516 2356 :
1542 2313 1595 2357 et
1619 2305 1870 2374 quamdiu

299 2386 351 2439 in
380 2403 467 2458 spe
491 2403 660 2443 sumus
691 2392 810 2459 ejus
836 2394 1225 2461 promissionis,
1257 2411 1412 2464 quam
1444 2396 1677 2451 nondum
1709 2397 1861 2453 vide-

297 2496 426 2545 mus,
454 2491 691 2553 tanquam
716 2501 816 2553 per
836 2486 1047 2541 deserta
1075 2487 1335 2552 ducimur,
1363 2489 1669 2544 consolante
1690 2505 1787 2545 nos
1811 2490 1864 2545 in

296 2577 477 2629 sanctis
512 2576 800 2646 Scripturis
848 2581 1014 2634 verbo
1046 2580 1176 2645 Dei,
1227 2582 1361 2635 sicut
1401 2581 1521 2636 illos
1559 2597 1751 2636 manna
1797 2583 1864 2638 de

294 2670 441 2729 coalo;
478 2678 527 2724 et
567 2670 760 2726 eodem
791 2672 911 2741 ipso
954 2672 1087 2727 duce
1133 2674 1184 2727 in
1222 2674 1512 2729 Jerusalem
1557 2677 1858 2745 caelestem,

292 2767 515 2829 tanquam
548 2762 594 2814 in
627 2772 833 2816 terram
881 2764 1252 2831 promissionis
1282 2765 1546 2820 introduci
1576 2781 1673 2820 nos
1703 2781 1858 2836 posse

294 2852 650 2919 prmsumimus,
674 2861 733 2907 et
754 2852 810 2907 in
825 2864 1083 2908 aeternum
1103 2856 1171 2909 ibi
1188 2859 1431 2926 regente”
1459 2858 1574 2926 ipso
1601 2868 1655 2911 et
1680 2867 1858 2913 custo-

292 2940 669 2998 dienteservari.
689 2944 770 2999 ita
796 2945 1054 2999 Dominus
1072 2948 1418 3003 nosterJesus
1430 2949 1673 3003 Christus
1686 2960 1861 3005 osten-

298 3032 419 3086 ditur
429 3051 511 3088 rex
522 3047 718 3091 noster.
742 3036 762 3091 l
769 3053 866 3105 pse
883 3047 960 3092 est
982 3040 1137 3092 etiam
1167 3040 1412 3093 sacerdos
1433 3051 1612 3094 noster
1630 3042 1681 3094 in
1700 3051 1857 3096 teter-

295 3140 405 3179 num
418 3129 685 3182 secundum
699 3129 954 3183 ordinem
968 3130 1349 3185 Melchisedech
1367 3131 1535 3199 (Psal.
1550 3148 1661 3197 (ιιι,
1677 3133 1731 3205 4)
1742 3135 1851 3203 ,qui

292 3232 349 3272 se
374 3218 527 3287 ipsum
552 3221 754 3274 obtulit
783 3220 1153 3275 holocaustum
1189 3238 1286 3292 pro
1312 3225 1539 3292 peccatis
1561 3225 1775 3291 nostris,
1804 3233 1857 3280 et

289 3309 391 3377 ejus
414 3311 653 3366 sacriﬁcii
684 3312 1094 3366 similitudinem
1122 3314 1487 3368 celebrandam
1516 3315 1566 3368 in
1596 3330 1703 3369 sua:
1728 3331 1854 3386 pas-

286 3402 431 3456 sionis
460 3406 783 3458 memoriam
807 3405 1230 3472 commendavit;
1254 3415 1313 3461 ut
1334 3408 1455 3461 illud
1483 3409 1621 3477 quod
1643 3409 1855 3464 Melchi-

282 3496 453 3551 sedech
475 3498 673 3553 obtulit
698 3500 815 3554 Deo
842 3497 1004 3570 (Gen.
1032 3517 1138 3563 xxv,
1171 3500 1290 3571 18),
1315 3502 1423 3571 jam
1453 3517 1546 3571 per
1569 3510 1733 3557 totum
1761 3518 1852 3559 or-

279 3589 389 3643 bem
422 3599 689 3647 terrarum
728 3593 784 3645 in
818 3591 1015 3647 Christi
1059 3593 1293 3649 Ecclesia
1337 3596 1609 3650 videamus
1652 3596 1847 3652 offerri.

284 3681 409 3752 Ergo
436 3686 695 3755 quoniam
724 3701 816 3739 rex
854 3697 1036 3741 noster
1065 3700 1275 3756 peccata
1303 3699 1483 3743 nostra
1513 3692 1765 3759 suscepit,
1792 3699 1853 3746 ut

286 3774 415 3829 nobis
442 3778 723 3847 pugnandi
753 3786 806 3832 et
836 3779 1076 3833 vincendi
1114 3780 1501 3835 demonstraret
1528 3783 1846 3851 exemplum,

280 3868 563 3922 earumdem
605 3879 946 3939 peccatorum
977 3872 1369 3939 susceptionem
1400 3874 1700 3942 regiamque
1726 3889 1849 3943 pero

276 3968 440 4011 sonam
462 3959 755 4013 Mattbwus
772 3961 1091 4030 evangelista
1115 3963 1433 4031 signiﬁcans,
1454 3965 1848 4033 generationem

275 4045 375 4115 ejus
408 4064 524 4118 quae
571 4060 666 4104 est
708 4051 996 4105 secundum
1025 4067 1237 4107 carnem
1279 4054 1345 4107 ab
1375 4054 1638 4108 Abraham
1676 4056 1845 4114 susci-

273 4140 434 4207 piens,
476 4143 569 4210 qui
614 4151 764 4211 pater
800 4152 880 4197 est
920 4144 1096 4212 populi
1130 4144 1330 4207 ﬁdelis,
1363 4154 1415 4199 et
1455 4148 1846 4202 successionem

274 4233 415 4299 prolis
446 4236 713 4289 deorsum
746 4252 930 4291 versus
963 4252 1277 4291 enumerans
1300 4240 1539 4307 pervenit
1563 4240 1627 4294 ad
1659 4243 1844 4314 David,

276 4319 324 4372 in
343 4338 431 4390 quo
454 4326 616 4394 regni
642 4327 1056 4381 stabilimentum
1082 4329 1563 4384 manilesﬁssimum
1585 4345 1839 4400 apparet;

277 4422 418 4485 atque
442 4419 565 4473 inde
600 4435 703 4486 per
730 4419 1086 4487 Salomonem,
1118 4430 1298 4475 natum
1327 4424 1391 4478 de
1428 4425 1510 4478 illa
1539 4426 1590 4479 in
1619 4442 1719 4496 qua
1747 4442 1841 4496 pa-

270 4513 340 4559 ter
362 4508 469 4575 ejus
500 4521 847 4579 peccaverat,
874 4515 1088 4581 stirpem
1118 4516 1318 4582 regiam
1343 4526 1648 4584 prosecntus
1677 4533 1842 4588 usque

264 4597 324 4651 ad
358 4608 768 4669 generationem
813 4605 1012 4658 Domini
1047 4606 1283 4673 perducit
1322 4606 1612 4679 (Matt/1.1,
1648 4612 1837 4682 1-17).

268 4686 425 4745 Lucas
456 4708 599 4747 vero
632 4694 766 4747 alius
795 4696 1139 4765 evangelista,
1166 4698 1415 4765 quoniam
1444 4707 1497 4753 et
1527 4701 1639 4768 ipse
1675 4717 1839 4771 gene-

264 4783 510 4837 rationem
556 4785 797 4849 Domini,
829 4802 944 4856 quze
980 4788 1270 4843 secundum
1297 4805 1509 4844 carnem
1536 4803 1636 4853 est.
1664 4793 1755 4847 sed
1786 4794 1837 4848 in

261 4874 569 4929 sacerdotali
621 4891 843 4944 persona
882 4879 1246 4948 explicandam
1286 4883 1551 4951 suscepit,
1585 4883 1650 4937 ad
1680 4901 1847 4955 quam

260 4977 530 5031 personam
564 4968 800 5037 pertinet
827 4970 1098 5024 mundatio
1134 4980 1187 5025 et
1220 4972 1436 5026 abolitio
1478 4985 1834 5045 peccatorum,

260 5070 352 5109 non
378 5073 407 5111 a
435 5059 712 5127 principio
734 5060 874 5123 libri,
906 5062 1041 5116 sicut
1066 5062 1362 5130 Mattbzeus,
1396 5065 1489 5118 sed
1515 5066 1581 5119 ab
1607 5067 1696 5121 illo
1720 5068 1838 5123 loco

258 5147 335 5202 ubi
362 5150 671 5219 baptizatus
700 5163 782 5206 est
815 5153 971 5208 Jesus
993 5196 1006 5220 ,
1038 5156 1125 5209 ubi
1163 5166 1498 5225 peccatorum
1535 5170 1835 5215 nostrorum

260 5241 657 5296 inundationem
681 5246 1058 5314 przeiiguravit,
1083 5247 1265 5316 incipit
1286 5256 1562 5317 parentttm
1587 5250 1699 5319 ejus
1724 5252 1834 5306 ori-

261 5328 417 5396 ginem
461 5332 734 5403 gradatim
784 5338 1067 5407 prosequi;
1100 5354 1271 5408 neque
1315 5339 1566 5395 deorsum
1614 5358 1833 5411 versus,

263 5424 385 5477 sicut
412 5426 505 5479 ille
550 5426 643 5496 qui
670 5441 792 5481 eum
832 5428 899 5482 ad
925 5432 1314 5500 susceptionem
1355 5443 1693 5502 peccatorum
1720 5443 1836 5490 tan-

261 5526 404 5581 quam
440 5516 863 5573 descendentem
899 5522 1234 5590 ostendebat,
1266 5523 1358 5578 sed
1387 5539 1598 5579 sursum
1628 5541 1830 5594 versus,

262 5612 502 5677 tanquam
527 5609 685 5679 isqui
709 5618 830 5665 eum
854 5620 974 5680 post
994 5614 1329 5671 abolitionem
1353 5626 1693 5687 peccatorum
1718 5630 1835 5673 tan-

261 5710 403 5767 quam
423 5702 808 5758 ascendentem
835 5706 1126 5760 insinuabat
1146 5725 1159 5773 ;
1178 5724 1273 5764 nec
1294 5725 1387 5765 eos
1417 5720 1681 5781 parentes,
1701 5727 1832 5782 quos

261 5787 343 5846 ille
376 5795 668 5849 nominans
691 5795 852 5865 (Luc.
884 5813 962 5864 nt,
986 5799 1202 5871 23-38).
1229 5802 1342 5859 Alia
1372 5804 1513 5859 enim
1544 5812 1660 5859 erat
1684 5803 1833 5875 origo

314 5925 337 5993 ξ
354 5926 529 5993 Plures
553 5935 678 5993 MSS”
692 5928 989 5993 exemphms.

312 5987 339 6021 ²
365 5991 567 6039 stelas.
590 5990 707 6042 Editt
721 5987 905 6053 autem,
919 5997 1153 6057 regnante.

2002 652 2368 750 sacerdotalis,
2400 673 2516 730 quae
2541 676 2637 733 per
2673 680 2834 725 unum
2858 684 2925 728 ex
2951 673 3071 732 ﬁliis
3092 676 3275 750 David,
3299 684 3454 745 sicuti
3486 704 3572 748 es-

1990 744 2156 812 solet,
2188 746 2254 802 de
2274 749 2441 807 tribus
2466 758 2777 816 sacerdotali
2815 768 3206 830 matrimonium
3236 781 3568 856 sortientem,

2003 836 2241 856 -n‘.--w.-
2312 843 2395 856 -""
2461 846 2473 856 '
2545 849 2559 856 ⁵
3063 840 3067 845 1

1996 836 2246 946 ell‘ecerat
2269 851 2326 946 ut
2345 843 2505 901 Maria
2527 849 2595 905 de
2621 862 2844 926 utraque
2870 861 3029 928 tribu,
3056 840 3105 919 id
3133 877 3232 934 est,
3257 871 3325 928 de
3348 836 3572 946 regia-ie;

1995 930 2311 1030 sacerdotali
2336 940 2705 1009 cognationem
2728 946 2962 1006 duceret.
2986 952 3118 1011 Nam
3144 968 3197 1013 et
3215 930 3570 1031 quand;

1989 1019 2077 1073 siti
2106 1032 2229 1077 sunt
2255 1024 2452 1100 Joseph
2479 1042 2532 1086 et
2554 1033 2746 1105 Maria,
2779 1042 3034 1113 scriptum
3064 1059 3144 1104 est
3183 1019 3276 1108 eos
3309 1055 3470 1114 fuisse
3500 1060 3568 1118 de

1989 1114 2169 1216 domo,
2202 1120 2255 1177 id
2287 1132 2384 1216 est
2404 1125 2471 1182 de
2509 1144 2704 1199 genere
2730 1134 2894 1192 David
2923 1138 3050 1213 (Id.
3079 1160 3137 1211 ιι,
3164 1147 3198 1200 4
3217 1146 3260 1216 ).
3292 1149 3359 1204 Et
3395 1114 3571 1209 ansa;

1987 1204 2136 1275 beth,
2165 1225 2282 1280 qua:
2312 1214 2660 1278 nihilominus
2687 1239 2908 1297 cognata
2943 1230 3121 1288 Marire
3149 1204 3418 1309 scribitur,
3446 1251 3567 1304 erat

1987 1298 2056 1395 de
2083 1301 2222 1357 tribu
2252 1309 2564 1366 sacerdotali
2590 1313 2717 1386 (Id.
2748 1334 2785 1385 ι,
2817 1321 2906 1387 36,
2938 1321 3025 1395 5).
3058 1323 3205 1383 Sicut
3232 1298 3563 1393 autem'Ma—t;

1987 1392 2191 1465 tbmus,
2242 1402 2329 1469 qui
2378 1412 2623 1477 tanquam
2668 1392 3078 1475 descendentem
3118 1424 3184 1478 ad
3228 1429 3563 1500 suscipienda

1986 1498 2202 1554 peccata
2240 1504 2421 1551 nostra
2456 1514 2634 1570 regem
2665 1504 2933 1565 Christum
2974 1513 3239 1586 insinuat,
3288 1498 3385 1589 per
3407 1524 3564 1581 Salo-

1985 1594 2198 1677 monem
2230 1600 2263 1677 a
2292 1587 2454 1644 David
2482 1592 2794 1666 descendit;
2838 1605 2959 1672 quia
2999 1606 3250 1668 Salomon
3287 1587 3352 1670 de
3389 1618 3477 1674 illa
3506 1621 3561 1677 in

1982 1684 2084 1739 qua
2115 1674 2276 1729 David
2302 1694 2631 1754 peccaverat,
2671 1699 2824 1747 natus
2854 1704 2936 1750 est
2959 1715 2974 1752 :
3000 1698 3070 1753 ita
3106 1700 3294 1771 Lucas,
3328 1709 3418 1777 qui
3447 1674 3564 1767 tan:

1982 1776 2137 1831 quam
2168 1770 2542 1830 ascendentem
2582 1791 2701 1848 post
2728 1783 3068 1845 abolitionem
3113 1770 3447 1863 peccatorum
3473 1819 3562 1859 sa-

1981 1855 2249 1952 cerdotem
2276 1859 2545 1921 Christum
2578 1870 2823 1940 insinuat,
2856 1893 2950 1947 per
2973 1855 3177 1940 Nalhan
3212 1855 3547 1952 ascendit

1980 1943 2180 2014 David;
2226 1953 2346 2021 quia
2387 1955 2591 2013 Natban
2636 1943 2891 2034 propheta
2927 1973 3119 2029 missus
3164 1977 3360 2049 fuerat,
3407 1985 3559 2055 cujus

1978 2043 2312 2146 correptione
2358 2048 2518 2105 David
2562 2054 2723 2124 ipsius
2767 2066 2969 2128 peccati
2998 2043 3556 2146 abolitionem'pteiii-

1980 2133 2140 2187 tendo
2166 2136 2463 2206 impetravit
2491 2147 2563 2214 (ll
2588 2147 2714 2218 Reg.
2740 2168 2833 2218 xn,
2867 2159 2918 2221 1,
2949 2160 3046 2230 15)
3075 2162 3172 2235 (a).
3203 2133 3555 2240 Itaque-post-

1978 2238 2204 2294 eaquam
2236 2235 2441 2288 transiit
2472 2237 2639 2293 Lucas
2664 2259 2942 2311 personam
2974 2253 3156 2321 David,
3191 2235 3556 2325 non—dissonat

1975 2331 2004 2371 a
2026 2318 2275 2376 Matthceo
2301 2324 2350 2377 in
2374 2331 2676 2386 nominibus
2704 2349 3094 2403 generatorum.
3128 2318 3260 2403 Nam
3292 2368 3383 2409 eos
3414 2357 3431 2389 ¹
3457 2374 3552 2413 ηο-

1972 2412 2139 2467 minat
2166 2419 2463 2475 ascendens
2502 2439 2529 2475 a
2575 2425 2733 2481 David
2771 2446 2937 2502 usque
2980 2435 3046 2490 ad
3088 2439 3376 2511 Abraham,
3420 2464 3553 2520 quos

1972 2505 2062 2561 ille
2092 2508 2422 2568 descendens
2458 2516 2524 2571 ab
2554 2518 2821 2576 Abraham
2864 2541 3031 2596 usque
3056 2530 3121 2584 ad
3154 2531 3338 2590 David.
3436 2505 3554 2597 .Da;

1969 2597 2058 2651 vid
2090 2600 2228 2654 enim
2260 2603 2309 2656 in
2339 2605 2470 2659 duas
2510 2607 2733 2667 familias
2754 2654 2767 2677 ,
2800 2616 2996 2686 regiam
3037 2630 3091 2675 et
3129 2628 3547 2700 sacerdotalem,

1969 2692 2117 2761 origo
2145 2694 2227 2747 illa
2262 2694 2541 2755 distributa
2571 2712 2673 2770 est,
2703 2721 2923 2775 quarum
2952 2710 3174 2769 duarum
3207 2692 3546 2791 familiarum;

1968 2782 2105 2837 sicut
2126 2784 2325 2841 dictum
2354 2800 2453 2857 est,
2474 2795 2671 2864 regiam
2693 2798 3021 2859 descendens
3047 2806 3345 2879 Matthaeus,
3373 2782 3549 2873 sacer;

1966 2874 2197 2931 dotalem
2242 2883 2538 2939 ascendens
2568 2887 2735 2945 Lucas
2776 2904 2989 2951 secutus
3030 2910 3152 2956 est:
3195 2912 3250 2957 ut
3292 2906 3549 2968 Dominus

1963 2979 2145 3023 noster
2169 2970 2324 3029 Jesns
2353 2976 2592 3035 Christus
2622 2999 2715 3039 rex
2747 2996 2800 3040 et
2839 2991 3088 3047 sacerdos
3131 3007 3332 3063 noster.
3364 3012 3417 3056 et
3456 3020 3549 3059 co-

1963 3063 2269 3130 gnationem
2301 3068 2523 3127 duceret
2553 3074 2620 3129 de
2648 3078 2812 3147 stirpe
2832 3084 3167 3151 sacerdotali,
3192 3100 3246 3145 et
3269 3108 3373 3147 non
3403 3106 3548 3155 esset

1964 3161 2140 3209 tamen
2172 3157 2239 3212 de
2280 3160 2417 3215 tribu
2454 3167 2804 3235 sacerdotali,
2847 3172 2947 3230 hoc
2975 3186 3082 3243 est,
3122 3180 3189 3236 de
3218 3184 3352 3239 tribu
3381 3186 3542 3257 Levi;

1963 3246 2057 3299 sed
2089 3260 2231 3303 esset
2260 3252 2324 3305 de
2351 3256 2488 3310 tribu
2514 3258 2645 3313 Juda
2668 3303 2682 3326 ,
2712 3263 2813 3319 hoc
2847 3275 2929 3321 est
2947 3311 2961 3334 ,
2988 3270 3054 3324 de
3081 3273 3219 3327 tribtt
3246 3276 3410 3333 David
3432 3322 3445 3343 ,
3477 3246 3545 3337 ex.

1950 3353 2062 3407 qua
2096 3344 2233 3397 tribu
2275 3362 2432 3401 nemo
2464 3350 2686 3408 intendit
2725 3357 2895 3412 altari.
2946 3361 3070 3417 Ideo
3110 3374 3163 3419 et
3203 3367 3341 3425 ﬁlius
3378 3373 3543 3429 David

1961 3431 2191 3485 maxime
2241 3433 2434 3490 dicitur
2480 3444 2769 3499 secundum
2822 3462 3073 3516 carnem,
3119 3458 3239 3525 quia
3283 3470 3332 3513 et
3372 3462 3542 3521 Lucas

1961 3522 2278 3590 ascendens,
2304 3536 2355 3579 et
2373 3527 2650 3587 Matth-mus
2668 3534 3018 3604 descendens,
3046 3544 3096 3596 in
3130 3522 3291 3603 David
3319 3552 3417 3606 sibi
3445 3556 3543 3610 ob-

1958 3614 2096 3668 viam
2127 3616 2247 3671 facti
2278 3630 2419 3674 sunt.
2450 3622 2738 3692 Oportebat
2763 3630 2904 3685 enim
2927 3641 2983 3686 ut
3004 3647 3352 3697 evacuaturus
3376 3647 3542 3702 sacri-

1958 3708 2076 3763 ﬁcia
2097 3752 2110 3775 ,
2146 3728 2261 3780 quae
2291 3716 2582 3773 secundum
2626 3721 2867 3778 ordinem
2908 3726 3084 3782 Aaron
3131 3731 3184 3786 in
3216 3733 3425 3792 levitico
3452 3754 3539 3796 sa-

1956 3803 2193 3858 cerdotio
2224 3806 2436 3876 ﬁebant,
2460 3826 2564 3865 non
2586 3824 2728 3868 esset
2752 3816 2818 3870 de
2848 3818 2984 3873 tribu
3016 3821 3160 3887 Levi,
3184 3842 3252 3881 ne
3280 3829 3344 3883 ad
3368 3832 3537 3900 ipsam

1956 3898 2180 3965 tribum,
2224 3911 2278 3955 et
2315 3902 2380 3956 ad
2410 3905 2579 3973 ipsum
2614 3912 2967 3967 sacerdotium
3004 3919 3143 3986 quod
3172 3898 3541 3992 temporaliter

1953 3990 2138 4043 umbra
2168 4002 2282 4046 erat
2310 3993 2492 4060 futuri,
2521 4001 2789 4068 pertinere
2804 4004 3086 4068 _videretur
3112 3990 3386 4071 mundalio
3407 4033 3536 4086 pec-

1952 4092 2186 4139 calorum
2214 4128 2227 4151 ,
2272 4104 2427 4157 quam
2480 4092 2735 4150 Dominus
2782 4099 3047 4157 oblatione
3093 4104 3384 4164 boloeausti
3426 4113 3531 4183 sui,

1950 4177 2091 4246 quod
2115 4179 2164 4231 in
2188 4182 2351 4235 veteri
2374 4185 2674 4243 sacerdotio
2696 4188 3033 4261 ﬁgurabatur,
3059 4196 3295 4267 implevit
3318 4219 3331 4255 :
3355 4211 3409 4258 et
3432 4177 3532 4261 ho;

1954 4270 2173 4325 locansti
2202 4272 2314 4342 ejus
2346 4274 2626 4346 imaginem
2658 4281 2678 4310 ³
2704 4281 2769 4334 ad
2799 4285 3107 4341 memoriam
3131 4293 3392 4358 passionis
3420 4310 3532 4353 sua!

1950 4361 2002 4414 in
2030 4362 2264 4416 Ecclesia
2296 4365 2668 4423 celebrandam
2698 4372 2873 4439 dedit,
2916 4384 2973 4428 ut
3013 4391 3153 4432 esset
3196 4385 3447 4440 sacerdos
3475 4388 3531 4444 in

1947 4460 2222 4518 teternum,
2260 4470 2363 4508 non
2397 4461 2685 4513 secundum
2712 4463 2953 4518 ordinem
2981 4469 3179 4534 Aaron,
3213 4473 3305 4526 sed
3337 4490 3531 4533 secun-

1949 4559 2069 4601 cum
2097 4546 2337 4601 ordinem
2368 4548 2753 4607 Melchisedech
2782 4552 2979 4626 (Hebr.
3003 4576 3076 4624 Vl,
3105 4561 3228 4632 20).
3260 4562 3422 4634 Cujus
3449 4570 3529 4626 rei

1946 4648 2335 4694 sacramentum
2377 4641 2680 4712 diligentius
2731 4646 2904 4703 adhuc
2947 4652 3273 4709 considerari
3330 4667 3524 4726 potest.

1947 4729 2051 4784 Sed
2083 4742 2298 4800 pmpter
2326 4732 2458 4787 duos
2492 4734 2663 4821 pisces
2686 4778 2702 4804 ,
2747 4738 2800 4792 in
2841 4739 3031 4808 quibus
3068 4742 3201 4799 duas
3228 4760 3484 4814 personas
3507 4793 3524 4821 ,

1954 4815 2157 4885 regiam
2177 4825 2230 4872 et
2257 4820 2647 4876 sacerdotalem
2678 4822 2936 4894 figuratas
2960 4844 3079 4885 esse
3107 4831 3360 4902 diximus,
3405 4815 3537 4895 hac;

1952 4912 2123 4961 tenus'
2140 4907 2265 4962 hinc
2290 4916 2579 4965 tractatum
2601 4927 2721 4968 esse
2745 4916 2994 4972 suﬂieiat.

2019 4999 2071 5054 '5.
2102 5000 2253 5069 Quod
2282 5012 2459 5059 autem
2494 5022 2655 5077 super
2679 5009 2860 5064 fenum
2892 5014 3049 5069 turba
3078 5015 3169 5071 illa
3206 5018 3483 5076 discubuit
3508 5064 3527 5092 ,

1944 5091 2310 5162 significateos
2321 5098 2411 5166 qui
2426 5098 2830 5157 Testamentum
2845 5106 3013 5163 Vetus
3030 5121 3380 5181 acceperant;
3399 5091 3528 5184 quia

1943 5200 2166 5256 regnum
2200 5189 2279 5243 eis
2316 5192 2609 5260 temporale
2638 5205 2691 5248 et
2729 5194 3028 5254 Jerusalem
3055 5205 3371 5273 temporalis
3393 5222 3526 5277 pro-

1941 5276 2276 5344 mittebatur,
2320 5279 2372 5333 in
2399 5295 2491 5351 spe
2531 5285 2733 5339 carnali
2764 5287 3054 5345 collocatos
3094 5292 3279 5349 fuisse.
3332 5276 3521 5353 Omnis

1938 5369 2079 5424 enim
2105 5387 2224 5424 caro
2249 5370 2445 5440 fenum,
2472 5382 2517 5426 et
2540 5375 2752 5432 claritas
2782 5380 3003 5437 hominis
3028 5394 3083 5437 ut
3103 5387 3201 5455 ﬂos
3224 5391 3332 5459 feni
3354 5389 3512 5462 (lsai.

1935 5477 2028 5527 IL,
2057 5460 2131 5535 6).
2173 5462 2321 5529 Quod
2346 5472 2523 5519 autem
2551 5468 2615 5522 de
2643 5470 2883 5541 reliquiis
2906 5473 3333 5546 fragmentorum
3364 5460 3512 5534 duo-

1935 5552 2109 5608 decim
2136 5552 2349 5624 cophiui
2382 5554 2743 5615 buccellarum
2766 5563 2954 5630 repleti
2999 5575 3146 5632 sunt,
3172 5567 3512 5637 signiﬁcabat

2000 5750 2022 5822 1
2052 5755 2103 5797 In
2121 5746 2370 5822 plerisque
2389 5755 2516 5822 διβεον
2541 5746 3062 5822 generationem-ae!
3085 5759 3185 5822 ςςιδν
3212 5756 3308 5801 ειε-
3433 5809 3446 5822 .

2000 5812 2022 5844 ²
2054 5806 2172 5859 “tres
2192 5806 2304 5874 Mss."
2319 5806 2827 5874 segius’fa‘avarricus
2841 5815 2902 5874 et
2923 5806 3229 5874 Michaelinus
3247 5847 3262 5871 ,
3284 5809 3516 5874 magnitu-

1936 5873 2099 5937 dinem
2118 5878 2163 5921 et
2182 5869 2453 5937 imaginem.
2478 5880 2751 5937 Quanquam
2786 5871 2855 5921 ibi
2888 5869 3192 5923 Michaelinus
3209 5869 3346 5925 caret
3363 5869 3512 5934 δορα-

1935 5935 2079 5986 lativa
2102 5934 2347 5996 particula,
2368 5940 2432 5984 et.

2000 5997 2073 6059 (a)
2102 5993 2123 6045 Ῑ
2148 5993 2348 6047 Retract.
2373 6008 2480 6057 cap.
2501 5993 2581 6047 ΞΒ.
