3956 6530
425 603 486 659 5i

427 723 495 776 de
529 719 694 788 ipsius
739 709 892 782 Legis
934 702 1277 774 adapertione
1317 706 1371 753 et
1410 691 1764 788 disputatione
1780 729 1808 788 ,-
1845 698 2002 788 quam

425 777 596 871 Judmi
623 777 944 876 reliquerant
980 806 1034 853 et
1065 797 1442 856 deseruerant,
1473 785 1704 856 repletos
1739 780 1904 834 fuisse
1926 777 2007 831 di-

427 902 662 973 scipulos
701 895 951 958 Domini,
1007 891 1060 945 in
1115 887 1304 958 quibus
1348 877 1704 936 duodenarius
1752 883 2006 973 numerus

426 962 780 1067 principatum
807 993 969 1042 tenet.
999 979 1246 1037 Nondum
1273 976 1416 1031 enim
1454 979 1571 1067 erat
1589 962 2006 1067 scriptura-Novi

425 1056 751 1142 icslafnenti
778 1121 792 1145 ,
833 1074 1045 1148 quando
1093 1071 1378 1134 Dominus,
1423 1062 1573 1134 quasi
1616 1056 1904 1129 frangendo
1954 1062 2008 1109 et

425 1177 715 1252 aperiendo
726 1173 866 1246 quod
895 1171 1083 1227 durum
1110 1174 1164 1222 et
1188 1163 1424 1220 clausxxxn
1450 1165 1564 1213 erat
1588 1157 1639 1210 in
1662 1154 1822 1224 Lege,
1847 1150 2005 1252 disci-

424 1243 580 1344 pulos
617 1243 883 1339 implevit,
912 1278 1032 1320 cum
1063 1261 1140 1316 eis
1167 1265 1289 1330 post
1331 1251 1772 1310 resurrectionem
1802 1243 2007 1316 aperuit

426 1338 730 1435 Scripturas
758 1371 988 1423 veteres,
1012 1354 1270 1424 incipiens
1289 1368 1319 1404 a
1340 1347 1522 1419 Moyse
1543 1353 1593 1400 et
1615 1341 1861 1397 omnibus
1887 1338 2010 1435 Pro-

426 1429 623 1530 phetis,
653 1457 1007 1524 interpretans
1036 1448 1140 1503 illis
1164 1447 1213 1500 in
1231 1442 1477 1500 omnibus
1499 1437 1920 1530 Scripturisqute
1941 1429 2008 1530 de

428 1526 544 1621 ipso
589 1558 760 1605 erant.
799 1545 928 1600 Nam
963 1553 1016 1596 et
1062 1550 1186 1595 tunc
1224 1551 1344 1594 eum
1385 1535 1491 1589 duo
1529 1532 1740 1586 illorum
1779 1528 1831 1582 in
1860 1526 2009 1596 panis

427 1639 691 1695 fractione
721 1645 1081 1706 cognoverunt
1103 1630 1258 1702 (Luc.
1289 1642 1435 1693 xxxv,
1461 1623 1689 1694 27-51).

398 1785 410 1806 ε
499 1731 552 1786 4.
587 1731 652 1785 Et
685 1729 806 1784 ideo
846 1725 1076 1782 secunda
1109 1722 1276 1793 pastio
1313 1717 1528 1791 populi,
1561 1731 1679 1786 qua:
1709 1713 1776 1768 de
1806 1719 2010 1782 septem

403 1813 656 1897 'panibus
680 1824 812 1876 facta
839 1830 940 1886 est,
970 1819 1033 1873 ad
1064 1816 1199 1872 Novi
1226 1811 1550 1869 Testamenti
1581 1807 2010 1879 praedicationem

427 1928 574 1972 recte
608 1913 918 1983 intelligitur
947 1911 1237 1980 pertinere.
1265 1903 1383 1961 Non
1404 1904 1544 1958 enim
1565 1901 1631 1956 ab
1656 1901 1832 1970 aliquo
1855 1913 2014 1952 evan-

426 2008 613 2079 gelista
643 2006 844 2061 dictum
881 2012 962 2058 est
991 2002 1130 2072 quod
1159 1999 1245 2054 isti
1275 2011 1442 2069 panes
1486 1993 1764 2048 hordeacei
1797 1989 2010 2056 fuerint,

429 2101 568 2154 sicut
593 2099 659 2152 de
691 2097 794 2152 illis
825 2096 1056 2166 quinque
1082 2093 1213 2148 dixit
1250 2091 1502 2146 Joannes.
1533 2087 1660 2141 Have
1689 2100 1814 2154 ergo
1841 2083 2013 2153 pastio

427 2193 493 2247 de
527 2188 750 2261 panibus
776 2196 979 2259 septem
1008 2186 1072 2240 ad
1099 2183 1318 2256 gratiam
1345 2183 1574 2252 pertinet
1592 2177 1866 2241 Ecclesixe,
1895 2189 2014 2245 quas

427 2285 706 2340 notissima
733 2282 818 2336 illa
846 2279 1142 2349 septenaria
1166 2277 1330 2331 sancti
1354 2273 1579 2343 Spiritus
1601 2269 1908 2340 operatione
1929 2283 2015 2323 re—

426 2379 565 2434 fecta
596 2377 613 2408 ί
642 2375 999 2446 cognoscitur.
1036 2371 1103 2424 Et
1134 2370 1253 2424 ideo
1285 2383 1388 2422 non
1413 2367 1497 2420 hic
1517 2365 1622 2418 duo
1648 2365 1821 2432 pisces
1853 2361 2015 2416 fuisse

425 2470 736 2526 scribuntur
762 2508 776 2531 ,
825 2465 960 2519 sicut
993 2463 1044 2515 in
1084 2460 1248 2514 veteri
1282 2458 1422 2527 lege,
1455 2455 1544 2509 ubi
1572 2454 1678 2508 duo
1706 2453 1804 2506 soli
1848 2466 2015 2520 unge-

425 2560 643 2624 bantnr,
672 2573 764 2612 rex
797 2566 851 2611 et
880 2553 1162 2617 sacerdos;
1193 2551 1284 2606 sed
1315 2548 1469 2620 pauci
1495 2547 1686 2618 pisces,
1715 2545 1767 2600 id
1795 2553 1896 2610 est,
1926 2543 2017 2614 qui

426 2651 586 2727 primi
625 2649 850 2704 Domino
891 2646 1018 2702 Jesu
1064 2644 1282 2699 Christo
1325 2640 1699 2705 crcdideruxxt,
1729 2639 1861 2692 etin
1903 2635 2016 2705 ejus

426 2748 646 2803 nomine
675 2744 820 2800 uncti
856 2753 999 2807 sunt,
1035 2749 1088 2797 et
1115 2740 1260 2795 missi
1305 2738 1368 2793 ad
1409 2735 1803 2808 praedicandum
1842 2735 2015 2789 Evan-

425 2841 622 2911 gelium
644 2881 659 2904 ,
694 2847 749 2893 et
787 2837 852 2890 ad
897 2833 1266 2889 sxxstinendum
1295 2829 1656 2885 turbulentum
1688 2842 1831 2881 mare
1863 2825 2018 2896 hujus

427 2931 634 2997 saeculi,
666 2941 722 2984 ut
751 2945 846 2999 pro
878 2929 992 2998 ipso
1029 2941 1220 2996 magno
1258 2925 1423 2994 pisce,
1458 2922 1509 2977 id
1544 2931 1644 2986 est,
1676 2937 1772 2991 pro
1807 2919 2020 2974 Christo

426 3024 693 3094 legatione
723 3022 1068 3090 fungerentur
1093 3061 1106 3084 ,
1157 3018 1295 3072 sicut
1343 3016 1538 3070 Paulus
1580 3014 1849 3084 apostolus
1892 3011 2021 3066 dicit

427 3113 507 3188 (ll
539 3113 653 3168 Cor.
701 3129 750 3178 v,
794 3108 916 3184 20).
949 3110 1130 3180 Neque
1167 3111 1217 3162 in
1251 3109 1367 3178 ipsa
1405 3108 1556 3162 turba
1588 3107 1821 3176 quinque
1853 3105 2020 3159 millia

427 3206 704 3262 hominum
744 3204 978 3270 fuerunt,
1012 3204 1149 3257 sicut
1176 3203 1303 3268 illic,
1337 3201 1424 3255 ubi
1457 3199 1700 3254 carnales
1725 3199 1892 3269 legem
1925 3213 2016 3252 ac-

425 3301 705 3370 cipientes,
739 3297 791 3354 id
813 3306 910 3363 est,
943 3298 1174 3367 quinque
1201 3293 1442 3350 sensibus
1467 3293 1641 3349 carnis
1661 3291 1822 3347 dediti
1849 3289 2015 3362 signi-

427 3391 686 3457 ﬁcantur;
718 3392 813 3448 sed
849 3397 1076 3462 quatuor
1105 3389 1265 3444 millia
1294 3389 1468 3457 poxius
1488 3428 1500 3451 ,
1543 3403 1647 3456 quo
1675 3400 1902 3440 numero
1943 3382 2016 3439 si-

426 3481 749 3554 gniﬁcantur
763 3482 1081 3552 spirituales,
1098 3489 1314 3551 preptcr
1338 3489 1565 3550 quatuor
1585 3478 1744 3531 animi
1766 3478 2012 3541 virtutes,

426 3575 618 3646 quibus
645 3575 696 3628 in
730 3574 828 3628 hac
863 3573 972 3628 vita
1010 3572 1357 3642 spiritualiter
1386 3572 1580 3624 vivitur
1604 3610 1616 3631 ,
1647 3567 1979 3636 prudentiam
1999 3609 2015 3635 ,

428 3667 837 3737 temperantiam
862 3707 874 3729 ,
922 3665 1323 3729 fortitudinem,
1369 3669 1425 3716 et
1463 3661 1744 3728 justitiam.
1783 3659 2018 3725 Quarum

425 3759 602 3831 prima
639 3767 724 3815 est
760 3757 990 3828 cognitio
1035 3772 1211 3812 rerum
1251 3754 1670 3825 appetendarum
1714 3764 1767 3810 et
1809 3753 2018 3824 fugien-

427 3851 616 3908 darum
660 3872 674 3906 :
721 3851 984 3917 secxxnda,
1027 3849 1314 3906 refrenatio
1355 3849 1660 3918 cupiditatis
1697 3848 1764 3904 ab
1806 3848 1869 3903 iis
1899 3863 2018 3918 qua:

426 4145 526 4202 per
564 4141 788 4186 caeteras
813 4145 999 4185 omnes
1045 4129 1356 4185 diffunditur
1381 4173 1395 4195 ,
1439 4128 1650 4184 dilectio
1684 4129 1778 4184 Dei
1803 4137 1858 4185 et
1896 4145 2021 4201 pro-

426 4221 578 4277 ximi.
1167 4271 1175 4282 ,

500 4315 555 4372 5.
583 4313 722 4372 Sane
751 4325 804 4371 et
825 4317 894 4371 ibi
921 4315 1159 4387 quinque
1180 4316 1341 4372 millia
1374 4315 1670 4384 hominum,
1697 4323 1752 4372 et
1783 4314 1870 4372 hic
1889 4331 2021 4389 qua-

427 4419 550 4465 tuor
579 4409 738 4464 millia
771 4409 1012 4480 exceptis
1058 4410 1372 4465 mulieribus
1411 4419 1464 4465 et
1496 4409 1674 4480 pueris
1715 4409 1876 4465 fuisse
1906 4425 2020 4466 mc-

426 4511 707 4557 morantur
736 4501 964 4572 (Matth.
997 4518 1090 4568 xv,
1121 4501 1316 4574 54-58)
1344 4519 1355 4554 :
1387 4501 1525 4571 quod
1555 4501 1682 4556 mihi
1713 4501 1925 4556 videtur
1952 4500 2017 4554 ad

424 4591 530 4647 hoc
560 4594 827 4661 pertinere
852 4634 865 4658 ,
907 4603 964 4646 ut
1006 4592 1364 4662 intelligamus
1398 4601 1452 4646 et
1491 4593 1542 4646 in
1586 4591 1782 4662 populo
1811 4591 2018 4645 Veteris

427 4686 754 4741 Testaxnenti
800 4686 962 4739 fuisse
1005 4685 1265 4752 quosdam
1306 4685 1546 4738 inlirxnos
1585 4684 1651 4737 ad
1698 4683 2016 4752 implendam

423 4776 682 4846 justitiam
726 4791 844 4846 qua:
883 4775 1174 4830 secundum
1221 4775 1392 4844 legem
1441 4783 1554 4839 est,
1590 4776 1639 4828 in
1687 4790 1787 4844 qua
1815 4774 2016 4842 justitia

427 4868 704 4938 apostolus
745 4868 939 4922 Paulus
980 4867 1095 4922 sine
1133 4867 1347 4937 querela
1384 4881 1443 4920 se
1485 4874 1858 4920 conversatum
1899 4881 2017 4922 esse

428 4961 556 5016 dicit
583 4959 852 5030 (Philipp.
887 4976 963 5025 ιιι,
997 4959 1100 5030 6);
1131 4959 1291 5015 fuisse
1320 4961 1444 5015 item
1482 4960 1615 5015 alios
1637 4961 1724 5031 qui
1759 4960 1908 5016 facile
1929 4977 2016 5017 se-

428 5051 754 5106 ducerentur
781 5052 832 5104 in
871 5051 1068 5105 cultum
1103 5051 1386 5134 idolorum.
1413 5052 1541 5118 Qua:
1573 5053 1678 5107 duo
1702 5068 1894 5124 genera
1916 5096 1930 5120 ,
1965 5054 2016 5110 id

428 5153 531 5208 est,
562 5142 884 5198 infirmitatis
913 5153 966 5197 et
987 5144 1208 5208 erroris,
1227 5144 1506 5200 mulierum
1529 5154 1582 5200 et
1609 5161 1891 5215 puerorum
1917 5161 2014 5200 no-

432 5234 664 5286 minibus
704 5233 923 5304 ligurata
965 5243 1107 5289 sunt.
1151 5235 1396 5290 Infirmus
1431 5243 1514 5290 est
1554 5236 1696 5292 enim
1734 5238 2013 5292 mulierum

430 5338 591 5380 sexus
619 5327 684 5380 ad
715 5327 952 5381 actiones
976 5369 988 5391 ,
1019 5337 1072 5382 et
1117 5328 1282 5383 facilis
1313 5327 1376 5383 ad
1405 5328 1577 5384 lusum
1607 5330 1849 5399 pueritia.
1879 5331 2013 5398 Quid

425 5430 603 5473 autem
627 5417 768 5472 lusui
797 5419 985 5488 puerili
1015 5428 1119 5474 tam
1146 5421 1318 5476 simile
1338 5430 1438 5484 est,
1467 5438 1622 5490 quant
1648 5422 1784 5476 idola
1804 5423 2010 5490 colere;

426 5513 639 5583 quando
669 5522 724 5568 et
751 5512 1040 5582 Apostolus
1070 5512 1133 5566 ad
1168 5512 1266 5566 hoc
1303 5514 1482 5567 retulit
1515 5513 1613 5568 hoc
1639 5530 1803 5584 genus
1830 5530 2013 5584 super-

426 5605 683 5672 stitionis,
713 5621 833 5661 cum
859 5605 951 5670 ait,
987 5603 1166 5678 Neque
1197 5607 1344 5661 idolis
1375 5609 1655 5673 servientes,
1688 5610 2014 5677 quemadmo-

423 5696 545 5748 dum
575 5697 781 5764 quidam
806 5715 998 5766 eorum,
1039 5698 1168 5752 sicut
1191 5698 1433 5768 scriptum
1469 5708 1567 5763 est,
1613 5699 1758 5753 Sedit
1797 5701 2013 5770 populus

426 5790 737 5843 manducare
776 5801 822 5844 et
847 5790 1010 5846 bibere
1029 5832 1042 5854 ,
1072 5800 1118 5845 et
1141 5801 1466 5846 surrexerunt
1505 5791 1678 5844 ludere
1708 5791 1764 5865 (1
1793 5792 1908 5846 Cor.
1949 5810 2008 5862 x,

427 5883 533 5951 7)?
575 5882 880 5937 Mulieribus
914 5898 1042 5953 ergo
1083 5884 1283 5939 similes
1311 5893 1496 5951 erant,
1528 5885 1618 5956 qui
1654 5886 1706 5940 in
1737 5887 2006 5944 laboribus

423 5977 872 6047 exspectationis,
902 5993 1007 6047 quo
1043 5995 1210 6048 usque
1239 5979 1305 6034 ad
1342 5981 1600 6050 promissa
1637 5981 1725 6036 Dei
1769 5984 2010 6052 perveni-

489 6092 509 6125 ⁸
542 6091 769 6153 Verbum,
792 6092 988 6156 refecta,
1011 6095 1290 6148 restitutum
1311 6095 1391 6147 hic
1409 6104 1487 6149 est
1509 6108 1575 6149 ex
1595 6095 1778 6162 aliquot
1800 6107 1902 6149 Mss.

1134 583 1222 638 DE
1262 575 1572 635 DIVERSIS
1609 559 2128 642 QUIESTIONIBUS
2166 560 2447 630 LXXXIII,
2488 562 2547 619 S.
2587 561 2952 621 AUGUSTINI
3635 566 3712 622 52

2112 686 2260 743 rent,
2291 694 2396 734 non
2429 679 2653 734 viriliter
2682 689 3086 750 perseverantes
3116 688 3453 736 tentaverunt
3482 680 3655 737 Deum
3687 699 3701 734 :

2113 772 2293 843 pueris
2321 781 2495 827 autem
2518 814 2531 838 ,
2573 772 2663 842 qui
2699 773 2949 828 sederunt
2975 775 3295 830 manducare
3320 783 3373 829 et
3403 774 3608 842 bibere,
3644 785 3706 832 et

2115 875 2457 920 surrexerunt
2483 865 2682 921 ludere.
2712 866 2826 922 Non
2859 866 3029 922 solum
3059 878 3234 923 autem
3269 869 3374 935 ibi,
3404 869 3497 925 sed
3536 871 3707 926 etiam

2115 961 2168 1016 in
2193 962 2384 1032 populo
2417 960 2551 1016 Novi
2579 961 2905 1017 Testamenti
2942 963 3030 1034 qui
3058 978 3160 1017 non
3190 961 3480 1032 perdurant
3502 979 3706 1020 oecur-

2115 1072 2234 1111 rere
2262 1057 2313 1110 in
2344 1057 2514 1111 virum
2546 1053 2836 1128 perfectum
2863 1053 3088 1128 (Eplies.
3121 1056 3322 1131 xv,I'5),
3357 1058 3436 1112 vel
3469 1059 3712 1113 infirmi-
3785 1106 3789 1110 .

2116 1162 2225 1208 tate
2251 1155 2462 1220 virium,
2488 1153 2572 1208 vel
2598 1153 2790 1209 mentis
2826 1153 3059 1220 levitate,
3098 1153 3408 1208 mulieribus
3437 1165 3488 1209 et
3519 1157 3708 1225 pueris

2117 1247 2457 1316 comparandi
2487 1255 2628 1300 sunt.
2657 1245 2788 1301 Nam
2830 1246 2932 1300 illis
2958 1245 3152 1301 dicitur
3171 1289 3185 1312 ,
3217 1245 3276 1301 Si
3303 1256 3466 1301 tamen
3501 1248 3709 1300 initium

2116 1341 2406 1394 substantia:
2425 1341 2532 1412 ejus
2550 1355 2706 1410 usque
2725 1339 2777 1393 in
2799 1338 2949 1408 finem
2971 1339 3170 1409 ﬁrmant
3194 1341 3492 1394 retineamus
3514 1340 3532 1411 (
3541 1339 3588 1392 Π
3595 1341 3709 1395 ebr.

2063 1480 2066 1484 .
2116 1448 2191 1499 Ill,
2225 1432 2362 1504 Ii);
2396 1433 2498 1487 illis
2527 1440 2736 1500 autem,
2779 1430 2955 1485 Nolite
2992 1432 3134 1502 pueri
3173 1431 3294 1501 efﬁci
3320 1432 3545 1486 sensibus
3567 1476 3581 1496 ,
3615 1434 3712 1487 sed

2117 1527 2310 1578 malitia
2337 1525 2554 1593 infantes
2585 1535 2758 1592 estote,
2789 1533 2844 1577 ut
2867 1523 3090 1578 sensibus
3117 1525 3326 1595 perfecti
3353 1526 3462 1579 sitis
3499 1525 3517 1596 (
3542 1527 3555 1579 Ι
3581 1526 3707 1580 Cor.

2116 1634 2236 1684 xxv,
2265 1617 2387 1688 20).
2425 1619 2487 1672 Et
2533 1619 2651 1674 ideo
2692 1635 2866 1689 neque
2905 1619 2954 1673 in
2997 1619 3220 1682 Vetere,
3253 1635 3425 1689 neque
3458 1619 3510 1674 in
3551 1620 3706 1676 Novo

2118 1710 2466 1768 Testamento
2496 1713 2627 1768 tales
2647 1713 2998 1768 admittuntur
3027 1711 3094 1766 ad
3129 1727 3442 1778 numerum;
3476 1712 3572 1767 sed
3593 1714 3711 1769 sive

2121 1805 2190 1860 ibi
2223 1806 2454 1876 quinque
2484 1807 2648 1861 millia
2669 1849 2683 1875 ,
2726 1807 2837 1862 sive
2867 1805 2952 1861 hic
2988 1815 3218 1876 quatuor
3245 1806 3433 1874 millia,
3466 1807 3711 1877 exceptis

2121 1897 2433 1952 mulieribus
2459 1906 2511 1954 et
2540 1899 2717 1969 pueris
2744 1898 2904 1955 fuisse
2933 1898 3184 1954 dicuntur
3211 1896 3436 1969 (Matth.
3465 1914 3581 1965 xxv,
3609 1898 3703 1966 21,

2120 2000 2165 2044 et
2199 2007 2287 2054 xv,
2321 1991 2442 2060 58).

2191 2082 2244 2136 6.
2275 2081 2527 2157 Quamvis
2549 2098 2676 2139 vero
2702 2092 2755 2140 et
2778 2083 2886 2139 illic
2910 2090 2965 2140 et
2993 2083 3080 2140 hic
3109 2091 3327 2156 propter
3353 2085 3520 2155 ipsum
3549 2083 3712 2141 Chri-

2121 2183 2292 2239 stum,
2324 2174 2414 2246 qui
2447 2175 2656 2231 assidue
2695 2177 2745 2230 in
2778 2175 3065 2246 Scripturis
3107 2192 3263 2233 mons
3291 2178 3620 2248 appellatur,
3652 2187 3716 2235 ut

2122 2279 2477 2338 congruenter
2524 2269 2577 2323 in
2619 2278 2800 2325 monte
2830 2280 3052 2339 uterque
3098 2271 3328 2341 populus
3367 2279 3710 2342 pascerctur;

2124 2359 2209 2414 hic
2241 2370 2416 2416 tamen
2446 2377 2550 2416 non
2579 2362 2630 2416 in
2671 2363 2792 2418 feno
2817 2363 3197 2429 discumbitur,
3229 2363 3324 2419 sed
3359 2364 3411 2418 in
3439 2373 3600 2418 terra.
3632 2361 3716 2420 lbi

2125 2457 2267 2510 enim
2306 2455 2566 2511 celsitudo
2605 2455 2802 2512 Christi
2849 2467 3065 2527 propter
3103 2459 3344 2514 carnales
3373 2458 3619 2514 homines
3662 2467 3721 2515 et

2124 2547 2418 2604 Jerusalem
2444 2558 2712 2606 terrenam
2739 2551 2940 2606 carnali
2970 2567 3066 2622 spc
3091 2563 3146 2608 et
3171 2550 3440 2608 desiderio
3471 2554 3672 2624 tegitur
3701 2573 3715 2610 :

2127 2639 2214 2694 hic
2252 2651 2427 2696 autem
2458 2651 2662 2697 remota
2700 2643 2846 2698 omni
2888 2645 3178 2715 cupiditate
3203 2646 3424 2714 carnali,
3457 2648 3719 2704 convivas

2124 2733 2256 2790 Novi
2308 2735 2671 2802 Testamenti,
2720 2738 2832 2807 spei
2879 2739 3238 2807 permanentis
3277 2740 3717 2809 firmamentum,

2127 2835 2376 2899 tanquam
2419 2829 2584 2899 ipsius
2618 2831 2814 2885 montis
2839 2830 3102 2898 soliditas,
3133 2831 3279 2886 nullo
3317 2830 3442 2886 feno
3471 2831 3722 2904 interpo-

2127 2921 2230 2976 sito
2255 2921 2576 2977 continebat.
2727 2933 2730 2935 ·

2106 3027 2111 3038 '
2200 3013 2251 3066 7.
2304 3013 2368 3068 Et
2403 3014 2652 3084 quoniam
2692 3015 2988 3071 rectissime
3017 3015 3147 3070 dicit
3185 3014 3506 3090 Apostolus,
3561 3014 3726 3075 Prius

2127 3116 2294 3161 autem
2344 3124 2495 3177 quam
2545 3109 2731 3162 veniret
2775 3108 2936 3176 fides,
2987 3107 3079 3161 sub
3132 3106 3264 3179 Lege
3307 3107 3728 3164 custodiebamur

2128 3199 2325 3271 (Gulat.
2358 3217 2436 3268 ιιι,
2465 3200 2602 3271 23);
2636 3201 2736 3256 hoc
2766 3201 3068 3271 signitieare
3097 3201 3307 3256 videtur
3345 3209 3399 3256 et
3430 3201 3719 3272 Dominus,

2132 3307 2253 3347 cum
2276 3291 2405 3347 dicit
2429 3292 2495 3348 de
2522 3293 2603 3347 his
2629 3309 2762 3364 quos
2792 3294 3024 3364 quinque
3049 3293 3273 3363 panibus
3300 3301 3547 3365 pasturus
3577 3304 3718 3363 erat,

2133 3381 2255 3437 Non
2294 3399 2420 3454 Opus
2467 3385 2648 3438 habent
2695 3385 2803 3451 ire;
2847 3386 2934 3439 sed
2969 3385 3086 3440 date
3127 3386 3228 3439 illis
3273 3402 3360 3440 vos
3409 3387 3726 3442 manducare

2130 3473 2356 3550 (Matth.
2406 3492 2521 3542 xxv,
2559 3476 2680 3548 16).
2723 3477 2833 3534 Sub
2873 3478 2956 3534 bis
2994 3487 3174 3536 autem
3214 3481 3388 3536 verbis
3424 3481 3726 3552 ﬁguraliter

2077 3583 2083 3588 ·
2133 3575 2380 3639 tanquam
2420 3570 2793 3624 custodiendi‘
2835 3570 3174 3640 detinentur,
3220 3587 3340 3626 eum
3384 3573 3484 3628 hoc
3532 3573 3727 3629 admo-

2129 3662 2370 3716 nuisscnt
2399 3661 2662 3732 discipuli,
2692 3671 2746 3717 ut
2770 3663 3060 3719 dimitteret
3097 3680 3209 3720 eos.
3245 3663 3414 3733 Hujus
3443 3680 3574 3719 vero
3604 3676 3726 3722 tus-

2069 3797 2078 3836 :
2125 3755 2226 3822 hac,
2263 3772 2381 3827 quae
2410 3756 2477 3811 ad
2507 3765 2710 3826 septem
2742 3771 2908 3828 panes
2935 3759 3186 3828 pertinet,
3217 3758 3360 3813 ultro
3385 3773 3442 3813 se
3472 3757 3725 3814 misereri

2063 3857 2076 3898 ’ί
2125 3847 2293 3913 dixit,
2334 3849 2477 3919 quod
2501 3849 2613 3920 jam
2656 3851 2844 3906 tertius
2873 3849 2992 3905 dies
3031 3858 3216 3918 esset,
3246 3866 3309 3905 ex
3334 3865 3440 3921 quo
3467 3850 3516 3905 ei
3549 3850 3726 3920 jejuni

427 3945 796 4014 temporaliter
823 3944 1089 3998 delectant
1115 3962 1128 3997 :
1161 3943 1314 3997 tertia
1336 3985 1350 4008 ,
1383 3941 1605 3996 firmitas
1631 3941 1795 3996 animi
1821 3940 2016 3996 adver-

427 4052 524 4098 sus
553 4055 614 4093 ea
653 4054 771 4107 qua:
803 4037 1164 4106 temporaliter
1206 4035 1428 4090 molesta
1464 4043 1586 4089 sunt
1613 4053 1625 4088 :
1656 4045 1872 4106 quarta,
1901 4051 2019 4106 qum
2069 4045 2080 4052 "

2126 3937 2429 3998 hxesissent.
2463 3941 2521 3996 In
2561 3950 2672 3998 toto
2702 3942 2844 3998 enim
2883 3943 3078 3998 saeculo
3111 3943 3322 4013 generis
3363 3942 3580 3997 humani
3610 3951 3730 3998 ter-

2129 4035 2258 4090 tium
2291 4046 2502 4107 tempus
2528 4046 2634 4103 est,
2664 4052 2770 4108 quo
2791 4037 2913 4113 fidei
2938 4037 3243 4092 Christianae
3262 4039 3432 4107 gratia
3462 4038 3586 4093 data
3609 4047 3722 4095 est.

2127 4130 2363 4185 Primum
2386 4144 2464 4187 est
2491 4140 2614 4187 ante
2635 4131 2853 4202 Legem,
2877 4131 3168 4187 secundum
3195 4131 3294 4186 sub
3320 4131 3481 4201 Lege,
3503 4133 3727 4189 tertium

2139 4223 2238 4278 sub
2259 4224 2456 4280 Gratia.
2487 4224 2552 4279 Et
2573 4224 2823 4295 quoniam
2844 4233 3086 4294 quartum
3113 4221 3287 4276 adhuc
3309 4232 3495 4288 restat,
3517 4238 3621 4294 quo
3655 4224 3728 4279 ad

2146 4315 2500 4388 plenissimam
2540 4331 2726 4386 pacem
2762 4317 3058 4374 Jerusalem
3099 4316 3333 4372 caelestis
3370 4317 3579 4372 venturi
3625 4332 3728 4373 suo

2137 4427 2278 4478 mus,
2309 4425 2414 4480 quo
2447 4410 2616 4464 tendit
2639 4409 2878 4480 quisquis
2927 4417 3072 4464 recte
3097 4409 3270 4464 credit
3313 4409 3368 4463 in
3407 4409 3726 4476 Christum;

2128 4512 2408 4573 propterea
2433 4517 2494 4556 se
2521 4502 2654 4571 dicit
2681 4501 2888 4557 turbam
2915 4501 3058 4556 illam
3089 4503 3313 4558 reficere
3344 4502 3622 4568 Dominus,
3655 4519 3727 4560 ne

2127 4594 2378 4649 deficiant.
2415 4593 2469 4648 in
2509 4594 2614 4648 via.
2640 4593 2748 4648 Ista
2786 4595 2929 4648 enim
2972 4595 3299 4664 dispensatio
3325 4597 3344 4627 ³
3371 4636 3387 4662 ,
3427 4610 3530 4666 qua
3562 4597 3728 4653 nobis

2127 4685 2386 4740 Dominus
2426 4684 2793 4755 temporaliter
2821 4694 2878 4740 et
2909 4686 3186 4742 visibiliter
3223 4689 3275 4742 in
3307 4688 3522 4743 homine
3546 4703 3724 4759 appa-

2125 4794 2244 4832 rere
2270 4778 2518 4849 dignatus
2537 4788 2639 4846 est,
2668 4788 2724 4835 et
2745 4779 2894 4836 dedit
2919 4780 3074 4836 nobis
3102 4782 3290 4852 pignus
3314 4783 3568 4852 Spiritum
3589 4796 3724 4840 san-

2125 4880 2288 4933 ctum,
2321 4871 2473 4940 cujus
2494 4872 2804 4941 Operatione
2833 4873 3134 4945 septenaria
3158 4885 3550 4944 vegetarentur,
3583 4891 3727 4945 apo-

2125 4963 2307 5018 stolica
2349 4965 2667 5022 auctoritate
2709 4967 2862 5037 quasi
2912 4983 3199 5036 paucorum
3253 4969 3477 5038 piscium
3522 4982 3726 5038 sapore

2123 5057 2410 5128 conjuncto
2443 5078 2454 5113 :
2486 5059 2603 5116 base
2625 5076 2756 5132 ergo
2780 5061 3107 5132 dispensatio
3130 5062 3256 5132 quid
3283 5062 3428 5118 aliud
3451 5065 3579 5135 agit,
3613 5065 3723 5120 nisi

2125 5160 2185 5206 ut
2208 5153 2273 5206 ad
2305 5154 2536 5223 palmam
2556 5169 2802 5224 superna:
2827 5155 3124 5209 vocationis
3150 5157 3265 5210 sine
3285 5155 3494 5210 defectu
3520 5155 3721 5211 virium

2124 5245 2406 5316 pervenire
2449 5246 2752 5315 possimus?
2802 5245 2902 5302 Per
2931 5245 3085 5316 ﬁdem
3113 5247 3246 5300 enim
3273 5246 3630 5313 ambulamus,
3670 5256 3720 5302 et

2124 5356 2226 5393 non
2263 5356 2350 5408 per
2382 5341 2597 5409 speciem
2628 5339 2712 5409 (II
2753 5339 2870 5394 Cor.
2901 5355 2954 5405 ν,
2989 5340 3050 5405 5,.
3073 5341 3103 5394 ’Ζ
3125 5340 3164 5409 ).
3195 5340 3259 5393 Et
3281 5339 3398 5408 ipse
3435 5340 3720 5409 apostolus

2123 5432 2319 5488 Paulus
2347 5433 2579 5486 nondum
2603 5448 2662 5488 se
2685 5432 2813 5487 dicit
2838 5432 3314 5502 comprehendisse
3337 5449 3558 5504 regnum
3587 5433 3714 5500 Dei,

2126 5524 2232 5580 Sed
2262 5542 2320 5578 ea
2341 5541 2453 5595 quae
2481 5535 2614 5579 retro
2649 5534 2768 5579 sunt
2795 5525 2994 5590 oblitus,
3029 5524 3082 5577 in
3101 5541 3163 5578 ea
3188 5540 3302 5593 qua
3328 5534 3444 5578 ante
3471 5535 3587 5579 sunt
3617 5541 3715 5580 ea:-

2124 5628 2287 5674 lenttxs
2308 5661 2321 5683 ,
2355 5620 2626 5673 secundant
2670 5621 2993 5674 intentionem
3025 5635 3243 5691 sequor,
3279 5619 3469 5688 inquit,
3499 5619 3568 5672 ad
3597 5620 3719 5689 pal-

2122 5732 2258 5769 mam
2277 5731 2511 5786 superne
2532 5715 2828 5769 vocationis.
2867 5711 3222 5768 Verumtamen
3247 5714 3299 5768 in
3324 5715 3460 5784 quod
3486 5714 3718 5784 perveni-

2121 5827 2256 5877 mus,
2287 5811 2338 5863 in
2358 5827 2414 5863 eo
2440 5809 2752 5864 ambulemus
2779 5807 3056 5880 (Philipp.
3089 5825 3167 5873 ιιι,
3198 5808 3426 5880 15-16);
3454 5809 3576 5879 quia
3611 5818 3716 5864 ter-

2186 5972 2202 6003 ι
2237 5970 2310 6020 sic
2330 5968 2497 6031 plures
2527 5976 2630 6019 Mss.
2667 5970 2786 6021 Editi
2816 5983 2964 6034 vero,
2988 5971 3216 6034 tanquam
3248 5973 3483 6026 custodia.

2119 6036 2296 6151 et!"
2321 6040 2522 6146 autem,
2555 6039 2646 6084 Ista
2666 6039 2738 6088 est
2759 6033 2888 6087 enim
2909 6032 3214 6098 dispensatio.
3235 6039 3378 6087 —Sic
3396 6039 3541 6089 etiam
3561 6038 3708 6102 Lugd.
