3942 6416
231 498 292 554 ες
447 493 452 496 -
1623 473 1791 532 LIBE]

1901 473 2066 535 iNUS.
3419 501 3493 561 ω

243 627 306 680 tio
327 621 394 674 die
427 613 636 671 Domino
661 607 1044 664 adhzerentes
1072 615 1136 664 et
1168 605 1234 662 ab
1257 604 1345 662 illo
1368 605 1502 676 pasti
1517 640 1532 666 ,
1561 611 1668 653 non
1692 596 1790 653 de~

247 717 436 772 ﬁdamus
450 710 498 764 in
514 708 618 762 via.

300 811 342 866 8.
371 805 522 860 Etiam
560 800 654 856 hic
687 813 826 856 sane
863 797 1154 868 perveniri
1187 795 1252 852 ad
1285 793 1596 852 comedendi
1633 791 1796 854 ﬁnem

244 921 330 962 non
365 899 544 972 potuit,
575 895 672 952 sed
695 893 914 950 relicta:
941 899 1076 948 sunt
1101 905 1256 946 escas.
1291 889 1404 945 Non
1433 887 1574 944 enim
1600 885 1795 942 frustra

247 1000 304 1056 de
329 998 480 1052 futuro
501 992 704 1050 dictum
727 999 834 1056 est,
873 986 1138 1052 Putasne,
1167 985 1363 1040 veniens
1387 983 1436 1038 F
1437 984 1556 1038 ilius
1581 982 1798 1038 heroinis

249 1093 428 1150 inveniet
445 1090 460 1120 ί
481 1087 636 1158 ﬁdem
659 1101 814 1153 super
836 1091 1032 1136 terrain
1059 1080 1218 1152 (Luc.
1243 1095 1394 1142 xvm,
1421 1077 1530 1150 8)?
1551 1078 1616 1132 Et
1635 1077 1796 1132 credo

247 1190 306 1243 ita
329 1186 538 1240 httumm
557 1223 576 1246 ,
603 1185 828 1249 propter
863 1176 1122 1232 mulieres
1149 1181 1204 1228 et
1231 1188 1444 1243 pueros.
1485 1172 1590 1228 Sed
1621 1179 1796 1228 tamen

237 1289 418 1349 septem
445 1283 652 1345 sportas
681 1269 930 1340 reliquie:
967 1267 1384 1338 fragmentorum
1425 1265 1790 1334 impleverunt,

237 1371 298 1426 ad
315 1383 432 1440 quas
451 1365 688 1422 Ecclesia
710 1361 1062 1434 septiformis,
1084 1375 1204 1430 qua:
1221 1360 1276 1414 in
1293 1358 1614 1429 Apocalypsi
1635 1359 1796 1413 etiam

237 1461 532 1518 describitur
561 1457 758 1530 (Apoc.
791 1471 832 1518 ι,
869 1453 960 1524 4),
1007 1453 1254 1522 pertinet,
1287 1451 1338 1506 id
1367 1461 1470 1516 est,
1503 1451 1678 1506 omnis
1705 1451 1796 1520 qui

235 1553 634 1626 perseveraverit
675 1565 848 1620 usque
875 1549 928 1602 in
960 1547 1141 1602 ﬁnem.
1189 1547 1280 1602 llle
1323 1547 1466 1600 enim
1499 1546 1584 1616 qui
1627 1544 1792 1614 dixit,

235 1649 472 1712 Putasne,
511 1647 710 1704 veniens
749 1641 922 1696 Filius
949 1639 1166 1694 hominis
1209 1639 1424 1694 inveniet
1453 1637 1606 1708 ﬁdem
1648 1655 1798 1710 super

239 1745 448 1800 ter-rant?
477 1741 790 1812 signiﬁcavit
815 1736 1028 1808 quidem
1055 1737 1108 1790 in
1139 1743 1378 1789 extremo
1406 1733 1636 1788 convivii
1663 1733 1684 1764 '
1710 1748 1800 1789 re-

241 1839 394 1908 linqui
421 1851 570 1906 posse
611 1843 666 1890 et
698 1833 874 1888 deseri
905 1845 1056 1884 escas
1085 1843 1212 1884 suas
1237 1845 1248 1882 :
1279 1827 1372 1885 sed
1403 1829 1656 1898 quoniam
1683 1829 1798 1898 ipse

245 1931 360 1984 item
385 1929 528 1990 dixit,
560 1927 654 1992 Qui
677 1924 1056 1996 perseveraverit
1083 1937 1237 1992 usque
1259 1923 1312 1975 in
1337 1923 1489 1990 ﬁnem
1513 1921 1554 1988 ⁸,
1588 1922 1670 1974 hic
1693 1920 1800 1975 sal-

249 2036 334 2076 ras
355 2021 438 2072 erit
465 2018 676 2084 (Matth.
697 2032 842 2080 xxxv,
871 2013 966 2084 l5)
986 2031 1002 2080 ;
1025 2013 1342 2084 significavit
1367 2028 1472 2067 non
1495 2011 1796 2068 defuturam

265 2111 574 2175 Ecclesiam,
615 2125 724 2178 qua:
751 2106 1038 2178 septenario
1069 2120 1296 2161 numero
1333 2104 1550 2162 eosdem
1591 2112 1796 2174 septem

271 2217 422 2272 panes
443 2201 772 2256 abundantius
789 2200 1018 2269 recipiat,
1041 2208 1098 2254 et
1117 2198 1398 2254 latitudine
1417 2197 1594 2253 cordis
1608 2194 1652 2266 ’⁸,
1676 2211 1795 2266 qua:

267 2296 416 2364 ipsam
439 2293 858 2362 perseverantiam
889 2293 944 2348 in
983 2291 1186 2364 sportis
1211 2291 1424 2346 videtur
1451 2288 1752 2360 signiﬁcare
1773 2327 1790 2356 ,

257 2390 516 2444 cont'neat.

251 2503 392 2558 LXII.
425 2503 500 2558 De
519 2519 572 2558 eo
601 2501 732 2572 quod
755 2505 1000 2576 scriptum
1026 2511 1098 2558 est
1121 2503 1174 2556 in
1207 2501 1498 2574 Evangelia,
1527 2499 1660 2568 Quia
1703 2501 1798 2555 ba-

315 2597 514 2666 ptizabat
537 2595 682 2651 Iesus
707 2597 892 2666 plures
921 2612 1078 2666 quam
1109 2596 1381 2663 Joannes;
1406 2595 1646 2668 quamvis
1682 2593 1795 2662 ipse

318 2701 408 2742 non
429 2687 718 2758 baptizaret,
745 2687 841 2744 sed
863 2687 1109 2758 discipuli
1137 2689 1250 2759 ejus
1276 2687 1455 2758 (Joan.
1487 2705 1562 2756 tv,
1589 2688 1637 2750 i,
1672 2685 1750 2758 2).

320 2800 546 2868 Qureritur
563 2813 734 2857 utrum
759 2804 850 2874 qui
881 2803 1134 2874 baptizati
1155 2815 1276 2859 sunt
1297 2805 1389 2860 illo
1423 2817 1658 2874 tempore
1687 2821 1792 2876 quo

257 2893 472 2962 scriptum
491 2905 560 2948 est
581 2895 865 2950 Dominum
901 2911 1000 2966 per
1028 2897 1314 2966 discipulos
1343 2912 1469 2953 suos
1499 2899 1794 2968 baptizassc

261 2987 416 3053 plures
442 3004 578 3058 quam
615 2989 850 3044 Joannes
873 3033 885 3055 ,
914 2991 1220 3060 acceperint
1246 2991 1499 3060 Spiritum
1528 3001 1790 3046 sanctum.

265 3081 368 3136 Alio
391 3083 512 3136 enim
543 3084 646 3138 loco
683 3085 964 3154 Evangelii
1011 3087 1090 3140 sic
1133 3085 1364 3141 dicitur:
1397 3085 1617 3156 Spiritus
1661 3087 1792 3140 enim

251 3173 452 3228 nandum
487 3187 578 3230 erat
601 3178 751 3231 datus
774 3219 790 3244 ,
824 3179 944 3248 quia
971 3177 1126 3232 Jesns
1150 3179 1372 3232 nondum
1403 3187 1507 3232 erat
1534 3179 1794 3248 clariﬁca-

245 3279 320 3321 ms
341 3265 468 3338 (Ιώ,
496 3285 584 3334 vn,
617 3269 732 3342 39).
767 3271 836 3324 Et
863 3269 1116 3326 facillime
1145 3271 1359 3341 quidem
1393 3271 1462 3326 ita
1497 3273 1793 3344 responde-

241 3367 338 3424 tur,
369 3361 490 3430 quod
513 3361 764 3418 Dominus
799 3363 992 3430 Jcsus,
1039 3365 1126 3433 qui
1157 3365 1318 3420 etiam
1361 3375 1598 3420 mortuos
1627 3367 1795 3420 susci-

241 3451 374 3508 tabat
395 3496 408 3518 ,
448 3465 641 3525 poterat
667 3455 939 3512 neminem
971 3457 1186 3514 illorum
1211 3459 1348 3514 mori
1385 3459 1594 3526 sinere,
1623 3459 1794 3515 donec

239 3555 352 3616 post
385 3548 483 3618 ejus
519 3549 974 3617 clariﬁcationem,
1031 3551 1084 3606 id
1131 3560 1234 3620 est,
1285 3553 1732 3608 resurrectionem
1760 3567 1791 3606 a

241 3643 439 3696 mortuis
465 3651 512 3697 et
535 3643 902 3698 ascensionem
945 3643 996 3697 in
1025 3645 1242 3710 caelum,
1286 3645 1588 3714 acciperent
1618 3645 1789 3715 Spiri-

237 3743 336 3788 tum
357 3745 596 3790 sanctum.
623 3735 730 3790 Sed
757 3737 988 3790 occurrit
1013 3737 1191 3790 animo
1217 3737 1352 3791 latro
1373 3737 1458 3792 ille
1479 3737 1562 3791 cui
1592 3735 1790 3791 dictum

233 3837 322 3892 est,
383 3827 524 3880 Amen
570 3829 684 3882 dico
731 3829 844 3896 tibi,
895 3827 1045 3882 hodie
1085 3844 1280 3882 mecum
1307 3829 1406 3883 eris
1435 3829 1486 3882 in
1515 3828 1790 3900 paradiso;

231 3919 306 3988 qui
339 3936 428 3976 nec
457 3923 628 3992 ipsum
673 3921 1007 3992 Baptismum
1046 3931 1321 3990 acceperat
1350 3919 1444 4013 (tt).
1477 3921 1787 3990 Quanquam

229 4013 509 4078 Contelius,
537 4024 594 4068 et
631 4015 724 4086 qui
757 4029 874 4068 cum
917 4030 983 4070 eo
1013 4030 1076 4068 ex
1117 4013 1376 4068 Gentibus
1413 4013 1784 4080 crediderant,

227 4105 452 4178 Spiritum
479 4121 724 4162 sanctum
745 4108 902 4164 etiam
931 4107 1238 4178 priusquam
1268 4106 1668 4174 baptizarentur
1695 4121 1786 4166 ae-

227 4205 438 4272 ceperint
465 4205 602 4272 (Act.
625 4221 692 4268 ι,
725 4204 816 4270 44,
841 4201 930 4274 47)
957 4221 971 4258 τ
997 4218 1100 4257 ιιοη
1132 4211 1308 4258 tamen
1341 4187 1498 4258 video
1519 4201 1788 4272 quomodo

229 4305 276 4350 et
313 4297 390 4351 ille
423 4297 556 4353 latro
601 4299 720 4352 sine
745 4296 946 4366 Spiritu
975 4305 1160 4352 sancto
1187 4295 1364 4352 dicere
1391 4297 1642 4366 potuerit,
1673 4293 1788 4348 Me-

229 4400 374 4442 mento
393 4393 498 4454 mei,
537 4389 774 4456 Domine,
803 4389 924 4442 dum
943 4389 1134 4443 veneris
1159 4389 1212 4442 in
1236 4406 1448 4460 regnum
1480 4399 1614 4442 tuum
1637 4387 1785 4460 (Luc.

227 4495 354 4546 mu,
383 4484 470 4547 45,
497 4481 616 4550 .52).
655 4480 708 4534 Ν
714 4498 822 4534 enm
857 4481 1000 4536 enim
1033 4481 1190 4548 dicit,
1223 4479 1474 4534 Dominus
1509 4479 1679 4546 Iesus,
1715 4480 1790 4533 ait

221 4571 510 4642 Apostolus,
535 4575 634 4628 nisi
669 4575 721 4626 in
748 4573 948 4644 Spiritu
979 4583 1150 4628 sancto
1182 4571 1224 4647 (l
1245 4572 1364 4628 Cor.
1394 4589 1486 4636 stt,
1519 4573 1593 4644 5).
1624 4573 1786 4642 Cujus

219 4662 322 4718 ﬁdei
344 4665 571 4720 fructum
603 4667 716 4736 ipse
739 4666 996 4721 Dominus
1024 4667 1336 4721 monstravit
1375 4665 1558 4730 dicens
1581 4707 1596 4733 ,
1627 4666 1788 4720 Amen

217 4753 314 4807 dico
335 4759 442 4822 tibi,
467 4759 614 4812 hodie
649 4776 846 4812 mecum
873 4760 972 4812 eris
997 4759 1048 4812 in
1073 4760 1329 4830 paradiso.
1356 4759 1632 4828 Quomodo
1659 4776 1786 4830 ergo

217 4845 452 4904 inell‘abili
507 4859 770 4920 potestate
819 4849 1143 4906 dominantis
1196 4851 1332 4906 Dei3
1383 4863 1542 4921 atque
1583 4849 1786 4920 justitia

216 4936 506 5008 deputatum
555 4953 636 4998 est
673 4944 837 4998 etiam
881 4943 1148 5014 Baptisma
1198 4943 1437 5000 credenti
1477 4943 1688 5008 latroni,
1735 4951 1789 4998 et

217 5047 300 5100 pro
317 5047 540 5108 accepto
579 5037 814 5092 habitum
857 5038 912 5092 in
941 5038 1118 5092 animo
1153 5037 1354 5102 libero,
1385 5035 1533 5107 quod
1575 5036 1626 5090 in
1667 5051 1785 5090 cor-

217 5137 330 5190 pore
363 5127 622 5183 crucifixo
657 5128 826 5197 accipi
867 5145 973 5182 non
1015 5128 1262 5198 poterat“
1315 5127 1392 5181 sic
1447 5129 1608 5182 etiam
1665 5125 1786 5194 Spi-

215 5215 328 5270 ritus
383 5231 604 5274 sanctus
663 5219 894 5275 latenter
959 5219 1184 5274 dabatur
1229 5227 1350 5274 ante
1411 5218 1622 5273 Domini
1673 5217 1785 5272 cla-

215 5307 588 5379 rilieationem;
653 5322 772 5382 post
823 5311 1309 5368 manifestationem
1361 5319 1538 5370 autem
1591 5309 1785 5366 divini-

271 5445 402 5510 (ttat.
425 5459 488 5497 ac
509 5445 680 5510 plures
695 5455 825 5510 Mss,
851 5455 1056 5499 Putasne
1083 5446 1238 5499 veniet
1255 5445 1624 5499 Filiusltominis
1641 5455 1686 5499 et
1709 5447 1784 5498 in-

217 5509 362 5554 vadet.
377 5511 450 5558 sic
473 5509 670 5560 rursum
693 5509 830 5559 infra.

273 5567 436 5636 fruiti,
467 5571 696 5621 conuitio.
723 5579 776 5620 Αι
793 5579 900 5621 Mss.
929 5571 1172 5636 plerique,
1200 5571 1411 5636 ronvipii.

267 5628 678 5718 ξ
707 5628 1364 5718 Beatus‘qnirpefs’eoeraae-rit
1384 5647 1529 5718 tuque
1621 5633 1782 5700 ﬁnem.

251 5693 286 5756 f
307 5693 436 5758 Editi,
450 5693 752 5758 latitudinem
773 5693 952 5746 cordis.
977 5693 1258 5748 (ioue-iunius
1279 5706 1404 5758 Mss,
1417 5693 1666 5748 latitudine
1681 5713 1787 5750 cor-

215 5747 410 5826 dia-Sed
425 5747 492 5806 ex
521 5757 597 5826 his
619 5755 784 5826 iiut-es
805 5761 1286 5826 sic_|-ro§etp1_utitttr_:
1312 5747 1544 5824 qiaeipsa
1561 5747 1786 5824 perseue-

211 5819 354 5884 rantia
371 5819 429 5884 in
443 5819 620 5879 sportis
633 5820 818 5869 videtur
839 5819 1121 5884 signi/icaii,
1145 5819 1391 5874 contineat.

267 5877 286 5940 ξ
303 5883 352 5926 In
369 5877 560 5940 aliquot
581 5889 684 5930 Mss.
708 5877 975 5940 multiatur,
991 5881 1094 5932 Dei.

267 5936 502 6002 iscptein
531 5950 652 6002 uss,
669 5957 764 5993 non
789 5936 954 6002 potest.

265 5999 330 6062 (α)
359 5999 731 6070 incautam.

1909 596 2030 652 tatis
2084 597 2200 668 ejus
2257 601 2593 662 manifestius
2643 605 2797 662 datus
2834 617 2936 664 est.
3000 609 3068 666 Et
3127 610 3234 671 hoc
3290 613 3490 673 dictum

1903 699 2016 756 est,
2059 689 2284 762 Spiritus
2328 703 2493 750 autem
2533 696 2756 764 nondum
2779 709 2886 754 erat
2925 699 3188 762 datus:id
3215 713 3320 776 est,
3349 723 3490 764 non-

1903 783 2027 840 dum
2071 786 2148 841 sic
2175 797 2514 858 apparuerat,
2551 801 2609 846 ut
2635 807 2820 847 omnes
2862 809 2984 850 eum
3029 797 3210 854 datum
3253 815 3374 858 esse
3411 800 3490 858 fa-

1905 885 2164 934 terentur.
2205 879 2352 936 Sicut
2391 883 2549 938 etiam
2593 883 2850 941 Dominus
2883 887 3120 944 nondum
3150 899 3266 946 erat
3287 892 3490 948 clariﬁ-

1903 981 2054 1028 catus
2073 973 2212 1029 inter
2239 973 2504 1044 homines,
2530 977 2626 1032 sed
2651 985 2828 1034 tamen
2856 979 3168 1038 clariﬁcatio
3191 983 3306 1052 ejus
3333 996 3490 1044 teter-

1904 1082 1970 1120 na
1999 1083 2264 1138 nunquam
2293 1085 2412 1126 esse
2444 1070 2663 1128 destitit.
2713 1073 2862 1130 Sicut
2895 1085 2950 1130 et
2971 1076 3230 1132 adventus
3255 1079 3372 1150 ejus
3423 1095 3488 1136 ca

1901 1159 2015 1230 ipsa
2043 1160 2238 1216 dicitur
2261 1161 2646 1220 demonstratio
2675 1165 2728 1220 in
2748 1181 2910 1223 carne
2939 1169 3170 1224 mortali.
3199 1169 3330 1226 Nam
3362 1171 3488 1228 illuc

1901 1254 2066 1320 venit,
2100 1253 2186 1308 ubi
2211 1265 2325 1310 erat
2353 1274 2366 1309 :
2397 1257 2520 1327 quia
2547 1258 2598 1312 in
2623 1275 2718 1314 sua
2763 1261 2972 1330 propria
3003 1262 3172 1328 venit;
3201 1271 3274 1328 et,
3312 1264 3366 1318 in
3393 1265 3488 1320 hoc

1903 1346 2092 1399 mundo
2113 1357 2239 1412 erat,
2263 1357 2310 1402 et
2331 1349 2546 1404 mundus
2563 1365 2653 1420 per
2663 1351 2830 1422 ipsum
2859 1352 3022 1422 {actus
3037 1363 3108 1408 est
3127 1351 3304 1428 (Joan.
3325 1372 3364 1421 ι,
3395 1357 3483 1423 ll,

1903 1435 2014 1510 10).
2034 1439 2180 1494 Sicut
2192 1457 2317 1511 ergo
2333 1441 2540 1496 Domini
2555 1443 2814 1500 adventus
2827 1445 3134 1516 intelligitur
3159 1447 3487 1502 demonstra-

1903 1533 1978 1588 tio
2003 1535 2312 1604 corporalis,
2337 1544 2512 1592 tamen
2535 1547 2656 1594 ante
2684 1537 2824 1593 hanc
2843 1539 3350 1596 demonstrationem
3375 1541 3488 1611 ipse

1901 1628 1956 1682 in
1995 1627 2241 1684 onmibus
2291 1629 2572 1699 Prophetis
2614 1633 2812 1688 sanctis
2851 1641 3100 1704 tanquam
3131 1635 3226 1689 Dei
3254 1635 3488 1690 Verbum

1901 1728 1955 1776 et
1976 1721 2066 1776 Dei
2095 1721 2364 1792 Sapientia
2392 1721 2599 1776 locutus
2645 1733 2765 1778 est:
2795 1724 2872 1778 sic
2896 1733 2950 1780 et
2977 1723 3234 1781 adventus
3256 1725 3487 1796 Spiritus

1902 1816 2068 1870 sancti
2109 1817 2494 1872 demonstratio
2541 1817 2770 1886 Spiritus
2820 1817 2989 1872 sancti
3017 1827 3100 1876 est
3151 1819 3280 1890 ipsis
3325 1819 3486 1874 etiam

1900 1907 2068 1962 oculis
2111 1910 2340 1975 carneis,
2389 1909 2598 1980 quando
2637 1909 2782 1964 visus
2820 1919 2902 1964 est
2931 1909 3066 1980 ignis
3094 1910 3292 1968 divisus
3329 1925 3492 1982 super

1902 2014 2016 2066 eos,
2043 2009 2099 2056 et
2125 2009 2400 2072 creperum
2430 2001 2574 2071 loqui
2604 2001 2796 2072 linguis
2824 2001 2959 2076 (Act.
2993 2019 3050 2070 ιι,
3082 2003 3134 2070 5,
3173 2001 3252 2076 4).
3279 2003 3412 2058 Nam
3442 2002 3490 2059 si

1903 2111 2008 2150 non
2040 2103 2154 2149 erat
2189 2095 2242 2150 in
2270 2095 2575 2150 hominibus
2601 2095 2828 2166 Spiritus
2867 2106 3082 2152 sanctus
3121 2105 3244 2152 ante
3277 2097 3488 2152 Domini

1901 2185 2164 2242 visibilem
2193 2187 2650 2256 clariﬁcationem,
2677 2189 2946 2258 quomodo
2970 2188 3152 2246 dicere
3175 2189 3346 2260 potuit
3375 2187 3482 2244 Da-

1899 2277 2010 2346 vid,
2040 2279 2108 2332 Et
2137 2278 2390 2350 Spiritum
2415 2291 2648 2334 sanctum
2675 2289 2813 2332 tuum
2835 2297 2896 2334 ne
2923 2281 3128 2348 auferas
3153 2297 3184 2334 a
3212 2298 3292 2336 me
3313 2279 3485 2352 (Psal.

1901 2388 1952 2440 1.,
1985 2373 2112 2443 i3)?
2138 2374 2244 2426 Aut
2271 2371 2540 2442 quomodo
2559 2372 2772 2442 impleta
2793 2381 2874 2436 est
2905 2371 3176 2428 Elisabetb
3205 2381 3258 2428 et
3286 2371 3491 2426 Zacha-

1898 2465 2007 2520 rias
2033 2465 2116 2519 vir
2151 2465 2268 2535 ejus
2293 2473 2349 2518 ut
2375 2463 2774 2534 prophetareut,
2795 2473 2846 2518 et
2876 2464 3050 2530 Anna,
3082 2473 3137 2520 et
3157 2465 3394 2532 Simeon,
3421 2465 3492 2521 de

1899 2557 2091 2628 quibus
2116 2556 2362 2626 omnibus
2382 2555 2636 2626 scriptum
2661 2565 2742 2611 est
2763 2557 2902 2627 quod
2921 2557 3123 2627 impleti
3142 2555 3340 2628 Spiritu
3361 2573 3490 2614 san-

1898 2657 2006 2716 cto,
2031 2649 2116 2704 illa
2135 2666 2252 2718 qum
2281 2650 2332 2703 in
2351 2649 2876 2720 Evangeliolegimus
2895 2650 3128 2706 dixerint
3153 2649 3302 2722 (Luc.
3325 2667 3362 2714 t.
3385 2652 3486 2708 41-

1898 2740 1988 2805 45,
2013 2741 2206 2806 60-79,
2238 2751 2291 2796 et
2317 2758 2374 2802 ιι,
2401 2741 2594 2815 25-58)
2615 2741 2638 2795 ?
2659 2739 2730 2798 Ut
2757 2753 2936 2796 autem
2959 2743 3202 2813 quaedam
3237 2743 3484 2810 latenter,

1899 2832 2142 2902 quaedam
2165 2847 2290 2890 vero
2315 2848 2413 2906 per
2435 2841 2734 2890 creaturam
2763 2833 3022 2890 visibilem
3047 2834 3326 2890 visibiliter
3347 2835 3489 2890 Deus

1899 2931 2183 2994 operetur,
2232 2925 2466 2996 pertinet
2516 2923 2582 2980 ad
2633 2924 3070 2996 gubernationem
3118 2927 3484 2996 providentur,

1899 3033 2002 3088 qua
2049 3033 2236 3072 omnes
2277 3017 2470 3072 divina:
2509 3019 2746 3072 actiones
2786 3019 3026 3074 locorum
3083 3027 3488 3090 temporumque

1899 3109 2117 3164 ordiue’
2144 3124 2208 3164 ac
2241 3109 2581 3165 distinctione
2608 3109 2966 3178 pulcherrima
2993 3118 3336 3182 peraguntur,
3365 3126 3486 3166 cum

1898 3197 2012 3268 ipsa
2041 3199 2286 3254 divinitas
2315 3215 2415 3255 nec
2454 3209 2697 3255 teneatur
2719 3217 2820 3256 nec
2845 3201 3036 3274 migret
3061 3202 3212 3268 locis,
3243 3219 3341 3258 nec
3367 3211 3486 3258 ten-

1899 3289 2056 3344 datur
2085 3293 2382 3346 vat'ieturve
2423 3293 2770 3361 temporibus.
2821 3293 3100 3360 Quomodo
3152 3304 3328 3350 autem
3371 3299 3486 3366 ipse

1901 3381 2158 3436 Dominus
2187 3396 2366 3436 secum
2399 3381 2627 3438 habebat
2654 3387 2834 3456 utique
2868 3385 3122 3455 Spiritum
3148 3399 3392 3444 sanctum
3428 3389 3484 3444 in

1898 3471 2014 3542 ipso
2045 3471 2260 3526 homine
2291 3489 2448 3544 quem
2496 3473 2733 3545 gerebat,
2781 3477 2992 3545 quando
3020 3487 3078 3532 ut
3121 3479 3481 3548 baptizaretur

1897 3565 2038 3620 venit
2056 3563 2121 3620 ad
2137 3565 2418 3632 Joannem,
2434 3574 2488 3621 et
2505 3575 2680 3621 tamen
2699 3577 3044 3639 posteaquam
3061 3569 3356 3641 baptizatus
3373 3580 3476 3642 est,

1895 3657 2221 3714 descendere
2251 3659 2304 3712 in
2339 3675 2460 3714 eum
2482 3657 2710 3730 Spiritus
2737 3671 2954 3716 sanctus
2988 3659 3133 3718 visus
3157 3669 3241 3718 est
3289 3663 3342 3717 in
3386 3679 3482 3718 co-

1899 3749 2093 3805 lumbae
2121 3751 2299 3822 specie
2346 3751 2556 3823 (Matth.
2582 3753 2659 3820 ui,
2702 3751 2932 3822 i346):
2973 3753 3050 3810 sic
3079 3749 3483 3826 intelligendum

1896 3853 1978 3900 est
2007 3855 2060 3901 et
2087 3855 2211 3901 ante
2239 3845 2578 3942 manifestum
2605 3854 2660 3902 et
2685 3845 2949 3902 visibilem
2987 3847 3275 3904 adventum
3305 3847 3480 3920 Spiri-

1897 3947 1980 3992 tus
2005 3939 2170 3994 sancti
2209 3931 2572 4010 quoscuiﬁq’ue
2601 3938 2847 3995 homines
2870 3950 3084 3996 sanctos
3112 3956 3234 3998 eum
3255 3942 3484 3998 latenter

1895 4028 2092 4084 habere
2130 4031 2382 4100 potuisse.
2421 4029 2498 4085 Ita
2537 4046 2666 4088 sane
2698 4031 2800 4088 hoc
2834 4031 3086 4100 diximus,
3113 4041 3172 4088 ut
3217 4033 3484 4106 intelliga-

1893 4137 2012 4176 mus
2038 4121 2198 4177 etiam
2241 4121 2340 4176 ista
2375 4122 2486 4193 ipsa
2535 4121 2724 4176 visibili
2761 4121 3217 4178 demonstratione
3251 4123 3482 4193 Spiritus

1893 4214 2099 4280 sancti,
2133 4213 2220 4284 qui
2246 4213 2507 4267 adventus
2536 4211 2652 4284 ejus
2676 4212 2888 4280 dicitur,
2919 4211 3170 4270 ineffabili
3191 4213 3350 4269 modo
3373 4215 3482 4270 lar-

1892 4305 2009 4374 gius
2041 4303 2094 4358 in
2123 4303 2394 4358 hominum
2416 4303 2575 4360 corda
2603 4303 2687 4359 vel
2706 4305 2864 4360 etiam
2892 4303 3214 4377 incogitabili
3247 4305 3479 4378 plenitu-

1891 4393 2070 4450 dinem
2103 4393 2218 4463 ejus
2238 4394 2484 4448 infusam.

2428 4483 2611 4539 LXIII.
2652 4481 2734 4538 De
2761 4483 2941 4539 Verbo.

1963 4577 2028 4633 In
2048 4577 2299 4651 principio
2325 4585 2429 4631 erat
2463 4575 2681 4631 Verbum
2714 4571 2894 4647 (Joan.
2917 4591 2964 4644 ι,
3001 4573 3078 4650 1).
3123 4575 3276 4645 Quod
3299 4593 3474 4650 graece

1893 4683 2021 4742 λόγος
2049 4673 2260 4740 dicitur,
2290 4671 2451 4727 latine
2489 4678 2546 4726 et
2572 4671 2832 4726 rationem
2861 4679 2916 4728 et
2941 4671 3162 4728 verbum
3191 4672 3472 4742 signiﬁcat.

1891 4765 1996 4821 Sed
2023 4767 2122 4821 hoc
2149 4767 2266 4821 loco
2292 4765 2484 4820 melius
2511 4763 2731 4820 verbum
2771 4765 3200 4836 interpretamur,
3231 4775 3288 4823 ut
3317 4768 3477 4838 signi-

1892 4861 2077 4915 ﬁcetur
2107 4875 2213 4914 non
2239 4861 2411 4916 solum
2444 4858 2508 4913 ad
2549 4857 2762 4915 Patrem
2805 4867 3081 4930 respectus
3101 4903 3117 4928 ,
3149 4861 3244 4916 sed
3287 4861 3355 4917 ad
3386 4861 3474 4919 illa

1891 4955 2046 5010 etiam
2093 4967 2211 5024 quae
2254 4967 2350 5022 per
2394 4951 2627 5007 Verbum
2674 4949 2813 5009 facta
2843 4961 2966 5006 sunt
2989 4953 3258 5022 operativa
3289 4961 3476 5023 poten-

1892 5049 1982 5102 tia.
2014 5045 2167 5101 Ratio
2191 5051 2367 5101 autem
2387 5084 2405 5112 ,
2434 5045 2536 5100 etsi
2563 5043 2696 5100 nihil
2722 5059 2817 5114 per
2841 5045 2984 5100 illam
3017 5045 3136 5114 ﬁat,
3163 5054 3309 5102 recte
3335 5047 3476 5104 ratio

1890 5139 2102 5195 dicitur.

2206 5227 2392 5285 LXIV.
2431 5227 2512 5284 De
2546 5227 2760 5283 muliere
2795 5227 3146 5286 Samaritana.

1961 5325 2013 5380 1.
2057 5323 2372 5394 Evangelica
2415 5330 2748 5380 sacramenta
2787 5321 2842 5377 in
2891 5320 3098 5376 Domini
3129 5324 3298 5379 nostri
3343 5323 3468 5382 Iesu

1889 5417 2082 5473 Christi
2111 5415 2268 5472 dictis
2297 5414 2553 5487 factisque
2591 5415 2794 5486 signata
2836 5427 2940 5469 non
2980 5415 3226 5471 omnibus
3257 5427 3468 5487 patent,

1888 5519 1943 5567 et
1961 5525 2022 5566 ea
2049 5507 2289 5564 nonnulli
2334 5509 2506 5564 minus
2533 5507 2816 5580 diligenter
2843 5507 3124 5578 minusque
3167 5509 3343 5562 sobrie
3382 5507 3470 5564 in-

1889 5599 2261 5670 terpretaudo,
2306 5598 2532 5654 aﬂ'erunt
2575 5599 2886 5669 plerumque
2928 5611 3026 5668 pro
3067 5597 3236 5652 salute
3283 5600 3466 5666 perni-

1888 5697 2023 5752 ciem
2045 5740 2060 5763 ,
2091 5703 2146 5751 et
2171 5709 2266 5765 pro
2287 5693 2586 5764 cognitione
2603 5693 2843 5746 veritatis
2872 5703 3108 5744 errorem
3135 5706 3148 5742 :
3182 5689 3320 5746 inter
3339 5705 3460 5762 qua:

1887 5787 2020 5844 illud
2045 5797 2126 5844 est
2144 5794 2530 5842 sacramentum
2549 5825 2566 5852 ,
2587 5783 2730 5853 quod
2751 5781 3004 5852 scriptum
3033 5789 3116 5838 est
3133 5822 3150 5848 ,
3181 5781 3462 5840 Dominum

1951 5949 1966 5981 ι
2001 5947 2138 6005 Fditi,
2156 5942 2350 6008 ordines
2380 5958 2396 5994 :
2419 5957 2507 6007 pro
2526 5957 2624 6008 quo
2645 5942 2854 5995 Vaticani
2875 5941 3053 5994 codicis
3081 5942 3464 5994 auctoritatem-

1884 6012 2121 6074 ponimus,
2131 6007 2316 6060 ordine.
