3956 6522
509 428 582 486 ss
895 405 901 444 “-
946 371 948 373 θ
1243 419 1334 476 DE
1372 417 1680 476 DlVERSlS
1716 411 2239 490 QUASSTIONIBUS
2277 414 2574 487 Lxxxm,
2618 419 2675 477 s.
2713 421 3082 480 AUGUSTINI
3401 388 3411 454 ἰ
3741 432 3832 489 56

512 546 648 603 hora
672 543 778 600 diei
805 548 954 599 sexta
978 538 1190 598 venisse
1215 537 1282 594 ad
1311 548 1528 608 puteum
1563 535 1730 592 Jacob
1748 578 1764 603 ,
1794 535 2097 603 fessumque

511 641 581 696 ah
609 640 799 694 itinere
822 637 1062 702 sedisse,
1101 643 1155 689 et
1192 648 1223 687 a
1268 632 1490 688 muliere
1535 630 1868 686 Samaritana
1911 638 2095 699 potum

510 731 740 802 petisse,
766 737 820 784 et
843 738 1037 782 caetera
1067 742 1184 797 qua:
1214 726 1267 781 in
1309 725 1497 780 eodem
1541 723 1933 792 Scripturarum
1978 722 2096 777 loco

510 819 841 876 discutienda
865 805 919 875 et
946 816 1318 888 pertractanda
1365 816 1630 870 dicuntur.
1679 814 1754 869 De
1799 829 1901 882 qua
1939 828 1998 868 re
2042 813 2095 867 id

508 913 681 983 primo
726 910 1014 968 tenendum
1059 918 1173 978 est,
1224 909 1364 980 quod
1412 909 1466 963 in
1514 907 1761 962 omnibus
1806 905 2095 976 Scripturis

507 1022 715 1063 summa
737 1006 1002 1077 vigilantia
1042 1004 1296 1060 custodiri
1325 1011 1570 1074 oportet,
1603 1009 1662 1056 ut
1687 999 1983 1057 secundum
2027 998 2094 1055 ﬁ-

508 1102 632 1158 dem
657 1101 727 1157 sit
752 1099 1069 1156 sacramenti
1097 1098 1262 1153 divini
1285 1097 1568 1168 expositio.

575 1195 630 1250 2.
658 1195 792 1250 Hora
821 1194 979 1264 igitur
1003 1193 1108 1247 diei
1135 1199 1283 1247 sexta
1303 1191 1448 1245 venit
1475 1189 1543 1244 ad
1573 1197 1791 1259 puteum
1833 1187 2090 1242 Dominus

502 1297 707 1347 noster.
735 1288 902 1343 Video
951 1288 1007 1341 in
1058 1294 1218 1356 puteo
1264 1283 1606 1340 tenebrosam
1652 1279 2087 1352 profunditatem.

500 1381 809 1438 Admoneor
837 1394 962 1450 ergo
995 1378 1289 1448 intelligere
1328 1376 1509 1430 mundi
1537 1375 1693 1442 hujus
1727 1372 1934 1426 inﬁmas
1965 1387 2088 1442 par-

501 1483 616 1542 tes,
656 1474 708 1529 id
738 1481 854 1543 est,
885 1482 1159 1539 terrenas,
1187 1486 1294 1542 quo
1323 1469 1468 1525 venit
1497 1468 1752 1523 Dominus
1777 1465 1930 1522 Jesus
1956 1465 2088 1522 hora

499 1576 652 1624 sexta
674 1611 688 1636 ,
718 1567 769 1623 id
799 1575 899 1634 est,
927 1576 1073 1623 sexta
1106 1573 1262 1622 aetate
1299 1565 1509 1635 generis
1547 1562 1803 1628 humani,
1837 1570 2084 1632 tanquam

501 1661 552 1717 in
581 1668 852 1718 senectute
877 1662 1072 1716 veteris
1104 1660 1360 1724 hominis,
1406 1673 1510 1728 quo
1555 1657 1805 1726 jubcmttr
1844 1657 1998 1722 exui,
2031 1665 2089 1711 ut

497 1759 782 1812 induantur
845 1771 1011 1822 novo,
1074 1755 1164 1825 qui
1204 1753 1496 1809 secundum
1542 1752 1708 1806 Deum
1758 1759 1966 1805 creatus
2003 1759 2086 1805 est

497 1855 715 1926 (Ephes.
759 1869 830 1918 Iv,
874 1849 1091 1922 22—24).
1131 1850 1264 1904 Nam
1308 1857 1457 1904 sexta
1497 1857 1627 1902 tetas
1670 1859 1920 1902 senectus
1959 1855 2080 1912 est;

494 1949 744 2017 quoniam
773 1946 974 2016 prima,
1007 1943 1257 2008 infantia;
1293 1942 1523 1998 secunda
1544 1983 1558 2008 ,
1607 1941 1860 2010 pueritia;
1894 1940 2079 2007 tertia,

493 2039 886 2101 adolescentia;
959 2047 1173 2108 quarta,
1222 2036 1502 2105 juventus;
1560 2035 1771 2104 quinta,
1828 2034 2078 2103 gravitas.

491 2130 703 2184 Veteris
731 2132 908 2200 itaque
930 2130 1162 2184 hominis
1186 2130 1288 2183 vita
1307 2169 1321 2191 ,
1363 2143 1483 2198 quae
1523 2126 1820 2182 secundum
1864 2142 2079 2181 carnem

496 2222 774 2290 temporali
791 2222 1092 2277 conditione
1107 2222 1393 2291 peragitur,
1412 2228 1565 2274 sexta
1594 2227 1751 2273 mtate
1769 2228 2046 2274 senectute
2058 2220 2078 2250 ί

489 2313 842 2368 concluditur.
899 2313 1012 2379 Qua
1066 2321 1371 2378 senectute,
1407 2321 1466 2365 ut
1488 2311 1595 2365 dixi
1620 2352 1635 2378 ,
1667 2311 1882 2365 humani
1912 2327 2078 2383 gene-

485 2405 563 2458 ris
589 2406 843 2460 Dominus
869 2413 1054 2459 noster
1079 2412 1133 2459 et
1161 2413 1370 2458 creator
1396 2403 1548 2457 nobis
1577 2412 1632 2457 et
1663 2414 1936 2472 reparator
1979 2403 2077 2458 ad-

487 2501 671 2565 venit;
708 2508 765 2553 ut
799 2499 1060 2553 moriente
1089 2498 1290 2552 scilicet
1317 2507 1498 2552 vetere
1518 2497 1734 2552 homine
1753 2541 1767 2563 ,
1799 2514 1993 2552 novum
2023 2498 2078 2553 in

486 2609 547 2650 se
575 2593 950 2659 constitueret,
980 2608 1137 2662 quem
1166 2601 1382 2647 exutum
1419 2592 1539 2647 labe
1575 2601 1783 2647 terrena
1817 2592 1868 2646 in
1913 2593 2076 2648 cmle-

484 2687 587 2742 stia
607 2702 770 2757 regna
801 2684 1135 2740 transferret.
1165 2685 1304 2755 Ergo
1342 2699 1484 2739 nunc
1523 2693 1748 2754 puteus,
1782 2693 1840 2740 ut
1871 2685 2074 2742 dictum

485 2786 600 2842 est,
633 2778 816 2832 mundi
863 2778 1019 2848 hujus
1047 2786 1314 2832 terrenum
1359 2779 1596 2832 laborem
1627 2785 1680 2832 et
1720 2793 1958 2835 errorem
1990 2789 2074 2837 te-

481 2871 713 2926 nebrosa
739 2869 1090 2939 profunditate
1117 2870 1378 2941 signiﬁcat
1404 2872 1444 2922 ί.
1475 2869 1543 2923 Ει
1567 2877 1816 2942 quoniam
1839 2879 2073 2934 exterior

481 2974 565 3020 est
596 2965 756 3019 homo
786 2974 937 3020 vetus
957 3007 972 3032 ,
1010 2975 1064 3020 et
1093 2982 1259 3021 novus
1289 2969 1548 3036 interior;
1593 2971 1792 3026 dictum
1820 2983 1902 3028 est
1927 2975 2071 3030 enim

480 3058 550 3112 ab
579 3058 836 3127 Apostolo
857 3099 871 3124 ,
901 3058 968 3112 Et
996 3060 1038 3114 si
1071 3061 1288 3114 exterior
1327 3061 1475 3115 homo
1514 3072 1681 3118 noster
1709 3067 2066 3137 corrumpitur,

479 3149 572 3204 sed
597 3151 806 3204 interior
829 3163 1096 3206 renovatur
1119 3153 1190 3206 de
1205 3154 1286 3207 die
1306 3155 1360 3208 in
1389 3155 1531 3210 diem
1564 3173 1582 3210 :
1613 3157 1908 3213 rectissime
1949 3175 2070 3215 om-

479 3241 609 3296 nino
631 3241 901 3314 (quoniam
923 3244 1098 3298 omnia
1121 3244 1344 3301 visibilia
1369 3247 1434 3301 ad
1456 3249 1775 3304 exteriorem
1796 3249 2068 3307 hominem

478 3336 782 3405 pertinent,
828 3337 1018 3408 quibus
1058 3338 1344 3395 christiana
1385 3341 1664 3412 disciplina
1708 3345 2065 3418 renuntiatur)

477 3427 610 3484 hora
638 3438 788 3484 sexta
817 3431 962 3485 venit
1004 3432 1258 3487 Dominus
1285 3433 1350 3488 ad
1387 3443 1634 3502 puteum,
1665 3434 1716 3489 id
1742 3444 1854 3500 est,
1891 3436 2072 3494 medio

476 3521 586 3589 die,
616 3523 757 3580 unde
781 3524 889 3594 jam
913 3525 1196 3596 incipitsol
1228 3527 1326 3582 iste
1353 3527 1575 3582 visibilis
1600 3528 1866 3582 declinare
1895 3529 1946 3582 in
1979 3545 2071 3584 oc-

477 3629 658 3669 casum
687 3635 698 3669 :
727 3618 977 3686 quoniam
1004 3627 1057 3672 et
1078 3619 1232 3671 nobis
1256 3619 1452 3670 vocatis
1480 3634 1511 3671 a
1541 3618 1755 3673 Christo
1779 3619 2067 3676 visibilium

477 3704 761 3759 delectatio
790 3706 1064 3768 minuitur,
1097 3715 1154 3760 ut
1181 3706 1523 3761 invisibilium
1567 3723 1750 3764 amore
1788 3709 1948 3765 homo
1988 3711 2071 3766 in-

475 3783 642 3852 terior
665 3796 687 3828 ²
715 3808 1009 3865 recreatus,
1037 3797 1101 3852 ad
1132 3797 1435 3854 interiorem
1458 3801 1628 3855 lucem
1659 3817 1776 3871 qua:
1797 3819 2067 3874 nunquam

475 3890 704 3954 occidit,
750 3900 1064 3956 revertatur,
1106 3890 1396 3945 secundum
1437 3893 1780 3963 apostolicam
1825 3894 2066 3964 discipli-

475 3997 602 4036 nam
621 4023 635 4047 ,
668 3996 774 4037 non
801 3996 1046 4051 quaerens
1075 3997 1190 4052 qua:
1218 3981 1470 4047 videntur,
1511 3985 1598 4038 sed
1631 4001 1744 4056 qua:
1771 4001 1872 4040 non
1895 3986 2068 4039 viden-

477 4083 563 4130 tur
592 4090 611 4127 :
635 4089 748 4144 qua:
790 4074 922 4128 enim
960 4074 1203 4139 videntur,
1235 4076 1532 4146 temporalia
1575 4087 1692 4130 sunt
1704 4095 1724 4143 ;
1754 4095 1867 4148 qua:
1903 4087 2068 4134 autem

475 4184 579 4225 non
608 4167 858 4234 videntur,
895 4176 1083 4222 teterna
1109 4177 1224 4222 sunt
1252 4168 1319 4240 (ll
1345 4167 1463 4224 Cor.
1495 4187 1566 4236 Iv,
1598 4171 1665 4226 16
1690 4213 1704 4239 ,
1737 4173 1849 4246 18).

549 4261 605 4318 ’5.
632 4260 782 4328 Quod
810 4269 987 4316 autem
1013 4259 1264 4332 fatigatus
1285 4263 1432 4317 venit
1459 4263 1528 4318 ad
1559 4273 1774 4334 puteum
1795 4309 1809 4334 ,
1844 4265 2067 4324 inﬁrmi-

476 4361 638 4410 tatem
671 4355 846 4409 carnis
888 4355 1186 4434 significat;
1232 4356 1590 4428 quod_sedit,
1638 4359 1996 4418 humilitatem
2048 4381 2063 4418 :

473 4449 596 4520 quia
621 4456 676 4504 et
714 4448 1132 4506 imbecillitatem
1157 4453 1332 4506 carnis
1382 4466 1480 4523 pro
1523 4454 1678 4509 nobis
1707 4457 1978 4527 suscepit,
2012 4465 2063 4512 et

473 4544 636 4600 homo
654 4543 959 4600 hominibus
979 4555 1086 4600 tam
1115 4546 1388 4602 humiliter
1411 4563 1671 4618 apparere
1691 4550 1937 4620 dignatus
1958 4561 2061 4607 est.

472 4637 552 4692 De
593 4637 694 4690 hac
740 4637 1044 4690 inﬁrmitate
1073 4638 1249 4691 carnis
1293 4639 1546 4708 prepheta
1589 4641 1715 4694 dicit
1747 4659 1773 4694 >
1803 4642 1973 4696 Homo
2011 4644 2066 4697 in

474 4730 630 4803 plaga
650 4730 859 4800 positus,
874 4739 920 4782 et
945 4729 1105 4783 sciens
1117 4733 1248 4799 ferre
1272 4730 1657 4785 imbecillitatem
1677 4731 1827 4803 (Isai.
1852 4750 1963 4800 Llll,
1983 4736 2061 4808 5).

473 4823 554 4878 De
584 4820 879 4876 humilitate
909 4835 1038 4875 vero
1059 4820 1344 4890 Apostolus
1371 4821 1602 4892 loquitur
1627 4824 1810 4880 dicens
1836 4845 1848 4880 :
1877 4827 2066 4883 Humi-

476 4913 617 4968 liavit
644 4928 724 4978 se,
754 4911 916 4980 [actus
941 4909 1170 4964 subditus
1195 4929 1350 4982 usque
1376 4913 1444 4966 ad
1468 4924 1676 4969 mortem
1712 4914 1967 4989 (Philipp.
2001 4936 2058 4988 It,

475 5006 554 5077 8).
579 5005 890 5074 Quanquam
939 5003 1065 5058 illud
1109 5004 1247 5074 quod
1275 5005 1442 5072 sedit,
1489 5009 1738 5077 quoniam
1780 5013 1954 5068 solent
1979 5029 2064 5070 se-

479 5099 604 5154 dere
649 5098 930 5163 doctores,
980 5097 1148 5166 possit
1185 5097 1289 5153 alio
1329 5099 1594 5155 intellectu
1639 5119 1746 5158 non
1792 5105 2061 5162 humilita-

477 5195 545 5248 tis
583 5191 931 5258 modestiam,
961 5191 1054 5246 sed
1078 5192 1314 5262 magistri
1342 5193 1712 5253 demonstrare
1756 5216 2056 5270 personam.

545 5288 600 5342 4.
640 5287 744 5343 Sed
785 5289 947 5358 quteri
982 5297 1154 5359 poteSt
1182 5304 1346 5360 quare
1375 5307 1406 5346 a
1442 5294 1664 5352 muliere
1693 5297 2021 5362 Samaritana
2041 5349 2055 5374 ,

474 5395 594 5452 quae
623 5379 826 5450 hydria:
852 5395 986 5452 aqua
1017 5381 1299 5450 implenda:
1344 5385 1511 5455 gratia
1556 5399 1775 5445 venerat
1807 5394 1845 5459 ί,
1876 5395 2060 5454 bibere

473 5472 857 5546 postulaverit,
899 5487 1021 5528 cum
1067 5477 1182 5549 ipse
1226 5485 1410 5544 postea
1458 5478 1748 5548 spiritualis
1789 5483 1954 5544 fontis
1981 5489 2060 5546 af-

535 5611 556 5642 ι
579 5611 653 5660 sic
671 5616 777 5660 Mss.
803 5614 859 5659 At
881 5609 1014 5669 editi,
1041 5613 1180 5662 tetate
1197 5613 1465 5665 senectutis.

532 5671 1092 5751 {udi-tij‘prqfunditate
1126 5679 1173 5726 et
1208 5673 1490 5728 obscuritate
1522 5675 1778 5746 signiﬁcat.
1817 5685 1982 5751 Abest,
2013 5696 2062 5744 et

470 5733 775 5794 obscuritate,
794 5746 822 5781 a
845 5733 951 5784 Mss.

538 5797 560 5828 ³
582 5803 654 5866 lar.
682 5803 735 5866 et
778 5802 908 5855 nom,
943 5799 1153 5850 exterior
1182 5811 1201 5850 :
1243 5804 1627 5866 repugnantibus
1655 5813 1760 5860 Mss.
1801 5818 1854 5862 et
1873 5818 1974 5864 Rat.
1996 5843 2055 5859 ..-

471 5858 630 5922 Lugd._
644 5865 696 5908 et
719 5867 856 5919 \‘en.,
882 5867 937 5910 ut
960 5866 1030 5908 Er.
1051 5868 1102 5911 et
1124 5868 1232 5912 Lov.
1300 5858 1354 5914 in.

540 5920 563 5954 ῖ
584 5920 774 5985 Aliquot
796 5929 922 5984 Mss,
947 5934 1056 5986 quae
1071 5936 1213 5988 aqua:
1235 5925 1522 5984 haurienda:
1537 5937 1696 5996 gratia
1717 5942 1926 5990 venerat.

2208 531 2477 588 ﬂuentiam
2503 550 2560 590 se
2589 538 2890 608 petentibus
2918 540 3045 596 dare
3073 556 3230 612 posse
3255 543 3670 615 prmdicaverit?
3694 549 3829 606 Sed

2203 626 2405 682 scilicet
2430 629 2640 685 sitiebat
2681 633 2934 689 Dominus
2974 636 3211 692 mulieris
3257 639 3396 694 illius
3439 640 3640 710 ﬁdem,
3679 660 3826 715 quae

2205 718 2450 786 quoniam
2474 719 2806 778 Samaritana
2825 734 2959 790 erat,
2977 736 3032 780 et
3057 728 3195 783 solet
3221 728 3458 786 Samaria
3473 732 3823 791 idololatria:

2203 810 2487 882 imaginem
2513 817 2780 873 sustinere
2807 837 2818 872 :
2850 819 2948 888 ipsi
2972 821 3114 875 enim
3139 825 3365 892 separati
3395 839 3424 877 a
3451 828 3657 895 populo
3709 827 3822 883 Ju-

2201 902 2458 974 daeorum,
2508 909 2804 966 simulacris
2857 921 3125 968 mutorum
3173 917 3510 982 animalium,
3561 920 3614 974 id
3677 930 3812 988 est,

2199 997 2373 1051 vaccis
2388 999 2565 1054 aureis
2589 1001 2883 1056 animarum
2909 993 3126 1058 suarum
3149 1005 3313 1062 decus
3325 1007 3647 1066 addixerant
3667 1029 3683 1065 :
3707 1029 3814 1068 ve-

2200 1097 2351 1143 nerat
2387 1098 2562 1145 autem
2590 1092 2846 1147 Dominus
2867 1104 3054 1149 noster
3077 1095 3232 1151 Jesus
3253 1140 3267 1163 ,
3297 1106 3355 1151 ut
3383 1101 3623 1168 gentium
3655 1103 3815 1156 mul-

2199 1179 2479 1236 titudinem
2502 1225 2517 1251 ,
2549 1200 2668 1254 quae
2695 1187 2995 1242 simulacris
3025 1189 3322 1254 serviebat;
3365 1190 3430 1245 ad
3476 1193 3807 1250 munimen-

2197 1278 2307 1327 tum
2337 1274 2354 1305 ³
2383 1273 2506 1330 ﬁdei
2541 1277 2846 1335 christiana}
2873 1290 2928 1335 et
2961 1281 3286 1352 incorruptae
3313 1285 3585 1356 religionis
3613 1288 3801 1343 addu-

2197 1374 2358 1421 ceret.
2393 1367 2514 1423 Non
2546 1380 2618 1424 est
2637 1373 2778 1426 enim
2803 1414 2818 1441 ,
2850 1374 3052 1444 inquit,
3083 1393 3212 1445 opus
3241 1378 3378 1431 sanis
3408 1381 3635 1434 medicus
3655 1422 3672 1445 ,
3705 1381 3806 1438 sed

2194 1457 2327 1512 male
2364 1459 2658 1516 habentibus
2681 1463 2896 1536 (Matth.
2927 1481 3014 1530 Ix,
3057 1465 3172 1538 12).
3217 1468 3410 1522 Eorum
3451 1485 3580 1540 ergo
3627 1471 3804 1527 ﬁdem

2194 1548 2338 1616 sitit,
2369 1566 2466 1620 pro
2490 1554 2680 1623 quibus
2706 1557 3013 1626 sanguinem
3054 1559 3210 1614 fudit.
3241 1561 3383 1614 Dixit
3408 1578 3536 1632 ergo
3557 1563 3626 1618 ad
3659 1579 3798 1622 eam

2193 1640 2348 1697 Jesus
2382 1661 2394 1697 :
2429 1643 2635 1714 Mulier,
2667 1649 2733 1702 da
2761 1650 2883 1703 mihi
2913 1651 3094 1705 bibere.
3129 1651 3194 1706 Et
3222 1662 3279 1708 ut
3307 1656 3521 1709 noveris
3546 1658 3678 1726 quid
3715 1659 3801 1714 si-

2193 1733 2358 1789 tiebat
2395 1737 2648 1795 Dominus
2688 1752 2891 1810 noster,
2925 1751 3045 1813 post
3074 1745 3341 1814 paululum
3370 1748 3590 1802 veniunt
3617 1751 3801 1806 disci-

2193 1825 2303 1894 puli
2336 1826 2481 1896 ejus,
2514 1830 2602 1899 qui
2632 1843 2978 1900 perrexerant
3013 1835 3063 1887 in
3095 1835 3361 1890 civitatem
3383 1847 3437 1891 ut
3459 1839 3611 1894 cibos
3635 1856 3802 1898 eme-

2190 1931 2344 1989 rent,
2373 1932 2426 1976 et
2444 1923 2626 1979 dicunt
2651 1927 2738 1981 ei:
2774 1926 2965 1995 Rabbi,
3000 1931 3271 1985 manduca.
3307 1932 3410 1988 Ille
3443 1945 3612 1990 autem
3640 1938 3793 1992 dixit

2192 2013 2262 2066 eis
2285 2030 2304 2068 :
2335 2014 2447 2086 Ego
2472 2017 2628 2073 habeo
2646 2037 2814 2076 escam
2827 2024 3154 2092 manducare,
3172 2043 3322 2096 quam
3340 2045 3423 2084 vos
3439 2032 3656 2086 nescitis.
3683 2032 3802 2086 Di-

2191 2113 2310 2158 cunt
2330 2123 2450 2177 ergo
2469 2109 2707 2180 discipuli
2729 2114 2838 2182 ejus
2857 2115 2925 2167 ad
2943 2115 3241 2172 alterutrum
3260 2135 3279 2173 :
3310 2119 3572 2192 Numquid
3593 2124 3802 2196 aliquis

2189 2199 2357 2253 attulit
2377 2201 2424 2254 ei
2442 2203 2788 2259 manducare?
2813 2205 2956 2261 Dixit
2974 2210 3044 2263 eis
3063 2210 3214 2266 Iesus
3235 2228 3254 2266 :
3285 2211 3434 2268 Cibus
3459 2232 3598 2268 meus
3627 2227 3706 2270 est
3738 2227 3801 2273 ut

2194 2293 2379 2361 faciam
2422 2297 2531 2367 ejus
2572 2297 2878 2353 voluntatem
2908 2302 2994 2372 qui
3020 2319 3098 2356 me
3125 2304 3294 2371 misit,
3338 2315 3385 2359 et
3428 2316 3479 2360 ut
3518 2309 3800 2378 perficiam

2189 2401 2317 2456 Opus
2346 2387 2474 2456 ejus.
2506 2387 2771 2459 Numquid
2813 2391 2897 2446 hic
2928 2393 3240 2466 intelligitur
3269 2397 3368 2451 alia
3403 2399 3656 2454 voluntas
3685 2400 3798 2455 Pa-

2189 2476 2284 2530 tris
2303 2517 2318 2540 ,
2350 2477 2439 2545 qui
2478 2492 2600 2533 eum
2642 2479 2824 2544 misit,
2872 2491 2926 2537 et
2954 2498 3089 2554 opus
3119 2486 3233 2555 ejus
3258 2489 3401 2558 quod
3430 2504 3489 2545 se
3517 2490 3798 2560 perﬁcere

2187 2569 2323 2625 velle
2366 2573 2677 2641 respondit,
2709 2575 2810 2628 nisi
2836 2583 2892 2629 ut
2917 2592 3014 2631 nos
3040 2578 3108 2632 ad
3140 2580 3296 2635 ﬁdem
3328 2596 3478 2636 suam
3521 2598 3551 2636 a
3599 2587 3800 2654 perni-

2186 2661 2333 2716 cioso
2353 2664 2536 2718 mundi
2566 2681 2749 2722 errore
2771 2672 3146 2726 converteret?
3170 2672 3350 2739 Qualis
3375 2686 3457 2730 est
3480 2691 3610 2746 ergo
3631 2679 3800 2735 cibus

2187 2756 2336 2824 ejus,
2369 2757 2486 2810 talis
2529 2766 2583 2813 et
2627 2771 2802 2828 potus.
2847 2761 3182 2834 Quapropter
3212 2767 3312 2822 hoc
3341 2770 3392 2823 in
3425 2771 3513 2825 illa
3554 2775 3798 2832 muliere

2185 2847 2432 2915 sitiebat,
2469 2858 2526 2904 ut
2568 2852 2764 2907 laceret
2794 2855 2844 2908 in
2875 2870 2936 2910 ea
2967 2857 3289 2914 voluntatem
3330 2861 3536 2928 Patris,
3568 2874 3628 2918 et
3657 2881 3796 2934 per-

2184 2940 2368 2996 ﬁceret
2385 2958 2518 3012 opus
2536 2943 2672 3013 ejus.
2697 2945 2800 3001 Sed
2829 2950 3112 3004 carnaliter
3134 2952 3427 3022 intelligens
3457 2958 3752 3025 respondit
3778 2979 3796 3016 :

2183 3028 2264 3087 Tu
2291 3050 2404 3086 cum
2442 3036 2510 3088 sis
2542 3034 2786 3103 Judazus,
2813 3041 3060 3110 quomodo
3095 3059 3128 3095 a
3166 3058 3243 3096 me
3284 3044 3446 3098 bibere
3473 3048 3599 3116 petis
3619 3090 3632 3114 ,
3665 3067 3798 3106 cum

2181 3125 2279 3180 sim
2306 3127 2487 3182 mulier
2509 3128 2874 3186 Samaritana?
2896 3133 3019 3187 Non
3039 3135 3171 3189 enim
3192 3147 3467 3192 coutuntur
3489 3138 3667 3196 Judaei
3687 3143 3778 3199 Sa

2181 3221 2466 3276 maritanis.
2499 3223 2594 3278 Cui
2621 3225 2876 3281 Dominus
2902 3237 3086 3284 noster
3112 3229 3243 3284 dixit
3275 3249 3287 3284 :
3319 3231 3379 3286 Si
3403 3234 3555 3288 scires
3582 3237 3795 3292 donum

2179 3313 2311 3381 Dei,
2335 3325 2382 3368 et
2406 3317 2516 3386 quis
2545 3327 2616 3370 est
2641 3319 2724 3388 qui
2747 3319 2866 3373 dicit
2899 3322 2986 3374 tibi
3004 3365 3019 3389 ,
3047 3323 3126 3377 Da
3150 3324 3274 3378 milti
3302 3325 3502 3392 bibere;
3531 3339 3583 3382 tu
3615 3333 3794 3404 magis

2180 3407 2386 3476 petisses
2417 3407 2477 3459 ab
2509 3425 2596 3476 eo,
2627 3418 2673 3463 et
2712 3410 2928 3466 dedisset
2970 3414 3059 3467 tibi
3102 3432 3288 3486 aquant
3324 3419 3527 3474 vivam:
3564 3430 3622 3476 ut
3651 3421 3794 3480 hinc

2180 3501 2229 3554 ei
2250 3501 2586 3570 ostenderet,
2631 3519 2736 3559 non
2765 3521 2823 3560 se
2863 3507 3022 3562 talem
3059 3524 3252 3580 aquam
3298 3513 3527 3582 petisse,
3556 3516 3789 3586 qualem

2177 3592 2292 3660 ipsa
2355 3593 2726 3662 intellexerat;
2793 3598 2889 3654 sed
2967 3601 3088 3670 quia
3155 3603 3267 3671 ipse
3329 3605 3542 3660 sitiebat
3610 3607 3788 3665 ﬁdem

2175 3686 2334 3756 ejus,
2394 3689 2673 3761 eidemque
2738 3693 2936 3747 sitienti
3004 3694 3260 3764 Spiritum
3329 3709 3570 3754 sanctum
3641 3701 3789 3760 dare

2176 3780 2441 3850 cupiebat.
2495 3782 2642 3837 Hanc
2679 3785 2820 3839 enim
2868 3791 3014 3841 recte
3065 3787 3409 3858 intelligimus
3449 3806 3639 3860 aquam
3690 3795 3788 3850 vi-

2175 3888 2333 3939 vam,
2367 3875 2509 3944 quod
2559 3884 2641 3931 est
2687 3876 2886 3932 donum
2913 3879 3040 3944 Dei,
3075 3880 3212 3935 sicut
3236 3881 3349 3952 ipse
3378 3883 3483 3950 ait,
3519 3883 3578 3937 Si
3615 3887 3791 3943 scires

2176 3965 2366 4021 donum
2397 3967 2510 4022 Dei.
2536 3969 2601 4022 Et
2629 3970 2765 4024 sicut
2801 3971 2943 4026 idem
2975 3971 3205 4028 Joannes
3235 3975 3560 4045 evangelista
3602 3983 3790 4033 testa-

2176 4066 2260 4114 tur
2284 4060 2390 4114 alio
2422 4061 2537 4116 loco
2563 4061 2746 4117 dicens
2774 4079 2787 4115 :
2821 4063 2962 4133 quod
2996 4065 3160 4118 stabat
3203 4064 3383 4132 Iesus,
3411 4075 3456 4120 et
3481 4068 3741 4123 clamabat
3765 4113 3784 4137 ,

2176 4151 2240 4207 Si
2263 4153 2374 4222 quis
2400 4153 2537 4221 sitit,
2571 4156 2735 4208 veniat
2756 4165 2801 4210 et
2829 4156 2960 4210 bibat
2982 4172 3001 4210 :
3022 4158 3106 4227 qui
3127 4159 3284 4212 credit
3306 4160 3360 4213 in
3390 4177 3498 4226 me,
3531 4163 3662 4214 sicut
3685 4163 3786 4217 di-

2173 4245 2240 4297 cit
2265 4245 2563 4316 Scriptura,
2594 4248 2808 4317 ﬂumina
2837 4249 2900 4302 de
2922 4257 3091 4302 ventre
3119 4251 3229 4321 ejus
3263 4253 3423 4321 [luent
3448 4268 3591 4323 aqua:
3618 4253 3782 4309 vivat.

2172 4335 2575 4408 Consequenter
2609 4339 2827 4394 omnino
2851 4381 2864 4402 ,
2901 4340 3002 4408 Qui
3027 4341 3215 4408 credit,
3247 4341 3435 4412 inquit,
3458 4344 3510 4396 in
3543 4361 3641 4408 me,
3665 4347 3786 4415 flu-

2174 4429 2310 4481 mina
2353 4428 2415 4482 de
2459 4438 2627 4483 ventre
2669 4431 2779 4500 ejus
2825 4431 2985 4500 ﬂuent
3032 4447 3177 4494 aqua:
3227 4433 3350 4486 vivae
3379 4450 3397 4487 :
3423 4435 3543 4504 quia
3587 4435 3784 4503 primo

2174 4521 2442 4576 credimus
2462 4563 2476 4586 ,
2503 4531 2561 4575 ut
2591 4522 2704 4577 lucc
2724 4523 2863 4577 dona
2893 4539 3212 4579 mereamur.
3244 4526 3368 4582 Hatc
3390 4543 3516 4598 ergo
3541 4527 3782 4586 ﬁumina

2173 4628 2323 4682 aqua:
2354 4614 2488 4668 vivae
2519 4631 2637 4684 quae
2676 4615 2749 4670 illi
2782 4617 2993 4672 mulieri
3018 4619 3231 4674 volebat
3257 4620 3418 4688 dare,
3451 4637 3660 4677 merces
3688 4636 3787 4682 est
3827 4605 3830 4614 1

2174 4703 2298 4758 ﬁdei
2326 4719 2486 4774 quam
2515 4707 2663 4776 prius
2689 4707 2742 4762 in
2773 4708 2859 4762 illa
2891 4710 3122 4765 sitiebat.
3153 4709 3316 4782 Cujus
3344 4728 3495 4784 aqum
3525 4715 3663 4770 viva:
3688 4717 3784 4772 in-

2171 4796 2603 4865 terpretationem
2657 4800 2725 4854 ita
2769 4801 2984 4871 subjicit
3013 4820 3027 4856 :
3061 4801 3176 4857 Hoc
3220 4814 3416 4871 autem,
3454 4805 3657 4876 inquit,
3684 4812 3782 4865 di-

2172 4890 2312 4944 cebat
2365 4891 2427 4944 de
2489 4892 2688 4964 Spiritu
2740 4912 2885 4965 quem
2943 4899 3204 4964 accepturi
3252 4908 3394 4953 erant
3451 4901 3504 4955 hi
3563 4904 3654 4973 qui
3718 4907 3782 4962 in

2174 5001 2288 5038 eum
2333 4985 2574 5038 credituri
2647 4995 2810 5040 erant.
2895 4985 3143 5041 Nondum
3204 4999 3373 5045 autem
3433 5003 3539 5048 erat
3589 4993 3783 5065 Spiri-

2173 5087 2253 5132 tus
2319 5077 2501 5143 datus,
2557 5079 2674 5147 quia
2733 5079 2885 5133 .Iesus
2945 5081 3169 5134 nondum
3225 5087 3393 5155 fuerat
3453 5087 3780 5154 clariﬁcatus

2170 5167 2350 5239 (Joan.
2380 5185 2451 5224 vn
2477 5211 2490 5232 ,
2518 5167 2724 5241 57-59).
2756 5169 2867 5224 Hoc
2895 5171 3072 5242 itaque
3113 5174 3311 5229 donum
3337 5177 3563 5246 Spiritus
3593 5189 3775 5242 sancti

2169 5271 2253 5316 est
2273 5303 2286 5328 ,
2311 5262 2450 5332 quod
2477 5271 2596 5331 post
2625 5277 2775 5316 suam
2803 5263 3234 5320 clariﬁcationem
3276 5268 3424 5324 dedit
3461 5271 3726 5331 Ecclesia:
3753 5322 3772 5347 ,

2169 5355 2305 5410 sicut
2324 5355 2424 5408 alia
2455 5354 2727 5424 Scriptura
2747 5354 2874 5408 dicit
2897 5373 2910 5408 :
2934 5355 3220 5412 Ascendens
3243 5360 3296 5413 in
3323 5361 3483 5416 altunt
3509 5367 3775 5434 captivam

2170 5449 2316 5503 duxit
2333 5447 2705 5518 captivitatem;
2735 5446 2870 5500 dedit
2899 5448 3035 5502 dona
3059 5449 3346 5507 hominibus
3375 5455 3546 5526 (Psal.
3578 5475 3736 5518 LXVII
3754 5507 3775 5536 ,

2170 5543 2271 5610 l9;
2303 5540 2495 5611 Ephes.
2518 5555 2589 5604 Iv,
2613 5539 2690 5608 8).

2239 5635 2293 5690 5.
2324 5633 2428 5690 Sed
2453 5632 2625 5686 adhuc
2649 5631 2737 5685 illa
2776 5630 2965 5684 mulier
2990 5635 3276 5691 carnaliter
3299 5641 3437 5710 sapit
3461 5659 3474 5708 ;
3509 5642 3587 5698 sic
3615 5646 3771 5708 enim

2167 5726 2439 5800 respondit
2467 5743 2479 5780 :
2507 5723 2721 5776 Domine
2741 5762 2754 5785 ,
2789 5737 2945 5791 neque
2969 5723 3307 5784 hauritorium
3353 5733 3535 5802 habes,
3583 5745 3630 5790 et
3663 5755 3768 5810 ρει-

2166 5947 2186 5992 ε
2230 5881 2248 5912 ι
2276 5887 2383 5929 Mss.
2407 5875 2604 5939 aliquot,
2629 5875 2694 5926 ad
2712 5883 3083 5930 monumentum.
3109 5887 3163 5934 Et
3181 5886 3396 5951 quidam,
3413 5889 3481 5938 ad
3500 5904 3780 5949 manners-

2189 5954 2285 5992 um.

2189 5954 2285 5992 um.
