  <div class='ocr_page' id='page_1' title='image "/cluster/home/n/w/nwhite01/storage/ocr_20150623/40-41/uva.x000217726/034.png"; bbox 0 0 3942 6416; ppageno 0'>
   <div class='ocr_carea' id='block_1_1' title="bbox 146 410 3459 497">
    <p class='ocr_par' dir='ltr' id='par_1_1' title="bbox 146 410 3459 497">
     <span class='ocr_line' id='line_1_1' title="bbox 146 410 3459 497; baseline -0 -25"><span class='ocrx_word' id='word_1_1' title='bbox 146 439 200 497; x_wconf 69' lang='lat'><strong>5-,</strong></span> <span class='ocrx_word' id='word_1_2' title='bbox 1519 411 1722 472; x_wconf 85' lang='lat' dir='ltr'><strong>LIBER</strong></span> <span class='ocrx_word' id='word_1_3' title='bbox 1759 410 1960 471; x_wconf 73' lang='lat' dir='ltr'><strong>unus.</strong></span> <span class='ocrx_word' id='word_1_4' title='bbox 2364 474 2372 481; x_wconf 72' lang='grc'><em>,</em></span> <span class='ocrx_word' id='word_1_5' title='bbox 3323 430 3395 490; x_wconf 69' lang='lat'><strong>53</strong></span> <span class='ocrx_word' id='word_1_6' title='bbox 3452 441 3459 446; x_wconf 92' lang='lat'><em>-</em></span> 
     </span>
    </p>
   </div>
   <div class='ocr_carea' id='block_1_2' title="bbox 154 531 1699 611">
    <p class='ocr_par' dir='ltr' id='par_1_2' title="bbox 154 531 1699 611">
     <span class='ocr_line' id='line_1_2' title="bbox 154 531 1699 611; baseline -0.012 -9"><span class='ocrx_word' id='word_1_7' title='bbox 154 568 247 611; x_wconf 68' lang='grc' dir='ltr'><strong>ιιιιε</strong></span> <span class='ocrx_word' id='word_1_8' title='bbox 279 550 387 605; x_wconf 73' lang='lat' dir='ltr'><strong>altus</strong></span> <span class='ocrx_word' id='word_1_9' title='bbox 423 547 512 607; x_wconf 78' lang='lat' dir='ltr'><strong>est;</strong></span> <span class='ocrx_word' id='word_1_10' title='bbox 555 536 691 593; x_wconf 82' lang='lat' dir='ltr'><strong>unde</strong></span> <span class='ocrx_word' id='word_1_11' title='bbox 734 537 875 591; x_wconf 84' lang='lat' dir='ltr'><strong>mihi</strong></span> <span class='ocrx_word' id='word_1_12' title='bbox 935 538 1112 592; x_wconf 86' lang='lat' dir='ltr'><strong>habes</strong></span> <span class='ocrx_word' id='word_1_13' title='bbox 1144 536 1259 590; x_wconf 83' lang='lat' dir='ltr'><strong>dare</strong></span> <span class='ocrx_word' id='word_1_14' title='bbox 1292 548 1471 602; x_wconf 84' lang='lat' dir='ltr'><strong>aquam</strong></span> <span class='ocrx_word' id='word_1_15' title='bbox 1497 531 1699 586; x_wconf 84' lang='lat' dir='ltr'><strong>vivam?</strong></span> 
     </span>
    </p>
   </div>
   <div class='ocr_carea' id='block_1_3' title="bbox 162 622 1697 712">
    <p class='ocr_par' dir='ltr' id='par_1_3' title="bbox 162 622 1697 712">
     <span class='ocr_line' id='line_1_3' title="bbox 162 622 1697 712; baseline -0.015 -15"><span class='ocrx_word' id='word_1_16' title='bbox 162 642 374 712; x_wconf 77' lang='lat' dir='ltr'><strong>Numquid</strong></span> <span class='ocrx_word' id='word_1_17' title='bbox 397 648 441 691; x_wconf 81' lang='lat' dir='ltr'><strong>tu</strong></span> <span class='ocrx_word' id='word_1_18' title='bbox 462 634 616 704; x_wconf 77' lang='lat' dir='ltr'><strong>major</strong></span> <span class='ocrx_word' id='word_1_19' title='bbox 643 648 693 685; x_wconf 85' lang='lat' dir='ltr'><strong>es</strong></span> <span class='ocrx_word' id='word_1_20' title='bbox 724 640 878 699; x_wconf 85' lang='lat' dir='ltr'><strong>patre</strong></span> <span class='ocrx_word' id='word_1_21' title='bbox 906 639 1102 684; x_wconf 85' lang='lat' dir='ltr'><strong>nostro</strong></span> <span class='ocrx_word' id='word_1_22' title='bbox 1128 626 1280 681; x_wconf 88' lang='lat' dir='ltr'><strong>Jacob</strong></span> <span class='ocrx_word' id='word_1_23' title='bbox 1300 668 1313 695; x_wconf 89' lang='lat'><strong>,</strong></span> <span class='ocrx_word' id='word_1_24' title='bbox 1338 626 1420 696; x_wconf 87' lang='lat' dir='ltr'><strong>qui</strong></span> <span class='ocrx_word' id='word_1_25' title='bbox 1445 622 1582 677; x_wconf 68' lang='lat' dir='ltr'><strong>dedit</strong></span> <span class='ocrx_word' id='word_1_26' title='bbox 1605 638 1697 676; x_wconf 85' lang='lat' dir='ltr'><strong>no-</strong></span> 
     </span>
    </p>
   </div>
   <div class='ocr_carea' id='block_1_4' title="bbox 163 718 1701 799">
    <p class='ocr_par' dir='ltr' id='par_1_4' title="bbox 163 718 1701 799">
     <span class='ocr_line' id='line_1_4' title="bbox 163 718 1701 799; baseline -0.015 -8"><span class='ocrx_word' id='word_1_27' title='bbox 163 739 225 791; x_wconf 79' lang='lat' dir='ltr'><strong>bis</strong></span> <span class='ocrx_word' id='word_1_28' title='bbox 260 736 361 786; x_wconf 73' lang='lat' dir='ltr'><strong>hunc</strong></span> <span class='ocrx_word' id='word_1_29' title='bbox 395 739 612 799; x_wconf 78' lang='lat' dir='ltr'><strong>puleinn,</strong></span> <span class='ocrx_word' id='word_1_30' title='bbox 644 733 689 776; x_wconf 89' lang='lat' dir='ltr'><strong>et</strong></span> <span class='ocrx_word' id='word_1_31' title='bbox 719 724 836 791; x_wconf 85' lang='lat' dir='ltr'><strong>ipse</strong></span> <span class='ocrx_word' id='word_1_32' title='bbox 862 738 935 775; x_wconf 76' lang='lat' dir='ltr'><strong>ea:</strong></span> <span class='ocrx_word' id='word_1_33' title='bbox 960 739 1024 775; x_wconf 90' lang='lat' dir='ltr'><strong>eo</strong></span> <span class='ocrx_word' id='word_1_34' title='bbox 1060 721 1203 785; x_wconf 88' lang='lat' dir='ltr'><strong>bibit,</strong></span> <span class='ocrx_word' id='word_1_35' title='bbox 1244 727 1287 773; x_wconf 90' lang='lat' dir='ltr'><strong>et</strong></span> <span class='ocrx_word' id='word_1_36' title='bbox 1330 718 1423 786; x_wconf 85' lang='lat' dir='ltr'><strong>ﬁlii</strong></span> <span class='ocrx_word' id='word_1_37' title='bbox 1461 718 1601 783; x_wconf 71' lang='lat' dir='ltr'><strong>ejus,</strong></span> <span class='ocrx_word' id='word_1_38' title='bbox 1655 721 1701 768; x_wconf 86' lang='lat' dir='ltr'><strong>et</strong></span> 
     </span>
    </p>
   </div>
   <div class='ocr_carea' id='block_1_5' title="bbox 160 808 1700 897">
    <p class='ocr_par' dir='ltr' id='par_1_5' title="bbox 160 808 1700 897">
     <span class='ocr_line' id='line_1_5' title="bbox 160 808 1700 897; baseline -0.011 -17"><span class='ocrx_word' id='word_1_39' title='bbox 160 843 305 897; x_wconf 73' lang='lat' dir='ltr'><strong>perora</strong></span> <span class='ocrx_word' id='word_1_40' title='bbox 328 822 448 891; x_wconf 74' lang='lat' dir='ltr'><strong>ejus?</strong></span> <span class='ocrx_word' id='word_1_41' title='bbox 481 819 622 875; x_wconf 69' lang='lat' dir='ltr'><strong>Nunc</strong></span> <span class='ocrx_word' id='word_1_42' title='bbox 665 831 797 869; x_wconf 85' lang='lat' dir='ltr'><strong>vero</strong></span> <span class='ocrx_word' id='word_1_43' title='bbox 844 814 965 885; x_wconf 80' lang='lat' dir='ltr'><strong>jam</strong></span> <span class='ocrx_word' id='word_1_44' title='bbox 1019 815 1274 868; x_wconf 89' lang='lat' dir='ltr'><strong>Dominus</strong></span> <span class='ocrx_word' id='word_1_45' title='bbox 1314 812 1528 878; x_wconf 81' lang='lat' dir='ltr'><strong>exponit</strong></span> <span class='ocrx_word' id='word_1_46' title='bbox 1574 808 1700 879; x_wconf 90' lang='lat' dir='ltr'><strong>quid</strong></span> 
     </span>
    </p>
   </div>
   <div class='ocr_carea' id='block_1_6' title="bbox 157 904 1701 980">
    <p class='ocr_par' dir='ltr' id='par_1_6' title="bbox 157 904 1701 980">
     <span class='ocr_line' id='line_1_6' title="bbox 157 904 1701 980; baseline -0.011 -7"><span class='ocrx_word' id='word_1_47' title='bbox 157 920 331 973; x_wconf 68' lang='lat' dir='ltr'><strong>dixerit.</strong></span> <span class='ocrx_word' id='word_1_48' title='bbox 354 914 543 978; x_wconf 84' lang='lat' dir='ltr'><strong>Omnis,</strong></span> <span class='ocrx_word' id='word_1_49' title='bbox 574 911 783 980; x_wconf 84' lang='lat' dir='ltr'><strong>inquit,</strong></span> <span class='ocrx_word' id='word_1_50' title='bbox 812 910 905 979; x_wconf 85' lang='lat' dir='ltr'><strong>qui</strong></span> <span class='ocrx_word' id='word_1_51' title='bbox 944 908 1121 961; x_wconf 82' lang='lat' dir='ltr'><strong>biberit</strong></span> <span class='ocrx_word' id='word_1_52' title='bbox 1159 907 1220 959; x_wconf 86' lang='lat' dir='ltr'><strong><em>de</em></strong></span> <span class='ocrx_word' id='word_1_53' title='bbox 1253 922 1382 975; x_wconf 86' lang='lat' dir='ltr'><strong>aqua</strong></span> <span class='ocrx_word' id='word_1_54' title='bbox 1407 906 1502 957; x_wconf 87' lang='lat' dir='ltr'><strong>ista</strong></span> <span class='ocrx_word' id='word_1_55' title='bbox 1521 946 1536 969; x_wconf 96' lang='lat'><strong>,</strong></span> <span class='ocrx_word' id='word_1_56' title='bbox 1567 904 1701 957; x_wconf 79' lang='lat' dir='ltr'><strong>sitiet</strong></span> 
     </span>
    </p>
   </div>
   <div class='ocr_carea' id='block_1_7' title="bbox 157 998 1700 1077">
    <p class='ocr_par' dir='ltr' id='par_1_7' title="bbox 157 998 1700 1077">
     <span class='ocr_line' id='line_1_7' title="bbox 157 998 1700 1077; baseline -0.009 -12"><span class='ocrx_word' id='word_1_57' title='bbox 157 1016 307 1067; x_wconf 79' lang='lat' dir='ltr'><strong>iterum</strong></span> <span class='ocrx_word' id='word_1_58' title='bbox 329 1010 429 1077; x_wconf 84' lang='lat' dir='ltr'><strong>:qui</strong></span> <span class='ocrx_word' id='word_1_59' title='bbox 453 1015 616 1059; x_wconf 85' lang='lat' dir='ltr'><strong>autem</strong></span> <span class='ocrx_word' id='word_1_60' title='bbox 645 1003 819 1058; x_wconf 84' lang='lat' dir='ltr'><strong>biberit</strong></span> <span class='ocrx_word' id='word_1_61' title='bbox 851 1004 916 1055; x_wconf 88' lang='lat' dir='ltr'><strong><em>de</em></strong></span> <span class='ocrx_word' id='word_1_62' title='bbox 936 1018 1070 1069; x_wconf 86' lang='lat' dir='ltr'><strong>aqua</strong></span> <span class='ocrx_word' id='word_1_63' title='bbox 1092 1016 1240 1070; x_wconf 88' lang='lat' dir='ltr'><strong>quam</strong></span> <span class='ocrx_word' id='word_1_64' title='bbox 1264 1016 1354 1069; x_wconf 85' lang='lat' dir='ltr'><strong>ego</strong></span> <span class='ocrx_word' id='word_1_65' title='bbox 1375 998 1579 1063; x_wconf 87' lang='lat' dir='ltr'><strong>dedero,</strong></span> <span class='ocrx_word' id='word_1_66' title='bbox 1600 1013 1700 1051; x_wconf 86' lang='lat' dir='ltr'><strong>non</strong></span> 
     </span>
    </p>
   </div>
   <div class='ocr_carea' id='block_1_8' title="bbox 115 1088 1699 1172">
    <p class='ocr_par' dir='ltr' id='par_1_8' title="bbox 115 1088 1699 1172">
     <span class='ocr_line' id='line_1_8' title="bbox 115 1088 1699 1172; baseline -0.011 -11"><span class='ocrx_word' id='word_1_67' title='bbox 115 1088 121 1099; x_wconf 52' lang='grc'><em>’</em></span> <span class='ocrx_word' id='word_1_68' title='bbox 158 1109 269 1161; x_wconf 78' lang='lat' dir='ltr'><strong>sitiet</strong></span> <span class='ocrx_word' id='word_1_69' title='bbox 288 1108 329 1157; x_wconf 78' lang='lat' dir='ltr'><strong>in</strong></span> <span class='ocrx_word' id='word_1_70' title='bbox 346 1103 713 1172; x_wconf 74' lang='lat' dir='ltr'><strong>sempiternum;</strong></span> <span class='ocrx_word' id='word_1_71' title='bbox 741 1097 832 1151; x_wconf 81' lang='lat' dir='ltr'><strong>sed</strong></span> <span class='ocrx_word' id='word_1_72' title='bbox 854 1113 990 1165; x_wconf 79' lang='lat' dir='ltr'><strong>aqua</strong></span> <span class='ocrx_word' id='word_1_73' title='bbox 1012 1094 1104 1148; x_wconf 82' lang='lat' dir='ltr'><strong>illa</strong></span> <span class='ocrx_word' id='word_1_74' title='bbox 1124 1110 1271 1164; x_wconf 81' lang='lat' dir='ltr'><strong>quant</strong></span> <span class='ocrx_word' id='word_1_75' title='bbox 1297 1092 1479 1145; x_wconf 85' lang='lat' dir='ltr'><strong><em>dedero</em></strong></span> <span class='ocrx_word' id='word_1_76' title='bbox 1499 1134 1512 1157; x_wconf 91' lang='lat'><strong>,</strong></span> <span class='ocrx_word' id='word_1_77' title='bbox 1543 1091 1626 1159; x_wconf 80' lang='lat' dir='ltr'><strong>ﬁet</strong></span> <span class='ocrx_word' id='word_1_78' title='bbox 1646 1091 1699 1144; x_wconf 87' lang='lat' dir='ltr'><strong>in</strong></span> 
     </span>
    </p>
   </div>
   <div class='ocr_carea' id='block_1_9' title="bbox 157 1182 1699 1269">
    <p class='ocr_par' dir='ltr' id='par_1_9' title="bbox 157 1182 1699 1269">
     <span class='ocr_line' id='line_1_9' title="bbox 157 1182 1699 1269; baseline -0.01 -16"><span class='ocrx_word' id='word_1_79' title='bbox 157 1218 207 1253; x_wconf 76' lang='lat' dir='ltr'><strong><em>eo</em></strong></span> <span class='ocrx_word' id='word_1_80' title='bbox 235 1205 330 1269; x_wconf 79' lang='lat' dir='ltr'><strong>fons</strong></span> <span class='ocrx_word' id='word_1_81' title='bbox 369 1212 501 1264; x_wconf 76' lang='lat' dir='ltr'><strong>aqua:</strong></span> <span class='ocrx_word' id='word_1_82' title='bbox 545 1194 774 1247; x_wconf 74' lang='lat' dir='ltr'><strong>salientis</strong></span> <span class='ocrx_word' id='word_1_83' title='bbox 816 1193 873 1244; x_wconf 82' lang='lat' dir='ltr'><strong>in</strong></span> <span class='ocrx_word' id='word_1_84' title='bbox 904 1190 1058 1242; x_wconf 84' lang='lat' dir='ltr'><strong>vitam</strong></span> <span class='ocrx_word' id='word_1_85' title='bbox 1086 1198 1346 1242; x_wconf 62' lang='lat' dir='ltr'><strong>(sternam.</strong></span> <span class='ocrx_word' id='word_1_86' title='bbox 1393 1184 1500 1239; x_wconf 85' lang='lat' dir='ltr'><strong>Sed</strong></span> <span class='ocrx_word' id='word_1_87' title='bbox 1526 1182 1699 1238; x_wconf 90' lang='lat' dir='ltr'><strong>adhuc</strong></span> 
     </span>
    </p>
   </div>
   <div class='ocr_carea' id='block_1_10' title="bbox 152 1278 1697 1360">
    <p class='ocr_par' dir='ltr' id='par_1_10' title="bbox 152 1278 1697 1360">
     <span class='ocr_line' id='line_1_10' title="bbox 152 1278 1697 1360; baseline -0.01 -12"><span class='ocrx_word' id='word_1_88' title='bbox 152 1294 308 1348; x_wconf 87' lang='lat' dir='ltr'><strong>mulier</strong></span> <span class='ocrx_word' id='word_1_89' title='bbox 336 1289 654 1360; x_wconf 83' lang='lat' dir='ltr'><strong>prudentiam</strong></span> <span class='ocrx_word' id='word_1_90' title='bbox 681 1286 864 1340; x_wconf 88' lang='lat' dir='ltr'><strong>carnis</strong></span> <span class='ocrx_word' id='word_1_91' title='bbox 895 1281 1247 1352; x_wconf 75' lang='lat' dir='ltr'><strong>amplectitur.</strong></span> <span class='ocrx_word' id='word_1_92' title='bbox 1273 1278 1407 1347; x_wconf 86' lang='lat' dir='ltr'><strong>Quid</strong></span> <span class='ocrx_word' id='word_1_93' title='bbox 1439 1279 1579 1332; x_wconf 88' lang='lat' dir='ltr'><strong>enim</strong></span> <span class='ocrx_word' id='word_1_94' title='bbox 1608 1292 1697 1332; x_wconf 88' lang='lat' dir='ltr'><strong>re-</strong></span> 
     </span>
    </p>
   </div>
   <div class='ocr_carea' id='block_1_11' title="bbox 147 1370 1697 1456">
    <p class='ocr_par' dir='ltr' id='par_1_11' title="bbox 147 1370 1697 1456">
     <span class='ocr_line' id='line_1_11' title="bbox 147 1370 1697 1456; baseline -0.012 -16"><span class='ocrx_word' id='word_1_95' title='bbox 147 1385 365 1456; x_wconf 78' lang='lat' dir='ltr'><strong>spondit?</strong></span> <span class='ocrx_word' id='word_1_96' title='bbox 403 1383 639 1446; x_wconf 84' lang='lat' dir='ltr'><strong>Domine,</strong></span> <span class='ocrx_word' id='word_1_97' title='bbox 674 1380 741 1432; x_wconf 89' lang='lat' dir='ltr'><strong>da</strong></span> <span class='ocrx_word' id='word_1_98' title='bbox 784 1378 908 1431; x_wconf 89' lang='lat' dir='ltr'><strong>mihi</strong></span> <span class='ocrx_word' id='word_1_99' title='bbox 934 1377 1063 1429; x_wconf 87' lang='lat' dir='ltr'><strong>hanc</strong></span> <span class='ocrx_word' id='word_1_100' title='bbox 1088 1390 1308 1445; x_wconf 88' lang='lat' dir='ltr'><strong>aquam,</strong></span> <span class='ocrx_word' id='word_1_101' title='bbox 1344 1381 1403 1425; x_wconf 87' lang='lat' dir='ltr'><strong>ut</strong></span> <span class='ocrx_word' id='word_1_102' title='bbox 1440 1386 1597 1441; x_wconf 86' lang='lat' dir='ltr'><strong>neque</strong></span> <span class='ocrx_word' id='word_1_103' title='bbox 1628 1370 1697 1423; x_wconf 85' lang='lat' dir='ltr'><strong>si-</strong></span> 
     </span>
    </p>
   </div>
   <div class='ocr_carea' id='block_1_12' title="bbox 144 1462 1693 1545">
    <p class='ocr_par' dir='ltr' id='par_1_12' title="bbox 144 1462 1693 1545">
     <span class='ocr_line' id='line_1_12' title="bbox 144 1462 1693 1545; baseline -0.01 -14"><span class='ocrx_word' id='word_1_104' title='bbox 144 1480 275 1541; x_wconf 77' lang='lat' dir='ltr'><strong>tiam,</strong></span> <span class='ocrx_word' id='word_1_105' title='bbox 298 1494 439 1545; x_wconf 71' lang='lat' dir='ltr'><strong>neque</strong></span> <span class='ocrx_word' id='word_1_106' title='bbox 461 1476 653 1528; x_wconf 66' lang='lat' dir='ltr'><strong>vatiam</strong></span> <span class='ocrx_word' id='word_1_107' title='bbox 683 1476 781 1525; x_wconf 87' lang='lat' dir='ltr'><strong>huc</strong></span> <span class='ocrx_word' id='word_1_108' title='bbox 807 1471 1028 1524; x_wconf 85' lang='lat' dir='ltr'><strong>haurire.</strong></span> <span class='ocrx_word' id='word_1_109' title='bbox 1066 1468 1200 1521; x_wconf 79' lang='lat' dir='ltr'><strong>Dicit</strong></span> <span class='ocrx_word' id='word_1_110' title='bbox 1225 1468 1269 1519; x_wconf 91' lang='lat' dir='ltr'><strong>ei</strong></span> <span class='ocrx_word' id='word_1_111' title='bbox 1288 1465 1319 1518; x_wconf 83' lang='lat' dir='ltr'><em>J</em></span> <span class='ocrx_word' id='word_1_112' title='bbox 1328 1482 1439 1520; x_wconf 86' lang='lat' dir='ltr'><strong>esus</strong></span> <span class='ocrx_word' id='word_1_113' title='bbox 1468 1481 1486 1517; x_wconf 89' lang='lat'><strong><em>:</em></strong></span> <span class='ocrx_word' id='word_1_114' title='bbox 1522 1462 1660 1516; x_wconf 84' lang='lat' dir='ltr'><strong><em>Vade</em></strong></span> <span class='ocrx_word' id='word_1_115' title='bbox 1678 1504 1693 1530; x_wconf 91' lang='lat'><strong>,</strong></span> 
     </span>
    </p>
   </div>
   <div class='ocr_carea' id='block_1_13' title="bbox 143 1556 1693 1630">
    <p class='ocr_par' dir='ltr' id='par_1_13' title="bbox 143 1556 1693 1630">
     <span class='ocr_line' id='line_1_13' title="bbox 143 1556 1693 1630; baseline -0.01 -8"><span class='ocrx_word' id='word_1_116' title='bbox 143 1586 249 1622; x_wconf 72' lang='lat' dir='ltr'><strong>rora</strong></span> <span class='ocrx_word' id='word_1_117' title='bbox 274 1571 419 1621; x_wconf 68' lang='lat' dir='ltr'><strong>uirum</strong></span> <span class='ocrx_word' id='word_1_118' title='bbox 448 1578 618 1630; x_wconf 85' lang='lat' dir='ltr'><strong>tuum,</strong></span> <span class='ocrx_word' id='word_1_119' title='bbox 648 1574 695 1618; x_wconf 83' lang='lat' dir='ltr'><strong>et</strong></span> <span class='ocrx_word' id='word_1_120' title='bbox 734 1564 842 1618; x_wconf 83' lang='lat' dir='ltr'><strong>veni</strong></span> <span class='ocrx_word' id='word_1_121' title='bbox 874 1564 988 1615; x_wconf 85' lang='lat' dir='ltr'><strong>huc.</strong></span> <span class='ocrx_word' id='word_1_122' title='bbox 1017 1560 1150 1614; x_wconf 90' lang='lat' dir='ltr'><strong>Cum</strong></span> <span class='ocrx_word' id='word_1_123' title='bbox 1183 1559 1344 1613; x_wconf 80' lang='lat' dir='ltr'><strong>sciret</strong></span> <span class='ocrx_word' id='word_1_124' title='bbox 1378 1572 1493 1612; x_wconf 90' lang='lat' dir='ltr'><strong>eam</strong></span> <span class='ocrx_word' id='word_1_125' title='bbox 1526 1556 1693 1609; x_wconf 85' lang='lat' dir='ltr'><strong>virum</strong></span> 
     </span>
    </p>
   </div>
   <div class='ocr_carea' id='block_1_14' title="bbox 144 1650 1696 1723">
    <p class='ocr_par' dir='ltr' id='par_1_14' title="bbox 144 1650 1696 1723">
     <span class='ocr_line' id='line_1_14' title="bbox 144 1650 1696 1723; baseline -0.01 -7"><span class='ocrx_word' id='word_1_126' title='bbox 144 1680 234 1716; x_wconf 89' lang='lat' dir='ltr'><strong>non</strong></span> <span class='ocrx_word' id='word_1_127' title='bbox 264 1663 477 1723; x_wconf 85' lang='lat' dir='ltr'><strong>habere,</strong></span> <span class='ocrx_word' id='word_1_128' title='bbox 502 1676 596 1713; x_wconf 87' lang='lat' dir='ltr'><strong>cur</strong></span> <span class='ocrx_word' id='word_1_129' title='bbox 622 1658 724 1711; x_wconf 88' lang='lat' dir='ltr'><strong>hoc</strong></span> <span class='ocrx_word' id='word_1_130' title='bbox 754 1656 978 1717; x_wconf 83' lang='lat' dir='ltr'><strong>dixerit,</strong></span> <span class='ocrx_word' id='word_1_131' title='bbox 1008 1653 1280 1723; x_wconf 71' lang='lat' dir='ltr'><strong>quaeritur.</strong></span> <span class='ocrx_word' id='word_1_132' title='bbox 1314 1650 1550 1719; x_wconf 84' lang='lat' dir='ltr'><strong>Namque</strong></span> <span class='ocrx_word' id='word_1_133' title='bbox 1572 1662 1696 1701; x_wconf 89' lang='lat' dir='ltr'><strong>cum</strong></span> 
     </span>
    </p>
   </div>
   <div class='ocr_carea' id='block_1_15' title="bbox 145 1741 1693 1819">
    <p class='ocr_par' dir='ltr' id='par_1_15' title="bbox 145 1741 1693 1819">
     <span class='ocr_line' id='line_1_15' title="bbox 145 1741 1693 1819; baseline -0.012 -8"><span class='ocrx_word' id='word_1_134' title='bbox 145 1758 319 1811; x_wconf 82' lang='lat' dir='ltr'><strong>mulier</strong></span> <span class='ocrx_word' id='word_1_135' title='bbox 345 1756 588 1819; x_wconf 71' lang='lat' dir='ltr'><strong>dixisset,</strong></span> <span class='ocrx_word' id='word_1_136' title='bbox 640 1751 760 1804; x_wconf 81' lang='lat' dir='ltr'><strong>Non</strong></span> <span class='ocrx_word' id='word_1_137' title='bbox 800 1750 965 1817; x_wconf 76' lang='lat' dir='ltr'><strong>habeo</strong></span> <span class='ocrx_word' id='word_1_138' title='bbox 1007 1747 1207 1808; x_wconf 82' lang='lat' dir='ltr'><strong>virum;</strong></span> <span class='ocrx_word' id='word_1_139' title='bbox 1248 1743 1374 1797; x_wconf 89' lang='lat' dir='ltr'><strong>dicit</strong></span> <span class='ocrx_word' id='word_1_140' title='bbox 1416 1742 1463 1796; x_wconf 89' lang='lat' dir='ltr'><strong>ei</strong></span> <span class='ocrx_word' id='word_1_141' title='bbox 1502 1741 1693 1808; x_wconf 87' lang='lat' dir='ltr'><strong>Jesus,</strong></span> 
     </span>
    </p>
   </div>
   <div class='ocr_carea' id='block_1_16' title="bbox 151 1834 1699 1907">
    <p class='ocr_par' dir='ltr' id='par_1_16' title="bbox 151 1834 1699 1907">
     <span class='ocr_line' id='line_1_16' title="bbox 151 1834 1699 1907; baseline -0.009 -7"><span class='ocrx_word' id='word_1_142' title='bbox 151 1848 269 1901; x_wconf 68' lang='lat' dir='ltr'><strong>Bene</strong></span> <span class='ocrx_word' id='word_1_143' title='bbox 294 1847 452 1899; x_wconf 72' lang='lat' dir='ltr'><strong>dixisti</strong></span> <span class='ocrx_word' id='word_1_144' title='bbox 483 1862 579 1898; x_wconf 88' lang='lat' dir='ltr'><strong>non</strong></span> <span class='ocrx_word' id='word_1_145' title='bbox 618 1844 796 1896; x_wconf 83' lang='lat' dir='ltr'><strong>habere</strong></span> <span class='ocrx_word' id='word_1_146' title='bbox 834 1850 882 1893; x_wconf 86' lang='lat' dir='ltr'><strong>te</strong></span> <span class='ocrx_word' id='word_1_147' title='bbox 917 1840 1117 1893; x_wconf 84' lang='lat' dir='ltr'><strong>virum:</strong></span> <span class='ocrx_word' id='word_1_148' title='bbox 1147 1837 1358 1907; x_wconf 87' lang='lat' dir='ltr'><strong>quinque</strong></span> <span class='ocrx_word' id='word_1_149' title='bbox 1397 1835 1530 1887; x_wconf 83' lang='lat' dir='ltr'><strong>enim</strong></span> <span class='ocrx_word' id='word_1_150' title='bbox 1568 1834 1699 1886; x_wconf 87' lang='lat' dir='ltr'><strong>viros</strong></span> 
     </span>
    </p>
   </div>
   <div class='ocr_carea' id='block_1_17' title="bbox 156 1927 1699 2007">
    <p class='ocr_par' dir='ltr' id='par_1_17' title="bbox 156 1927 1699 2007">
     <span class='ocr_line' id='line_1_17' title="bbox 156 1927 1699 2007; baseline -0.012 -14"><span class='ocrx_word' id='word_1_151' title='bbox 156 1941 372 2006; x_wconf 74' lang='lat' dir='ltr'><strong>habuisti,</strong></span> <span class='ocrx_word' id='word_1_152' title='bbox 393 1951 432 1993; x_wconf 84' lang='lat' dir='ltr'><strong>et</strong></span> <span class='ocrx_word' id='word_1_153' title='bbox 458 1956 582 1992; x_wconf 87' lang='lat' dir='ltr'><strong>nunc</strong></span> <span class='ocrx_word' id='word_1_154' title='bbox 601 1953 742 2007; x_wconf 87' lang='lat' dir='ltr'><strong>quem</strong></span> <span class='ocrx_word' id='word_1_155' title='bbox 764 1936 911 1987; x_wconf 85' lang='lat' dir='ltr'><strong>habes</strong></span> <span class='ocrx_word' id='word_1_156' title='bbox 929 1948 1031 1986; x_wconf 87' lang='lat' dir='ltr'><strong>non</strong></span> <span class='ocrx_word' id='word_1_157' title='bbox 1053 1940 1124 1985; x_wconf 84' lang='lat' dir='ltr'><strong>est</strong></span> <span class='ocrx_word' id='word_1_158' title='bbox 1148 1938 1261 1982; x_wconf 84' lang='lat' dir='ltr'><strong>tuus</strong></span> <span class='ocrx_word' id='word_1_159' title='bbox 1282 1930 1388 1992; x_wconf 86' lang='lat' dir='ltr'><strong>vir;</strong></span> <span class='ocrx_word' id='word_1_160' title='bbox 1411 1927 1503 1979; x_wconf 87' lang='lat' dir='ltr'><strong>hoc</strong></span> <span class='ocrx_word' id='word_1_161' title='bbox 1530 1940 1699 1978; x_wconf 87' lang='lat' dir='ltr'><strong>verum</strong></span> 
     </span>
    </p>
   </div>
   <div class='ocr_carea' id='block_1_18' title="bbox 161 2017 1699 2089">
    <p class='ocr_par' dir='ltr' id='par_1_18' title="bbox 161 2017 1699 2089">
     <span class='ocr_line' id='line_1_18' title="bbox 161 2017 1699 2089; baseline -0.01 -4"><span class='ocrx_word' id='word_1_162' title='bbox 161 2033 339 2085; x_wconf 68' lang='lat' dir='ltr'><strong>dixisti.</strong></span> <span class='ocrx_word' id='word_1_163' title='bbox 361 2031 465 2085; x_wconf 78' lang='lat' dir='ltr'><strong>Sed</strong></span> <span class='ocrx_word' id='word_1_164' title='bbox 498 2046 599 2082; x_wconf 82' lang='lat' dir='ltr'><strong>non</strong></span> <span class='ocrx_word' id='word_1_165' title='bbox 636 2037 757 2081; x_wconf 86' lang='lat' dir='ltr'><strong>sunt</strong></span> <span class='ocrx_word' id='word_1_166' title='bbox 795 2026 905 2079; x_wconf 62' lang='lat' dir='ltr'><strong>haec</strong></span> <span class='ocrx_word' id='word_1_167' title='bbox 947 2022 1231 2078; x_wconf 84' lang='lat' dir='ltr'><strong>carnaliter</strong></span> <span class='ocrx_word' id='word_1_168' title='bbox 1260 2017 1563 2089; x_wconf 85' lang='lat' dir='ltr'><strong>accipienda</strong></span> <span class='ocrx_word' id='word_1_169' title='bbox 1586 2058 1599 2081; x_wconf 91' lang='lat'><strong>,</strong></span> <span class='ocrx_word' id='word_1_170' title='bbox 1628 2030 1699 2070; x_wconf 89' lang='lat' dir='ltr'><strong>ne</strong></span> 
     </span>
    </p>
   </div>
   <div class='ocr_carea' id='block_1_19' title="bbox 166 2108 1698 2192">
    <p class='ocr_par' dir='ltr' id='par_1_19' title="bbox 166 2108 1698 2192">
     <span class='ocr_line' id='line_1_19' title="bbox 166 2108 1698 2192; baseline -0.011 -14"><span class='ocrx_word' id='word_1_171' title='bbox 166 2124 292 2178; x_wconf 79' lang='lat' dir='ltr'><strong>huic</strong></span> <span class='ocrx_word' id='word_1_172' title='bbox 324 2124 421 2192; x_wconf 78' lang='lat' dir='ltr'><strong>ipsi</strong></span> <span class='ocrx_word' id='word_1_173' title='bbox 457 2122 617 2175; x_wconf 84' lang='lat' dir='ltr'><strong>adhuc</strong></span> <span class='ocrx_word' id='word_1_174' title='bbox 641 2120 839 2173; x_wconf 85' lang='lat' dir='ltr'><strong>mulieri</strong></span> <span class='ocrx_word' id='word_1_175' title='bbox 874 2116 1215 2172; x_wconf 65' lang='lat' dir='ltr'><strong>Samaritana:</strong></span> <span class='ocrx_word' id='word_1_176' title='bbox 1243 2113 1445 2168; x_wconf 90' lang='lat' dir='ltr'><strong>similes</strong></span> <span class='ocrx_word' id='word_1_177' title='bbox 1470 2124 1590 2165; x_wconf 88' lang='lat' dir='ltr'><strong>esse</strong></span> <span class='ocrx_word' id='word_1_178' title='bbox 1616 2108 1698 2162; x_wconf 85' lang='lat' dir='ltr'><strong>vi-</strong></span> 
     </span>
    </p>
   </div>
   <div class='ocr_carea' id='block_1_20' title="bbox 173 2202 1697 2278">
    <p class='ocr_par' dir='ltr' id='par_1_20' title="bbox 173 2202 1697 2278">
     <span class='ocr_line' id='line_1_20' title="bbox 173 2202 1697 2278; baseline -0.01 -7"><span class='ocrx_word' id='word_1_179' title='bbox 173 2216 390 2271; x_wconf 87' lang='lat' dir='ltr'><strong>deamur.</strong></span> <span class='ocrx_word' id='word_1_180' title='bbox 418 2214 514 2269; x_wconf 84' lang='lat' dir='ltr'><strong>Sed</strong></span> <span class='ocrx_word' id='word_1_181' title='bbox 540 2213 603 2268; x_wconf 84' lang='lat' dir='ltr'><strong><em>de</em></strong></span> <span class='ocrx_word' id='word_1_182' title='bbox 626 2214 710 2265; x_wconf 89' lang='lat' dir='ltr'><strong>illo</strong></span> <span class='ocrx_word' id='word_1_183' title='bbox 732 2212 862 2265; x_wconf 90' lang='lat' dir='ltr'><strong>dono</strong></span> <span class='ocrx_word' id='word_1_184' title='bbox 891 2211 979 2263; x_wconf 89' lang='lat' dir='ltr'><strong>Dei</strong></span> <span class='ocrx_word' id='word_1_185' title='bbox 1006 2209 1051 2263; x_wconf 88' lang='lat' dir='ltr'><strong>si</strong></span> <span class='ocrx_word' id='word_1_186' title='bbox 1081 2205 1280 2278; x_wconf 90' lang='lat' dir='ltr'><strong>aliquid</strong></span> <span class='ocrx_word' id='word_1_187' title='bbox 1314 2205 1425 2276; x_wconf 90' lang='lat' dir='ltr'><strong>jam</strong></span> <span class='ocrx_word' id='word_1_188' title='bbox 1462 2202 1697 2275; x_wconf 87' lang='lat' dir='ltr'><strong>gustavi-</strong></span> 
     </span>
    </p>
   </div>
   <div class='ocr_carea' id='block_1_21' title="bbox 173 2305 1111 2376">
    <p class='ocr_par' dir='ltr' id='par_1_21' title="bbox 173 2305 1111 2376">
     <span class='ocr_line' id='line_1_21' title="bbox 173 2305 1111 2376; baseline -0.011 -14"><span class='ocrx_word' id='word_1_189' title='bbox 173 2324 309 2372; x_wconf 84' lang='lat' dir='ltr'><strong>mus,</strong></span> <span class='ocrx_word' id='word_1_190' title='bbox 340 2306 653 2376; x_wconf 82' lang='lat' dir='ltr'><strong>spiritualiter</strong></span> <span class='ocrx_word' id='word_1_191' title='bbox 680 2305 773 2358; x_wconf 85' lang='lat' dir='ltr'><strong>ista</strong></span> <span class='ocrx_word' id='word_1_192' title='bbox 804 2312 1111 2357; x_wconf 82' lang='lat' dir='ltr'><strong>tractemus.</strong></span> 
     </span>
    </p>
   </div>
   <div class='ocr_carea' id='block_1_22' title="bbox 226 2386 1703 2468">
    <p class='ocr_par' dir='ltr' id='par_1_22' title="bbox 226 2386 1703 2468">
     <span class='ocr_line' id='line_1_22' title="bbox 226 2386 1703 2468; baseline -0.007 -16"><span class='ocrx_word' id='word_1_193' title='bbox 226 2399 275 2452; x_wconf 86' lang='lat'><strong>6.</strong></span> <span class='ocrx_word' id='word_1_194' title='bbox 304 2398 522 2468; x_wconf 83' lang='lat' dir='ltr'><strong>Quinque</strong></span> <span class='ocrx_word' id='word_1_195' title='bbox 554 2396 716 2461; x_wconf 72' lang='lat' dir='ltr'><strong>viros,</strong></span> <span class='ocrx_word' id='word_1_196' title='bbox 760 2395 993 2464; x_wconf 83' lang='lat' dir='ltr'><strong>quinque</strong></span> <span class='ocrx_word' id='word_1_197' title='bbox 1028 2392 1192 2446; x_wconf 90' lang='lat' dir='ltr'><strong>libros</strong></span> <span class='ocrx_word' id='word_1_198' title='bbox 1222 2390 1311 2461; x_wconf 87' lang='lat' dir='ltr'><strong>qui</strong></span> <span class='ocrx_word' id='word_1_199' title='bbox 1348 2402 1446 2459; x_wconf 87' lang='lat' dir='ltr'><strong>per</strong></span> <span class='ocrx_word' id='word_1_200' title='bbox 1484 2386 1703 2458; x_wconf 83' lang='lat' dir='ltr'><strong>Moysen</strong></span> 
     </span>
    </p>
   </div>
   <div class='ocr_carea' id='block_1_23' title="bbox 160 2480 1703 2556">
    <p class='ocr_par' dir='ltr' id='par_1_23' title="bbox 160 2480 1703 2556">
     <span class='ocr_line' id='line_1_23' title="bbox 160 2480 1703 2556; baseline -0.008 -9"><span class='ocrx_word' id='word_1_201' title='bbox 160 2492 413 2547; x_wconf 86' lang='lat' dir='ltr'><strong>ministrati</strong></span> <span class='ocrx_word' id='word_1_202' title='bbox 452 2500 593 2553; x_wconf 90' lang='lat' dir='ltr'><strong>sunt,</strong></span> <span class='ocrx_word' id='word_1_203' title='bbox 636 2488 877 2543; x_wconf 88' lang='lat' dir='ltr'><strong>nonnulli</strong></span> <span class='ocrx_word' id='word_1_204' title='bbox 906 2486 1188 2556; x_wconf 89' lang='lat' dir='ltr'><strong>accipiunt.</strong></span> <span class='ocrx_word' id='word_1_205' title='bbox 1219 2482 1370 2551; x_wconf 84' lang='lat' dir='ltr'><strong><em>Quod</em></strong></span> <span class='ocrx_word' id='word_1_206' title='bbox 1406 2490 1582 2536; x_wconf 88' lang='lat' dir='ltr'><strong>autem</strong></span> <span class='ocrx_word' id='word_1_207' title='bbox 1617 2480 1703 2535; x_wconf 82' lang='lat' dir='ltr'><strong>di-</strong></span> 
     </span>
    </p>
   </div>
   <div class='ocr_carea' id='block_1_24' title="bbox 162 2573 1704 2649">
    <p class='ocr_par' dir='ltr' id='par_1_24' title="bbox 162 2573 1704 2649">
     <span class='ocr_line' id='line_1_24' title="bbox 162 2573 1704 2649; baseline -0.008 -12"><span class='ocrx_word' id='word_1_208' title='bbox 162 2594 290 2638; x_wconf 89' lang='lat' dir='ltr'><strong>ctum</strong></span> <span class='ocrx_word' id='word_1_209' title='bbox 330 2591 427 2646; x_wconf 80' lang='lat' dir='ltr'><strong>est,</strong></span> <span class='ocrx_word' id='word_1_210' title='bbox 474 2581 532 2633; x_wconf 84' lang='lat' dir='ltr'><strong>Et</strong></span> <span class='ocrx_word' id='word_1_211' title='bbox 574 2597 701 2633; x_wconf 86' lang='lat' dir='ltr'><strong>nunc</strong></span> <span class='ocrx_word' id='word_1_212' title='bbox 748 2596 899 2649; x_wconf 85' lang='lat' dir='ltr'><strong>quem</strong></span> <span class='ocrx_word' id='word_1_213' title='bbox 954 2578 1137 2643; x_wconf 83' lang='lat' dir='ltr'><strong>habes,</strong></span> <span class='ocrx_word' id='word_1_214' title='bbox 1183 2593 1283 2629; x_wconf 88' lang='lat' dir='ltr'><strong>non</strong></span> <span class='ocrx_word' id='word_1_215' title='bbox 1322 2586 1394 2628; x_wconf 87' lang='lat' dir='ltr'><strong>est</strong></span> <span class='ocrx_word' id='word_1_216' title='bbox 1438 2583 1554 2627; x_wconf 88' lang='lat' dir='ltr'><strong>tuus</strong></span> <span class='ocrx_word' id='word_1_217' title='bbox 1594 2573 1704 2635; x_wconf 85' lang='lat' dir='ltr'><strong>vir;</strong></span> 
     </span>
    </p>
   </div>
   <div class='ocr_carea' id='block_1_25' title="bbox 163 2663 1706 2743">
    <p class='ocr_par' dir='ltr' id='par_1_25' title="bbox 163 2663 1706 2743">
     <span class='ocr_line' id='line_1_25' title="bbox 163 2663 1706 2743; baseline -0.007 -15"><span class='ocrx_word' id='word_1_218' title='bbox 163 2673 225 2728; x_wconf 61' lang='lat' dir='ltr'><strong>de</strong></span> <span class='ocrx_word' id='word_1_219' title='bbox 252 2690 303 2728; x_wconf 83' lang='lat' dir='ltr'><strong>se</strong></span> <span class='ocrx_word' id='word_1_220' title='bbox 340 2675 438 2743; x_wconf 80' lang='lat' dir='ltr'><strong>ipso</strong></span> <span class='ocrx_word' id='word_1_221' title='bbox 479 2673 745 2726; x_wconf 87' lang='lat' dir='ltr'><strong>Dominum</strong></span> <span class='ocrx_word' id='word_1_222' title='bbox 790 2671 993 2725; x_wconf 80' lang='lat' dir='ltr'><strong>dixisse</strong></span> <span class='ocrx_word' id='word_1_223' title='bbox 1040 2668 1373 2738; x_wconf 85' lang='lat' dir='ltr'><strong>intelligunt,</strong></span> <span class='ocrx_word' id='word_1_224' title='bbox 1419 2674 1478 2720; x_wconf 88' lang='lat' dir='ltr'><strong>ut</strong></span> <span class='ocrx_word' id='word_1_225' title='bbox 1508 2665 1609 2718; x_wconf 87' lang='lat' dir='ltr'><strong>iste</strong></span> <span class='ocrx_word' id='word_1_226' title='bbox 1637 2663 1706 2717; x_wconf 89' lang='lat' dir='ltr'><strong>sit</strong></span> 
     </span>
    </p>
   </div>
   <div class='ocr_carea' id='block_1_26' title="bbox 164 2759 1706 2835">
    <p class='ocr_par' dir='ltr' id='par_1_26' title="bbox 164 2759 1706 2835">
     <span class='ocr_line' id='line_1_26' title="bbox 164 2759 1706 2835; baseline -0.006 -12"><span class='ocrx_word' id='word_1_227' title='bbox 164 2782 338 2823; x_wconf 76' lang='lat' dir='ltr'><strong>scnsus</strong></span> <span class='ocrx_word' id='word_1_228' title='bbox 364 2784 375 2819; x_wconf 89' lang='lat'><strong>:</strong></span> <span class='ocrx_word' id='word_1_229' title='bbox 400 2768 557 2821; x_wconf 88' lang='lat' dir='ltr'><strong>Primo</strong></span> <span class='ocrx_word' id='word_1_230' title='bbox 594 2767 830 2835; x_wconf 89' lang='lat' dir='ltr'><strong>quinque</strong></span> <span class='ocrx_word' id='word_1_231' title='bbox 873 2764 1023 2818; x_wconf 85' lang='lat' dir='ltr'><strong>libris</strong></span> <span class='ocrx_word' id='word_1_232' title='bbox 1050 2763 1248 2834; x_wconf 82' lang='lat' dir='ltr'><strong>Moysi,</strong></span> <span class='ocrx_word' id='word_1_233' title='bbox 1281 2760 1432 2831; x_wconf 89' lang='lat' dir='ltr'><strong>quasi</strong></span> <span class='ocrx_word' id='word_1_234' title='bbox 1471 2759 1706 2830; x_wconf 87' lang='lat' dir='ltr'><strong>quinque</strong></span> 
     </span>
    </p>
   </div>
   <div class='ocr_carea' id='block_1_27' title="bbox 164 2852 1706 2926">
    <p class='ocr_par' dir='ltr' id='par_1_27' title="bbox 164 2852 1706 2926">
     <span class='ocr_line' id='line_1_27' title="bbox 164 2852 1706 2926; baseline -0.006 -13"><span class='ocrx_word' id='word_1_235' title='bbox 164 2860 288 2913; x_wconf 82' lang='lat' dir='ltr'><strong>viris</strong></span> <span class='ocrx_word' id='word_1_236' title='bbox 310 2860 517 2923; x_wconf 79' lang='lat' dir='ltr'><strong>servisti;</strong></span> <span class='ocrx_word' id='word_1_237' title='bbox 546 2875 681 2913; x_wconf 89' lang='lat' dir='ltr'><strong>nunc</strong></span> <span class='ocrx_word' id='word_1_238' title='bbox 704 2867 885 2911; x_wconf 88' lang='lat' dir='ltr'><strong>autem</strong></span> <span class='ocrx_word' id='word_1_239' title='bbox 908 2871 1067 2926; x_wconf 84' lang='lat' dir='ltr'><strong>quem</strong></span> <span class='ocrx_word' id='word_1_240' title='bbox 1095 2854 1258 2908; x_wconf 90' lang='lat' dir='ltr'><strong>habes</strong></span> <span class='ocrx_word' id='word_1_241' title='bbox 1277 2895 1291 2919; x_wconf 92' lang='lat'><strong>,</strong></span> <span class='ocrx_word' id='word_1_242' title='bbox 1323 2852 1376 2906; x_wconf 88' lang='lat' dir='ltr'><strong><em>id</em></strong></span> <span class='ocrx_word' id='word_1_243' title='bbox 1402 2859 1514 2915; x_wconf 89' lang='lat' dir='ltr'><strong>est,</strong></span> <span class='ocrx_word' id='word_1_244' title='bbox 1546 2863 1706 2919; x_wconf 88' lang='lat' dir='ltr'><strong>quem</strong></span> 
     </span>
    </p>
   </div>
   <div class='ocr_carea' id='block_1_28' title="bbox 168 2940 1701 3021">
    <p class='ocr_par' dir='ltr' id='par_1_28' title="bbox 168 2940 1701 3021">
     <span class='ocr_line' id='line_1_28' title="bbox 168 2940 1701 3021; baseline -0.008 -15"><span class='ocrx_word' id='word_1_245' title='bbox 168 2952 342 3013; x_wconf 82' lang='lat' dir='ltr'><strong>audis,</strong></span> <span class='ocrx_word' id='word_1_246' title='bbox 366 2953 441 3021; x_wconf 86' lang='lat' dir='ltr'><strong>qui</strong></span> <span class='ocrx_word' id='word_1_247' title='bbox 477 2952 695 3020; x_wconf 84' lang='lat' dir='ltr'><strong>loquitur</strong></span> <span class='ocrx_word' id='word_1_248' title='bbox 727 2961 933 3014; x_wconf 87' lang='lat' dir='ltr'><strong>tecum,</strong></span> <span class='ocrx_word' id='word_1_249' title='bbox 967 2962 1071 3001; x_wconf 91' lang='lat' dir='ltr'><strong>non</strong></span> <span class='ocrx_word' id='word_1_250' title='bbox 1103 2954 1185 2999; x_wconf 88' lang='lat' dir='ltr'><strong>est</strong></span> <span class='ocrx_word' id='word_1_251' title='bbox 1213 2954 1334 2999; x_wconf 88' lang='lat' dir='ltr'><strong>tuus</strong></span> <span class='ocrx_word' id='word_1_252' title='bbox 1378 2943 1461 2996; x_wconf 87' lang='lat' dir='ltr'><strong>vir</strong></span> <span class='ocrx_word' id='word_1_253' title='bbox 1489 2942 1531 3008; x_wconf 77' lang='grc' dir='ltr'><strong>ί,</strong></span> <span class='ocrx_word' id='word_1_254' title='bbox 1579 2940 1701 3010; x_wconf 86' lang='lat' dir='ltr'><strong>quia</strong></span> 
     </span>
    </p>
   </div>
   <div class='ocr_carea' id='block_1_29' title="bbox 168 3038 1707 3111">
    <p class='ocr_par' dir='ltr' id='par_1_29' title="bbox 168 3038 1707 3111">
     <span class='ocr_line' id='line_1_29' title="bbox 168 3038 1707 3111; baseline -0.006 -11"><span class='ocrx_word' id='word_1_255' title='bbox 168 3045 385 3100; x_wconf 78' lang='lat' dir='ltr'><strong>nonduin</strong></span> <span class='ocrx_word' id='word_1_256' title='bbox 411 3048 456 3098; x_wconf 89' lang='lat' dir='ltr'><strong>in</strong></span> <span class='ocrx_word' id='word_1_257' title='bbox 474 3061 577 3099; x_wconf 84' lang='lat' dir='ltr'><strong>eum</strong></span> <span class='ocrx_word' id='word_1_258' title='bbox 600 3043 896 3099; x_wconf 87' lang='lat' dir='ltr'><strong>credidisti.</strong></span> <span class='ocrx_word' id='word_1_259' title='bbox 930 3042 1033 3096; x_wconf 87' lang='lat' dir='ltr'><strong>Sed</strong></span> <span class='ocrx_word' id='word_1_260' title='bbox 1059 3040 1307 3111; x_wconf 90' lang='lat' dir='ltr'><strong>quoniam</strong></span> <span class='ocrx_word' id='word_1_261' title='bbox 1334 3038 1570 3093; x_wconf 88' lang='lat' dir='ltr'><strong>nondum</strong></span> <span class='ocrx_word' id='word_1_262' title='bbox 1596 3050 1707 3091; x_wconf 90' lang='lat' dir='ltr'><strong>cre-</strong></span> 
     </span>
    </p>
   </div>
   <div class='ocr_carea' id='block_1_30' title="bbox 167 3134 1705 3206">
    <p class='ocr_par' dir='ltr' id='par_1_30' title="bbox 167 3134 1705 3206">
     <span class='ocr_line' id='line_1_30' title="bbox 167 3134 1705 3206; baseline -0.006 -13"><span class='ocrx_word' id='word_1_263' title='bbox 167 3137 295 3193; x_wconf 80' lang='lat' dir='ltr'><strong>dens</strong></span> <span class='ocrx_word' id='word_1_264' title='bbox 316 3138 524 3205; x_wconf 86' lang='lat' dir='ltr'><strong>Christo,</strong></span> <span class='ocrx_word' id='word_1_265' title='bbox 548 3140 715 3193; x_wconf 90' lang='lat' dir='ltr'><strong>adhuc</strong></span> <span class='ocrx_word' id='word_1_266' title='bbox 738 3138 921 3206; x_wconf 89' lang='lat' dir='ltr'><strong>utique</strong></span> <span class='ocrx_word' id='word_1_267' title='bbox 946 3136 1155 3189; x_wconf 87' lang='lat' dir='ltr'><strong>illorum</strong></span> <span class='ocrx_word' id='word_1_268' title='bbox 1182 3135 1413 3204; x_wconf 88' lang='lat' dir='ltr'><strong>quinque</strong></span> <span class='ocrx_word' id='word_1_269' title='bbox 1436 3134 1671 3186; x_wconf 85' lang='lat' dir='ltr'><strong>virorum</strong></span> <span class='ocrx_word' id='word_1_270' title='bbox 1688 3172 1705 3199; x_wconf 90' lang='lat'><strong>,</strong></span> 
     </span>
    </p>
   </div>
   <div class='ocr_carea' id='block_1_31' title="bbox 167 3226 1710 3300">
    <p class='ocr_par' dir='ltr' id='par_1_31' title="bbox 167 3226 1710 3300">
     <span class='ocr_line' id='line_1_31' title="bbox 167 3226 1710 3300; baseline -0.004 -16"><span class='ocrx_word' id='word_1_271' title='bbox 167 3230 213 3284; x_wconf 87' lang='lat' dir='ltr'><strong>id</strong></span> <span class='ocrx_word' id='word_1_272' title='bbox 239 3238 316 3284; x_wconf 85' lang='lat' dir='ltr'><strong>est</strong></span> <span class='ocrx_word' id='word_1_273' title='bbox 335 3232 538 3300; x_wconf 87' lang='lat' dir='ltr'><strong>quinque</strong></span> <span class='ocrx_word' id='word_1_274' title='bbox 568 3232 818 3284; x_wconf 85' lang='lat' dir='ltr'><strong>librorum</strong></span> <span class='ocrx_word' id='word_1_275' title='bbox 851 3228 1185 3297; x_wconf 87' lang='lat' dir='ltr'><strong>copulatione</strong></span> <span class='ocrx_word' id='word_1_276' title='bbox 1205 3226 1504 3290; x_wconf 80' lang='lat' dir='ltr'><strong>tenebatur,</strong></span> <span class='ocrx_word' id='word_1_277' title='bbox 1534 3231 1710 3293; x_wconf 87' lang='lat' dir='ltr'><strong>potest</strong></span> 
     </span>
    </p>
   </div>
   <div class='ocr_carea' id='block_1_32' title="bbox 166 3315 1711 3391">
    <p class='ocr_par' dir='ltr' id='par_1_32' title="bbox 166 3315 1711 3391">
     <span class='ocr_line' id='line_1_32' title="bbox 166 3315 1711 3391; baseline -0.005 -15"><span class='ocrx_word' id='word_1_278' title='bbox 166 3337 363 3376; x_wconf 80' lang='lat' dir='ltr'><strong>movere</strong></span> <span class='ocrx_word' id='word_1_279' title='bbox 388 3322 628 3391; x_wconf 88' lang='lat' dir='ltr'><strong>quomodo</strong></span> <span class='ocrx_word' id='word_1_280' title='bbox 667 3321 770 3375; x_wconf 89' lang='lat' dir='ltr'><strong>dici</strong></span> <span class='ocrx_word' id='word_1_281' title='bbox 818 3320 1083 3389; x_wconf 88' lang='lat' dir='ltr'><strong>potuerit,</strong></span> <span class='ocrx_word' id='word_1_282' title='bbox 1115 3318 1344 3391; x_wconf 84' lang='lat' dir='ltr'><strong>Quinque</strong></span> <span class='ocrx_word' id='word_1_283' title='bbox 1372 3318 1501 3371; x_wconf 88' lang='lat' dir='ltr'><strong>viros</strong></span> <span class='ocrx_word' id='word_1_284' title='bbox 1531 3315 1711 3369; x_wconf 85' lang='lat' dir='ltr'><strong>habui-</strong></span> 
     </span>
    </p>
   </div>
   <div class='ocr_carea' id='block_1_33' title="bbox 163 3409 1711 3483">
    <p class='ocr_par' dir='ltr' id='par_1_33' title="bbox 163 3409 1711 3483">
     <span class='ocr_line' id='line_1_33' title="bbox 163 3409 1711 3483; baseline -0.004 -15"><span class='ocrx_word' id='word_1_285' title='bbox 163 3414 218 3468; x_wconf 81' lang='lat' dir='ltr'><strong>ui</strong></span> <span class='ocrx_word' id='word_1_286' title='bbox 232 3456 246 3478; x_wconf 97' lang='lat'><strong>,</strong></span> <span class='ocrx_word' id='word_1_287' title='bbox 269 3414 408 3483; x_wconf 83' lang='lat' dir='ltr'><strong>quasi</strong></span> <span class='ocrx_word' id='word_1_288' title='bbox 428 3430 555 3468; x_wconf 89' lang='lat' dir='ltr'><strong>nunc</strong></span> <span class='ocrx_word' id='word_1_289' title='bbox 580 3429 671 3468; x_wconf 89' lang='lat' dir='ltr'><strong>eos</strong></span> <span class='ocrx_word' id='word_1_290' title='bbox 698 3413 809 3483; x_wconf 87' lang='lat' dir='ltr'><strong>jam</strong></span> <span class='ocrx_word' id='word_1_291' title='bbox 843 3427 949 3467; x_wconf 92' lang='lat' dir='ltr'><strong>non</strong></span> <span class='ocrx_word' id='word_1_292' title='bbox 982 3410 1236 3479; x_wconf 88' lang='lat' dir='ltr'><strong>haberet,</strong></span> <span class='ocrx_word' id='word_1_293' title='bbox 1261 3426 1381 3465; x_wconf 90' lang='lat' dir='ltr'><strong>cum</strong></span> <span class='ocrx_word' id='word_1_294' title='bbox 1408 3409 1582 3463; x_wconf 89' lang='lat' dir='ltr'><strong>adhuc</strong></span> <span class='ocrx_word' id='word_1_295' title='bbox 1607 3409 1711 3463; x_wconf 88' lang='lat' dir='ltr'><strong>uti-</strong></span> 
     </span>
    </p>
   </div>
   <div class='ocr_carea' id='block_1_34' title="bbox 162 3503 1710 3577">
    <p class='ocr_par' dir='ltr' id='par_1_34' title="bbox 162 3503 1710 3577">
     <span class='ocr_line' id='line_1_34' title="bbox 162 3503 1710 3577; baseline 0 -18"><span class='ocrx_word' id='word_1_296' title='bbox 162 3523 250 3576; x_wconf 87' lang='lat' dir='ltr'><strong>que</strong></span> <span class='ocrx_word' id='word_1_297' title='bbox 278 3508 399 3577; x_wconf 82' lang='lat' dir='ltr'><strong>ipsis</strong></span> <span class='ocrx_word' id='word_1_298' title='bbox 420 3508 610 3561; x_wconf 87' lang='lat' dir='ltr'><strong>subdita</strong></span> <span class='ocrx_word' id='word_1_299' title='bbox 652 3508 876 3561; x_wconf 80' lang='lat' dir='ltr'><strong>viveret.</strong></span> <span class='ocrx_word' id='word_1_300' title='bbox 913 3505 1115 3561; x_wconf 89' lang='lat' dir='ltr'><strong>Deinde</strong></span> <span class='ocrx_word' id='word_1_301' title='bbox 1154 3520 1274 3559; x_wconf 91' lang='lat' dir='ltr'><strong>cum</strong></span> <span class='ocrx_word' id='word_1_302' title='bbox 1312 3505 1546 3575; x_wconf 89' lang='lat' dir='ltr'><strong>quinque</strong></span> <span class='ocrx_word' id='word_1_303' title='bbox 1588 3503 1710 3559; x_wconf 88' lang='lat' dir='ltr'><strong>libri</strong></span> 
     </span>
    </p>
   </div>
   <div class='ocr_carea' id='block_1_35' title="bbox 162 3595 1713 3669">
    <p class='ocr_par' dir='ltr' id='par_1_35' title="bbox 162 3595 1713 3669">
     <span class='ocr_line' id='line_1_35' title="bbox 162 3595 1713 3669; baseline -0.001 -18"><span class='ocrx_word' id='word_1_304' title='bbox 162 3597 305 3668; x_wconf 68' lang='lat' dir='ltr'><strong>Moysi</strong></span> <span class='ocrx_word' id='word_1_305' title='bbox 356 3599 469 3652; x_wconf 87' lang='lat' dir='ltr'><strong>nihil</strong></span> <span class='ocrx_word' id='word_1_306' title='bbox 508 3599 646 3653; x_wconf 85' lang='lat' dir='ltr'><strong>aliud</strong></span> <span class='ocrx_word' id='word_1_307' title='bbox 685 3614 845 3669; x_wconf 88' lang='lat' dir='ltr'><strong>quam</strong></span> <span class='ocrx_word' id='word_1_308' title='bbox 882 3595 1154 3651; x_wconf 85' lang='lat' dir='ltr'><strong>Christum</strong></span> <span class='ocrx_word' id='word_1_309' title='bbox 1206 3595 1527 3665; x_wconf 64' lang='lat' dir='ltr'><strong>praedicent,</strong></span> <span class='ocrx_word' id='word_1_310' title='bbox 1574 3595 1713 3650; x_wconf 88' lang='lat' dir='ltr'><strong>sicut</strong></span> 
     </span>
    </p>
   </div>
   <div class='ocr_carea' id='block_1_36' title="bbox 164 3690 1712 3762">
    <p class='ocr_par' dir='ltr' id='par_1_36' title="bbox 164 3690 1712 3762">
     <span class='ocr_line' id='line_1_36' title="bbox 164 3690 1712 3762; baseline 0 -19"><span class='ocrx_word' id='word_1_311' title='bbox 164 3692 262 3758; x_wconf 82' lang='lat' dir='ltr'><strong>ipse</strong></span> <span class='ocrx_word' id='word_1_312' title='bbox 287 3693 381 3755; x_wconf 85' lang='lat' dir='ltr'><strong>ait,</strong></span> <span class='ocrx_word' id='word_1_313' title='bbox 403 3692 459 3746; x_wconf 87' lang='lat' dir='ltr'><strong>Si</strong></span> <span class='ocrx_word' id='word_1_314' title='bbox 474 3694 737 3746; x_wconf 80' lang='lat' dir='ltr'><strong>crederetis</strong></span> <span class='ocrx_word' id='word_1_315' title='bbox 756 3691 944 3761; x_wconf 76' lang='lat' dir='ltr'><strong>Moysi,</strong></span> <span class='ocrx_word' id='word_1_316' title='bbox 964 3691 1228 3744; x_wconf 82' lang='lat' dir='ltr'><strong>crederetis</strong></span> <span class='ocrx_word' id='word_1_317' title='bbox 1250 3693 1465 3762; x_wconf 79' lang='lat' dir='ltr'><strong>forsitan</strong></span> <span class='ocrx_word' id='word_1_318' title='bbox 1485 3697 1532 3744; x_wconf 90' lang='lat' dir='ltr'><strong>et</strong></span> <span class='ocrx_word' id='word_1_319' title='bbox 1556 3690 1712 3757; x_wconf 86' lang='lat' dir='ltr'><strong>mihi;</strong></span> 
     </span>
    </p>
   </div>
   <div class='ocr_carea' id='block_1_37' title="bbox 161 3782 1715 3856">
    <p class='ocr_par' dir='ltr' id='par_1_37' title="bbox 161 3782 1715 3856">
     <span class='ocr_line' id='line_1_37' title="bbox 161 3782 1715 3856; baseline 0.002 -20"><span class='ocrx_word' id='word_1_320' title='bbox 161 3783 236 3836; x_wconf 77' lang='lat' dir='ltr'><strong>itte</strong></span> <span class='ocrx_word' id='word_1_321' title='bbox 252 3788 372 3838; x_wconf 79' lang='lat' dir='ltr'><strong>enim</strong></span> <span class='ocrx_word' id='word_1_322' title='bbox 394 3786 448 3839; x_wconf 86' lang='lat' dir='ltr'><strong><em>de</em></strong></span> <span class='ocrx_word' id='word_1_323' title='bbox 470 3804 545 3839; x_wconf 88' lang='lat' dir='ltr'><strong>me</strong></span> <span class='ocrx_word' id='word_1_324' title='bbox 563 3787 765 3856; x_wconf 79' lang='lat' dir='ltr'><strong>scripsit</strong></span> <span class='ocrx_word' id='word_1_325' title='bbox 792 3784 970 3855; x_wconf 79' lang='lat' dir='ltr'><strong>(Joan.</strong></span> <span class='ocrx_word' id='word_1_326' title='bbox 1001 3799 1052 3849; x_wconf 85' lang='lat' dir='ltr'><strong>v,</strong></span> <span class='ocrx_word' id='word_1_327' title='bbox 1082 3782 1172 3854; x_wconf 77' lang='grc'><strong>46)</strong></span> <span class='ocrx_word' id='word_1_328' title='bbox 1202 3800 1215 3849; x_wconf 93' lang='grc'>;</span> <span class='ocrx_word' id='word_1_329' title='bbox 1244 3782 1513 3853; x_wconf 91' lang='lat' dir='ltr'><strong>quomodo</strong></span> <span class='ocrx_word' id='word_1_330' title='bbox 1538 3792 1715 3853; x_wconf 82' lang='lat' dir='ltr'><strong>potest</strong></span> 
     </span>
    </p>
   </div>
   <div class='ocr_carea' id='block_1_38' title="bbox 160 3876 1711 3948">
    <p class='ocr_par' dir='ltr' id='par_1_38' title="bbox 160 3876 1711 3948">
     <span class='ocr_line' id='line_1_38' title="bbox 160 3876 1711 3948; baseline 0.001 -18"><span class='ocrx_word' id='word_1_331' title='bbox 160 3878 354 3947; x_wconf 77' lang='lat' dir='ltr'><strong>intelligi</strong></span> <span class='ocrx_word' id='word_1_332' title='bbox 383 3895 408 3931; x_wconf 83' lang='lat' dir='ltr'><strong>a</strong></span> <span class='ocrx_word' id='word_1_333' title='bbox 446 3880 676 3948; x_wconf 84' lang='lat' dir='ltr'><strong>quinque</strong></span> <span class='ocrx_word' id='word_1_334' title='bbox 703 3878 808 3932; x_wconf 90' lang='lat' dir='ltr'><strong>illis</strong></span> <span class='ocrx_word' id='word_1_335' title='bbox 845 3877 996 3931; x_wconf 86' lang='lat' dir='ltr'><strong>libris</strong></span> <span class='ocrx_word' id='word_1_336' title='bbox 1024 3876 1275 3932; x_wconf 86' lang='lat' dir='ltr'><strong>recedere</strong></span> <span class='ocrx_word' id='word_1_337' title='bbox 1311 3876 1582 3931; x_wconf 89' lang='lat' dir='ltr'><strong>hominem</strong></span> <span class='ocrx_word' id='word_1_338' title='bbox 1608 3918 1623 3943; x_wconf 96' lang='lat'><strong>,</strong></span> <span class='ocrx_word' id='word_1_339' title='bbox 1650 3885 1711 3932; x_wconf 90' lang='lat' dir='ltr'><strong>ut</strong></span> 
     </span>
    </p>
   </div>
   <div class='ocr_carea' id='block_1_39' title="bbox 159 3970 1713 4041">
    <p class='ocr_par' dir='ltr' id='par_1_39' title="bbox 159 3970 1713 4041">
     <span class='ocr_line' id='line_1_39' title="bbox 159 3970 1713 4041; baseline 0.002 -18"><span class='ocrx_word' id='word_1_340' title='bbox 159 3971 214 4024; x_wconf 87' lang='lat' dir='ltr'><strong>ad</strong></span> <span class='ocrx_word' id='word_1_341' title='bbox 237 3971 489 4027; x_wconf 84' lang='lat' dir='ltr'><strong>Christum</strong></span> <span class='ocrx_word' id='word_1_342' title='bbox 533 3980 805 4037; x_wconf 83' lang='lat' dir='ltr'><strong>transeat,</strong></span> <span class='ocrx_word' id='word_1_343' title='bbox 836 3986 958 4025; x_wconf 90' lang='lat' dir='ltr'><strong>cum</strong></span> <span class='ocrx_word' id='word_1_344' title='bbox 1009 3970 1099 4025; x_wconf 89' lang='lat' dir='ltr'><strong>ille</strong></span> <span class='ocrx_word' id='word_1_345' title='bbox 1144 3970 1232 4041; x_wconf 89' lang='lat' dir='ltr'><strong>qui</strong></span> <span class='ocrx_word' id='word_1_346' title='bbox 1260 3971 1430 4026; x_wconf 89' lang='lat' dir='ltr'><strong>credit</strong></span> <span class='ocrx_word' id='word_1_347' title='bbox 1472 3971 1523 4025; x_wconf 90' lang='lat' dir='ltr'><strong>in</strong></span> <span class='ocrx_word' id='word_1_348' title='bbox 1556 3970 1713 4027; x_wconf 89' lang='lat' dir='ltr'><strong>Chri-</strong></span> 
     </span>
    </p>
   </div>
   <div class='ocr_carea' id='block_1_40' title="bbox 158 4065 1713 4136">
    <p class='ocr_par' dir='ltr' id='par_1_40' title="bbox 158 4065 1713 4136">
     <span class='ocr_line' id='line_1_40' title="bbox 158 4065 1713 4136; baseline 0.002 -18"><span class='ocrx_word' id='word_1_349' title='bbox 158 4074 304 4131; x_wconf 84' lang='lat' dir='ltr'><strong>stum,</strong></span> <span class='ocrx_word' id='word_1_350' title='bbox 346 4084 447 4122; x_wconf 90' lang='lat' dir='ltr'><strong>non</strong></span> <span class='ocrx_word' id='word_1_351' title='bbox 497 4066 878 4136; x_wconf 86' lang='lat' dir='ltr'><strong>relinquendos</strong></span> <span class='ocrx_word' id='word_1_352' title='bbox 926 4065 1161 4135; x_wconf 89' lang='lat' dir='ltr'><strong>quinque</strong></span> <span class='ocrx_word' id='word_1_353' title='bbox 1204 4065 1325 4119; x_wconf 87' lang='lat' dir='ltr'><strong>illos</strong></span> <span class='ocrx_word' id='word_1_354' title='bbox 1373 4066 1568 4131; x_wconf 90' lang='lat' dir='ltr'><strong>libros,</strong></span> <span class='ocrx_word' id='word_1_355' title='bbox 1615 4066 1713 4121; x_wconf 87' lang='lat' dir='ltr'><strong>sed</strong></span> 
     </span>
    </p>
   </div>
   <div class='ocr_carea' id='block_1_41' title="bbox 158 4156 1712 4229">
    <p class='ocr_par' dir='ltr' id='par_1_41' title="bbox 158 4156 1712 4229">
     <span class='ocr_line' id='line_1_41' title="bbox 158 4156 1712 4229; baseline 0.002 -19"><span class='ocrx_word' id='word_1_356' title='bbox 158 4158 463 4226; x_wconf 86' lang='lat' dir='ltr'><strong>spiritualiter</strong></span> <span class='ocrx_word' id='word_1_357' title='bbox 530 4158 941 4229; x_wconf 85' lang='lat' dir='ltr'><strong>intelligendos,</strong></span> <span class='ocrx_word' id='word_1_358' title='bbox 1020 4157 1185 4212; x_wconf 88' lang='lat' dir='ltr'><strong>multo</strong></span> <span class='ocrx_word' id='word_1_359' title='bbox 1237 4156 1444 4213; x_wconf 86' lang='lat' dir='ltr'><strong>avidius</strong></span> <span class='ocrx_word' id='word_1_360' title='bbox 1508 4158 1712 4228; x_wconf 81' lang='lat' dir='ltr'><strong>ample-</strong></span> 
     </span>
    </p>
   </div>
   <div class='ocr_carea' id='block_1_42' title="bbox 158 4255 764 4311">
    <p class='ocr_par' dir='ltr' id='par_1_42' title="bbox 158 4255 764 4311">
     <span class='ocr_line' id='line_1_42' title="bbox 158 4255 764 4311; baseline 0.003 -7"><span class='ocrx_word' id='word_1_361' title='bbox 158 4255 337 4306; x_wconf 71' lang='lat' dir='ltr'><strong>tiatur?</strong></span> <span class='ocrx_word' id='word_1_362' title='bbox 761 4308 764 4311; x_wconf 32' lang='grc' dir='ltr'><strong><em>τ</em></strong></span> 
     </span>
    </p>
   </div>
   <div class='ocr_carea' id='block_1_43' title="bbox 218 4341 1714 4415">
    <p class='ocr_par' dir='ltr' id='par_1_43' title="bbox 218 4341 1714 4415">
     <span class='ocr_line' id='line_1_43' title="bbox 218 4341 1714 4415; baseline 0.001 -20"><span class='ocrx_word' id='word_1_363' title='bbox 218 4345 263 4396; x_wconf 81' lang='lat'><strong>7.</strong></span> <span class='ocrx_word' id='word_1_364' title='bbox 293 4344 376 4399; x_wconf 82' lang='lat' dir='ltr'><strong>Est</strong></span> <span class='ocrx_word' id='word_1_365' title='bbox 403 4360 531 4415; x_wconf 88' lang='lat' dir='ltr'><strong>ergo</strong></span> <span class='ocrx_word' id='word_1_366' title='bbox 560 4344 700 4399; x_wconf 89' lang='lat' dir='ltr'><strong>alius</strong></span> <span class='ocrx_word' id='word_1_367' title='bbox 729 4344 1056 4408; x_wconf 88' lang='lat' dir='ltr'><strong>intellectus,</strong></span> <span class='ocrx_word' id='word_1_368' title='bbox 1093 4351 1149 4397; x_wconf 92' lang='lat' dir='ltr'><strong>ut</strong></span> <span class='ocrx_word' id='word_1_369' title='bbox 1173 4342 1405 4413; x_wconf 87' lang='lat' dir='ltr'><strong>quinque</strong></span> <span class='ocrx_word' id='word_1_370' title='bbox 1430 4342 1529 4397; x_wconf 86' lang='lat' dir='ltr'><strong>viri</strong></span> <span class='ocrx_word' id='word_1_371' title='bbox 1558 4341 1714 4397; x_wconf 89' lang='lat' dir='ltr'><strong>intel-</strong></span> 
     </span>
    </p>
   </div>
   <div class='ocr_carea' id='block_1_44' title="bbox 156 4433 1713 4508">
    <p class='ocr_par' dir='ltr' id='par_1_44' title="bbox 156 4433 1713 4508">
     <span class='ocr_line' id='line_1_44' title="bbox 156 4433 1713 4508; baseline 0.002 -21"><span class='ocrx_word' id='word_1_372' title='bbox 156 4434 353 4505; x_wconf 74' lang='lat' dir='ltr'><strong>ligantur</strong></span> <span class='ocrx_word' id='word_1_373' title='bbox 376 4439 614 4508; x_wconf 86' lang='lat' dir='ltr'><strong>quinque</strong></span> <span class='ocrx_word' id='word_1_374' title='bbox 638 4437 881 4507; x_wconf 87' lang='lat' dir='ltr'><strong>corporis</strong></span> <span class='ocrx_word' id='word_1_375' title='bbox 910 4450 1098 4490; x_wconf 88' lang='lat' dir='ltr'><strong>sensus</strong></span> <span class='ocrx_word' id='word_1_376' title='bbox 1125 4454 1139 4490; x_wconf 91' lang='lat'>:</span> <span class='ocrx_word' id='word_1_377' title='bbox 1170 4449 1307 4490; x_wconf 91' lang='lat' dir='ltr'><strong>unus</strong></span> <span class='ocrx_word' id='word_1_378' title='bbox 1323 4436 1411 4504; x_wconf 87' lang='lat' dir='ltr'><strong>qui</strong></span> <span class='ocrx_word' id='word_1_379' title='bbox 1437 4433 1503 4488; x_wconf 90' lang='lat' dir='ltr'><strong>ad</strong></span> <span class='ocrx_word' id='word_1_380' title='bbox 1530 4434 1713 4490; x_wconf 91' lang='lat' dir='ltr'><strong>oculos</strong></span> 
     </span>
    </p>
   </div>
   <div class='ocr_carea' id='block_1_45' title="bbox 158 4525 1713 4599">
    <p class='ocr_par' dir='ltr' id='par_1_45' title="bbox 158 4525 1713 4599">
     <span class='ocr_line' id='line_1_45' title="bbox 158 4525 1713 4599; baseline 0 -19"><span class='ocrx_word' id='word_1_381' title='bbox 158 4529 380 4595; x_wconf 79' lang='lat' dir='ltr'><strong>pertinet.</strong></span> <span class='ocrx_word' id='word_1_382' title='bbox 410 4545 519 4599; x_wconf 88' lang='lat' dir='ltr'><strong>quo</strong></span> <span class='ocrx_word' id='word_1_383' title='bbox 550 4529 726 4582; x_wconf 88' lang='lat' dir='ltr'><strong>lucem</strong></span> <span class='ocrx_word' id='word_1_384' title='bbox 758 4529 912 4581; x_wconf 88' lang='lat' dir='ltr'><strong>istam</strong></span> <span class='ocrx_word' id='word_1_385' title='bbox 958 4526 1221 4581; x_wconf 88' lang='lat' dir='ltr'><strong>visibilem</strong></span> <span class='ocrx_word' id='word_1_386' title='bbox 1248 4535 1303 4581; x_wconf 91' lang='lat' dir='ltr'><strong>et</strong></span> <span class='ocrx_word' id='word_1_387' title='bbox 1325 4525 1591 4597; x_wconf 90' lang='lat' dir='ltr'><strong>quoslibet</strong></span> <span class='ocrx_word' id='word_1_388' title='bbox 1618 4540 1713 4580; x_wconf 90' lang='lat' dir='ltr'><strong>co-</strong></span> 
     </span>
    </p>
   </div>
   <div class='ocr_carea' id='block_1_46' title="bbox 154 4616 1711 4691">
    <p class='ocr_par' dir='ltr' id='par_1_46' title="bbox 154 4616 1711 4691">
     <span class='ocr_line' id='line_1_46' title="bbox 154 4616 1711 4691; baseline 0.003 -22"><span class='ocrx_word' id='word_1_389' title='bbox 154 4616 268 4681; x_wconf 72' lang='lat' dir='ltr'><strong>lores</strong></span> <span class='ocrx_word' id='word_1_390' title='bbox 294 4620 598 4691; x_wconf 83' lang='lat' dir='ltr'><strong>formasque</strong></span> <span class='ocrx_word' id='word_1_391' title='bbox 633 4635 918 4689; x_wconf 85' lang='lat' dir='ltr'><strong>corporum</strong></span> <span class='ocrx_word' id='word_1_392' title='bbox 965 4618 1268 4685; x_wconf 86' lang='lat' dir='ltr'><strong>cernimus;</strong></span> <span class='ocrx_word' id='word_1_393' title='bbox 1305 4619 1440 4674; x_wconf 86' lang='lat' dir='ltr'><strong>alter</strong></span> <span class='ocrx_word' id='word_1_394' title='bbox 1468 4619 1673 4673; x_wconf 89' lang='lat' dir='ltr'><strong>aurium</strong></span> <span class='ocrx_word' id='word_1_395' title='bbox 1695 4659 1711 4687; x_wconf 94' lang='lat'><strong>,</strong></span> 
     </span>
    </p>
   </div>
   <div class='ocr_carea' id='block_1_47' title="bbox 74 4694 1710 4779">
    <p class='ocr_par' dir='ltr' id='par_1_47' title="bbox 74 4694 1710 4779">
     <span class='ocr_line' id='line_1_47' title="bbox 74 4694 1710 4779; baseline 0.002 -17"><span class='ocrx_word' id='word_1_396' title='bbox 74 4694 81 4703; x_wconf 68' lang='grc'><em>’</em></span> <span class='ocrx_word' id='word_1_397' title='bbox 152 4725 237 4778; x_wconf 80' lang='lat' dir='ltr'><strong>quo</strong></span> <span class='ocrx_word' id='word_1_398' title='bbox 260 4728 444 4767; x_wconf 84' lang='lat' dir='ltr'><strong>vocum</strong></span> <span class='ocrx_word' id='word_1_399' title='bbox 484 4722 539 4768; x_wconf 89' lang='lat' dir='ltr'><strong>et</strong></span> <span class='ocrx_word' id='word_1_400' title='bbox 564 4714 803 4767; x_wconf 91' lang='lat' dir='ltr'><strong>omnium</strong></span> <span class='ocrx_word' id='word_1_401' title='bbox 834 4727 1089 4766; x_wconf 90' lang='lat' dir='ltr'><strong>sonorum</strong></span> <span class='ocrx_word' id='word_1_402' title='bbox 1115 4720 1384 4765; x_wconf 89' lang='lat' dir='ltr'><strong>momenta</strong></span> <span class='ocrx_word' id='word_1_403' title='bbox 1415 4712 1710 4779; x_wconf 89' lang='lat' dir='ltr'><strong>sentimus;</strong></span> 
     </span>
    </p>
   </div>
   <div class='ocr_carea' id='block_1_48' title="bbox 153 4802 1713 4875">
    <p class='ocr_par' dir='ltr' id='par_1_48' title="bbox 153 4802 1713 4875">
     <span class='ocr_line' id='line_1_48' title="bbox 153 4802 1713 4875; baseline 0.003 -21"><span class='ocrx_word' id='word_1_404' title='bbox 153 4804 312 4858; x_wconf 87' lang='lat' dir='ltr'><strong>tertius</strong></span> <span class='ocrx_word' id='word_1_405' title='bbox 336 4806 542 4859; x_wconf 86' lang='lat' dir='ltr'><strong>narium</strong></span> <span class='ocrx_word' id='word_1_406' title='bbox 563 4847 577 4871; x_wconf 94' lang='lat'><strong>,</strong></span> <span class='ocrx_word' id='word_1_407' title='bbox 610 4820 717 4875; x_wconf 90' lang='lat' dir='ltr'><strong>quo</strong></span> <span class='ocrx_word' id='word_1_408' title='bbox 746 4805 891 4859; x_wconf 88' lang='lat' dir='ltr'><strong>varia</strong></span> <span class='ocrx_word' id='word_1_409' title='bbox 930 4803 1151 4859; x_wconf 88' lang='lat' dir='ltr'><strong>odorum</strong></span> <span class='ocrx_word' id='word_1_410' title='bbox 1190 4804 1448 4858; x_wconf 86' lang='lat' dir='ltr'><strong>suavitate</strong></span> <span class='ocrx_word' id='word_1_411' title='bbox 1477 4802 1713 4858; x_wconf 87' lang='lat' dir='ltr'><strong>delecta-</strong></span> 
     </span>
    </p>
   </div>
   <div class='ocr_carea' id='block_1_49' title="bbox 153 4896 1711 4967">
    <p class='ocr_par' dir='ltr' id='par_1_49' title="bbox 153 4896 1711 4967">
     <span class='ocr_line' id='line_1_49' title="bbox 153 4896 1711 4967; baseline 0.003 -22"><span class='ocrx_word' id='word_1_412' title='bbox 153 4909 279 4959; x_wconf 87' lang='lat' dir='ltr'><strong>mur;</strong></span> <span class='ocrx_word' id='word_1_413' title='bbox 307 4907 529 4966; x_wconf 85' lang='lat' dir='ltr'><strong>quartus</strong></span> <span class='ocrx_word' id='word_1_414' title='bbox 558 4898 609 4951; x_wconf 93' lang='lat' dir='ltr'><strong>in</strong></span> <span class='ocrx_word' id='word_1_415' title='bbox 639 4912 731 4951; x_wconf 87' lang='lat' dir='ltr'><strong>ore</strong></span> <span class='ocrx_word' id='word_1_416' title='bbox 756 4906 963 4967; x_wconf 82' lang='lat' dir='ltr'><strong>gustus,</strong></span> <span class='ocrx_word' id='word_1_417' title='bbox 993 4897 1083 4966; x_wconf 90' lang='lat' dir='ltr'><strong>qui</strong></span> <span class='ocrx_word' id='word_1_418' title='bbox 1112 4896 1283 4951; x_wconf 88' lang='lat' dir='ltr'><strong>dulcia</strong></span> <span class='ocrx_word' id='word_1_419' title='bbox 1304 4904 1359 4951; x_wconf 89' lang='lat' dir='ltr'><strong>et</strong></span> <span class='ocrx_word' id='word_1_420' title='bbox 1382 4911 1562 4950; x_wconf 89' lang='lat' dir='ltr'><strong>amara</strong></span> <span class='ocrx_word' id='word_1_421' title='bbox 1584 4910 1711 4951; x_wconf 86' lang='lat' dir='ltr'><strong>sen-</strong></span> 
     </span>
    </p>
   </div>
   <div class='ocr_carea' id='block_1_50' title="bbox 156 4983 1715 5058">
    <p class='ocr_par' dir='ltr' id='par_1_50' title="bbox 156 4983 1715 5058">
     <span class='ocr_line' id='line_1_50' title="bbox 156 4983 1715 5058; baseline 0.004 -23"><span class='ocrx_word' id='word_1_422' title='bbox 156 4983 229 5048; x_wconf 79' lang='lat' dir='ltr'><strong>tit,</strong></span> <span class='ocrx_word' id='word_1_423' title='bbox 253 4996 301 5040; x_wconf 87' lang='lat' dir='ltr'><strong>et</strong></span> <span class='ocrx_word' id='word_1_424' title='bbox 324 4990 563 5042; x_wconf 88' lang='lat' dir='ltr'><strong>onmium</strong></span> <span class='ocrx_word' id='word_1_425' title='bbox 616 5004 867 5058; x_wconf 85' lang='lat' dir='ltr'><strong>saporum</strong></span> <span class='ocrx_word' id='word_1_426' title='bbox 896 4987 1057 5042; x_wconf 89' lang='lat' dir='ltr'><strong>habet</strong></span> <span class='ocrx_word' id='word_1_427' title='bbox 1087 5003 1341 5053; x_wconf 82' lang='lat' dir='ltr'><strong>examen;</strong></span> <span class='ocrx_word' id='word_1_428' title='bbox 1370 4988 1585 5057; x_wconf 89' lang='lat' dir='ltr'><strong>quintus</strong></span> <span class='ocrx_word' id='word_1_429' title='bbox 1620 5003 1715 5057; x_wconf 87' lang='lat' dir='ltr'><strong>per</strong></span> 
     </span>
    </p>
   </div>
   <div class='ocr_carea' id='block_1_51' title="bbox 155 5078 1717 5149">
    <p class='ocr_par' dir='ltr' id='par_1_51' title="bbox 155 5078 1717 5149">
     <span class='ocr_line' id='line_1_51' title="bbox 155 5078 1717 5149; baseline 0.006 -24"><span class='ocrx_word' id='word_1_430' title='bbox 155 5082 293 5131; x_wconf 83' lang='lat' dir='ltr'><strong>totum</strong></span> <span class='ocrx_word' id='word_1_431' title='bbox 311 5094 507 5149; x_wconf 87' lang='lat' dir='ltr'><strong>corpus</strong></span> <span class='ocrx_word' id='word_1_432' title='bbox 530 5080 792 5148; x_wconf 81' lang='lat' dir='ltr'><strong>tangendo</strong></span> <span class='ocrx_word' id='word_1_433' title='bbox 813 5078 1068 5148; x_wconf 70' lang='lat' dir='ltr'><strong>diiudicat</strong></span> <span class='ocrx_word' id='word_1_434' title='bbox 1094 5079 1263 5133; x_wconf 84' lang='lat' dir='ltr'><strong>calida</strong></span> <span class='ocrx_word' id='word_1_435' title='bbox 1284 5087 1338 5133; x_wconf 88' lang='lat' dir='ltr'><strong>ct</strong></span> <span class='ocrx_word' id='word_1_436' title='bbox 1356 5078 1566 5149; x_wconf 79' lang='lat' dir='ltr'><strong>frigida,</strong></span> <span class='ocrx_word' id='word_1_437' title='bbox 1584 5079 1717 5134; x_wconf 81' lang='lat' dir='ltr'><strong>mol-</strong></span> 
     </span>
    </p>
   </div>
   <div class='ocr_carea' id='block_1_52' title="bbox 157 5163 1714 5241">
    <p class='ocr_par' dir='ltr' id='par_1_52' title="bbox 157 5163 1714 5241">
     <span class='ocr_line' id='line_1_52' title="bbox 157 5163 1714 5241; baseline 0.003 -20"><span class='ocrx_word' id='word_1_438' title='bbox 157 5163 209 5221; x_wconf 85' lang='lat' dir='ltr'><strong>lia</strong></span> <span class='ocrx_word' id='word_1_439' title='bbox 241 5179 288 5224; x_wconf 86' lang='lat' dir='ltr'><strong>et</strong></span> <span class='ocrx_word' id='word_1_440' title='bbox 320 5172 448 5226; x_wconf 85' lang='lat' dir='ltr'><strong>dura</strong></span> <span class='ocrx_word' id='word_1_441' title='bbox 470 5216 485 5238; x_wconf 92' lang='lat'><strong>,</strong></span> <span class='ocrx_word' id='word_1_442' title='bbox 520 5172 655 5227; x_wconf 88' lang='lat' dir='ltr'><strong>levia</strong></span> <span class='ocrx_word' id='word_1_443' title='bbox 697 5181 751 5226; x_wconf 90' lang='lat' dir='ltr'><strong>et</strong></span> <span class='ocrx_word' id='word_1_444' title='bbox 784 5185 1007 5241; x_wconf 84' lang='lat' dir='ltr'><strong>aspera,</strong></span> <span class='ocrx_word' id='word_1_445' title='bbox 1053 5180 1110 5225; x_wconf 89' lang='lat' dir='ltr'><strong>et</strong></span> <span class='ocrx_word' id='word_1_446' title='bbox 1147 5170 1401 5241; x_wconf 88' lang='lat' dir='ltr'><strong>quidquid</strong></span> <span class='ocrx_word' id='word_1_447' title='bbox 1446 5169 1589 5225; x_wconf 89' lang='lat' dir='ltr'><strong>aliud</strong></span> <span class='ocrx_word' id='word_1_448' title='bbox 1631 5180 1714 5226; x_wconf 90' lang='lat' dir='ltr'><strong>est</strong></span> 
     </span>
    </p>
   </div>
   <div class='ocr_carea' id='block_1_53' title="bbox 156 5261 1715 5333">
    <p class='ocr_par' dir='ltr' id='par_1_53' title="bbox 156 5261 1715 5333">
     <span class='ocr_line' id='line_1_53' title="bbox 156 5261 1715 5333; baseline 0.003 -20"><span class='ocrx_word' id='word_1_449' title='bbox 156 5261 272 5327; x_wconf 60' lang='lat' dir='ltr'><strong>quid</strong></span> <span class='ocrx_word' id='word_1_450' title='bbox 331 5264 600 5333; x_wconf 82' lang='lat' dir='ltr'><strong>tangendo</strong></span> <span class='ocrx_word' id='word_1_451' title='bbox 659 5265 937 5319; x_wconf 87' lang='lat' dir='ltr'><strong>sentimus.</strong></span> <span class='ocrx_word' id='word_1_452' title='bbox 999 5263 1116 5319; x_wconf 88' lang='lat' dir='ltr'><strong>Istis</strong></span> <span class='ocrx_word' id='word_1_453' title='bbox 1168 5264 1347 5333; x_wconf 85' lang='lat' dir='ltr'><strong>itaque</strong></span> <span class='ocrx_word' id='word_1_454' title='bbox 1414 5262 1715 5318; x_wconf 88' lang='lat' dir='ltr'><strong>carnalibus</strong></span> 
     </span>
    </p>
   </div>
   <div class='ocr_carea' id='block_1_54' title="bbox 158 5356 1713 5427">
    <p class='ocr_par' dir='ltr' id='par_1_54' title="bbox 158 5356 1713 5427">
     <span class='ocr_line' id='line_1_54' title="bbox 158 5356 1713 5427; baseline 0.003 -22"><span class='ocrx_word' id='word_1_455' title='bbox 158 5356 353 5426; x_wconf 86' lang='lat' dir='ltr'><strong>quinque</strong></span> <span class='ocrx_word' id='word_1_456' title='bbox 381 5358 633 5414; x_wconf 84' lang='lat' dir='ltr'><strong>sensibus</strong></span> <span class='ocrx_word' id='word_1_457' title='bbox 663 5359 833 5427; x_wconf 90' lang='lat' dir='ltr'><strong>prima</strong></span> <span class='ocrx_word' id='word_1_458' title='bbox 880 5357 1111 5412; x_wconf 87' lang='lat' dir='ltr'><strong>hominis</strong></span> <span class='ocrx_word' id='word_1_459' title='bbox 1158 5365 1289 5411; x_wconf 66' lang='lat' dir='ltr'><strong>aetas</strong></span> <span class='ocrx_word' id='word_1_460' title='bbox 1332 5356 1585 5409; x_wconf 89' lang='lat' dir='ltr'><strong>imbuitur</strong></span> <span class='ocrx_word' id='word_1_461' title='bbox 1616 5371 1713 5410; x_wconf 84' lang='lat' dir='ltr'><strong>ne-</strong></span> 
     </span>
    </p>
   </div>
   <div class='ocr_carea' id='block_1_55' title="bbox 158 5446 1713 5519">
    <p class='ocr_par' dir='ltr' id='par_1_55' title="bbox 158 5446 1713 5519">
     <span class='ocr_line' id='line_1_55' title="bbox 158 5446 1713 5519; baseline 0.001 -20"><span class='ocrx_word' id='word_1_462' title='bbox 158 5448 369 5504; x_wconf 76' lang='lat' dir='ltr'><strong>cessitate</strong></span> <span class='ocrx_word' id='word_1_463' title='bbox 398 5460 607 5504; x_wconf 72' lang='lat' dir='ltr'><strong>natura:</strong></span> <span class='ocrx_word' id='word_1_464' title='bbox 631 5450 870 5504; x_wconf 89' lang='lat' dir='ltr'><strong>mortalis</strong></span> <span class='ocrx_word' id='word_1_465' title='bbox 894 5464 997 5519; x_wconf 89' lang='lat' dir='ltr'><strong>qua</strong></span> <span class='ocrx_word' id='word_1_466' title='bbox 1023 5448 1093 5503; x_wconf 85' lang='lat' dir='ltr'><strong>ita</strong></span> <span class='ocrx_word' id='word_1_467' title='bbox 1115 5457 1235 5519; x_wconf 90' lang='lat' dir='ltr'><strong>post</strong></span> <span class='ocrx_word' id='word_1_468' title='bbox 1262 5455 1533 5516; x_wconf 88' lang='lat' dir='ltr'><strong>peccatum</strong></span> <span class='ocrx_word' id='word_1_469' title='bbox 1557 5446 1713 5516; x_wconf 86' lang='lat' dir='ltr'><strong>primi</strong></span> 
     </span>
    </p>
   </div>
   <div class='ocr_carea' id='block_1_56' title="bbox 158 5538 1712 5610">
    <p class='ocr_par' dir='ltr' id='par_1_56' title="bbox 158 5538 1712 5610">
     <span class='ocr_line' id='line_1_56' title="bbox 158 5538 1712 5610; baseline 0 -15"><span class='ocrx_word' id='word_1_470' title='bbox 158 5538 354 5599; x_wconf 81' lang='lat' dir='ltr'><strong>hominis</strong></span> <span class='ocrx_word' id='word_1_471' title='bbox 373 5547 486 5599; x_wconf 90' lang='lat' dir='ltr'><strong>nati</strong></span> <span class='ocrx_word' id='word_1_472' title='bbox 516 5560 698 5599; x_wconf 87' lang='lat' dir='ltr'><strong>sumus</strong></span> <span class='ocrx_word' id='word_1_473' title='bbox 718 5586 734 5610; x_wconf 97' lang='lat'><strong>,</strong></span> <span class='ocrx_word' id='word_1_474' title='bbox 768 5553 827 5599; x_wconf 89' lang='lat' dir='ltr'><strong>ut</strong></span> <span class='ocrx_word' id='word_1_475' title='bbox 856 5542 1091 5599; x_wconf 91' lang='lat' dir='ltr'><strong>nondum</strong></span> <span class='ocrx_word' id='word_1_476' title='bbox 1122 5542 1327 5598; x_wconf 86' lang='lat' dir='ltr'><strong>reddita</strong></span> <span class='ocrx_word' id='word_1_477' title='bbox 1355 5542 1471 5596; x_wconf 88' lang='lat' dir='ltr'><strong>luce</strong></span> <span class='ocrx_word' id='word_1_478' title='bbox 1497 5541 1712 5608; x_wconf 90' lang='lat' dir='ltr'><strong>mentis,</strong></span> 
     </span>
    </p>
   </div>
   <div class='ocr_carea' id='block_1_57' title="bbox 157 5634 1714 5702">
    <p class='ocr_par' dir='ltr' id='par_1_57' title="bbox 157 5634 1714 5702">
     <span class='ocr_line' id='line_1_57' title="bbox 157 5634 1714 5702; baseline 0.004 -19"><span class='ocrx_word' id='word_1_479' title='bbox 157 5637 425 5691; x_wconf 79' lang='lat' dir='ltr'><strong>carnalibus</strong></span> <span class='ocrx_word' id='word_1_480' title='bbox 455 5638 700 5691; x_wconf 88' lang='lat' dir='ltr'><strong>sensibus</strong></span> <span class='ocrx_word' id='word_1_481' title='bbox 728 5636 960 5702; x_wconf 90' lang='lat' dir='ltr'><strong>subditi,</strong></span> <span class='ocrx_word' id='word_1_482' title='bbox 982 5636 1250 5690; x_wconf 86' lang='lat' dir='ltr'><strong>carnalem</strong></span> <span class='ocrx_word' id='word_1_483' title='bbox 1279 5636 1440 5689; x_wconf 85' lang='lat' dir='ltr'><strong>vitam</strong></span> <span class='ocrx_word' id='word_1_484' title='bbox 1465 5635 1580 5689; x_wconf 89' lang='lat' dir='ltr'><strong>sine</strong></span> <span class='ocrx_word' id='word_1_485' title='bbox 1606 5634 1714 5690; x_wconf 87' lang='lat' dir='ltr'><strong>ulla</strong></span> 
     </span>
    </p>
   </div>
   <div class='ocr_carea' id='block_1_58' title="bbox 161 5728 1715 5801">
    <p class='ocr_par' dir='ltr' id='par_1_58' title="bbox 161 5728 1715 5801">
     <span class='ocr_line' id='line_1_58' title="bbox 161 5728 1715 5801; baseline 0.004 -23"><span class='ocrx_word' id='word_1_486' title='bbox 161 5728 363 5783; x_wconf 64' lang='lat' dir='ltr'><strong>veritatis</strong></span> <span class='ocrx_word' id='word_1_487' title='bbox 374 5730 720 5801; x_wconf 81' lang='lat' dir='ltr'><strong>intelligentia</strong></span> <span class='ocrx_word' id='word_1_488' title='bbox 735 5728 1250 5784; x_wconf 87' lang='lat' dir='ltr'><strong>transeamus.Tales</strong></span> <span class='ocrx_word' id='word_1_489' title='bbox 1264 5743 1482 5783; x_wconf 85' lang='lat' dir='ltr'><strong>necesse</strong></span> <span class='ocrx_word' id='word_1_490' title='bbox 1499 5735 1579 5783; x_wconf 89' lang='lat' dir='ltr'><strong>est</strong></span> <span class='ocrx_word' id='word_1_491' title='bbox 1595 5742 1715 5784; x_wconf 90' lang='lat' dir='ltr'><strong>esse</strong></span> 
     </span>
    </p>
   </div>
   <div class='ocr_carea' id='block_1_59' title="bbox 210 5842 1711 5937">
    <p class='ocr_par' dir='ltr' id='par_1_59' title="bbox 210 5842 1711 5937">
     <span class='ocr_line' id='line_1_59' title="bbox 210 5842 1711 5937; baseline 0.005 -24"><span class='ocrx_word' id='word_1_492' title='bbox 210 5863 227 5937; x_wconf 64' lang='grc' dir='ltr'>ξ</span> <span class='ocrx_word' id='word_1_493' title='bbox 244 5842 333 5937; x_wconf 66' lang='grc' dir='ltr'><strong>ξω.</strong></span> <span class='ocrx_word' id='word_1_494' title='bbox 348 5873 399 5915; x_wconf 83' lang='lat' dir='ltr'><strong>et</strong></span> <span class='ocrx_word' id='word_1_495' title='bbox 422 5866 593 5937; x_wconf 82' lang='lat' dir='ltr'><strong>plures</strong></span> <span class='ocrx_word' id='word_1_496' title='bbox 610 5875 721 5921; x_wconf 77' lang='lat' dir='ltr'><strong>lss.</strong></span> <span class='ocrx_word' id='word_1_497' title='bbox 745 5882 891 5937; x_wconf 78' lang='lat' dir='ltr'><strong>quem</strong></span> <span class='ocrx_word' id='word_1_498' title='bbox 911 5867 1175 5931; x_wconf 83' lang='lat' dir='ltr'><strong>audis,non</strong></span> <span class='ocrx_word' id='word_1_499' title='bbox 1190 5870 1260 5920; x_wconf 84' lang='lat' dir='ltr'><strong>est</strong></span> <span class='ocrx_word' id='word_1_500' title='bbox 1281 5873 1390 5920; x_wconf 84' lang='lat' dir='ltr'><strong>tuus</strong></span> <span class='ocrx_word' id='word_1_501' title='bbox 1407 5880 1499 5929; x_wconf 73' lang='lat' dir='ltr'><strong>vir,</strong></span> <span class='ocrx_word' id='word_1_502' title='bbox 1513 5868 1711 5929; x_wconf 81' lang='lat' dir='ltr'><strong>omisso.</strong></span> 
     </span>
    </p>
   </div>
   <div class='ocr_carea' id='block_1_60' title="bbox 160 5922 593 5991">
    <p class='ocr_par' dir='ltr' id='par_1_60' title="bbox 160 5922 593 5991">
     <span class='ocr_line' id='line_1_60' title="bbox 160 5922 593 5991; baseline -0.018 0"><span class='ocrx_word' id='word_1_503' title='bbox 160 5922 593 5991; x_wconf 67' lang='grc' dir='ltr'><strong>σιιίιυψοτὶεοωη.</strong></span> 
     </span>
    </p>
   </div>
   <div class='ocr_carea' id='block_1_61' title="bbox 1809 534 3393 616">
    <p class='ocr_par' dir='ltr' id='par_1_61' title="bbox 1809 534 3393 616">
     <span class='ocr_line' id='line_1_61' title="bbox 1809 534 3393 616; baseline 0.012 -29"><span class='ocrx_word' id='word_1_504' title='bbox 1809 534 2037 591; x_wconf 81' lang='lat' dir='ltr'><strong>infantes</strong></span> <span class='ocrx_word' id='word_1_505' title='bbox 2065 542 2119 591; x_wconf 87' lang='lat' dir='ltr'><strong>et</strong></span> <span class='ocrx_word' id='word_1_506' title='bbox 2143 537 2393 606; x_wconf 85' lang='lat' dir='ltr'><strong>parvulos</strong></span> <span class='ocrx_word' id='word_1_507' title='bbox 2413 550 2607 609; x_wconf 85' lang='lat' dir='ltr'><strong>pueros</strong></span> <span class='ocrx_word' id='word_1_508' title='bbox 2624 583 2639 608; x_wconf 90' lang='lat'><strong>,</strong></span> <span class='ocrx_word' id='word_1_509' title='bbox 2676 541 2765 613; x_wconf 86' lang='lat' dir='ltr'><strong>qui</strong></span> <span class='ocrx_word' id='word_1_510' title='bbox 2790 541 3025 599; x_wconf 88' lang='lat' dir='ltr'><strong>nondum</strong></span> <span class='ocrx_word' id='word_1_511' title='bbox 3047 556 3273 616; x_wconf 88' lang='lat' dir='ltr'><strong>possunt</strong></span> <span class='ocrx_word' id='word_1_512' title='bbox 3296 563 3393 606; x_wconf 81' lang='lat' dir='ltr'><strong>ac-</strong></span> 
     </span>
    </p>
   </div>
   <div class='ocr_carea' id='block_1_62' title="bbox 1808 630 3389 714">
    <p class='ocr_par' dir='ltr' id='par_1_62' title="bbox 1808 630 3389 714">
     <span class='ocr_line' id='line_1_62' title="bbox 1808 630 3389 714; baseline 0.009 -30"><span class='ocrx_word' id='word_1_513' title='bbox 1808 630 1984 699; x_wconf 87' lang='lat' dir='ltr'><strong>cipere</strong></span> <span class='ocrx_word' id='word_1_514' title='bbox 2011 630 2294 685; x_wconf 89' lang='lat' dir='ltr'><strong>rationem.</strong></span> <span class='ocrx_word' id='word_1_515' title='bbox 2343 632 2411 687; x_wconf 84' lang='lat' dir='ltr'><strong>Et</strong></span> <span class='ocrx_word' id='word_1_516' title='bbox 2453 635 2575 704; x_wconf 91' lang='lat' dir='ltr'><strong>quia</strong></span> <span class='ocrx_word' id='word_1_517' title='bbox 2608 638 2872 692; x_wconf 85' lang='lat' dir='ltr'><strong>naturales</strong></span> <span class='ocrx_word' id='word_1_518' title='bbox 2899 648 3021 693; x_wconf 90' lang='lat' dir='ltr'><strong>sunt</strong></span> <span class='ocrx_word' id='word_1_519' title='bbox 3047 640 3129 695; x_wconf 87' lang='lat' dir='ltr'><strong>isti</strong></span> <span class='ocrx_word' id='word_1_520' title='bbox 3159 656 3348 699; x_wconf 87' lang='lat' dir='ltr'><strong>sensus</strong></span> <span class='ocrx_word' id='word_1_521' title='bbox 3371 687 3389 714; x_wconf 90' lang='lat'><strong>,</strong></span> 
     </span>
    </p>
   </div>
   <div class='ocr_carea' id='block_1_63' title="bbox 1807 722 3385 795">
    <p class='ocr_par' dir='ltr' id='par_1_63' title="bbox 1807 722 3385 795">
     <span class='ocr_line' id='line_1_63' title="bbox 1807 722 3385 795; baseline 0.011 -22"><span class='ocrx_word' id='word_1_522' title='bbox 1807 722 1893 790; x_wconf 89' lang='lat' dir='ltr'><strong>qui</strong></span> <span class='ocrx_word' id='word_1_523' title='bbox 1924 722 2148 792; x_wconf 90' lang='lat' dir='ltr'><strong>primam</strong></span> <span class='ocrx_word' id='word_1_524' title='bbox 2176 732 2386 778; x_wconf 76' lang='lat' dir='ltr'><strong>:etatem</strong></span> <span class='ocrx_word' id='word_1_525' title='bbox 2414 734 2633 795; x_wconf 87' lang='lat' dir='ltr'><strong>regunt,</strong></span> <span class='ocrx_word' id='word_1_526' title='bbox 2669 734 2723 781; x_wconf 89' lang='lat' dir='ltr'><strong>et</strong></span> <span class='ocrx_word' id='word_1_527' title='bbox 2751 728 2856 783; x_wconf 78' lang='lat' dir='ltr'><strong>Deo</strong></span> <span class='ocrx_word' id='word_1_528' title='bbox 2877 732 3077 788; x_wconf 84' lang='lat' dir='ltr'><strong>artiﬁce</strong></span> <span class='ocrx_word' id='word_1_529' title='bbox 3104 735 3257 788; x_wconf 81' lang='lat' dir='ltr'><strong>nobis</strong></span> <span class='ocrx_word' id='word_1_530' title='bbox 3286 736 3385 791; x_wconf 87' lang='lat' dir='ltr'><strong>tri-</strong></span> 
     </span>
    </p>
   </div>
   <div class='ocr_carea' id='block_1_64' title="bbox 1806 814 3389 899">
    <p class='ocr_par' dir='ltr' id='par_1_64' title="bbox 1806 814 3389 899">
     <span class='ocr_line' id='line_1_64' title="bbox 1806 814 3389 899; baseline 0.011 -30"><span class='ocrx_word' id='word_1_531' title='bbox 1806 814 1918 869; x_wconf 89' lang='lat' dir='ltr'><strong>buti</strong></span> <span class='ocrx_word' id='word_1_532' title='bbox 1941 824 2083 881; x_wconf 89' lang='lat' dir='ltr'><strong>sunt,</strong></span> <span class='ocrx_word' id='word_1_533' title='bbox 2104 826 2247 871; x_wconf 85' lang='lat' dir='ltr'><strong>recte</strong></span> <span class='ocrx_word' id='word_1_534' title='bbox 2264 817 2508 873; x_wconf 88' lang='lat' dir='ltr'><strong>dicuntur</strong></span> <span class='ocrx_word' id='word_1_535' title='bbox 2526 820 2646 886; x_wconf 90' lang='lat' dir='ltr'><strong>viri,</strong></span> <span class='ocrx_word' id='word_1_536' title='bbox 2669 821 2718 875; x_wconf 92' lang='lat' dir='ltr'><strong>id</strong></span> <span class='ocrx_word' id='word_1_537' title='bbox 2742 832 2822 876; x_wconf 79' lang='lat' dir='ltr'><strong>est</strong></span> <span class='ocrx_word' id='word_1_538' title='bbox 2844 826 3038 890; x_wconf 86' lang='lat' dir='ltr'><strong>mariti,</strong></span> <span class='ocrx_word' id='word_1_539' title='bbox 3061 835 3303 899; x_wconf 86' lang='lat' dir='ltr'><strong>tanquam</strong></span> <span class='ocrx_word' id='word_1_540' title='bbox 3322 832 3389 887; x_wconf 62' lang='lat' dir='ltr'><strong>leo</strong></span> 
     </span>
    </p>
   </div>
   <div class='ocr_carea' id='block_1_65' title="bbox 1806 908 3396 987">
    <p class='ocr_par' dir='ltr' id='par_1_65' title="bbox 1806 908 3396 987">
     <span class='ocr_line' id='line_1_65' title="bbox 1806 908 3396 987; baseline 0.013 -27"><span class='ocrx_word' id='word_1_541' title='bbox 1806 908 2004 977; x_wconf 84' lang='lat' dir='ltr'><strong>gitimi;</strong></span> <span class='ocrx_word' id='word_1_542' title='bbox 2034 912 2283 979; x_wconf 90' lang='lat' dir='ltr'><strong>quoniam</strong></span> <span class='ocrx_word' id='word_1_543' title='bbox 2310 928 2410 966; x_wconf 90' lang='lat' dir='ltr'><strong>non</strong></span> <span class='ocrx_word' id='word_1_544' title='bbox 2444 929 2536 968; x_wconf 86' lang='lat' dir='ltr'><strong>eos</strong></span> <span class='ocrx_word' id='word_1_545' title='bbox 2565 931 2717 969; x_wconf 86' lang='lat' dir='ltr'><strong>error</strong></span> <span class='ocrx_word' id='word_1_546' title='bbox 2745 917 2873 969; x_wconf 83' lang='lat' dir='ltr'><strong>vitio</strong></span> <span class='ocrx_word' id='word_1_547' title='bbox 2903 921 3117 987; x_wconf 72' lang='lat' dir='ltr'><strong>pl&#39;Oltl‘lO</strong></span> <span class='ocrx_word' id='word_1_548' title='bbox 3137 962 3152 986; x_wconf 96' lang='lat'><strong>,</strong></span> <span class='ocrx_word' id='word_1_549' title='bbox 3180 924 3272 977; x_wconf 84' lang='lat' dir='ltr'><strong>sed</strong></span> <span class='ocrx_word' id='word_1_550' title='bbox 3298 924 3396 980; x_wconf 88' lang='lat' dir='ltr'><strong>Dei</strong></span> 
     </span>
    </p>
   </div>
   <div class='ocr_carea' id='block_1_66' title="bbox 1806 1002 3387 1083">
    <p class='ocr_par' dir='ltr' id='par_1_66' title="bbox 1806 1002 3387 1083">
     <span class='ocr_line' id='line_1_66' title="bbox 1806 1002 3387 1083; baseline 0.013 -31"><span class='ocrx_word' id='word_1_551' title='bbox 1806 1002 2029 1057; x_wconf 85' lang='lat' dir='ltr'><strong>artificio</strong></span> <span class='ocrx_word' id='word_1_552' title='bbox 2062 1012 2244 1058; x_wconf 90' lang='lat' dir='ltr'><strong>natura</strong></span> <span class='ocrx_word' id='word_1_553' title='bbox 2275 1007 2580 1062; x_wconf 90' lang='lat' dir='ltr'><strong>contribuit.</strong></span> <span class='ocrx_word' id='word_1_554' title='bbox 2627 1008 2757 1063; x_wconf 91' lang='lat' dir='ltr'><strong>Cum</strong></span> <span class='ocrx_word' id='word_1_555' title='bbox 2799 1021 2974 1066; x_wconf 90' lang='lat' dir='ltr'><strong>autem</strong></span> <span class='ocrx_word' id='word_1_556' title='bbox 3022 1015 3247 1083; x_wconf 88' lang='lat' dir='ltr'><strong>quisque</strong></span> <span class='ocrx_word' id='word_1_557' title='bbox 3291 1033 3387 1072; x_wconf 81' lang='lat' dir='ltr'><strong>ve-</strong></span> 
     </span>
    </p>
   </div>
   <div class='ocr_carea' id='block_1_67' title="bbox 1805 1095 3393 1174">
    <p class='ocr_par' dir='ltr' id='par_1_67' title="bbox 1805 1095 3393 1174">
     <span class='ocr_line' id='line_1_67' title="bbox 1805 1095 3393 1174; baseline 0.011 -27"><span class='ocrx_word' id='word_1_558' title='bbox 1805 1095 1946 1149; x_wconf 88' lang='lat' dir='ltr'><strong>nerit</strong></span> <span class='ocrx_word' id='word_1_559' title='bbox 1972 1095 2037 1150; x_wconf 90' lang='lat' dir='ltr'><strong>ad</strong></span> <span class='ocrx_word' id='word_1_560' title='bbox 2064 1113 2179 1152; x_wconf 88' lang='lat' dir='ltr'><strong>eam</strong></span> <span class='ocrx_word' id='word_1_561' title='bbox 2212 1107 2444 1165; x_wconf 79' lang='lat' dir='ltr'><strong>:etatem,</strong></span> <span class='ocrx_word' id='word_1_562' title='bbox 2474 1110 2531 1154; x_wconf 91' lang='lat' dir='ltr'><strong>ut</strong></span> <span class='ocrx_word' id='word_1_563' title='bbox 2556 1101 2663 1171; x_wconf 89' lang='lat' dir='ltr'><strong>jam</strong></span> <span class='ocrx_word' id='word_1_564' title='bbox 2696 1104 2863 1172; x_wconf 89' lang='lat' dir='ltr'><strong>possit</strong></span> <span class='ocrx_word' id='word_1_565' title='bbox 2888 1120 3052 1174; x_wconf 83' lang='lat' dir='ltr'><strong>capax</strong></span> <span class='ocrx_word' id='word_1_566' title='bbox 3084 1122 3203 1163; x_wconf 89' lang='lat' dir='ltr'><strong>esse</strong></span> <span class='ocrx_word' id='word_1_567' title='bbox 3224 1110 3393 1164; x_wconf 88' lang='lat' dir='ltr'><strong>ratio-</strong></span> 
     </span>
    </p>
   </div>
   <div class='ocr_carea' id='block_1_68' title="bbox 1806 1186 3389 1271">
    <p class='ocr_par' dir='ltr' id='par_1_68' title="bbox 1806 1186 3389 1271">
     <span class='ocr_line' id='line_1_68' title="bbox 1806 1186 3389 1271; baseline 0.011 -32"><span class='ocrx_word' id='word_1_568' title='bbox 1806 1186 1928 1253; x_wconf 87' lang='lat' dir='ltr'><strong>nis,</strong></span> <span class='ocrx_word' id='word_1_569' title='bbox 1976 1189 2021 1242; x_wconf 92' lang='lat' dir='ltr'><strong>si</strong></span> <span class='ocrx_word' id='word_1_570' title='bbox 2067 1191 2345 1245; x_wconf 85' lang='lat' dir='ltr'><strong>veritatem</strong></span> <span class='ocrx_word' id='word_1_571' title='bbox 2394 1194 2571 1247; x_wconf 89' lang='lat' dir='ltr'><strong>statim</strong></span> <span class='ocrx_word' id='word_1_572' title='bbox 2615 1197 3075 1266; x_wconf 86' lang='lat' dir='ltr'><strong>comprehendere</strong></span> <span class='ocrx_word' id='word_1_573' title='bbox 3124 1204 3389 1271; x_wconf 87' lang='lat' dir='ltr'><strong>potuerit,</strong></span> 
     </span>
    </p>
   </div>
   <div class='ocr_carea' id='block_1_69' title="bbox 1806 1278 3399 1355">
    <p class='ocr_par' dir='ltr' id='par_1_69' title="bbox 1806 1278 3399 1355">
     <span class='ocr_line' id='line_1_69' title="bbox 1806 1278 3399 1355; baseline 0.013 -26"><span class='ocrx_word' id='word_1_574' title='bbox 1806 1291 1911 1330; x_wconf 90' lang='lat' dir='ltr'><strong>non</strong></span> <span class='ocrx_word' id='word_1_575' title='bbox 1938 1278 2047 1347; x_wconf 87' lang='lat' dir='ltr'><strong>jam</strong></span> <span class='ocrx_word' id='word_1_576' title='bbox 2080 1280 2184 1335; x_wconf 90' lang='lat' dir='ltr'><strong>illis</strong></span> <span class='ocrx_word' id='word_1_577' title='bbox 2218 1283 2462 1338; x_wconf 87' lang='lat' dir='ltr'><strong>sensibus</strong></span> <span class='ocrx_word' id='word_1_578' title='bbox 2489 1287 2785 1341; x_wconf 88' lang='lat' dir='ltr'><strong>rectoribus</strong></span> <span class='ocrx_word' id='word_1_579' title='bbox 2813 1298 3020 1355; x_wconf 89' lang='lat' dir='ltr'><strong>utetur;</strong></span> <span class='ocrx_word' id='word_1_580' title='bbox 3054 1292 3146 1346; x_wconf 88' lang='lat' dir='ltr'><strong>scd</strong></span> <span class='ocrx_word' id='word_1_581' title='bbox 3182 1294 3399 1350; x_wconf 86' lang='lat' dir='ltr'><strong>habebit</strong></span> 
     </span>
    </p>
   </div>
   <div class='ocr_carea' id='block_1_70' title="bbox 1804 1368 3398 1441">
    <p class='ocr_par' dir='ltr' id='par_1_70' title="bbox 1804 1368 3398 1441">
     <span class='ocr_line' id='line_1_70' title="bbox 1804 1368 3398 1441; baseline 0.011 -18"><span class='ocrx_word' id='word_1_582' title='bbox 1804 1368 1999 1435; x_wconf 83' lang='lat' dir='ltr'><strong>virum,</strong></span> <span class='ocrx_word' id='word_1_583' title='bbox 2032 1373 2273 1440; x_wconf 85' lang='lat' dir='ltr'><strong>spiritum</strong></span> <span class='ocrx_word' id='word_1_584' title='bbox 2304 1377 2637 1441; x_wconf 85' lang='lat' dir='ltr'><strong>rationalem,</strong></span> <span class='ocrx_word' id='word_1_585' title='bbox 2668 1380 2749 1433; x_wconf 90' lang='lat' dir='ltr'><strong>cui</strong></span> <span class='ocrx_word' id='word_1_586' title='bbox 2783 1396 2971 1435; x_wconf 87' lang='lat' dir='ltr'><strong>sensus</strong></span> <span class='ocrx_word' id='word_1_587' title='bbox 2996 1382 3114 1436; x_wconf 91' lang='lat' dir='ltr'><strong>illos</strong></span> <span class='ocrx_word' id='word_1_588' title='bbox 3145 1384 3195 1437; x_wconf 89' lang='lat' dir='ltr'><strong>in</strong></span> <span class='ocrx_word' id='word_1_589' title='bbox 3226 1384 3398 1440; x_wconf 82' lang='lat' dir='ltr'><strong>famu-</strong></span> 
     </span>
    </p>
   </div>
   <div class='ocr_carea' id='block_1_71' title="bbox 1805 1459 3395 1539">
    <p class='ocr_par' dir='ltr' id='par_1_71' title="bbox 1805 1459 3395 1539">
     <span class='ocr_line' id='line_1_71' title="bbox 1805 1459 3395 1539; baseline 0.012 -26"><span class='ocrx_word' id='word_1_590' title='bbox 1805 1459 1967 1514; x_wconf 87' lang='lat' dir='ltr'><strong>latum</strong></span> <span class='ocrx_word' id='word_1_591' title='bbox 1992 1463 2215 1532; x_wconf 84' lang='lat' dir='ltr'><strong>redigat,</strong></span> <span class='ocrx_word' id='word_1_592' title='bbox 2252 1467 2489 1521; x_wconf 88' lang='lat' dir='ltr'><strong>servituti</strong></span> <span class='ocrx_word' id='word_1_593' title='bbox 2518 1470 2802 1538; x_wconf 84' lang='lat' dir='ltr'><strong>subjiciens</strong></span> <span class='ocrx_word' id='word_1_594' title='bbox 2836 1486 3029 1539; x_wconf 88' lang='lat' dir='ltr'><strong>corpus</strong></span> <span class='ocrx_word' id='word_1_595' title='bbox 3053 1488 3205 1529; x_wconf 90' lang='lat' dir='ltr'><strong>suum</strong></span> <span class='ocrx_word' id='word_1_596' title='bbox 3233 1493 3244 1527; x_wconf 93' lang='lat'><strong>:</strong></span> <span class='ocrx_word' id='word_1_597' title='bbox 3274 1492 3395 1531; x_wconf 90' lang='lat' dir='ltr'><strong>cum</strong></span> 
     </span>
    </p>
   </div>
   <div class='ocr_carea' id='block_1_72' title="bbox 1804 1546 3406 1635">
    <p class='ocr_par' dir='ltr' id='par_1_72' title="bbox 1804 1546 3406 1635">
     <span class='ocr_line' id='line_1_72' title="bbox 1804 1546 3406 1635; baseline 0.012 -32"><span class='ocrx_word' id='word_1_598' title='bbox 1804 1552 1979 1605; x_wconf 90' lang='lat' dir='ltr'><strong>anima</strong></span> <span class='ocrx_word' id='word_1_599' title='bbox 2010 1568 2114 1608; x_wconf 92' lang='lat' dir='ltr'><strong>non</strong></span> <span class='ocrx_word' id='word_1_600' title='bbox 2146 1554 2254 1623; x_wconf 89' lang='lat' dir='ltr'><strong>jam</strong></span> <span class='ocrx_word' id='word_1_601' title='bbox 2277 1557 2507 1627; x_wconf 90' lang='lat' dir='ltr'><strong>quinque</strong></span> <span class='ocrx_word' id='word_1_602' title='bbox 2528 1560 2673 1625; x_wconf 91' lang='lat' dir='ltr'><strong>viris,</strong></span> <span class='ocrx_word' id='word_1_603' title='bbox 2708 1561 2757 1615; x_wconf 90' lang='lat' dir='ltr'><strong>id</strong></span> <span class='ocrx_word' id='word_1_604' title='bbox 2780 1572 2879 1625; x_wconf 88' lang='lat' dir='ltr'><strong>est,</strong></span> <span class='ocrx_word' id='word_1_605' title='bbox 2899 1564 3132 1635; x_wconf 88' lang='lat' dir='ltr'><strong>quinque</strong></span> <span class='ocrx_word' id='word_1_606' title='bbox 3156 1546 3406 1635; x_wconf 28' lang='lat' dir='ltr'><strong>corporis.</strong></span> 
     </span>
    </p>
   </div>
   <div class='ocr_carea' id='block_1_73' title="bbox 1805 1644 3395 1715">
    <p class='ocr_par' dir='ltr' id='par_1_73' title="bbox 1805 1644 3395 1715">
     <span class='ocr_line' id='line_1_73' title="bbox 1805 1644 3395 1715; baseline 0.009 -19"><span class='ocrx_word' id='word_1_607' title='bbox 1805 1644 2049 1698; x_wconf 90' lang='lat' dir='ltr'><strong>sensibus</strong></span> <span class='ocrx_word' id='word_1_608' title='bbox 2088 1645 2295 1699; x_wconf 87' lang='lat' dir='ltr'><strong>subdita</strong></span> <span class='ocrx_word' id='word_1_609' title='bbox 2335 1656 2416 1701; x_wconf 89' lang='lat' dir='ltr'><strong>cst</strong></span> <span class='ocrx_word' id='word_1_610' title='bbox 2445 1691 2459 1715; x_wconf 93' lang='lat'><strong>,</strong></span> <span class='ocrx_word' id='word_1_611' title='bbox 2514 1651 2607 1704; x_wconf 88' lang='lat' dir='ltr'><strong>sed</strong></span> <span class='ocrx_word' id='word_1_612' title='bbox 2654 1651 2888 1707; x_wconf 86' lang='lat' dir='ltr'><strong>Verbum</strong></span> <span class='ocrx_word' id='word_1_613' title='bbox 2942 1654 3177 1709; x_wconf 88' lang='lat' dir='ltr'><strong>divinum</strong></span> <span class='ocrx_word' id='word_1_614' title='bbox 3232 1657 3395 1714; x_wconf 86' lang='lat' dir='ltr'><strong>habet</strong></span> 
     </span>
    </p>
   </div>
   <div class='ocr_carea' id='block_1_74' title="bbox 1804 1734 3395 1811">
    <p class='ocr_par' dir='ltr' id='par_1_74' title="bbox 1804 1734 3395 1811">
     <span class='ocr_line' id='line_1_74' title="bbox 1804 1734 3395 1811; baseline 0.011 -24"><span class='ocrx_word' id='word_1_615' title='bbox 1804 1734 2096 1804; x_wconf 85' lang='lat' dir='ltr'><strong>legitimum</strong></span> <span class='ocrx_word' id='word_1_616' title='bbox 2123 1738 2294 1792; x_wconf 90' lang='lat' dir='ltr'><strong>virum</strong></span> <span class='ocrx_word' id='word_1_617' title='bbox 2315 1782 2329 1805; x_wconf 94' lang='lat'><strong>,</strong></span> <span class='ocrx_word' id='word_1_618' title='bbox 2362 1740 2445 1795; x_wconf 92' lang='lat' dir='ltr'><strong>cui</strong></span> <span class='ocrx_word' id='word_1_619' title='bbox 2482 1742 2724 1810; x_wconf 88' lang='lat' dir='ltr'><strong>copulata</strong></span> <span class='ocrx_word' id='word_1_620' title='bbox 2764 1754 2818 1799; x_wconf 88' lang='lat' dir='ltr'><strong>et</strong></span> <span class='ocrx_word' id='word_1_621' title='bbox 2860 1745 3155 1811; x_wconf 65' lang='lat' dir='ltr'><strong>inhmrens,</strong></span> <span class='ocrx_word' id='word_1_622' title='bbox 3189 1764 3307 1802; x_wconf 91' lang='lat' dir='ltr'><strong>cum</strong></span> <span class='ocrx_word' id='word_1_623' title='bbox 3338 1757 3395 1804; x_wconf 88' lang='lat' dir='ltr'><strong>et</strong></span> 
     </span>
    </p>
   </div>
   <div class='ocr_carea' id='block_1_75' title="bbox 1806 1824 3395 1909">
    <p class='ocr_par' dir='ltr' id='par_1_75' title="bbox 1806 1824 3395 1909">
     <span class='ocr_line' id='line_1_75' title="bbox 1806 1824 3395 1909; baseline 0.012 -31"><span class='ocrx_word' id='word_1_624' title='bbox 1806 1824 1919 1894; x_wconf 88' lang='lat' dir='ltr'><strong>ipse</strong></span> <span class='ocrx_word' id='word_1_625' title='bbox 1957 1828 2173 1896; x_wconf 85' lang='lat' dir='ltr'><strong>spiritus</strong></span> <span class='ocrx_word' id='word_1_626' title='bbox 2213 1829 2442 1887; x_wconf 86' lang='lat' dir='ltr'><strong>hominis</strong></span> <span class='ocrx_word' id='word_1_627' title='bbox 2500 1833 2716 1888; x_wconf 62' lang='lat' dir='ltr'><strong>haeserit</strong></span> <span class='ocrx_word' id='word_1_628' title='bbox 2762 1834 3008 1903; x_wconf 90' lang='lat' dir='ltr'><strong>Christo,</strong></span> <span class='ocrx_word' id='word_1_629' title='bbox 3065 1839 3186 1908; x_wconf 88' lang='lat' dir='ltr'><strong>quia</strong></span> <span class='ocrx_word' id='word_1_630' title='bbox 3236 1849 3395 1909; x_wconf 91' lang='lat' dir='ltr'><strong>caput</strong></span> 
     </span>
    </p>
   </div>
   <div class='ocr_carea' id='block_1_76' title="bbox 1804 1916 3388 1998">
    <p class='ocr_par' dir='ltr' id='par_1_76' title="bbox 1804 1916 3388 1998">
     <span class='ocr_line' id='line_1_76' title="bbox 1804 1916 3388 1998; baseline 0.011 -29"><span class='ocrx_word' id='word_1_631' title='bbox 1804 1916 1903 1970; x_wconf 89' lang='lat' dir='ltr'><strong>viri</strong></span> <span class='ocrx_word' id='word_1_632' title='bbox 1926 1916 2166 1975; x_wconf 88' lang='lat' dir='ltr'><strong>Christus</strong></span> <span class='ocrx_word' id='word_1_633' title='bbox 2215 1932 2296 1975; x_wconf 88' lang='lat' dir='ltr'><strong>cst</strong></span> <span class='ocrx_word' id='word_1_634' title='bbox 2336 1922 2376 1992; x_wconf 93' lang='grc' dir='ltr'><strong>(Ι</strong></span> <span class='ocrx_word' id='word_1_635' title='bbox 2408 1920 2525 1977; x_wconf 87' lang='lat' dir='ltr'><strong>Cor.</strong></span> <span class='ocrx_word' id='word_1_636' title='bbox 2568 1940 2641 1990; x_wconf 65' lang='grc' dir='ltr'><strong>χι,</strong></span> <span class='ocrx_word' id='word_1_637' title='bbox 2695 1926 2729 1979; x_wconf 78' lang='grc'>5</span> <span class='ocrx_word' id='word_1_638' title='bbox 2754 1924 2796 1997; x_wconf 90' lang='grc'><strong>),</strong></span> <span class='ocrx_word' id='word_1_639' title='bbox 2828 1929 3074 1996; x_wconf 81' lang='lat' dir='ltr'><strong>amplexu</strong></span> <span class='ocrx_word' id='word_1_640' title='bbox 3126 1930 3388 1998; x_wconf 87' lang='lat' dir='ltr'><strong>spirituali</strong></span> 
     </span>
    </p>
   </div>
   <div class='ocr_carea' id='block_1_77' title="bbox 1806 2013 3395 2090">
    <p class='ocr_par' dir='ltr' id='par_1_77' title="bbox 1806 2013 3395 2090">
     <span class='ocr_line' id='line_1_77' title="bbox 1806 2013 3395 2090; baseline 0.011 -29"><span class='ocrx_word' id='word_1_641' title='bbox 1806 2019 2004 2063; x_wconf 61' lang='lat' dir='ltr'><strong>aeterna</strong></span> <span class='ocrx_word' id='word_1_642' title='bbox 2046 2013 2149 2065; x_wconf 82' lang='lat' dir='ltr'><strong>vita</strong></span> <span class='ocrx_word' id='word_1_643' title='bbox 2189 2014 2304 2068; x_wconf 88' lang='lat' dir='ltr'><strong>sine</strong></span> <span class='ocrx_word' id='word_1_644' title='bbox 2335 2014 2442 2068; x_wconf 92' lang='lat' dir='ltr'><strong>ullo</strong></span> <span class='ocrx_word' id='word_1_645' title='bbox 2472 2017 2823 2085; x_wconf 85' lang='lat' dir='ltr'><strong>separationis</strong></span> <span class='ocrx_word' id='word_1_646' title='bbox 2858 2021 3046 2075; x_wconf 86' lang='lat' dir='ltr'><strong>timore</strong></span> <span class='ocrx_word' id='word_1_647' title='bbox 3088 2023 3395 2090; x_wconf 82' lang='lat' dir='ltr'><strong>perfruitur.</strong></span> 
     </span>
    </p>
   </div>
   <div class='ocr_carea' id='block_1_78' title="bbox 1807 2102 3399 2179">
    <p class='ocr_par' dir='ltr' id='par_1_78' title="bbox 1807 2102 3399 2179">
     <span class='ocr_line' id='line_1_78' title="bbox 1807 2102 3399 2179; baseline 0.009 -24"><span class='ocrx_word' id='word_1_648' title='bbox 1807 2102 1936 2169; x_wconf 86' lang='lat' dir='ltr'><strong>Quis</strong></span> <span class='ocrx_word' id='word_1_649' title='bbox 1982 2120 2082 2159; x_wconf 90' lang='lat' dir='ltr'><strong>nos</strong></span> <span class='ocrx_word' id='word_1_650' title='bbox 2119 2108 2260 2159; x_wconf 85' lang='lat' dir='ltr'><strong>enim</strong></span> <span class='ocrx_word' id='word_1_651' title='bbox 2300 2123 2550 2176; x_wconf 84' lang='lat' dir='ltr'><strong>separare</strong></span> <span class='ocrx_word' id='word_1_652' title='bbox 2593 2112 2788 2179; x_wconf 90' lang='lat' dir='ltr'><strong>poterit</strong></span> <span class='ocrx_word' id='word_1_653' title='bbox 2826 2127 2857 2166; x_wconf 93' lang='lat' dir='ltr'><strong>a</strong></span> <span class='ocrx_word' id='word_1_654' title='bbox 2901 2112 3160 2170; x_wconf 87' lang='lat' dir='ltr'><strong>charitate</strong></span> <span class='ocrx_word' id='word_1_655' title='bbox 3204 2115 3399 2172; x_wconf 88' lang='lat' dir='ltr'><strong>Christi</strong></span> 
     </span>
    </p>
   </div>
   <div class='ocr_carea' id='block_1_79' title="bbox 1809 2194 3399 2270">
    <p class='ocr_par' dir='ltr' id='par_1_79' title="bbox 1809 2194 3399 2270">
     <span class='ocr_line' id='line_1_79' title="bbox 1809 2194 3399 2270; baseline 0.009 -21"><span class='ocrx_word' id='word_1_656' title='bbox 1809 2194 1984 2266; x_wconf 84' lang='lat' dir='ltr'><strong>(Rom.</strong></span> <span class='ocrx_word' id='word_1_657' title='bbox 2018 2214 2127 2264; x_wconf 84' lang='lat' dir='ltr'><strong>vin,</strong></span> <span class='ocrx_word' id='word_1_658' title='bbox 2157 2200 2289 2269; x_wconf 73' lang='lat'><strong>55&#39;)?</strong></span> <span class='ocrx_word' id='word_1_659' title='bbox 2315 2200 2416 2255; x_wconf 87' lang='lat' dir='ltr'><strong>Sed</strong></span> <span class='ocrx_word' id='word_1_660' title='bbox 2438 2203 2688 2270; x_wconf 89' lang='lat' dir='ltr'><strong>quoniam</strong></span> <span class='ocrx_word' id='word_1_661' title='bbox 2718 2205 2803 2257; x_wconf 88' lang='lat' dir='ltr'><strong>illa</strong></span> <span class='ocrx_word' id='word_1_662' title='bbox 2833 2206 3025 2261; x_wconf 87' lang='lat' dir='ltr'><strong>mulier</strong></span> <span class='ocrx_word' id='word_1_663' title='bbox 3045 2223 3230 2264; x_wconf 88' lang='lat' dir='ltr'><strong>errore</strong></span> <span class='ocrx_word' id='word_1_664' title='bbox 3260 2218 3399 2265; x_wconf 86' lang='lat' dir='ltr'><strong>tene-</strong></span> 
     </span>
    </p>
   </div>
   <div class='ocr_carea' id='block_1_80' title="bbox 1807 2290 3402 2360">
    <p class='ocr_par' dir='ltr' id='par_1_80' title="bbox 1807 2290 3402 2360">
     <span class='ocr_line' id='line_1_80' title="bbox 1807 2290 3402 2360; baseline 0.008 -17"><span class='ocrx_word' id='word_1_665' title='bbox 1807 2290 1964 2343; x_wconf 88' lang='lat' dir='ltr'><strong>batur</strong></span> <span class='ocrx_word' id='word_1_666' title='bbox 1990 2290 2079 2360; x_wconf 91' lang='lat' dir='ltr'><strong>qui</strong></span> <span class='ocrx_word' id='word_1_667' title='bbox 2098 2291 2113 2320; x_wconf 80' lang='grc'>¹</span> <span class='ocrx_word' id='word_1_668' title='bbox 2145 2290 2475 2360; x_wconf 82' lang='lat' dir='ltr'><strong>signiﬁcabat</strong></span> <span class='ocrx_word' id='word_1_669' title='bbox 2502 2294 2898 2349; x_wconf 89' lang='lat' dir='ltr'><strong>multitudinem</strong></span> <span class='ocrx_word' id='word_1_670' title='bbox 2930 2299 3110 2352; x_wconf 64' lang='lat' dir='ltr'><strong>saeculi</strong></span> <span class='ocrx_word' id='word_1_671' title='bbox 3140 2301 3289 2355; x_wconf 90' lang='lat' dir='ltr'><strong>vanis</strong></span> <span class='ocrx_word' id='word_1_672' title='bbox 3318 2316 3402 2355; x_wconf 89' lang='lat' dir='ltr'><strong>su-</strong></span> 
     </span>
    </p>
   </div>
   <div class='ocr_carea' id='block_1_81' title="bbox 1807 2383 3402 2463">
    <p class='ocr_par' dir='ltr' id='par_1_81' title="bbox 1807 2383 3402 2463">
     <span class='ocr_line' id='line_1_81' title="bbox 1807 2383 3402 2463; baseline 0.007 -26"><span class='ocrx_word' id='word_1_673' title='bbox 1807 2383 2209 2453; x_wconf 87' lang='lat' dir='ltr'><strong>perstitionibus</strong></span> <span class='ocrx_word' id='word_1_674' title='bbox 2253 2384 2535 2455; x_wconf 84' lang='lat' dir='ltr'><strong>subjugati,</strong></span> <span class='ocrx_word' id='word_1_675' title='bbox 2588 2394 2706 2455; x_wconf 90' lang='lat' dir='ltr'><strong>post</strong></span> <span class='ocrx_word' id='word_1_676' title='bbox 2751 2396 2991 2457; x_wconf 88' lang='lat' dir='ltr'><strong>tempora</strong></span> <span class='ocrx_word' id='word_1_677' title='bbox 3036 2390 3124 2444; x_wconf 91' lang='lat' dir='ltr'><strong>illa</strong></span> <span class='ocrx_word' id='word_1_678' title='bbox 3169 2392 3402 2463; x_wconf 88' lang='lat' dir='ltr'><strong>quinque</strong></span> 
     </span>
    </p>
   </div>
   <div class='ocr_carea' id='block_1_82' title="bbox 1809 2476 3396 2553">
    <p class='ocr_par' dir='ltr' id='par_1_82' title="bbox 1809 2476 3396 2553">
     <span class='ocr_line' id='line_1_82' title="bbox 1809 2476 3396 2553; baseline 0.006 -24"><span class='ocrx_word' id='word_1_679' title='bbox 1809 2476 2097 2530; x_wconf 87' lang='lat' dir='ltr'><strong>carnalium</strong></span> <span class='ocrx_word' id='word_1_680' title='bbox 2142 2492 2410 2541; x_wconf 90' lang='lat' dir='ltr'><strong>sensuum,</strong></span> <span class='ocrx_word' id='word_1_681' title='bbox 2444 2477 2633 2546; x_wconf 89' lang='lat' dir='ltr'><strong>quibus</strong></span> <span class='ocrx_word' id='word_1_682' title='bbox 2676 2480 2845 2548; x_wconf 90' lang='lat' dir='ltr'><strong>prima</strong></span> <span class='ocrx_word' id='word_1_683' title='bbox 2875 2490 3025 2547; x_wconf 68' lang='lat' dir='ltr'><strong>mtas,</strong></span> <span class='ocrx_word' id='word_1_684' title='bbox 3064 2492 3122 2536; x_wconf 90' lang='lat' dir='ltr'><strong>ut</strong></span> <span class='ocrx_word' id='word_1_685' title='bbox 3148 2483 3396 2553; x_wconf 82' lang='lat' dir='ltr'><strong>diximus,</strong></span> 
     </span>
    </p>
   </div>
   <div class='ocr_carea' id='block_1_83' title="bbox 1810 2570 3402 2646">
    <p class='ocr_par' dir='ltr' id='par_1_83' title="bbox 1810 2570 3402 2646">
     <span class='ocr_line' id='line_1_83' title="bbox 1810 2570 3402 2646; baseline 0.005 -23"><span class='ocrx_word' id='word_1_686' title='bbox 1810 2570 2041 2637; x_wconf 86' lang='lat' dir='ltr'><strong>regitur,</strong></span> <span class='ocrx_word' id='word_1_687' title='bbox 2093 2584 2198 2623; x_wconf 92' lang='lat' dir='ltr'><strong>non</strong></span> <span class='ocrx_word' id='word_1_688' title='bbox 2229 2585 2345 2625; x_wconf 90' lang='lat' dir='ltr'><strong>eam</strong></span> <span class='ocrx_word' id='word_1_689' title='bbox 2376 2570 2609 2626; x_wconf 83' lang='lat' dir='ltr'><strong>Verbum</strong></span> <span class='ocrx_word' id='word_1_690' title='bbox 2652 2572 2744 2626; x_wconf 89' lang='lat' dir='ltr'><strong>Dei</strong></span> <span class='ocrx_word' id='word_1_691' title='bbox 2789 2583 3071 2643; x_wconf 88' lang='lat' dir='ltr'><strong>acceperat</strong></span> <span class='ocrx_word' id='word_1_692' title='bbox 3113 2576 3165 2629; x_wconf 90' lang='lat' dir='ltr'><strong>in</strong></span> <span class='ocrx_word' id='word_1_693' title='bbox 3211 2577 3402 2646; x_wconf 83' lang='lat' dir='ltr'><strong>conju-</strong></span> 
     </span>
    </p>
   </div>
   <div class='ocr_carea' id='block_1_84' title="bbox 1770 2660 3395 2731">
    <p class='ocr_par' dir='ltr' id='par_1_84' title="bbox 1770 2660 3395 2731">
     <span class='ocr_line' id='line_1_84' title="bbox 1770 2660 3395 2731; baseline 0.006 -18"><span class='ocrx_word' id='word_1_694' title='bbox 1770 2676 1781 2684; x_wconf 67' lang='grc'><strong>”</strong></span> <span class='ocrx_word' id='word_1_695' title='bbox 1810 2660 2013 2731; x_wconf 76' lang='lat' dir='ltr'><strong>gium’,</strong></span> <span class='ocrx_word' id='word_1_696' title='bbox 2062 2661 2156 2716; x_wconf 86' lang='lat' dir='ltr'><strong>sed</strong></span> <span class='ocrx_word' id='word_1_697' title='bbox 2181 2663 2463 2731; x_wconf 82' lang='lat' dir='ltr'><strong>complexu</strong></span> <span class='ocrx_word' id='word_1_698' title='bbox 2500 2662 2803 2717; x_wconf 89' lang='lat' dir='ltr'><strong>adulterino</strong></span> <span class='ocrx_word' id='word_1_699' title='bbox 2829 2664 3072 2719; x_wconf 89' lang='lat' dir='ltr'><strong>diabolus</strong></span> <span class='ocrx_word' id='word_1_700' title='bbox 3098 2667 3395 2723; x_wconf 88' lang='lat' dir='ltr'><strong>obtinebat.</strong></span> 
     </span>
    </p>
   </div>
   <div class='ocr_carea' id='block_1_85' title="bbox 1813 2754 3397 2829">
    <p class='ocr_par' dir='ltr' id='par_1_85' title="bbox 1813 2754 3397 2829">
     <span class='ocr_line' id='line_1_85' title="bbox 1813 2754 3397 2829; baseline 0.003 -20"><span class='ocrx_word' id='word_1_701' title='bbox 1813 2754 1995 2826; x_wconf 88' lang='lat' dir='ltr'><strong>Itaque</strong></span> <span class='ocrx_word' id='word_1_702' title='bbox 2022 2756 2097 2810; x_wconf 93' lang='lat' dir='ltr'><strong>illi</strong></span> <span class='ocrx_word' id='word_1_703' title='bbox 2128 2756 2384 2811; x_wconf 89' lang='lat' dir='ltr'><strong>Dominus</strong></span> <span class='ocrx_word' id='word_1_704' title='bbox 2422 2756 2571 2822; x_wconf 90' lang='lat' dir='ltr'><strong>dicit,</strong></span> <span class='ocrx_word' id='word_1_705' title='bbox 2600 2756 2787 2811; x_wconf 89' lang='lat' dir='ltr'><strong>videns</strong></span> <span class='ocrx_word' id='word_1_706' title='bbox 2815 2772 2933 2811; x_wconf 89' lang='lat' dir='ltr'><strong>eam</strong></span> <span class='ocrx_word' id='word_1_707' title='bbox 2961 2772 3081 2813; x_wconf 89' lang='lat' dir='ltr'><strong>esse</strong></span> <span class='ocrx_word' id='word_1_708' title='bbox 3100 2760 3397 2829; x_wconf 86' lang='lat' dir='ltr'><strong>earnalem,</strong></span> 
     </span>
    </p>
   </div>
   <div class='ocr_carea' id='block_1_86' title="bbox 1811 2847 3406 2919">
    <p class='ocr_par' dir='ltr' id='par_1_86' title="bbox 1811 2847 3406 2919">
     <span class='ocr_line' id='line_1_86' title="bbox 1811 2847 3406 2919; baseline 0.003 -16"><span class='ocrx_word' id='word_1_709' title='bbox 1811 2847 1867 2903; x_wconf 88' lang='lat' dir='ltr'><strong>id</strong></span> <span class='ocrx_word' id='word_1_710' title='bbox 1896 2858 1997 2916; x_wconf 88' lang='lat' dir='ltr'><strong>est,</strong></span> <span class='ocrx_word' id='word_1_711' title='bbox 2030 2849 2312 2904; x_wconf 87' lang='lat' dir='ltr'><strong>carnaliter</strong></span> <span class='ocrx_word' id='word_1_712' title='bbox 2350 2864 2576 2919; x_wconf 88' lang='lat' dir='ltr'><strong>sapere:</strong></span> <span class='ocrx_word' id='word_1_713' title='bbox 2609 2848 2782 2917; x_wconf 84' lang='lat' dir='ltr'><strong>Vade,</strong></span> <span class='ocrx_word' id='word_1_714' title='bbox 2815 2867 2935 2904; x_wconf 85' lang='lat' dir='ltr'><strong>voca</strong></span> <span class='ocrx_word' id='word_1_715' title='bbox 2958 2851 3120 2904; x_wconf 84' lang='lat' dir='ltr'><strong>virum</strong></span> <span class='ocrx_word' id='word_1_716' title='bbox 3147 2862 3319 2919; x_wconf 84' lang='lat' dir='ltr'><strong>tuum,</strong></span> <span class='ocrx_word' id='word_1_717' title='bbox 3357 2861 3406 2909; x_wconf 88' lang='lat' dir='ltr'><strong>et</strong></span> 
     </span>
    </p>
   </div>
   <div class='ocr_carea' id='block_1_87' title="bbox 1814 2943 3406 3013">
    <p class='ocr_par' dir='ltr' id='par_1_87' title="bbox 1814 2943 3406 3013">
     <span class='ocr_line' id='line_1_87' title="bbox 1814 2943 3406 3013; baseline 0.003 -15"><span class='ocrx_word' id='word_1_718' title='bbox 1814 2944 1923 2998; x_wconf 83' lang='lat' dir='ltr'><strong>veni</strong></span> <span class='ocrx_word' id='word_1_719' title='bbox 1954 2944 2050 2996; x_wconf 89' lang='lat' dir='ltr'><strong>huc</strong></span> <span class='ocrx_word' id='word_1_720' title='bbox 2068 2949 2087 3008; x_wconf 76' lang='lat'><strong>,‘°</strong></span> <span class='ocrx_word' id='word_1_721' title='bbox 2113 2943 2162 2997; x_wconf 91' lang='lat' dir='ltr'><strong>id</strong></span> <span class='ocrx_word' id='word_1_722' title='bbox 2187 2951 2298 3007; x_wconf 90' lang='lat' dir='ltr'><strong>est,</strong></span> <span class='ocrx_word' id='word_1_723' title='bbox 2327 2957 2545 2999; x_wconf 88' lang='lat' dir='ltr'><strong>remove</strong></span> <span class='ocrx_word' id='word_1_724' title='bbox 2584 2950 2639 2997; x_wconf 89' lang='lat' dir='ltr'><strong>te</strong></span> <span class='ocrx_word' id='word_1_725' title='bbox 2667 2943 2735 2998; x_wconf 90' lang='lat' dir='ltr'><strong>ab</strong></span> <span class='ocrx_word' id='word_1_726' title='bbox 2761 2944 3041 3000; x_wconf 69' lang='lat' dir='ltr'><strong>affectione</strong></span> <span class='ocrx_word' id='word_1_727' title='bbox 3071 2948 3304 3013; x_wconf 90' lang='lat' dir='ltr'><strong>carnali,</strong></span> <span class='ocrx_word' id='word_1_728' title='bbox 3352 2949 3406 3003; x_wconf 88' lang='lat' dir='ltr'><strong>in</strong></span> 
     </span>
    </p>
   </div>
   <div class='ocr_carea' id='block_1_88' title="bbox 1813 3036 3407 3110">
    <p class='ocr_par' dir='ltr' id='par_1_88' title="bbox 1813 3036 3407 3110">
     <span class='ocr_line' id='line_1_88' title="bbox 1813 3036 3407 3110; baseline 0.004 -21"><span class='ocrx_word' id='word_1_729' title='bbox 1813 3050 1917 3106; x_wconf 89' lang='lat' dir='ltr'><strong>qua</strong></span> <span class='ocrx_word' id='word_1_730' title='bbox 1954 3051 2095 3091; x_wconf 91' lang='lat' dir='ltr'><strong>nunc</strong></span> <span class='ocrx_word' id='word_1_731' title='bbox 2138 3036 2424 3090; x_wconf 90' lang='lat' dir='ltr'><strong>constituta</strong></span> <span class='ocrx_word' id='word_1_732' title='bbox 2472 3052 2561 3101; x_wconf 89' lang='lat' dir='ltr'><strong>es,</strong></span> <span class='ocrx_word' id='word_1_733' title='bbox 2592 3036 2734 3091; x_wconf 87' lang='lat' dir='ltr'><strong>unde</strong></span> <span class='ocrx_word' id='word_1_734' title='bbox 2774 3054 2877 3091; x_wconf 91' lang='lat' dir='ltr'><strong>non</strong></span> <span class='ocrx_word' id='word_1_735' title='bbox 2920 3048 3071 3107; x_wconf 88' lang='lat' dir='ltr'><strong>potes</strong></span> <span class='ocrx_word' id='word_1_736' title='bbox 3115 3039 3407 3110; x_wconf 81' lang='lat' dir='ltr'><strong>intelligere</strong></span> 
     </span>
    </p>
   </div>
   <div class='ocr_carea' id='block_1_89' title="bbox 1815 3130 3408 3202">
    <p class='ocr_par' dir='ltr' id='par_1_89' title="bbox 1815 3130 3408 3202">
     <span class='ocr_line' id='line_1_89' title="bbox 1815 3130 3408 3202; baseline 0.002 -18"><span class='ocrx_word' id='word_1_737' title='bbox 1815 3145 1933 3200; x_wconf 59' lang='lat' dir='ltr'><strong>quas</strong></span> <span class='ocrx_word' id='word_1_738' title='bbox 1960 3130 2180 3201; x_wconf 88' lang='lat' dir='ltr'><strong>loquor:</strong></span> <span class='ocrx_word' id='word_1_739' title='bbox 2211 3140 2255 3184; x_wconf 89' lang='lat' dir='ltr'><strong>et</strong></span> <span class='ocrx_word' id='word_1_740' title='bbox 2280 3147 2401 3184; x_wconf 84' lang='lat' dir='ltr'><strong>voca</strong></span> <span class='ocrx_word' id='word_1_741' title='bbox 2425 3131 2587 3184; x_wconf 85' lang='lat' dir='ltr'><strong>virum</strong></span> <span class='ocrx_word' id='word_1_742' title='bbox 2616 3140 2776 3196; x_wconf 87' lang='lat' dir='ltr'><strong>tuum,</strong></span> <span class='ocrx_word' id='word_1_743' title='bbox 2808 3130 2856 3185; x_wconf 91' lang='lat' dir='ltr'><strong>id</strong></span> <span class='ocrx_word' id='word_1_744' title='bbox 2875 3141 2974 3197; x_wconf 89' lang='lat' dir='ltr'><strong>est,</strong></span> <span class='ocrx_word' id='word_1_745' title='bbox 3004 3132 3190 3202; x_wconf 89' lang='lat' dir='ltr'><strong>spiritu</strong></span> <span class='ocrx_word' id='word_1_746' title='bbox 3214 3133 3408 3189; x_wconf 87' lang='lat' dir='ltr'><strong>intelli-</strong></span> 
     </span>
    </p>
   </div>
   <div class='ocr_carea' id='block_1_90' title="bbox 1814 3222 3409 3294">
    <p class='ocr_par' dir='ltr' id='par_1_90' title="bbox 1814 3222 3409 3294">
     <span class='ocr_line' id='line_1_90' title="bbox 1814 3222 3409 3294; baseline 0.004 -18"><span class='ocrx_word' id='word_1_747' title='bbox 1814 3222 2007 3294; x_wconf 69' lang='lat' dir='ltr'><strong>gentia:</strong></span> <span class='ocrx_word' id='word_1_748' title='bbox 2030 3222 2051 3252; x_wconf 81' lang='grc'>³</span> <span class='ocrx_word' id='word_1_749' title='bbox 2079 3238 2314 3291; x_wconf 60' lang='lat' dir='ltr'><strong>praesens</strong></span> <span class='ocrx_word' id='word_1_750' title='bbox 2336 3232 2470 3277; x_wconf 87' lang='lat' dir='ltr'><strong>esto.</strong></span> <span class='ocrx_word' id='word_1_751' title='bbox 2506 3223 2600 3276; x_wconf 88' lang='lat' dir='ltr'><strong>Est</strong></span> <span class='ocrx_word' id='word_1_752' title='bbox 2624 3224 2766 3277; x_wconf 89' lang='lat' dir='ltr'><strong>enim</strong></span> <span class='ocrx_word' id='word_1_753' title='bbox 2795 3224 2986 3278; x_wconf 81' lang='lat' dir='ltr'><strong>animae</strong></span> <span class='ocrx_word' id='word_1_754' title='bbox 3011 3226 3159 3294; x_wconf 85' lang='lat' dir='ltr'><strong>quasi</strong></span> <span class='ocrx_word' id='word_1_755' title='bbox 3186 3227 3409 3283; x_wconf 89' lang='lat' dir='ltr'><strong>maritus</strong></span> 
     </span>
    </p>
   </div>
   <div class='ocr_carea' id='block_1_91' title="bbox 1816 3312 3405 3384">
    <p class='ocr_par' dir='ltr' id='par_1_91' title="bbox 1816 3312 3405 3384">
     <span class='ocr_line' id='line_1_91' title="bbox 1816 3312 3405 3384; baseline 0.004 -17"><span class='ocrx_word' id='word_1_756' title='bbox 1816 3312 2046 3384; x_wconf 90' lang='lat' dir='ltr'><strong>quodam</strong></span> <span class='ocrx_word' id='word_1_757' title='bbox 2088 3313 2247 3365; x_wconf 88' lang='lat' dir='ltr'><strong>modo</strong></span> <span class='ocrx_word' id='word_1_758' title='bbox 2278 3313 2497 3382; x_wconf 86' lang='lat' dir='ltr'><strong>spiritus</strong></span> <span class='ocrx_word' id='word_1_759' title='bbox 2540 3312 2803 3379; x_wconf 89' lang='lat' dir='ltr'><strong>hominis,</strong></span> <span class='ocrx_word' id='word_1_760' title='bbox 2836 3317 2923 3384; x_wconf 89' lang='lat' dir='ltr'><strong>qui</strong></span> <span class='ocrx_word' id='word_1_761' title='bbox 2954 3316 3238 3371; x_wconf 87' lang='lat' dir='ltr'><strong>animalem</strong></span> <span class='ocrx_word' id='word_1_762' title='bbox 3272 3316 3405 3373; x_wconf 83' lang='lat' dir='ltr'><strong>all‘e-</strong></span> 
     </span>
    </p>
   </div>
   <div class='ocr_carea' id='block_1_92' title="bbox 1817 3404 3410 3476">
    <p class='ocr_par' dir='ltr' id='par_1_92' title="bbox 1817 3404 3410 3476">
     <span class='ocr_line' id='line_1_92' title="bbox 1817 3404 3410 3476; baseline 0.001 -15"><span class='ocrx_word' id='word_1_763' title='bbox 1817 3405 2048 3461; x_wconf 88' lang='lat' dir='ltr'><strong>ctionem</strong></span> <span class='ocrx_word' id='word_1_764' title='bbox 2076 3413 2327 3475; x_wconf 89' lang='lat' dir='ltr'><strong>tanquam</strong></span> <span class='ocrx_word' id='word_1_765' title='bbox 2357 3404 2636 3473; x_wconf 74' lang='lat' dir='ltr'><strong>coniugem</strong></span> <span class='ocrx_word' id='word_1_766' title='bbox 2681 3406 2833 3474; x_wconf 85' lang='lat' dir='ltr'><strong>regit.</strong></span> <span class='ocrx_word' id='word_1_767' title='bbox 2882 3404 2997 3459; x_wconf 88' lang='lat' dir='ltr'><strong>Non</strong></span> <span class='ocrx_word' id='word_1_768' title='bbox 3047 3406 3135 3461; x_wconf 88' lang='lat' dir='ltr'><strong>ille</strong></span> <span class='ocrx_word' id='word_1_769' title='bbox 3183 3407 3410 3476; x_wconf 84' lang='lat' dir='ltr'><strong>Spiritus</strong></span> 
     </span>
    </p>
   </div>
   <div class='ocr_carea' id='block_1_93' title="bbox 1817 3496 3409 3570">
    <p class='ocr_par' dir='ltr' id='par_1_93' title="bbox 1817 3496 3409 3570">
     <span class='ocr_line' id='line_1_93' title="bbox 1817 3496 3409 3570; baseline -0.003 -13"><span class='ocrx_word' id='word_1_770' title='bbox 1817 3510 2065 3566; x_wconf 88' lang='lat' dir='ltr'><strong>sanctus,</strong></span> <span class='ocrx_word' id='word_1_771' title='bbox 2099 3500 2189 3570; x_wconf 87' lang='lat' dir='ltr'><strong>qui</strong></span> <span class='ocrx_word' id='word_1_772' title='bbox 2229 3514 2349 3554; x_wconf 91' lang='lat' dir='ltr'><strong>cum</strong></span> <span class='ocrx_word' id='word_1_773' title='bbox 2390 3498 2547 3552; x_wconf 88' lang='lat' dir='ltr'><strong>Patre</strong></span> <span class='ocrx_word' id='word_1_774' title='bbox 2577 3505 2631 3551; x_wconf 89' lang='lat' dir='ltr'><strong>et</strong></span> <span class='ocrx_word' id='word_1_775' title='bbox 2656 3496 2791 3552; x_wconf 89' lang='lat' dir='ltr'><strong>Filio</strong></span> <span class='ocrx_word' id='word_1_776' title='bbox 2822 3498 3269 3553; x_wconf 86' lang='lat' dir='ltr'><strong>incommutabilis</strong></span> <span class='ocrx_word' id='word_1_777' title='bbox 3297 3515 3409 3553; x_wconf 88' lang='lat' dir='ltr'><strong>ma-</strong></span> 
     </span>
    </p>
   </div>
   <div class='ocr_carea' id='block_1_94' title="bbox 1817 3588 3411 3662">
    <p class='ocr_par' dir='ltr' id='par_1_94' title="bbox 1817 3588 3411 3662">
     <span class='ocr_line' id='line_1_94' title="bbox 1817 3588 3411 3662; baseline -0.001 -13"><span class='ocrx_word' id='word_1_778' title='bbox 1817 3602 1942 3660; x_wconf 89' lang='lat' dir='ltr'><strong>net,</strong></span> <span class='ocrx_word' id='word_1_779' title='bbox 1992 3603 2046 3647; x_wconf 85' lang='lat' dir='ltr'><strong>et</strong></span> <span class='ocrx_word' id='word_1_780' title='bbox 2088 3591 2260 3662; x_wconf 85' lang='lat' dir='ltr'><strong>dignis</strong></span> <span class='ocrx_word' id='word_1_781' title='bbox 2302 3590 2494 3644; x_wconf 90' lang='lat' dir='ltr'><strong>animis</strong></span> <span class='ocrx_word' id='word_1_782' title='bbox 2537 3588 3038 3644; x_wconf 84' lang='lat' dir='ltr'><strong>incommutabiliter</strong></span> <span class='ocrx_word' id='word_1_783' title='bbox 3083 3589 3282 3645; x_wconf 90' lang='lat' dir='ltr'><strong>datur:</strong></span> <span class='ocrx_word' id='word_1_784' title='bbox 3315 3590 3411 3646; x_wconf 89' lang='lat' dir='ltr'><strong>sed</strong></span> 
     </span>
    </p>
   </div>
   <div class='ocr_carea' id='block_1_95' title="bbox 1818 3680 3411 3756">
    <p class='ocr_par' dir='ltr' id='par_1_95' title="bbox 1818 3680 3411 3756">
     <span class='ocr_line' id='line_1_95' title="bbox 1818 3680 3411 3756; baseline -0.001 -16"><span class='ocrx_word' id='word_1_785' title='bbox 1818 3684 2033 3756; x_wconf 88' lang='lat' dir='ltr'><strong>spiritus</strong></span> <span class='ocrx_word' id='word_1_786' title='bbox 2076 3684 2337 3750; x_wconf 87' lang='lat' dir='ltr'><strong>hominis,</strong></span> <span class='ocrx_word' id='word_1_787' title='bbox 2366 3682 2433 3737; x_wconf 88' lang='lat' dir='ltr'><strong>de</strong></span> <span class='ocrx_word' id='word_1_788' title='bbox 2466 3698 2571 3752; x_wconf 92' lang='lat' dir='ltr'><strong>quo</strong></span> <span class='ocrx_word' id='word_1_789' title='bbox 2601 3682 2882 3751; x_wconf 89' lang='lat' dir='ltr'><strong>Apostolus</strong></span> <span class='ocrx_word' id='word_1_790' title='bbox 2909 3680 3069 3749; x_wconf 91' lang='lat' dir='ltr'><strong>dicit,</strong></span> <span class='ocrx_word' id='word_1_791' title='bbox 3108 3681 3273 3737; x_wconf 86' lang='lat' dir='ltr'><strong>Nemo</strong></span> <span class='ocrx_word' id='word_1_792' title='bbox 3317 3684 3411 3739; x_wconf 82' lang='lat' dir='ltr'><strong>scit</strong></span> 
     </span>
    </p>
   </div>
   <div class='ocr_carea' id='block_1_96' title="bbox 1818 3773 3410 3849">
    <p class='ocr_par' dir='ltr' id='par_1_96' title="bbox 1818 3773 3410 3849">
     <span class='ocr_line' id='line_1_96' title="bbox 1818 3773 3410 3849; baseline 0.001 -19"><span class='ocrx_word' id='word_1_793' title='bbox 1818 3794 1931 3849; x_wconf 81' lang='lat' dir='ltr'><strong>qua:</strong></span> <span class='ocrx_word' id='word_1_794' title='bbox 1956 3785 2073 3831; x_wconf 88' lang='lat' dir='ltr'><strong>sunt</strong></span> <span class='ocrx_word' id='word_1_795' title='bbox 2101 3776 2154 3829; x_wconf 89' lang='lat' dir='ltr'><strong>in</strong></span> <span class='ocrx_word' id='word_1_796' title='bbox 2192 3775 2422 3839; x_wconf 82' lang='lat' dir='ltr'><strong>homine,</strong></span> <span class='ocrx_word' id='word_1_797' title='bbox 2468 3774 2565 3827; x_wconf 87' lang='lat' dir='ltr'><strong>nisi</strong></span> <span class='ocrx_word' id='word_1_798' title='bbox 2603 3774 2807 3844; x_wconf 84' lang='lat' dir='ltr'><strong>spiritus</strong></span> <span class='ocrx_word' id='word_1_799' title='bbox 2854 3773 3091 3828; x_wconf 83' lang='lat' dir='ltr'><strong>hominis.</strong></span> <span class='ocrx_word' id='word_1_800' title='bbox 3139 3773 3271 3829; x_wconf 90' lang='lat' dir='ltr'><strong>Nam</strong></span> <span class='ocrx_word' id='word_1_801' title='bbox 3320 3774 3410 3831; x_wconf 90' lang='lat' dir='ltr'><strong>ille</strong></span> 
     </span>
    </p>
   </div>
   <div class='ocr_carea' id='block_1_97' title="bbox 1818 3865 3409 3939">
    <p class='ocr_par' dir='ltr' id='par_1_97' title="bbox 1818 3865 3409 3939">
     <span class='ocr_line' id='line_1_97' title="bbox 1818 3865 3409 3939; baseline -0.002 -14"><span class='ocrx_word' id='word_1_802' title='bbox 1818 3869 2044 3939; x_wconf 89' lang='lat' dir='ltr'><strong>Spiritus</strong></span> <span class='ocrx_word' id='word_1_803' title='bbox 2092 3875 2338 3933; x_wconf 90' lang='lat' dir='ltr'><strong>sanctus,</strong></span> <span class='ocrx_word' id='word_1_804' title='bbox 2387 3865 2617 3935; x_wconf 90' lang='lat' dir='ltr'><strong>Spiritus</strong></span> <span class='ocrx_word' id='word_1_805' title='bbox 2668 3865 2761 3920; x_wconf 89' lang='lat' dir='ltr'><strong>Dei</strong></span> <span class='ocrx_word' id='word_1_806' title='bbox 2799 3872 2917 3931; x_wconf 88' lang='lat' dir='ltr'><strong>est;</strong></span> <span class='ocrx_word' id='word_1_807' title='bbox 2959 3866 3027 3920; x_wconf 88' lang='lat' dir='ltr'><strong>de</strong></span> <span class='ocrx_word' id='word_1_808' title='bbox 3069 3882 3173 3935; x_wconf 87' lang='lat' dir='ltr'><strong>quo</strong></span> <span class='ocrx_word' id='word_1_809' title='bbox 3215 3866 3409 3922; x_wconf 90' lang='lat' dir='ltr'><strong>iterum</strong></span> 
     </span>
    </p>
   </div>
   <div class='ocr_carea' id='block_1_98' title="bbox 1820 3958 3411 4029">
    <p class='ocr_par' dir='ltr' id='par_1_98' title="bbox 1820 3958 3411 4029">
     <span class='ocr_line' id='line_1_98' title="bbox 1820 3958 3411 4029; baseline -0.003 -11"><span class='ocrx_word' id='word_1_810' title='bbox 1820 3962 1947 4017; x_wconf 91' lang='lat' dir='ltr'><strong>dicit</strong></span> <span class='ocrx_word' id='word_1_811' title='bbox 1975 3962 2051 4017; x_wconf 91' lang='lat' dir='ltr'><strong>sic</strong></span> <span class='ocrx_word' id='word_1_812' title='bbox 2080 3977 2092 4013; x_wconf 87' lang='lat'><strong><em>:</em></strong></span> <span class='ocrx_word' id='word_1_813' title='bbox 2124 3959 2193 4013; x_wconf 85' lang='lat' dir='ltr'><strong>Et</strong></span> <span class='ocrx_word' id='word_1_814' title='bbox 2218 3975 2330 4029; x_wconf 74' lang='lat' dir='ltr'><strong>qua:</strong></span> <span class='ocrx_word' id='word_1_815' title='bbox 2354 3958 2449 4012; x_wconf 86' lang='lat' dir='ltr'><strong>Dei</strong></span> <span class='ocrx_word' id='word_1_816' title='bbox 2464 3967 2579 4012; x_wconf 89' lang='lat' dir='ltr'><strong>sunt</strong></span> <span class='ocrx_word' id='word_1_817' title='bbox 2608 3974 2749 4012; x_wconf 89' lang='lat' dir='ltr'><strong>nemo</strong></span> <span class='ocrx_word' id='word_1_818' title='bbox 2778 3959 2901 4025; x_wconf 84' lang='lat' dir='ltr'><strong>scit,</strong></span> <span class='ocrx_word' id='word_1_819' title='bbox 2937 3959 3034 4011; x_wconf 86' lang='lat' dir='ltr'><strong>nisi</strong></span> <span class='ocrx_word' id='word_1_820' title='bbox 3060 3959 3283 4029; x_wconf 86' lang='lat' dir='ltr'><strong>Spiritus</strong></span> <span class='ocrx_word' id='word_1_821' title='bbox 3314 3958 3411 4014; x_wconf 89' lang='lat' dir='ltr'><strong>Dei</strong></span> 
     </span>
    </p>
   </div>
   <div class='ocr_carea' id='block_1_99' title="bbox 1819 4049 3413 4127">
    <p class='ocr_par' dir='ltr' id='par_1_99' title="bbox 1819 4049 3413 4127">
     <span class='ocr_line' id='line_1_99' title="bbox 1819 4049 3413 4127; baseline 0 -20"><span class='ocrx_word' id='word_1_822' title='bbox 1819 4054 1865 4127; x_wconf 95' lang='lat' dir='ltr'><strong>(l</strong></span> <span class='ocrx_word' id='word_1_823' title='bbox 1896 4054 2012 4109; x_wconf 88' lang='lat' dir='ltr'><strong>Cor.</strong></span> <span class='ocrx_word' id='word_1_824' title='bbox 2036 4070 2095 4119; x_wconf 85' lang='lat' dir='ltr'><strong>Il,</strong></span> <span class='ocrx_word' id='word_1_825' title='bbox 2126 4052 2235 4119; x_wconf 79' lang='grc'><strong>11).</strong></span> <span class='ocrx_word' id='word_1_826' title='bbox 2280 4052 2378 4106; x_wconf 90' lang='lat' dir='ltr'><strong>llic</strong></span> <span class='ocrx_word' id='word_1_827' title='bbox 2421 4066 2551 4121; x_wconf 82' lang='lat' dir='ltr'><strong>ergo</strong></span> <span class='ocrx_word' id='word_1_828' title='bbox 2600 4050 2821 4120; x_wconf 90' lang='lat' dir='ltr'><strong>spiritus</strong></span> <span class='ocrx_word' id='word_1_829' title='bbox 2864 4049 3094 4104; x_wconf 90' lang='lat' dir='ltr'><strong>hominis</strong></span> <span class='ocrx_word' id='word_1_830' title='bbox 3123 4066 3241 4106; x_wconf 91' lang='lat' dir='ltr'><strong>cum</strong></span> <span class='ocrx_word' id='word_1_831' title='bbox 3275 4067 3413 4122; x_wconf 78' lang='lat' dir='ltr'><strong>pra:-</strong></span> 
     </span>
    </p>
   </div>
   <div class='ocr_carea' id='block_1_100' title="bbox 1820 4143 3407 4215">
    <p class='ocr_par' dir='ltr' id='par_1_100' title="bbox 1820 4143 3407 4215">
     <span class='ocr_line' id='line_1_100' title="bbox 1820 4143 3407 4215; baseline -0.002 -12"><span class='ocrx_word' id='word_1_832' title='bbox 1820 4162 1946 4203; x_wconf 90' lang='lat' dir='ltr'><strong>sens</strong></span> <span class='ocrx_word' id='word_1_833' title='bbox 1969 4153 2083 4212; x_wconf 87' lang='lat' dir='ltr'><strong>est,</strong></span> <span class='ocrx_word' id='word_1_834' title='bbox 2112 4144 2165 4200; x_wconf 90' lang='lat' dir='ltr'><strong>id</strong></span> <span class='ocrx_word' id='word_1_835' title='bbox 2192 4152 2300 4210; x_wconf 88' lang='lat' dir='ltr'><strong>est,</strong></span> <span class='ocrx_word' id='word_1_836' title='bbox 2336 4144 2570 4199; x_wconf 90' lang='lat' dir='ltr'><strong>intentus</strong></span> <span class='ocrx_word' id='word_1_837' title='bbox 2590 4185 2605 4210; x_wconf 97' lang='lat'><strong>,</strong></span> <span class='ocrx_word' id='word_1_838' title='bbox 2635 4150 2689 4196; x_wconf 89' lang='lat' dir='ltr'><strong>et</strong></span> <span class='ocrx_word' id='word_1_839' title='bbox 2714 4158 2772 4197; x_wconf 90' lang='lat' dir='ltr'><strong>se</strong></span> <span class='ocrx_word' id='word_1_840' title='bbox 2803 4143 2996 4212; x_wconf 88' lang='lat' dir='ltr'><strong>pietate</strong></span> <span class='ocrx_word' id='word_1_841' title='bbox 3025 4144 3241 4213; x_wconf 71' lang='lat' dir='ltr'><strong>subiicit</strong></span> <span class='ocrx_word' id='word_1_842' title='bbox 3269 4146 3407 4215; x_wconf 91' lang='lat' dir='ltr'><strong>Deo,</strong></span> 
     </span>
    </p>
   </div>
   <div class='ocr_carea' id='block_1_101' title="bbox 1818 4236 3409 4310">
    <p class='ocr_par' dir='ltr' id='par_1_101' title="bbox 1818 4236 3409 4310">
     <span class='ocr_line' id='line_1_101' title="bbox 1818 4236 3409 4310; baseline -0.001 -15"><span class='ocrx_word' id='word_1_843' title='bbox 1818 4240 2065 4310; x_wconf 87' lang='lat' dir='ltr'><strong>intelligit</strong></span> <span class='ocrx_word' id='word_1_844' title='bbox 2088 4238 2250 4293; x_wconf 87' lang='lat' dir='ltr'><strong>homo</strong></span> <span class='ocrx_word' id='word_1_845' title='bbox 2279 4252 2398 4308; x_wconf 64' lang='lat' dir='ltr'><strong>qua:</strong></span> <span class='ocrx_word' id='word_1_846' title='bbox 2422 4236 2767 4306; x_wconf 90' lang='lat' dir='ltr'><strong>spiritualiter</strong></span> <span class='ocrx_word' id='word_1_847' title='bbox 2788 4236 3054 4291; x_wconf 90' lang='lat' dir='ltr'><strong>dicuntur.</strong></span> <span class='ocrx_word' id='word_1_848' title='bbox 3075 4236 3209 4293; x_wconf 87' lang='lat' dir='ltr'><strong>Cum</strong></span> <span class='ocrx_word' id='word_1_849' title='bbox 3232 4246 3409 4294; x_wconf 88' lang='lat' dir='ltr'><strong>autem</strong></span> 
     </span>
    </p>
   </div>
   <div class='ocr_carea' id='block_1_102' title="bbox 1819 4328 3409 4399">
    <p class='ocr_par' dir='ltr' id='par_1_102' title="bbox 1819 4328 3409 4399">
     <span class='ocr_line' id='line_1_102' title="bbox 1819 4328 3409 4399; baseline -0.003 -11"><span class='ocrx_word' id='word_1_850' title='bbox 1819 4334 2014 4389; x_wconf 89' lang='lat' dir='ltr'><strong>diaboli</strong></span> <span class='ocrx_word' id='word_1_851' title='bbox 2044 4346 2213 4395; x_wconf 87' lang='lat' dir='ltr'><strong>error,</strong></span> <span class='ocrx_word' id='word_1_852' title='bbox 2246 4339 2495 4399; x_wconf 86' lang='lat' dir='ltr'><strong>tanquam</strong></span> <span class='ocrx_word' id='word_1_853' title='bbox 2537 4330 2756 4384; x_wconf 86' lang='lat' dir='ltr'><strong>absente</strong></span> <span class='ocrx_word' id='word_1_854' title='bbox 2787 4328 3062 4384; x_wconf 82' lang='lat' dir='ltr'><strong>intellectu</strong></span> <span class='ocrx_word' id='word_1_855' title='bbox 3088 4372 3101 4394; x_wconf 91' lang='lat'><strong>,</strong></span> <span class='ocrx_word' id='word_1_856' title='bbox 3142 4331 3194 4384; x_wconf 90' lang='lat' dir='ltr'><strong>in</strong></span> <span class='ocrx_word' id='word_1_857' title='bbox 3233 4332 3409 4385; x_wconf 90' lang='lat' dir='ltr'><strong>anima</strong></span> 
     </span>
    </p>
   </div>
   <div class='ocr_carea' id='block_1_103' title="bbox 1819 4419 3410 4490">
    <p class='ocr_par' dir='ltr' id='par_1_103' title="bbox 1819 4419 3410 4490">
     <span class='ocr_line' id='line_1_103' title="bbox 1819 4419 3410 4490; baseline -0.003 -10"><span class='ocrx_word' id='word_1_858' title='bbox 1819 4425 2155 4490; x_wconf 88' lang='lat' dir='ltr'><strong>dominatur,</strong></span> <span class='ocrx_word' id='word_1_859' title='bbox 2205 4421 2412 4475; x_wconf 87' lang='lat' dir='ltr'><strong>adulter</strong></span> <span class='ocrx_word' id='word_1_860' title='bbox 2456 4429 2559 4485; x_wconf 85' lang='lat' dir='ltr'><strong>est.</strong></span> <span class='ocrx_word' id='word_1_861' title='bbox 2610 4419 2748 4473; x_wconf 85' lang='lat' dir='ltr'><strong>Voca</strong></span> <span class='ocrx_word' id='word_1_862' title='bbox 2793 4434 2943 4486; x_wconf 84' lang='lat' dir='ltr'><strong>ergo,</strong></span> <span class='ocrx_word' id='word_1_863' title='bbox 2995 4422 3209 4490; x_wconf 89' lang='lat' dir='ltr'><strong>inquit,</strong></span> <span class='ocrx_word' id='word_1_864' title='bbox 3249 4423 3410 4475; x_wconf 83' lang='lat' dir='ltr'><strong>virum</strong></span> 
     </span>
    </p>
   </div>
   <div class='ocr_carea' id='block_1_104' title="bbox 1822 4513 3411 4586">
    <p class='ocr_par' dir='ltr' id='par_1_104' title="bbox 1822 4513 3411 4586">
     <span class='ocr_line' id='line_1_104' title="bbox 1822 4513 3411 4586; baseline -0.003 -12"><span class='ocrx_word' id='word_1_865' title='bbox 1822 4528 1984 4585; x_wconf 86' lang='lat' dir='ltr'><strong>tuum,</strong></span> <span class='ocrx_word' id='word_1_866' title='bbox 2012 4517 2065 4572; x_wconf 92' lang='lat' dir='ltr'><strong>id</strong></span> <span class='ocrx_word' id='word_1_867' title='bbox 2095 4524 2198 4581; x_wconf 88' lang='lat' dir='ltr'><strong>est,</strong></span> <span class='ocrx_word' id='word_1_868' title='bbox 2228 4514 2472 4586; x_wconf 82' lang='lat' dir='ltr'><strong>Spiritum</strong></span> <span class='ocrx_word' id='word_1_869' title='bbox 2502 4513 2591 4585; x_wconf 91' lang='lat' dir='ltr'><strong>qui</strong></span> <span class='ocrx_word' id='word_1_870' title='bbox 2622 4513 2675 4567; x_wconf 90' lang='lat' dir='ltr'><strong>in</strong></span> <span class='ocrx_word' id='word_1_871' title='bbox 2705 4522 2755 4568; x_wconf 90' lang='lat' dir='ltr'><strong>te</strong></span> <span class='ocrx_word' id='word_1_872' title='bbox 2779 4521 2893 4579; x_wconf 90' lang='lat' dir='ltr'><strong>est,</strong></span> <span class='ocrx_word' id='word_1_873' title='bbox 2920 4529 3024 4583; x_wconf 87' lang='lat' dir='ltr'><strong>quo</strong></span> <span class='ocrx_word' id='word_1_874' title='bbox 3054 4522 3229 4583; x_wconf 87' lang='lat' dir='ltr'><strong>potest</strong></span> <span class='ocrx_word' id='word_1_875' title='bbox 3251 4514 3411 4570; x_wconf 90' lang='lat' dir='ltr'><strong>homo</strong></span> 
     </span>
    </p>
   </div>
   <div class='ocr_carea' id='block_1_105' title="bbox 1820 4606 3408 4681">
    <p class='ocr_par' dir='ltr' id='par_1_105' title="bbox 1820 4606 3408 4681">
     <span class='ocr_line' id='line_1_105' title="bbox 1820 4606 3408 4681; baseline -0.003 -14"><span class='ocrx_word' id='word_1_876' title='bbox 1820 4612 2119 4681; x_wconf 88' lang='lat' dir='ltr'><strong>intelligere</strong></span> <span class='ocrx_word' id='word_1_877' title='bbox 2158 4607 2457 4679; x_wconf 88' lang='lat' dir='ltr'><strong>Spiritualia</strong></span> <span class='ocrx_word' id='word_1_878' title='bbox 2478 4649 2493 4675; x_wconf 92' lang='lat'><strong>,</strong></span> <span class='ocrx_word' id='word_1_879' title='bbox 2525 4606 2569 4662; x_wconf 91' lang='lat' dir='ltr'><strong>si</strong></span> <span class='ocrx_word' id='word_1_880' title='bbox 2599 4621 2719 4661; x_wconf 89' lang='lat' dir='ltr'><strong>eum</strong></span> <span class='ocrx_word' id='word_1_881' title='bbox 2749 4607 2838 4660; x_wconf 84' lang='lat' dir='ltr'><strong>lux</strong></span> <span class='ocrx_word' id='word_1_882' title='bbox 2869 4606 3107 4661; x_wconf 86' lang='lat' dir='ltr'><strong>veritatis</strong></span> <span class='ocrx_word' id='word_1_883' title='bbox 3149 4607 3408 4674; x_wconf 78' lang='lat' dir='ltr'><strong>illustrat;</strong></span> 
     </span>
    </p>
   </div>
   <div class='ocr_carea' id='block_1_106' title="bbox 1821 4699 3412 4777">
    <p class='ocr_par' dir='ltr' id='par_1_106' title="bbox 1821 4699 3412 4777">
     <span class='ocr_line' id='line_1_106' title="bbox 1821 4699 3412 4777; baseline -0.003 -16"><span class='ocrx_word' id='word_1_884' title='bbox 1821 4706 1933 4777; x_wconf 88' lang='lat' dir='ltr'><strong>ipse</strong></span> <span class='ocrx_word' id='word_1_885' title='bbox 1959 4705 2115 4769; x_wconf 90' lang='lat' dir='ltr'><strong>adsit,</strong></span> <span class='ocrx_word' id='word_1_886' title='bbox 2147 4717 2267 4757; x_wconf 91' lang='lat' dir='ltr'><strong>cum</strong></span> <span class='ocrx_word' id='word_1_887' title='bbox 2297 4702 2485 4772; x_wconf 90' lang='lat' dir='ltr'><strong>loquor</strong></span> <span class='ocrx_word' id='word_1_888' title='bbox 2509 4699 2603 4755; x_wconf 90' lang='lat' dir='ltr'><strong>tibi</strong></span> <span class='ocrx_word' id='word_1_889' title='bbox 2623 4742 2638 4762; x_wconf 91' lang='lat'><strong>,</strong></span> <span class='ocrx_word' id='word_1_890' title='bbox 2671 4708 2728 4754; x_wconf 92' lang='lat' dir='ltr'><strong>ut</strong></span> <span class='ocrx_word' id='word_1_891' title='bbox 2767 4699 3093 4769; x_wconf 88' lang='lat' dir='ltr'><strong>spiritualem</strong></span> <span class='ocrx_word' id='word_1_892' title='bbox 3125 4700 3297 4769; x_wconf 89' lang='lat' dir='ltr'><strong>possis</strong></span> <span class='ocrx_word' id='word_1_893' title='bbox 3324 4716 3412 4757; x_wconf 87' lang='lat' dir='ltr'><strong>ac-</strong></span> 
     </span>
    </p>
   </div>
   <div class='ocr_carea' id='block_1_107' title="bbox 1821 4789 3412 4867">
    <p class='ocr_par' dir='ltr' id='par_1_107' title="bbox 1821 4789 3412 4867">
     <span class='ocr_line' id='line_1_107' title="bbox 1821 4789 3412 4867; baseline -0.005 -15"><span class='ocrx_word' id='word_1_894' title='bbox 1821 4798 2000 4867; x_wconf 90' lang='lat' dir='ltr'><strong>cipere</strong></span> <span class='ocrx_word' id='word_1_895' title='bbox 2028 4810 2238 4865; x_wconf 89' lang='lat' dir='ltr'><strong>aquam.</strong></span> <span class='ocrx_word' id='word_1_896' title='bbox 2272 4793 2341 4847; x_wconf 90' lang='lat' dir='ltr'><strong>Et</strong></span> <span class='ocrx_word' id='word_1_897' title='bbox 2366 4807 2487 4847; x_wconf 91' lang='lat' dir='ltr'><strong>eum</strong></span> <span class='ocrx_word' id='word_1_898' title='bbox 2516 4791 2599 4845; x_wconf 89' lang='lat' dir='ltr'><strong>illa</strong></span> <span class='ocrx_word' id='word_1_899' title='bbox 2630 4791 2852 4857; x_wconf 88' lang='lat' dir='ltr'><strong>diceret,</strong></span> <span class='ocrx_word' id='word_1_900' title='bbox 2886 4789 3007 4844; x_wconf 91' lang='lat' dir='ltr'><strong>Non</strong></span> <span class='ocrx_word' id='word_1_901' title='bbox 3037 4790 3191 4845; x_wconf 86' lang='lat' dir='ltr'><strong>habeo</strong></span> <span class='ocrx_word' id='word_1_902' title='bbox 3212 4793 3412 4858; x_wconf 82' lang='lat' dir='ltr'><strong>virum;</strong></span> 
     </span>
    </p>
   </div>
   <div class='ocr_carea' id='block_1_108' title="bbox 1820 4882 3412 4957">
    <p class='ocr_par' dir='ltr' id='par_1_108' title="bbox 1820 4882 3412 4957">
     <span class='ocr_line' id='line_1_108' title="bbox 1820 4882 3412 4957; baseline -0.003 -14"><span class='ocrx_word' id='word_1_903' title='bbox 1820 4888 1974 4954; x_wconf 88' lang='lat' dir='ltr'><strong>Bene,</strong></span> <span class='ocrx_word' id='word_1_904' title='bbox 2005 4887 2206 4957; x_wconf 88' lang='lat' dir='ltr'><strong>inquit,</strong></span> <span class='ocrx_word' id='word_1_905' title='bbox 2239 4886 2411 4939; x_wconf 72' lang='lat' dir='ltr'><strong>dixisti</strong></span> <span class='ocrx_word' id='word_1_906' title='bbox 2438 4901 2456 4938; x_wconf 86' lang='lat'><strong><em>:</em></strong></span> <span class='ocrx_word' id='word_1_907' title='bbox 2483 4885 2703 4955; x_wconf 87' lang='lat' dir='ltr'><strong>quinque</strong></span> <span class='ocrx_word' id='word_1_908' title='bbox 2737 4882 2869 4936; x_wconf 87' lang='lat' dir='ltr'><strong>enim</strong></span> <span class='ocrx_word' id='word_1_909' title='bbox 2906 4882 3039 4937; x_wconf 85' lang='lat' dir='ltr'><strong>viros</strong></span> <span class='ocrx_word' id='word_1_910' title='bbox 3081 4882 3327 4947; x_wconf 83' lang='lat' dir='ltr'><strong>habuisti,</strong></span> <span class='ocrx_word' id='word_1_911' title='bbox 3359 4883 3412 4938; x_wconf 90' lang='lat' dir='ltr'><strong>id</strong></span> 
     </span>
    </p>
   </div>
   <div class='ocr_carea' id='block_1_109' title="bbox 1821 4974 3412 5053">
    <p class='ocr_par' dir='ltr' id='par_1_109' title="bbox 1821 4974 3412 5053">
     <span class='ocr_line' id='line_1_109' title="bbox 1821 4974 3412 5053; baseline -0.004 -16"><span class='ocrx_word' id='word_1_912' title='bbox 1821 4991 1905 5037; x_wconf 86' lang='lat' dir='ltr'><strong>est</strong></span> <span class='ocrx_word' id='word_1_913' title='bbox 1950 4982 2183 5053; x_wconf 85' lang='lat' dir='ltr'><strong>quinque</strong></span> <span class='ocrx_word' id='word_1_914' title='bbox 2224 4993 2414 5035; x_wconf 89' lang='lat' dir='ltr'><strong>sensus</strong></span> <span class='ocrx_word' id='word_1_915' title='bbox 2453 4977 2660 5042; x_wconf 90' lang='lat' dir='ltr'><strong>carnis,</strong></span> <span class='ocrx_word' id='word_1_916' title='bbox 2708 4975 2796 5046; x_wconf 91' lang='lat' dir='ltr'><strong>qui</strong></span> <span class='ocrx_word' id='word_1_917' title='bbox 2840 4982 2893 5029; x_wconf 89' lang='lat' dir='ltr'><strong>te</strong></span> <span class='ocrx_word' id='word_1_918' title='bbox 2942 4976 2992 5029; x_wconf 90' lang='lat' dir='ltr'><strong>in</strong></span> <span class='ocrx_word' id='word_1_919' title='bbox 3042 4974 3213 5045; x_wconf 89' lang='lat' dir='ltr'><strong>prima</strong></span> <span class='ocrx_word' id='word_1_920' title='bbox 3255 4983 3412 5031; x_wconf 73' lang='lat' dir='ltr'><strong>mtate</strong></span> 
     </span>
    </p>
   </div>
   <div class='ocr_carea' id='block_1_110' title="bbox 1820 5066 3413 5142">
    <p class='ocr_par' dir='ltr' id='par_1_110' title="bbox 1820 5066 3413 5142">
     <span class='ocr_line' id='line_1_110' title="bbox 1820 5066 3413 5142; baseline -0.006 -11"><span class='ocrx_word' id='word_1_921' title='bbox 1820 5082 2102 5137; x_wconf 85' lang='lat' dir='ltr'><strong>rcxcrunt;</strong></span> <span class='ocrx_word' id='word_1_922' title='bbox 2135 5081 2179 5127; x_wconf 89' lang='lat' dir='ltr'><strong>et</strong></span> <span class='ocrx_word' id='word_1_923' title='bbox 2217 5087 2348 5125; x_wconf 86' lang='lat' dir='ltr'><strong>nunc</strong></span> <span class='ocrx_word' id='word_1_924' title='bbox 2390 5087 2539 5142; x_wconf 85' lang='lat' dir='ltr'><strong>quem</strong></span> <span class='ocrx_word' id='word_1_925' title='bbox 2584 5069 2761 5133; x_wconf 85' lang='lat' dir='ltr'><strong>habes,</strong></span> <span class='ocrx_word' id='word_1_926' title='bbox 2796 5085 2894 5121; x_wconf 88' lang='lat' dir='ltr'><strong>non</strong></span> <span class='ocrx_word' id='word_1_927' title='bbox 2923 5077 2993 5122; x_wconf 86' lang='lat' dir='ltr'><strong>est</strong></span> <span class='ocrx_word' id='word_1_928' title='bbox 3025 5076 3139 5121; x_wconf 86' lang='lat' dir='ltr'><strong>tuus</strong></span> <span class='ocrx_word' id='word_1_929' title='bbox 3165 5067 3259 5135; x_wconf 84' lang='lat' dir='ltr'><strong>vir,</strong></span> <span class='ocrx_word' id='word_1_930' title='bbox 3289 5066 3413 5136; x_wconf 88' lang='lat' dir='ltr'><strong>quia</strong></span> 
     </span>
    </p>
   </div>
   <div class='ocr_carea' id='block_1_111' title="bbox 1820 5162 3412 5237">
    <p class='ocr_par' dir='ltr' id='par_1_111' title="bbox 1820 5162 3412 5237">
     <span class='ocr_line' id='line_1_111' title="bbox 1820 5162 3412 5237; baseline -0.007 -11"><span class='ocrx_word' id='word_1_931' title='bbox 1820 5187 1927 5226; x_wconf 90' lang='lat' dir='ltr'><strong>non</strong></span> <span class='ocrx_word' id='word_1_932' title='bbox 1958 5168 2118 5225; x_wconf 87' lang='lat' dir='ltr'><strong>estin</strong></span> <span class='ocrx_word' id='word_1_933' title='bbox 2148 5176 2201 5223; x_wconf 90' lang='lat' dir='ltr'><strong>te</strong></span> <span class='ocrx_word' id='word_1_934' title='bbox 2227 5166 2446 5237; x_wconf 86' lang='lat' dir='ltr'><strong>spiritus</strong></span> <span class='ocrx_word' id='word_1_935' title='bbox 2467 5206 2480 5229; x_wconf 92' lang='lat'><strong>,</strong></span> <span class='ocrx_word' id='word_1_936' title='bbox 2509 5164 2597 5235; x_wconf 90' lang='lat' dir='ltr'><strong>qui</strong></span> <span class='ocrx_word' id='word_1_937' title='bbox 2638 5162 2884 5232; x_wconf 86' lang='lat' dir='ltr'><strong>intelligit</strong></span> <span class='ocrx_word' id='word_1_938' title='bbox 2922 5162 3121 5226; x_wconf 87' lang='lat' dir='ltr'><strong>Deum,</strong></span> <span class='ocrx_word' id='word_1_939' title='bbox 3154 5176 3273 5215; x_wconf 90' lang='lat' dir='ltr'><strong>cum</strong></span> <span class='ocrx_word' id='word_1_940' title='bbox 3306 5175 3412 5231; x_wconf 90' lang='lat' dir='ltr'><strong>quo</strong></span> 
     </span>
    </p>
   </div>
   <div class='ocr_carea' id='block_1_112' title="bbox 1821 5254 3410 5338">
    <p class='ocr_par' dir='ltr' id='par_1_112' title="bbox 1821 5254 3410 5338">
     <span class='ocr_line' id='line_1_112' title="bbox 1821 5254 3410 5338; baseline -0.009 -15"><span class='ocrx_word' id='word_1_941' title='bbox 1821 5267 2117 5338; x_wconf 84' lang='lat' dir='ltr'><strong>legitimum</strong></span> <span class='ocrx_word' id='word_1_942' title='bbox 2158 5263 2332 5334; x_wconf 90' lang='lat' dir='ltr'><strong>possis</strong></span> <span class='ocrx_word' id='word_1_943' title='bbox 2362 5261 2559 5315; x_wconf 88' lang='lat' dir='ltr'><strong>habere</strong></span> <span class='ocrx_word' id='word_1_944' title='bbox 2585 5258 2939 5321; x_wconf 90' lang='lat' dir='ltr'><strong>connubium;</strong></span> <span class='ocrx_word' id='word_1_945' title='bbox 2973 5256 3071 5311; x_wconf 87' lang='lat' dir='ltr'><strong>sed</strong></span> <span class='ocrx_word' id='word_1_946' title='bbox 3102 5270 3256 5310; x_wconf 89' lang='lat' dir='ltr'><strong>error</strong></span> <span class='ocrx_word' id='word_1_947' title='bbox 3293 5254 3410 5309; x_wconf 86' lang='lat' dir='ltr'><strong>dia-</strong></span> 
     </span>
    </p>
   </div>
   <div class='ocr_carea' id='block_1_113' title="bbox 1820 5349 3411 5431">
    <p class='ocr_par' dir='ltr' id='par_1_113' title="bbox 1820 5349 3411 5431">
     <span class='ocr_line' id='line_1_113' title="bbox 1820 5349 3411 5431; baseline -0.007 -15"><span class='ocrx_word' id='word_1_948' title='bbox 1820 5362 1929 5417; x_wconf 85' lang='lat' dir='ltr'><strong>boli</strong></span> <span class='ocrx_word' id='word_1_949' title='bbox 1958 5360 2134 5431; x_wconf 90' lang='lat' dir='ltr'><strong>potius</strong></span> <span class='ocrx_word' id='word_1_950' title='bbox 2162 5358 2485 5422; x_wconf 89' lang='lat' dir='ltr'><strong>dominatur,</strong></span> <span class='ocrx_word' id='word_1_951' title='bbox 2512 5354 2597 5425; x_wconf 91' lang='lat' dir='ltr'><strong>qui</strong></span> <span class='ocrx_word' id='word_1_952' title='bbox 2646 5360 2699 5407; x_wconf 86' lang='lat' dir='ltr'><strong>te</strong></span> <span class='ocrx_word' id='word_1_953' title='bbox 2745 5350 3041 5407; x_wconf 88' lang='lat' dir='ltr'><strong>adulterina</strong></span> <span class='ocrx_word' id='word_1_954' title='bbox 3084 5349 3411 5405; x_wconf 85' lang='lat' dir='ltr'><strong>contamina-</strong></span> 
     </span>
    </p>
   </div>
   <div class='ocr_carea' id='block_1_114' title="bbox 1822 5451 2308 5523">
    <p class='ocr_par' dir='ltr' id='par_1_114' title="bbox 1822 5451 2308 5523">
     <span class='ocr_line' id='line_1_114' title="bbox 1822 5451 2308 5523; baseline -0.014 -12"><span class='ocrx_word' id='word_1_955' title='bbox 1822 5457 1969 5512; x_wconf 88' lang='lat' dir='ltr'><strong>tione</strong></span> <span class='ocrx_word' id='word_1_956' title='bbox 1994 5451 2308 5523; x_wconf 90' lang='lat' dir='ltr'><strong>corrumpit.</strong></span> 
     </span>
    </p>
   </div>
   <div class='ocr_carea' id='block_1_115' title="bbox 1886 5598 3413 5682">
    <p class='ocr_par' dir='ltr' id='par_1_115' title="bbox 1886 5598 3413 5682">
     <span class='ocr_line' id='line_1_115' title="bbox 1886 5598 3413 5682; baseline -0.006 9"><span class='ocrx_word' id='word_1_957' title='bbox 1886 5615 2021 5662; x_wconf 65' lang='lat' dir='ltr'><strong>*m-</strong></span> <span class='ocrx_word' id='word_1_958' title='bbox 2043 5618 2101 5682; x_wconf 57' lang='grc' dir='ltr'><strong>ει</strong></span> <span class='ocrx_word' id='word_1_959' title='bbox 2125 5609 2502 5682; x_wconf 65' lang='lat' dir='ltr'><strong>uerique.</strong></span> <span class='ocrx_word' id='word_1_960' title='bbox 2523 5614 2649 5669; x_wconf 73' lang='grc' dir='ltr'><strong>συιεο</strong></span> <span class='ocrx_word' id='word_1_961' title='bbox 2674 5611 2892 5682; x_wconf 62' lang='lat' dir='ltr'><strong>meas</strong></span> <span class='ocrx_word' id='word_1_962' title='bbox 2916 5600 3078 5682; x_wconf 66' lang='lat' dir='ltr'><strong>es</strong></span> <span class='ocrx_word' id='word_1_963' title='bbox 3095 5598 3413 5682; x_wconf 61' lang='lat'><strong>0299:332-</strong></span> 
     </span>
    </p>
   </div>
   <div class='ocr_carea' id='block_1_116' title="bbox 1822 5660 3411 5746">
    <p class='ocr_par' dir='ltr' id='par_1_116' title="bbox 1822 5660 3411 5746">
     <span class='ocr_line' id='line_1_116' title="bbox 1822 5660 3411 5746; baseline 0.031 -72"><span class='ocrx_word' id='word_1_964' title='bbox 1822 5660 2247 5746; x_wconf 42' lang='lat' dir='ltr'><strong>~5qgmiﬂcm</strong></span> <span class='ocrx_word' id='word_1_965' title='bbox 2262 5660 2614 5721; x_wconf 39' lang='lat' dir='ltr'><strong>{nauium-ngam</strong></span> <span class='ocrx_word' id='word_1_966' title='bbox 2636 5660 2890 5733; x_wconf 69' lang='lat' dir='ltr'><strong>pravorum</strong></span> <span class='ocrx_word' id='word_1_967' title='bbox 2910 5660 3093 5713; x_wconf 65' lang='lat' dir='ltr'><strong>seaculi.</strong></span> <span class='ocrx_word' id='word_1_968' title='bbox 3114 5661 3411 5722; x_wconf 64' lang='lat' dir='ltr'><strong>Navarricuss</strong></span> 
     </span>
    </p>
   </div>
   <div class='ocr_carea' id='block_1_117' title="bbox 1821 5738 3305 5799">
    <p class='ocr_par' dir='ltr' id='par_1_117' title="bbox 1821 5738 3305 5799">
     <span class='ocr_line' id='line_1_117' title="bbox 1821 5738 3305 5799; baseline -0.007 -10"><span class='ocrx_word' id='word_1_969' title='bbox 1821 5738 2173 5790; x_wconf 81' lang='lat' dir='ltr'><strong>multitudinem</strong></span> <span class='ocrx_word' id='word_1_970' title='bbox 2206 5745 2479 5799; x_wconf 80' lang='lat' dir='ltr'><strong>puerorum.</strong></span> <span class='ocrx_word' id='word_1_971' title='bbox 2689 5798 2741 5799; x_wconf 17' lang='grc' dir='ltr'><em>νγ</em></span> <span class='ocrx_word' id='word_1_972' title='bbox 2790 5795 2798 5799; x_wconf 24' lang='grc' dir='ltr'><strong><em>Δ</em></strong></span> <span class='ocrx_word' id='word_1_973' title='bbox 3055 5785 3066 5797; x_wconf 46' lang='grc' dir='ltr'><strong>ο</strong></span> <span class='ocrx_word' id='word_1_974' title='bbox 3192 5785 3221 5799; x_wconf 15' lang='grc' dir='ltr'><em>ν,</em></span> <span class='ocrx_word' id='word_1_975' title='bbox 3268 5785 3305 5799; x_wconf 15' lang='grc' dir='ltr'><em>ν,</em></span> 
     </span>
    </p>
   </div>
   <div class='ocr_carea' id='block_1_118' title="bbox 1885 5794 3409 5859">
    <p class='ocr_par' dir='ltr' id='par_1_118' title="bbox 1885 5794 3409 5859">
     <span class='ocr_line' id='line_1_118' title="bbox 1885 5794 3409 5859; baseline -0.009 -12"><span class='ocrx_word' id='word_1_976' title='bbox 1885 5804 1905 5833; x_wconf 72' lang='grc' dir='ltr'>ί</span> <span class='ocrx_word' id='word_1_977' title='bbox 1939 5808 2011 5849; x_wconf 78' lang='lat' dir='ltr'><strong>Er.</strong></span> <span class='ocrx_word' id='word_1_978' title='bbox 2042 5805 2092 5847; x_wconf 83' lang='lat' dir='ltr'><strong>et</strong></span> <span class='ocrx_word' id='word_1_979' title='bbox 2108 5794 2235 5856; x_wconf 60' lang='lat' dir='ltr'><strong>Lovl,</strong></span> <span class='ocrx_word' id='word_1_980' title='bbox 2270 5794 2330 5859; x_wconf 70' lang='lat' dir='ltr'><strong>in</strong></span> <span class='ocrx_word' id='word_1_981' title='bbox 2354 5794 2619 5859; x_wconf 78' lang='lat' dir='ltr'><strong>coniugem.</strong></span> <span class='ocrx_word' id='word_1_982' title='bbox 2650 5798 2703 5841; x_wconf 83' lang='lat' dir='ltr'><strong>At</strong></span> <span class='ocrx_word' id='word_1_983' title='bbox 2724 5795 2822 5841; x_wconf 80' lang='lat' dir='ltr'><strong>Rat.</strong></span> <span class='ocrx_word' id='word_1_984' title='bbox 2841 5794 3409 5859; x_wconf 72' lang='lat' dir='ltr'><strong>etMss.,inconjugtum.</strong></span> 
     </span>
    </p>
   </div>
   <div class='ocr_carea' id='block_1_119' title="bbox 1821 5857 2753 5934">
    <p class='ocr_par' dir='ltr' id='par_1_119' title="bbox 1821 5857 2753 5934">
     <span class='ocr_line' id='line_1_119' title="bbox 1821 5857 2753 5934; baseline -0.011 -22"><span class='ocrx_word' id='word_1_985' title='bbox 1821 5862 2052 5934; x_wconf 38' lang='lat' dir='ltr'><strong>—_Lu.gd.</strong></span> <span class='ocrx_word' id='word_1_986' title='bbox 2083 5868 2134 5934; x_wconf 74' lang='lat' dir='ltr'><strong>et</strong></span> <span class='ocrx_word' id='word_1_987' title='bbox 2155 5857 2365 5934; x_wconf 33' lang='lat' dir='ltr'><strong>Vena-in</strong></span> <span class='ocrx_word' id='word_1_988' title='bbox 2388 5857 2637 5934; x_wconf 59' lang='lat' dir='ltr'><strong>qpnjuqem</strong></span> <span class='ocrx_word' id='word_1_989' title='bbox 2700 5862 2753 5902; x_wconf 81' lang='grc' dir='ltr'><strong>Μ.</strong></span> 
     </span>
    </p>
   </div>
   <div class='ocr_carea' id='block_1_120' title="bbox 1888 5916 2603 5986">
    <p class='ocr_par' dir='ltr' id='par_1_120' title="bbox 1888 5916 2603 5986">
     <span class='ocr_line' id='line_1_120' title="bbox 1888 5916 2603 5986; baseline -0.014 -10"><span class='ocrx_word' id='word_1_990' title='bbox 1888 5926 1910 5961; x_wconf 84' lang='grc'><strong><em>⁸</em></strong></span> <span class='ocrx_word' id='word_1_991' title='bbox 1931 5916 2121 5986; x_wconf 77' lang='lat' dir='ltr'><strong>Aliquot</strong></span> <span class='ocrx_word' id='word_1_992' title='bbox 2140 5930 2267 5983; x_wconf 60' lang='lat' dir='ltr'><strong>Mss,</strong></span> <span class='ocrx_word' id='word_1_993' title='bbox 2284 5916 2603 5985; x_wconf 76' lang='lat' dir='ltr'><strong>intelligente.</strong></span> 
     </span>
    </p>
   </div>
  </div>
