3942 6416
592 489 664 548 59
1287 475 1377 534 DE
1416 469 1729 530 DlVERSlS
1766 462 2285 540 QUAESTIONIBUS
2323 467 2587 532 LXXXIII
2610 520 2626 547 ,
2659 477 2717 536 S.
2740 479 3108 542 AUGUSTINI
3799 498 3873 559 ω

661 605 714 662 8.
747 603 816 660 ΕΙ.
842 601 1067 658 fortasse
1092 609 1150 656 ut
1175 596 1588 668 intelligentibus
1616 593 1872 649 indicaret
1895 636 1911 662 ,
1941 590 2179 663 quinque

589 705 913 756 memoratos
955 692 1195 764 corporis
1227 706 1416 746 sensus
1441 689 1673 760 quinque
1700 687 1932 742 virorum
1962 687 2178 744 nomine

585 789 908 862 significari,
953 797 1074 858 post
1111 785 1344 857 quinque
1381 783 1757 853 responsiones
1796 783 2035 838 carnales
2076 783 2176 838 ista

583 883 776 938 mulier
829 888 976 934 sexta
1022 879 1374 949 responsione
1422 877 1658 930 nominat
1702 874 1992 930 Christum.
2041 874 2172 930 Nam

585 978 750 1047 prima
794 975 908 1044 ejus
946 974 1222 1043 responsio
1261 981 1375 1038 est,
1417 971 1498 1026 Tu
1524 989 1638 1025 cum
1663 972 1732 1026 sis
1757 971 1971 1026 Judwus
1995 1014 2010 1040 ,
2039 988 2167 1042 quo-

583 1069 730 1122 modo
782 1084 812 1120 a
862 1085 939 1121 me
971 1067 1131 1120 bibere
1185 1067 1352 1137 petis?
1401 1065 1674 1130 Secunda,
1724 1064 1969 1130 Domine,
2016 1082 2173 1134 neque

580 1162 910 1215 hauritorium
937 1160 1115 1226 habes,
1145 1169 1192 1213 et
1221 1171 1396 1231 puteus
1425 1160 1557 1212 altus
1583 1169 1672 1212 est.
1703 1158 1899 1221 Tertia,
1933 1159 2162 1224 Domine,

581 1255 648 1308 da
689 1255 816 1308 mihi
856 1254 985 1307 hanc
1026 1269 1242 1324 aquam,
1288 1263 1340 1306 ut
1383 1269 1539 1320 neque
1564 1253 1762 1317 sitiam,
1792 1268 1949 1322 neque
1977 1252 2170 1305 veniam

578 1348 678 1401 huc
707 1347 934 1400 haurire.
960 1345 1178 1412 Quarta,
1199 1343 1322 1399 Non
1350 1345 1505 1398 habeo
1534 1346 1710 1397 virum.
1740 1344 1931 1411 Quinta
1952 1387 1966 1411 ,
2009 1342 2166 1399 Video

576 1439 694 1509 quia
739 1438 985 1509 prapheta
1024 1455 1076 1492 es
1107 1453 1126 1492 :
1156 1446 1322 1508 patres
1349 1437 1505 1490 nostri
1533 1437 1585 1490 in
1614 1445 1778 1489 monte
1801 1437 1894 1490 hoc
1922 1438 2164 1491 adorave-

577 1541 714 1585 runt.
760 1530 890 1584 Nam
936 1538 990 1584 et
1031 1530 1129 1585 ista
1159 1530 1438 1600 responsio
1465 1529 1692 1583 carnalis
1719 1539 1819 1583 cst.
1853 1530 2165 1585 Carnalibus

577 1621 718 1676 enim
761 1621 917 1676 datus
962 1619 1133 1675 fuerat
1161 1619 1308 1674 locus
1337 1629 1576 1674 terrenus
1601 1662 1614 1684 ,
1649 1620 1735 1674 ubi
1762 1632 1974 1674 orarent
2004 1639 2018 1674 :
2051 1621 2161 1690 spi-

575 1715 790 1769 rituales
824 1724 1006 1768 autem
1029 1715 1083 1767 in
1114 1713 1302 1782 spiritu
1325 1722 1378 1767 et
1402 1714 1620 1768 veritate
1646 1723 1887 1768 oraturos
1913 1715 2164 1770 Dominus

575 1807 726 1860 dixit.
777 1806 927 1872 Quod
971 1816 1313 1875 posteaquam
1351 1805 1559 1860 locutus
1601 1816 1715 1871 est,
1748 1816 1894 1862 sexta
1925 1808 2164 1864 mulieris

574 1899 852 1966 responsio
879 1897 1142 1952 Christum
1177 1897 1371 1952 fatetur
1397 1898 1632 1951 omnium
1668 1899 1886 1953 istorum
1913 1917 2032 1955 esse
2061 1901 2160 1955 do-

573 2000 773 2044 ctorem
807 2010 820 2044 :
853 1991 978 2045 dicit
1016 1993 1155 2046 enim
1178 2033 1193 2057 ,
1229 1993 1347 2045 Scio
1373 1994 1491 2062 quia
1526 1991 1735 2046 Messias
1761 1995 1945 2058 veniet,
1976 1997 2062 2065 qui
2086 1997 2164 2048 di-

573 2083 702 2134 citur
750 2083 977 2136 Christus
1025 2099 1044 2136 :
1081 2100 1195 2135 cum
1237 2086 1460 2147 venerit,
1512 2085 1618 2155 ipse
1665 2085 1804 2139 nobis
1850 2087 2163 2143 annuntiabit

572 2177 760 2230 omnia.
812 2177 916 2231 Sed
960 2177 1131 2231 adhuc
1175 2189 1347 2244 errat,
1397 2180 1518 2248 quia
1549 2195 1669 2233 eum
1696 2196 1853 2249 quem
1883 2193 2161 2238 venturum

573 2279 776 2338 sperat,
805 2273 1013 2325 venisse
1041 2287 1148 2325 non
1171 2272 1331 2326 videt.
1355 2272 1732 2328 Verumtamen
1762 2277 2120 2332 misericordia
2143 2279 2158 2310 ¹

575 2359 784 2414 Domini
834 2378 974 2417 nunc
1017 2379 1167 2416 error
1207 2364 1306 2417 iste
1346 2373 1596 2432 tanquam
1623 2367 1833 2420 adulter
1857 2370 2157 2435 expellitur.

571 2453 708 2506 Dicit
747 2453 888 2507 enim
930 2455 979 2507 ci
1017 2455 1169 2508 Jesus
1202 2472 1214 2506 :
1249 2455 1360 2524 Ego
1388 2472 1498 2508 sum
1525 2459 1610 2525 qui
1637 2466 1793 2510 tecum
1822 2459 2014 2528 loquor.
2043 2460 2160 2526 Quo

568 2545 750 2598 audito
790 2545 880 2599 illa
918 2561 1023 2599 non
1068 2547 1370 2615 respondit,
1414 2548 1505 2602 sed
1541 2549 1718 2604 statim
1762 2551 1941 2605 relicta
1974 2552 2158 2623 hydria

569 2658 664 2697 sua
711 2642 841 2696 abiit
883 2658 935 2696 tn
977 2639 1244 2697 civitatem
1288 2639 1582 2710 festinans,
1628 2651 1686 2699 ut
1727 2642 2068 2716 Evangelimn
2105 2654 2160 2702 et

570 2733 778 2788 Domini
827 2733 1144 2801 adventum,
1191 2751 1296 2790 non
1339 2744 1541 2790 tantum
1567 2737 1842 2806 crederet,
1875 2739 1969 2793 sed
1998 2740 2156 2794 etiam

568 2826 906 2895 prtedicaret.
953 2825 1064 2881 Nec
1111 2826 1212 2882 hoc
1249 2828 1388 2898 quod
1424 2829 1608 2884 relicta
1648 2829 1836 2902 hydria
1872 2830 2151 2897 discessit,

569 2919 898 2990 negligenter
943 2920 1366 2989 praetereundum
1404 2932 1504 2976 est.
1532 2922 1730 2994 llydria
1756 2923 1900 2977 enim
1925 2922 2156 2979 fortasse

569 3030 806 3068 amorem
833 3015 1012 3068 smculi
1047 3014 1202 3084 hujus
1223 3015 1518 3085 signiﬁcat,
1548 3016 1600 3071 id
1629 3025 1742 3084 est,
1775 3017 2116 3088 cupiditatem
2137 3061 2154 3086 ,

567 3122 668 3176 qua
716 3107 814 3160 sibi
860 3107 1103 3163 homines
1144 3108 1211 3163 de
1259 3109 1534 3164 tenebrosa
1579 3110 1974 3179 profunditate,
2005 3110 2156 3179 cujus

568 3199 854 3267 imaginem
896 3212 1084 3268 puteus
1112 3202 1286 3270 gerit,
1317 3201 1417 3256 hoc
1446 3212 1528 3257 est
1550 3244 1566 3270 ,
1595 3202 1662 3256 de
1694 3213 1902 3258 terrena
1928 3218 2157 3258 conver-

566 3300 772 3345 satione
801 3291 1050 3346 hauriant
1070 3293 1392 3362 voluptatem
1425 3311 1438 3346 :
1471 3309 1572 3363 qua
1605 3303 1851 3364 percepta
1881 3294 2074 3348 iterum
2101 3294 2154 3348 in

568 3383 685 3451 ejus
709 3386 1002 3453 appetitum
1030 3384 1368 3438 inardescant
1390 3424 1404 3448 ,
1436 3388 1574 3438 sicut
1603 3385 1665 3438 de
1693 3401 1824 3456 aqua
1848 3385 1940 3438 illa
1965 3385 2053 3455 qui
2076 3384 2154 3439 bi-

565 3475 717 3538 berit,
768 3476 972 3544 inquit,
1019 3477 1149 3529 sitiet
1190 3478 1370 3528 iterum
1401 3475 1577 3545 (Joan.
1606 3493 1660 3531 Iv
1682 3520 1695 3543 ,
1727 3477 1902 3546 5-54).
1928 3478 2155 3547 Oporte-

567 3564 654 3619 hat
697 3575 870 3620 autem
920 3575 977 3621 ut
1015 3567 1226 3621 Christo
1266 3568 1523 3636 credens,
1560 3570 1758 3624 smculo
1786 3571 2153 3638 renuntiaret,

567 3665 618 3708 ct
657 3657 838 3709 relicta
873 3657 1057 3726 hydria
1088 3658 1430 3725 cupiditatem
1460 3661 1768 3715 surcularem
1796 3676 1854 3716 se
1879 3661 2156 3732 reliquisse

566 3755 892 3800 titoustrarct
919 3763 934 3811 ;
978 3763 1080 3802 non
1127 3749 1298 3803 solum
1328 3751 1489 3805 corde
1518 3751 1742 3806 credens
1768 3752 1832 3807 ad
1856 3752 2116 3822 justitiam
2136 3797 2152 3823 ,

567 3836 662 3891 sed
706 3838 863 3891 etiam
909 3838 974 3892 ad
1017 3840 1240 3896 salutem
1268 3858 1361 3896 ore
1385 3842 1694 3899 confessura
1725 3853 1780 3900 et
1804 3845 2155 3914 praedicatum

566 3927 708 3997 quod
738 3928 962 3983 credidit
988 3929 1160 3999 (Rom.
1191 3949 1256 3997 χ,
1292 3933 1404 4004 10).

918 4020 1078 4075 LXV.
1108 4022 1182 4077 De
1206 4027 1562 4080 resurrectione
1586 4025 1792 4080 Lazari.

637 4114 946 4185 Quanquam
976 4117 1263 4172 secundum
1277 4120 1634 4188 evangelicae)
1667 4121 1942 4178 historiam
1970 4138 2154 4180 resus-

568 4208 785 4262 citatum
829 4209 1088 4265 Lazarum
1154 4213 1309 4282 plena
1341 4213 1446 4268 ﬁde
1473 4224 1788 4281 teneamus;
1816 4225 1990 4273 tamen
2017 4227 2073 4274 et
2101 4219 2154 4274 in

567 4299 816 4368 allegoria
866 4302 1163 4372 signiﬁcare
1205 4304 1401 4374 aliquid
1445 4321 1552 4359 non
1592 4306 1798 4362 dubito.
1827 4309 2006 4379 Neque
2032 4326 2154 4365 cum

563 4407 651 4445 res
696 4391 844 4447 factm
879 4395 1319 4464 allegorizantur,
1361 4407 1523 4467 gesta:
1562 4399 1640 4454 rei
1685 4400 1844 4456 iidem
1883 4402 2153 4458 amittunt.

564 4481 712 4538 Sicut
736 4483 961 4540 duorum
988 4486 1212 4542 ﬁliorum
1244 4489 1473 4544 Abralue
1504 4491 1813 4560 allegoriam
1841 4494 2035 4550 Paulus
2061 4511 2155 4550 ex-

563 4575 711 4645 ponit
753 4576 859 4630 duo
897 4592 1016 4631 esse
1046 4577 1382 4635 Testamenta
1414 4581 1606 4650 (Galat.
1637 4584 1669 4636 4
1689 4623 1704 4646 ,
1730 4583 1919 4655 22-24)
1949 4601 1963 4649 ;
1995 4601 2154 4640 ιιιιιιι-

564 4667 687 4734 quid
722 4667 840 4721 ideo
863 4708 878 4733 ,
911 4655 1289 4724 autiAbraham
1321 4687 1426 4725 non
1456 4671 1586 4739 fuit,
1617 4683 1708 4728 aut
1733 4675 1854 4728 illos
1881 4676 2017 4732 ﬁlios
2046 4694 2150 4735 non

569 4756 789 4811 habuit?
831 4759 971 4828 Ergo
1015 4768 1068 4814 et
1105 4760 1156 4814 in
1187 4762 1435 4832 allegoria
1461 4766 1782 4835 accipiamus
1813 4768 2070 4825 Lazarum
2098 4773 2153 4828 in

564 4863 941 4917 monumento,
992 4853 1222 4908 animam
1269 4859 1496 4912 terrenis
1534 4861 1764 4928 peccatis
1792 4863 2065 4930 obrutam,
2098 4865 2152 4921 id

562 4952 677 5007 est,
709 4958 864 4998 omne
892 4943 1180 5000 humanum
1209 4963 1414 5018 genus:
1443 4966 1599 5020 quam
1627 4953 1732 5007 alio
1755 4954 1873 5010 loco
1897 4957 2151 5014 Dominus

561 5052 658 5106 per
697 5053 846 5092 ovem
875 5041 1137 5110 perditam
1166 5043 1454 5114 signiﬁcat,
1489 5058 1704 5118 propter
1727 5066 1884 5120 quam
1915 5053 2150 5112 liberan-

564 5130 686 5184 dam
726 5133 922 5188 relictis
963 5137 1245 5206 nonaginta
1285 5155 1479 5194 novem
1512 5142 1562 5196 in
1593 5145 1893 5214 montibus,
1922 5147 2148 5205 descen-

561 5223 704 5278 disse
744 5241 802 5281 se
836 5227 964 5282 dicit
1006 5227 1153 5299 (Luc.
1196 5247 1267 5285 xv
1291 5274 1306 5297 ,
1351 5232 1432 5303 4).
1473 5234 1623 5303 Quod
1656 5247 1832 5292 autem
1862 5240 2150 5311 interrogat

561 5313 744 5369 dicens
768 5357 782 5381 ,
831 5316 925 5373 Ubi
963 5337 1074 5375 eum
1105 5323 1383 5390 posuistis?
1410 5328 1736 5382 vocationem
1768 5337 2002 5383 nostram
2030 5347 2149 5400 qua}

560 5406 621 5459 ﬁt
675 5407 723 5460 in
772 5410 1018 5474 occulto,
1068 5414 1299 5468 arbitror
1351 5417 1669 5486 signiﬁcare.
1743 5419 2148 5478 Przcdestinatio

559 5499 700 5552 enim
742 5502 1035 5556 vocationis
1067 5501 1260 5559 nostra:
1285 5509 1491 5562 occulta
1521 5519 1602 5564 est
1630 5527 1642 5562 :
1671 5511 1821 5579 cujus
1852 5513 2045 5568 secreti
2076 5514 2148 5568 si-

557 5607 718 5661 gnum
763 5604 844 5648 est
881 5594 1222 5666 interrogatio
1259 5599 1465 5654 Domini
1508 5603 1655 5670 quasi
1681 5605 1994 5671 nescientis,
2023 5620 2145 5662 cum

558 5683 655 5753 ipsi
684 5688 980 5742 nesciamus
1005 5705 1018 5755 ;
1043 5690 1180 5743 sicut
1209 5691 1336 5745 dicit
1362 5692 1646 5763 Apostolus
1670 5737 1683 5762 ,
1714 5695 1782 5750 Ut
1806 5713 2138 5768 cognoscam,

557 5776 686 5830 sicut
712 5789 758 5830 et
788 5781 1013 5850 cognitus
1036 5799 1150 5836 sum
1179 5782 1221 5851 (Ι
1253 5783 1370 5838 Cor.
1398 5802 1523 5852 xm,
1557 5786 1666 5856 12).
1701 5787 1795 5842 Vel
1819 5791 1957 5859 quod
1989 5791 2141 5862 igno-

621 5912 866 5991 fﬁt'afufzf‘
898 5921 1208 5991 "easeas,
1222 5924 1506 5991 vitam
1526 5920 1712 5976 νεαάιω
1732 5930 2012 5991 Wa.
2036 5940 2141 5981 mc-

553 5971 788 6024 morabat.
809 5984 977 6027 7W
997 5971 1343 6042 misericordia,
1371 5987 1468 6032 etc.

2286 606 2406 648 rare
2431 610 2489 651 se
2517 607 2823 666 peccatores
2848 601 2951 658 alio
2977 603 3095 660 loco
3117 605 3370 664 Dominus
3394 610 3627 669 ostendit
3654 614 3832 674 dicens
3849 659 3868 686 ,

2286 685 2406 744 Non
2436 691 2550 744 novi
2578 707 2663 745 vos
2689 692 2902 766 (Matth.
2934 712 3005 751 vn
3027 737 3041 762 ,
3072 696 3162 768 25)
3197 716 3210 751 :
3238 700 3378 770 quod
3406 702 3735 773 signiﬁcabat
3761 685 3869 765 La-

2282 797 2437 840 zarus
2478 786 2755 855 sepultus;
2798 789 2921 858 quia
2963 790 3017 844 in
3061 790 3337 861 disciplina
3366 803 3420 849 et
3448 801 3724 869 praeceptis
3752 802 3870 873 ejus

2282 889 2388 928 non
2421 886 2543 931 sunt
2574 889 2808 948 peccata.
2844 880 2976 935 Huic
3008 883 3405 954 interrogationi
3434 889 3604 945 simile
3631 903 3710 947 est
3739 895 3866 950 illud

2281 965 2330 1020 in
2371 965 2596 1034 Genesi,
2637 970 2801 1024 Adam
2831 973 2916 1026 ubi
2946 991 2997 1028 es
3026 973 3174 1044 (Gen.
3205 993 3296 1042 ιιι,
3329 980 3431 1049 9)?
3457 981 3713 1049 Quoniam
3745 1004 3866 1056 pec-

2279 1072 2522 1125 caverat,
2552 1071 2605 1116 et
2626 1078 2684 1118 se
2710 1065 3066 1122 absconderat
3092 1086 3120 1122 a
3149 1069 3280 1125 facie
3305 1073 3416 1127 Dei.
3441 1075 3606 1143 Quam
3630 1081 3862 1135 occulta-

2277 1151 2475 1206 tionem
2519 1153 2607 1208 hic
2649 1157 2919 1226 sepultura
2962 1160 3223 1227 signiﬁcat
3253 1181 3265 1218 :
3291 1174 3347 1218 ut
3375 1171 3643 1234 peccantis
3674 1171 3866 1226 haheat

2277 1245 2677 1302 similitudinem
2719 1250 2990 1318 moriens;
3031 1255 3266 1323 sepultus
3288 1299 3302 1322 ,
3343 1257 3637 1314 abscenditi
3668 1278 3696 1314 a
3726 1261 3866 1319 facie

2278 1336 2394 1392 Dei.
2437 1338 2647 1408 Auferte
2670 1351 2848 1397 autem
2882 1344 3099 1415 lapidem
3126 1388 3139 1410 ,
3172 1347 3312 1415 quod
3344 1351 3447 1414 ait,
3483 1351 3600 1406 illos
3631 1364 3755 1421 puto
3783 1356 3863 1409 si-

2272 1431 2524 1500 gniﬁcare
2547 1473 2561 1499 ,
2603 1434 2693 1504 qui
2733 1436 3066 1490 venientibus
3092 1439 3158 1492 ad
3192 1439 3483 1495 Eeclesiam
3513 1459 3578 1497 ex
3603 1444 3866 1500 Gentibus

2273 1537 2407 1577 onus
2441 1522 2862 1580 circumcisionis
2889 1528 3166 1597 imponere
3196 1533 3446 1586 volebant
3471 1551 3482 1598 ;
3515 1546 3696 1589 contra
3725 1553 3866 1606 quos

2273 1614 2637 1684 multipliciter
2657 1618 2841 1672 scribit
2867 1619 3156 1687 APOJIOIUS
3178 1620 3368 1694 (Galat.
3401 1623 3461 1695 ιι)
3498 1644 3508 1678 :
3539 1627 3620 1679 vel
3651 1643 3743 1681 eos
3768 1628 3865 1697 qui

2269 1705 2320 1760 in
2345 1707 2580 1764 Ecclesia
2606 1721 2852 1782 corrupte
2878 1712 3094 1779 vivunt,
3121 1724 3173 1769 et
3201 1715 3478 1771 offensioni
3501 1729 3621 1772 sunt
3641 1720 3869 1776 credere

2270 1802 2593 1859 volentibus.
2641 1805 2778 1860 Dicit
2818 1807 2894 1862 illi
2938 1807 3142 1862 Martha
3189 1827 3203 1863 ε
3248 1809 3494 1878 Domine,
3528 1813 3644 1880 jam
3679 1823 3870 1882 quarta

2269 1894 2375 1948 dies
2427 1905 2530 1962 est,
2584 1907 2628 1950 et
2682 1907 2837 1969 putet.
2897 1898 3150 1955 Ultimum
3196 1912 3420 1973 quatuor
3467 1905 3870 1961 elementorum

2272 1994 2412 2040 terra
2439 1997 2520 2042 est
2548 2007 2562 2043 :
2597 1990 2860 2060 signiﬁcat
2885 2007 3011 2061 ergo
3039 2003 3278 2061 putorem
3307 2005 3635 2050 terrenoruin
3666 2012 3868 2067 pecca-

2267 2085 2477 2146 torum,
2525 2079 2577 2134 id
2615 2091 2696 2136 est
2731 2083 3078 2154 cupiditatum
3117 2086 3430 2141 carnalium.
3476 2087 3630 2141 Terra
3656 2106 3741 2154 es,
3771 2091 3868 2144 in-

2267 2170 2383 2238 quit
2423 2170 2552 2224 Ada:
2592 2172 2877 2237 Dominus,
2921 2190 3040 2229 cum
3077 2185 3374 2244 peccasset,
3403 2185 3449 2230 et
3473 2177 3525 2230 in
3553 2187 3736 2233 terram
3763 2181 3870 2236 ibi:

2268 2264 2287 2330 (
2314 2262 2400 2316 1d.
2450 2280 2536 2330 ιιι,
2589 2267 2700 2333 19).
2737 2267 2800 2320 Et
2830 2268 3038 2322 sublato
3065 2269 3238 2338 lapide
3265 2270 3392 2324 exiit
3416 2269 3482 2325 de
3512 2284 3868 2330 monumento

2267 2354 2536 2412 involutus
2559 2359 2801 2414 manibus
2826 2369 2878 2414 et
2904 2362 3146 2430 pedibus,
3178 2372 3229 2416 et
3255 2361 3419 2418 facies
3446 2363 3560 2434 ejus
3584 2375 3719 2420 tecta
3739 2378 3871 2422 erat

2264 2448 2502 2504 sudario.
2549 2448 2699 2517 Quod
2739 2459 2914 2506 autem
2946 2453 3083 2508 exiit
3118 2453 3184 2508 de
3216 2469 3590 2525 monumento,
3619 2459 3867 2516 animam

2264 2541 2529 2610 signiﬁcat
2574 2542 2909 2598 recedentem
2955 2559 2984 2598 a
3027 2547 3328 2604 carnalibus
3356 2549 3515 2608 vitiis.
3545 2551 3693 2622 Quod
3724 2573 3866 2614 vero

2263 2635 2461 2691 institis
2505 2635 2785 2694 obvolutus
2805 2679 2819 2704 ,
2861 2637 2964 2695 hoc
2991 2649 3104 2705 est,
3136 2643 3276 2713 quod
3304 2645 3461 2700 etiam
3491 2662 3520 2701 a
3551 2650 3866 2706 carnalibus

2261 2729 2573 2786 recedentes
2598 2740 2652 2786 et
2677 2741 2856 2788 mente
2883 2736 3174 2790 servientes
3199 2739 3298 2808 legi
3324 2741 3448 2808 Dei,
3478 2743 3652 2797 adhuc
3672 2753 3860 2801 tamen

2260 2822 2314 2877 in
2347 2837 2574 2892 corpore
2603 2825 2874 2880 constituti
2903 2827 3058 2882 alieni
3082 2831 3386 2887 amolcstiis
3408 2836 3585 2888 carnis
3602 2851 3721 2892 esse
3743 2853 3861 2893 non

2261 2929 2564 2986 possumus,
2584 2917 2793 2973 dicente
2809 2920 3261 2989 ApostoloJlente
3271 2927 3428 2980 servio
3451 2926 3546 2998 tegi
3567 2929 3680 2996 Dei,
3696 2947 3863 2987 carne

2260 3017 2426 3062 autem
2447 3009 2542 3079 legi
2559 3012 2749 3079 peccati
2773 3010 2945 3083 (Rom.
2967 3030 3056 3078 vn,
3072 3013 3344 3083 25).Quod
3361 3027 3534 3071 autem
3554 3018 3717 3076 facies
3733 3024 3863 3092 ejus

2260 3098 2474 3154 sudario
2505 3110 2641 3156 tecta
2671 3112 2819 3170 erat,
2857 3103 2956 3159 hoc
2979 3113 3092 3171 est,
3123 3107 3264 3174 quod
3295 3107 3345 3160 in
3377 3109 3477 3163 hac
3503 3111 3606 3165 vita
3635 3114 3862 3181 plenam

2259 3194 2618 3262 cognitionem
2671 3195 2866 3252 habere
2917 3215 3021 3252 non
3052 3215 3331 3269 possumus
3360 3243 3373 3268 ,
3403 3203 3540 3258 sicut
3564 3206 3864 3274 Apostolus

2260 3284 2388 3341 dicit
2416 3305 2428 3340 :
2463 3286 2616 3342 Nunc
2639 3291 2859 3346 videmus
2884 3310 2972 3362 per
2991 3295 3248 3364 speculum
3273 3295 3326 3348 in
3349 3297 3613 3366 amigmate
3631 3341 3646 3364 ,
3675 3311 3865 3370 postea

2265 3388 2434 3432 autem
2457 3381 2589 3452 facie
2609 3381 2677 3434 ad
2701 3386 2881 3453 faciem
2907 3385 2947 3454 (l
2978 3383 3094 3439 Cor.
3128 3402 3251 3452 xm,
3277 3386 3391 3458 12).
3417 3389 3632 3445 Etdixit
3652 3391 3819 3450 Jesus
3846 3414 3861 3450 :

2262 3467 2457 3524 Solvite
2493 3488 2605 3525 eum
2629 3514 2643 3538 ,
2685 3483 2732 3526 et
2770 3475 2916 3528 sinite
2953 3477 3024 3530 ire
3055 3475 3235 3550 (Joan.
3267 3495 3350 3546 χι,
3381 3481 3530 3552 1-44)
3556 3501 3570 3543 ;
3599 3483 3700 3539 hoc
3729 3496 3860 3556 est,

2262 3559 2404 3630 quod
2443 3570 2563 3631 post
2604 3562 2743 3618 hanc
2779 3565 2942 3620 vitam
2984 3569 3290 3624 auferantur
3312 3573 3486 3627 omnia
3514 3576 3862 3647 velamenta,

2259 3661 2318 3706 ut
2346 3651 2478 3708 facie
2504 3653 2571 3708 ad
2598 3654 2785 3710 faciem
2816 3658 3108 3714 videamus.
3141 3661 3405 3728 Quantum
3433 3673 3610 3721 autem
3639 3667 3868 3726 intersit

2260 3744 2399 3800 inter
2445 3745 2715 3803 hominem
2769 3765 2926 3820 quem
2978 3752 3070 3806 Dei
3115 3753 3382 3824 Sapientia
3429 3758 3710 3828 gestabat,
3758 3779 3868 3831 per

2261 3852 2418 3906 quem
2449 3838 2656 3894 liberati
2681 3854 2864 3897 sumus
2884 3883 2899 3908 ,
2923 3852 2978 3898 et
3001 3855 3228 3901 czeteros
3251 3848 3490 3904 homines
3513 3893 3528 3918 ,
3552 3850 3675 3907 hinc
3696 3853 3869 3910 intel-

2260 3932 2438 4003 ligitur
2460 3974 2476 4001 ,
2507 3935 2648 4005 quod
2680 3935 2914 3993 Lazarus
2939 3940 3039 3994 nisi
3069 3943 3252 3997 exiens
3277 3943 3345 3999 de
3371 3957 3717 4003 monumento
3744 3966 3866 4008 non

2258 4026 2520 4093 solvitur;
2557 4029 2609 4083 id
2640 4039 2722 4085 est
2741 4074 2755 4098 ,
2783 4033 2941 4087 etiam
2967 4042 3151 4088 renata
3181 4037 3354 4091 anima
3384 4039 3485 4093 nisi
3515 4041 3858 4100 resolutione

2259 4119 2500 4188 corporis
2547 4119 2714 4175 libera
2759 4122 2826 4176 ab
2868 4125 3011 4178 omni
3061 4134 3278 4193 peccato
3312 4136 3366 4182 et
3409 4127 3701 4199 ignorantia
3729 4151 3867 4193 esse

2260 4225 2363 4265 non
2413 4220 2617 4281 potest,
2669 4217 2919 4284 quamdiu
2965 4233 3059 4286 per
3096 4221 3368 4288 speculum
3408 4225 3539 4279 etin
3566 4227 3867 4298 amigmate

2261 4305 2403 4360 videt
2452 4306 2730 4362 Dominum
2775 4327 2787 4362 τ
2831 4311 2970 4366 illius
3007 4321 3186 4368 autem
3217 4315 3232 4344 ί
3274 4317 3576 4372 linteamina
3604 4329 3657 4374 et
3685 4323 3867 4377 suda-

2259 4401 2397 4455 rium
2419 4442 2432 4465 ,
2477 4402 2574 4472 qui
2609 4414 2880 4472 peccatum
2908 4421 3014 4460 non
3041 4407 3199 4476 fecit,
3229 4419 3282 4464 et
3311 4411 3440 4464 nihil
3470 4413 3729 4483 ignoravit
3756 4456 3772 4480 ,
3805 4418 3864 4472 in

2258 4503 2604 4549 monumento
2632 4496 2841 4550 inventa
2867 4509 2992 4553 sunt
3013 4497 3122 4571 (Id.
3151 4517 3218 4554 xx
3238 4543 3252 4567 ,
3286 4502 3360 4574 7).
3389 4504 3504 4574 ipse
3533 4507 3674 4560 enim
3703 4509 3868 4564 solus

2262 4584 2315 4637 in
2343 4600 2506 4639 carne
2536 4601 2637 4639 non
2674 4595 2878 4642 tantum
2907 4601 3253 4646 monumento
3276 4611 3380 4649 non
3410 4605 3491 4651 est
3517 4612 3816 4668 oppressus
3844 4644 3862 4668 ,

2259 4684 2317 4730 ut
2344 4676 2555 4746 aliquod
2583 4687 2855 4747 peccatum
2887 4682 2940 4735 in
2964 4697 3030 4737 eo
3053 4683 3380 4742 inveniretur
3407 4687 3554 4756 (Isai.
3586 4706 3678 4744 Lm
3698 4733 3714 4757 ,
3748 4691 3814 4760 9)
3842 4736 3859 4759 ,

2259 4766 2354 4822 sed
2381 4783 2478 4823 nec
2503 4768 2681 4824 linteis
2711 4773 3010 4841 implicatus
3031 4816 3048 4844 ,
3075 4784 3132 4831 ut
3157 4791 3280 4833 eum
3300 4779 3495 4850 aliquid
3523 4781 3732 4849 lateret,
3757 4795 3868 4840 aut

2255 4858 2323 4913 ab
2352 4859 2540 4916 itinere
2570 4862 2882 4920 retardaret.

2255 4951 2436 5008 LXVI.
2486 4953 2565 5009 De
2605 4972 2662 5010 eo
2689 4957 2825 5028 quod
2849 4959 3092 5031 scriptum
3109 4969 3211 5027 est,
3236 4963 3317 5017 An
3341 4963 3617 5033 ignoratis,
3654 4965 3866 5025 fratres

2331 5045 2639 5118 (scientibus
2664 5049 2805 5103 enim
2822 5049 3015 5121 Legem
3039 5053 3394 5126 loquor),quia
3413 5057 3522 5112 Lex
3542 5058 3755 5114 domina
3767 5072 3869 5118 tur

2327 5135 2568 5205 homini,
2607 5139 2660 5193 in
2693 5149 2948 5210 quantum
2999 5151 3206 5214 tempus
3247 5145 3416 5200 vivit?
3446 5165 3599 5219 usque
3627 5150 3696 5203 ad
3722 5169 3848 5206 eum

2326 5230 2492 5286 locum
2540 5233 2592 5286 in
2633 5251 2732 5302 quo
2761 5236 3004 5308 scriptum
3047 5245 3154 5304 est,
3185 5238 3477 5296 Viviﬁcabit
3522 5249 3862 5304 etmortalia

2325 5337 2548 5393 corpora
2591 5334 2769 5381 vestra
2817 5343 2912 5396 per
2953 5328 3333 5386 inhabitantem
3360 5332 3612 5403 Spiritum
3640 5339 3763 5408 ejus
3797 5341 3860 5396 in

2322 5415 2472 5470 vobis
2498 5416 2673 5487 (Rom.
2701 5435 2890 5474 vn-vnr
2907 5459 2924 5487 ,
2958 5421 3044 5494 11)
3057 5462 3069 5475 .
3585 5424 3588 5428 ’

2325 5505 2379 5562 1.
2408 5508 2694 5576 Apostolus
2724 5511 2777 5565 in
2805 5511 2904 5566 hac
2929 5513 3274 5570 similitudine
3298 5558 3312 5582 ,
3341 5518 3394 5573 in
3421 5534 3523 5590 qua
3551 5521 3618 5576 de
3644 5523 3768 5578 viro
3793 5537 3863 5582 et

2249 5599 2474 5655 muliere
2516 5601 2782 5671 loquitur,
2823 5603 3074 5674 quoniam
3109 5608 3300 5664 mulier
3330 5619 3536 5668 tenetur
3560 5614 3676 5684 lege
3704 5618 3859 5687 viri,

2248 5691 2349 5746 tria
2393 5695 2634 5764 quaedam
2678 5696 3060 5753 consideranda
3099 5704 3476 5771 commendat;
3519 5708 3803 5768 mulierem
3829 5757 3859 5783 ,

2247 5786 2420 5840 virum
2443 5827 2459 5852 ,
2502 5797 2556 5842 et
2585 5789 2753 5858 legem
2785 5808 2796 5844 :
2826 5793 3101 5850 mulierem
3129 5797 3332 5856 scilicet
3361 5801 3696 5873 subjugatam
3722 5808 3865 5862 viro

2248 5893 2346 5950 per
2365 5880 2632 5935 vinculum
2655 5883 2782 5953 legis
2807 5928 2820 5951 ,
2851 5902 2955 5956 quo
2979 5889 3190 5945 vinculo
3220 5903 3390 5949 morte
3416 5896 3514 5951 viri
3542 5897 3857 5974 liberatur,

2311 5995 2329 6026 ι
2349 5998 2448 6044 nat.
2473 6001 2525 6045 et
2545 5997 2978 6064 Er.,m¢enigmate
2993 6003 3345 6059 videt.Domini
3373 6014 3555 6062 autalt.
