3942 6416
89 543 135 603 ﬂ
861 455 868 458 r
1460 503 1663 564 LIBER
1699 501 1902 564 unus.

1716 619 1836 677 dem
1870 639 1882 674 :
1912 633 2030 692 mite
2057 618 2187 677 ﬁdes
2218 619 2394 676 sinon
2424 620 2525 686 sit,
2551 617 2701 692 jubet
2726 627 2927 678 tantum
2945 622 3041 681 Tox
3067 666 3081 693 ,
3114 633 3300 681 etnon

1716 717 1998 786 implentes
2022 716 2170 787 jussa
2187 757 2202 782 ,
2225 731 2350 771 reos
2371 723 2518 771 tenet
2541 758 2556 782 ,
2582 723 2642 771 ut
2667 731 2759 772 eos
2787 731 3060 787 gementes
3083 721 3100 752 ⁸
3121 730 3175 775 et
3195 737 3300 776 non

1714 809 1954 863 valentes
1980 807 2203 878 implere
2231 824 2347 878 qum
2373 807 2519 878 jussa
2549 816 2710 877 sunt,
2738 791 2805 864 ad
2830 811 3050 880 gratiam
3081 811 3301 868 Libera-

1717 901 1846 956 toris
1873 900 2158 970 aliquando
2183 909 2475 956 convertat.

92 684 138 731 ut
173 667 244 727 cui
274 661 365 718 vult
394 649 550 710 nubat.
590 645 683 703 Sic
721 641 875 699 enim
928 637 1078 694 dicit
1111 654 1127 692 :
1154 631 1337 689 Mulier
1361 628 1492 686 enim
1516 625 1608 682 sub

96 729 207 820 viro.
244 758 329 812 viro
363 748 548 810 marito,
583 743 766 807 juncta
811 742 889 788 est
938 731 1048 803 legi
1085 745 1105 785 :
1134 730 1176 782 si
1197 735 1358 780 autem
1384 729 1608 774 mortuus

248 853 308 902 rir
341 847 463 916 ejus,
504 842 737 891 evacuate
777 837 851 882 est
882 844 914 880 a
945 825 1063 895 lege
1088 821 1196 875 viri.
1231 817 1394 887 Igitur
1409 813 1610 916 nvivente

96 907 174 1003 i-iro
196 907 401 997 secabitur
419 932 631 985 adultera
653 966 669 989 ,
697 923 740 977 si
769 919 924 992 fuerit
955 932 1074 969 eum
1095 912 1193 965 alio
1216 911 1315 962 viro
1339 923 1356 960 :
1378 907 1420 960 si
1443 913 1609 958 autem

98 997 276 1094 eia—nm
313 1029 434 1102 fuerit
470 1023 539 1077 rir
583 1021 694 1089 ejus
718 1059 731 1079 ,
767 1014 984 1066 liberata
1015 1017 1086 1061 est
1115 1023 1145 1058 tt
1170 1005 1275 1074 lege
1297 1045 1310 1068 ,
1339 1007 1397 1102 ut
1420 1016 1519 1102 non
1544 997 1608 1102 sit

99 1090 368 1187 ᾆιᾷιηιιεταξςί
387 1117 521 1190 fuerit
548 1130 660 1166 cum
690 1109 792 1161 alio
819 1106 952 1160 uiro.
986 1101 1101 1155 lluc
1127 1111 1289 1166 usque
1314 1090 1608 1150 similitudo

99 1233 175 1277 est.
215 1185 596 1277 Deinde-incipit
635 1218 749 1257 rem
796 1197 974 1267 loqui,
1024 1192 1112 1247 cui
1155 1185 1500 1258 explananda:
1546 1199 1608 1238 ac

100 1310 322 1387 probanda:
346 1299 728 1361 similitudinem
756 1289 983 1346 induxit.
1019 1283 1073 1338 ln
1102 1299 1201 1353 qua
1230 1280 1386 1336 etiam
1418 1292 1478 1333 re
1499 1277 1606 1387 ‘tria

100 1370 288 1462 iimiliter
330 1392 626 1454 attendenda
671 1395 843 1448 sunt;
890 1381 1052 1435 homo
1077 1419 1089 1439 ,
1139 1382 1412 1446 peccatum
1439 1412 1452 1435 ,
1499 1370 1604 1462 lex.

98 1501 266 1558 Tamdiu
302 1494 428 1549 enim
466 1487 586 1543 dicit
615 1481 715 1537 sub
737 1480 855 1547 lege
881 1488 1002 1529 esse
1027 1468 1331 1532 hominem,
1358 1461 1607 1535 quamdiu

95 1554 181 1648 vivit
203 1597 392 1660 peccato
415 1602 428 1648 ;
458 1570 905 1651 quemadmodum
933 1563 1135 1619 tamdiu
1160 1558 1349 1614 mulier
1374 1555 1472 1611 sub
1493 1554 1609 1660 lege

96 1645 162 1739 viri
187 1645 257 1740 est
279 1725 290 1740 .
316 1645 550 1749 quamdiu
573 1667 700 1722 vivit
721 1664 802 1717 vir
825 1663 866 1714 ί.
896 1659 1003 1713 lloc
1030 1662 1204 1709 autem
1228 1656 1502 1749 peccatu‘m
1525 1645 1611 1699 hic

97 1737 436 1846 intelligendum
454 1776 548 1830 est,
569 1759 708 1834 quod
730 1752 957 1812 accessit
977 1764 1070 1820 per
1095 1748 1286 1846 legem.
1310 1737 1459 1809 Quod
1485 1752 1610 1841 pec-

96 1837 253 1927 catan
276 1867 392 1920 dicit
424 1875 575 1931 supra
614 1851 827 1910 modum
878 1859 1029 1908 esse;
1077 1837 1329 1911 quoniam
1355 1847 1476 1887 cum
1501 1837 1611 1900 jam

95 1970 311 2034 appareat
332 1971 442 2013 esse
461 1927 724 2023 peceatum
749 1985 766 2010 ,
794 1941 849 1995 lit
873 1947 1052 1992 tamen
1072 1975 1086 1999 ,
1117 1939 1171 1986 et
1198 1927 1443 2034 adjunpta
1470 1935 1608 1991 prse-

96 2017 386 2112 iitiicatione
426 2017 698 2102 cumulatur
723 2039 767 2088 ‘.
809 2031 902 2089 Ubi
948 2028 1086 2083 enim
1126 2039 1225 2076 non
1264 2028 1333 2073 est
1357 2017 1437 2072 lea:
1461 2056 1476 2081 ,
1524 2028 1614 2112 nec

95 2103 453 2222 ᾦᾎᾷἧὲᾼέξο(
478 2138 613 2193 Rom.
637 2147 719 2196 1v,
739 2123 920 2196 15).Et
943 2122 1050 2176 hoc
1076 2124 1159 2173 est
1187 2111 1324 2222 quod
1353 2108 1509 2174 dicit,
1546 2103 1614 2160 Ut

93 2205 188 2316 lim!
225 2257 368 2308 supra
401 2205 585 2288 modum
617 2233 863 2299 peccator,
893 2224 977 2271 aut
1012 2220 1272 2285 peccatum
1300 2205 1320 2238 ³
1350 2220 1439 2316 pqr
1466 2217 1612 2255 man-

95 2295 295 2392 ilium:
314 2295 796 2401 Quaproptervlegem
815 2357 830 2381 ,
861 2307 1104 2382 quamvis
1133 2295 1458 2401 apeccando
1489 2308 1615 2366 pro-

101 2433 274 2494 hibeat,
290 2395 382 2481 non
413 2395 568 2476 tamen
597 2415 667 2468 sic
691 2409 819 2465 dicit
846 2405 1047 2467 datam,
1071 2405 1128 2452 ut
1153 2395 1407 2495 liberaret
1435 2403 1464 2441 a
1497 2400 1616 2491 pec-

103 2535 228 2586 cato;
263 2493 355 2574 sed
394 2521 447 2569 ut
481 2507 857 2565 demonstraret
899 2501 1210 2567 peccatum,
1257 2493 1343 2541 cui
1379 2493 1616 2538 serviens

273 2612 411 2667 debet
433 2622 484 2662 se
504 2590 565 2657 ad
590 2598 809 2672 gratiam
835 2585 1163 2647 Liberatoris
1188 2585 1502 2637 convertere
1518 2614 1532 2637 ,
1561 2579 1618 2672 ut

394 2665 638 2754 liberetur.
681 2689 787 2744 Per
827 2688 990 2755 legem
1025 2679 1162 2733 enim
1188 2671 1403 2745 cognitio
1431 2665 1620 2740 peccati

109 2765 200 2872 (ιᾶ.
240 2813 328 2861 ιιι,
364 2793 460 2861 2i).
504 2790 562 2842 Et
596 2783 698 2839 alio
739 2781 859 2835 loco
900 2774 1026 2830 dicit
1055 2789 1068 2824 :
1103 2767 1207 2824 Sed
1237 2771 1537 2872 peccatum,
1568 2765 1620 2809 ut

110 2855 328 2964 ‘appareat
346 2855 566 2959 peccatum
587 2923 600 2949 ,
629 2895 718 2950 per
742 2874 930 2928 bonum
954 2873 1216 2936 operatum
1241 2866 1310 2914 est
1337 2855 1460 2910 mihi
1487 2867 1621 2906 mor-

252 2954 356 3038 Ubii
373 2993 478 3048 ergo
506 2989 600 3028 non
632 2978 712 3026 est
736 2965 905 3038 gratia
938 2954 1292 3018 Liberatoris,
1323 2954 1478 3048 auget
1504 2959 1623 3048 pec-

110 3037 252 3134 candi
284 3037 566 3127 desiderium
600 3058 891 3134 prohibitio
923 3059 1285 3124 peccatorum.
1321 3039 1471 3109 Quod
1507 3037 1626 3108 qui-

117 3169 216 3224 dem
242 3164 313 3220 ad
336 3163 426 3217 hoc
447 3161 555 3214 utile
579 3166 687 3221 est,
721 3162 782 3207 ut
809 3147 1005 3204 sentiat
1028 3142 1200 3197 anima
1231 3152 1287 3191 se
1319 3136 1488 3205 ipsam
1518 3144 1626 3184 non

114 3261 193 3316 sibi
228 3257 449 3312 sufﬁcere
481 3253 537 3306 ad
577 3243 967 3304 extrahendum
1015 3253 1075 3292 se
1117 3233 1184 3289 de
1219 3230 1473 3286 servitute
1502 3239 1628 3295 pec-

114 3353 230 3418 cati;
265 3359 414 3419 atque
447 3346 536 3400 hoc
569 3341 727 3398 modo
759 3338 1161 3393 detumescente
1185 3335 1342 3396 atque
1369 3321 1629 3377 exstincta

113 3450 226 3503 omni
259 3443 512 3514 superbia,
555 3438 806 3494 subdatur
833 3426 1131 3486 Liberatori
1161 3438 1259 3478 suo
1282 3463 1296 3487 ,
1329 3418 1632 3474 sinceriter-

110 3557 189 3610 qne
228 3509 378 3594 homo
413 3535 561 3596 dicat,
607 3527 836 3584 Adhazsit
876 3522 1047 3576 auium
1089 3533 1196 3571 mea
1239 3523 1346 3581 post
1385 3522 1430 3566 te
1459 3509 1633 3604 (Psal.

110 3596 230 3700 tm,
271 3633 323 3703 9)
369 3649 382 3683 :
423 3627 548 3699 quod
594 3635 676 3680 est
695 3623 806 3693 jam
837 3633 943 3673 non
971 3628 1092 3669 esse
1119 3611 1216 3666 sub
1246 3609 1362 3678 lege
1392 3596 1632 3676 peccati,

107 3730 182 3785 sed
219 3730 266 3783 in
298 3728 402 3796 lege
433 3721 660 3794 institue.
688 3719 801 3774 Lex
832 3721 1009 3768 autem
1037 3707 1236 3779 peccati
1263 3705 1457 3760 dicitur
1481 3743 1494 3766 ,
1527 3715 1635 3755 non

107 3823 206 3892 quia
248 3821 324 3875 les
352 3793 465 3887 ipsa
509 3820 783 3886 peccatum
829 3814 950 3867 est,
990 3801 1084 3858 sed
1116 3801 1235 3872 quia
1269 3793 1638 3868 peccatoribus

108 3886 365 3982 imponitur.
389 3886 526 3964 ideo
574 3905 737 3959 etiam
782 3900 868 3954 lex
911 3895 1126 3957 mortis,
1177 3891 1298 3961 quia
1333 3886 1639 3958 stipendium

110 4004 261 4072 peccati
279 4043 296 4066 ,
327 4017 455 4054 mors
490 3998 664 4068 (Rom.
703 4009 756 4048 γι
777 4034 794 4060 ,
823 3989 915 4062 25)
943 4006 961 4053 ;
991 3984 1196 4041 aculeus
1224 3983 1398 4036 mortis
1421 4022 1434 4046 ,
1463 3996 1640 4051 pecca-

110 4071 227 4159 tum;
257 4096 391 4147 rirtus
425 4101 595 4145 autem
634 4085 858 4157 peccati,
891 4084 972 4136 lea:
1001 4077 1042 4150 (l
1072 4076 1188 4132 Cor.
1222 4091 1294 4129 xv
1316 4115 1329 4137 ,
1357 4071 1472 4160 56).
1505 4071 1640 4126 Pec-

111 4186 244 4240 caado
276 4187 400 4240 enim
437 4182 504 4236 ad
544 4186 772 4235 mortem
810 4174 1056 4229 labimur.
1087 4164 1469 4222 Vehementius
1497 4161 1638 4217 enim

110 4294 340 4347 teramus
374 4277 486 4345 lege
534 4268 886 4343 prohibente,
925 4277 1082 4334 quam
1125 4259 1169 4314 si
1198 4257 1340 4312 nulla
1370 4256 1482 4325 lege
1512 4268 1633 4323 pro-

113 4345 382 4426 hiberemur.
419 4365 722 4422 Accedente
768 4367 942 4414 autem
987 4353 1182 4425 gratia,
1229 4349 1458 4419 idipsum
1496 4345 1638 4418 quod

113 4465 175 4518 les
207 4479 402 4518 onerosa
437 4461 710 4530 jusserat,
735 4452 846 4523 jam
877 4450 991 4504 sine
1017 4459 1180 4501 onere
1205 4457 1268 4498 ac
1295 4439 1644 4496 libentissin‘ie

112 4553 356 4624 inplemus.
398 4555 507 4609 Lex
544 4564 674 4619 ergo
711 4543 910 4617 peccati
951 4551 1005 4598 et
1046 4539 1268 4604 mortis,
1297 4535 1347 4591 id
1377 4543 1497 4601 est,
1528 4547 1646 4602 quae

111 4645 306 4716 imposita
346 4656 426 4703 est
469 4640 814 4716 peccantibus
851 4645 1011 4706 atque
1049 4630 1399 4688 morientibus
1423 4670 1436 4693 ,
1490 4626 1642 4695 jubet

111 4751 272 4795 tantu
308 4758 369 4796 ne
404 4737 877 4806 concupiscamus,
917 4739 970 4784 et
999 4737 1172 4783 tamen
1202 4721 1645 4793 concupiscimus.

112 4829 195 4887 Lex
226 4844 384 4889 autem
425 4831 646 4902 spiritus
688 4827 808 4880 vitaz
828 4865 841 4887 ,
887 4837 1006 4892 qutc
1039 4817 1264 4890 pertinet
1291 4815 1356 4869 ad
1382 4812 1606 4884 gratiam
1630 4853 1650 4876 ,

115 4932 154 4976 et
184 4924 344 4979 liberat
383 4941 410 4978 a
453 4925 574 4993 lege
602 4917 798 4990 peccati
826 4926 880 4970 et
907 4912 1094 4968 mortis
1113 4953 1128 4976 ,
1159 4909 1279 4964 facit
1305 4915 1493 4961 utnon
1524 4919 1652 4958 con-

119 5022 430 5087 cupiscamus,
453 5027 508 5072 et
537 5015 852 5084 impleamus
870 5009 1016 5080 jussa
1045 5004 1178 5075 legis
1199 5045 1212 5069 ,
1245 5016 1347 5056 non
1375 4999 1484 5069 jam
1513 5000 1652 5052 servi

118 5108 217 5177 legis
255 5127 338 5180 per
379 5113 658 5173 timorem,
708 5104 801 5159 sed
852 5099 1008 5155 amici
1060 5113 1153 5167 per
1200 5093 1551 5152 charitatem,
1601 5098 1656 5144 et

120 5202 225 5256 servi
254 5203 456 5272 iustitia:
505 5198 650 5255 unde
694 5197 780 5252 illa
826 5195 909 5248 lex
943 5188 1268 5261 promulgata
1297 5195 1398 5241 est.
1429 5184 1656 5239 Justitiae

121 5302 257 5347 autem
283 5311 375 5349 non
404 5291 672 5350 serviliter
691 5331 706 5355 ,
735 5286 830 5344 sed
860 5282 1150 5340 liberaliter
1177 5276 1518 5335 serviendum
1543 5281 1652 5338 est,

125 5381 162 5436 il
197 5395 290 5450 est,
321 5387 578 5442 cbaritate
605 5383 780 5454 potius
805 5393 963 5449 quam
992 5377 1200 5430 timore.
1235 5371 1461 5441 Ideoque
1490 5369 1659 5423 veris-

125 5475 228 5528 sime
263 5478 442 5532 dictum
484 5485 567 5530 est
591 5518 604 5539 ,
641 5473 820 5544 Legem
859 5487 978 5541 ergo
1018 5481 1319 5522 evacuamus
1350 5481 1438 5535 per
1462 5461 1658 5531 ﬁdem?

129 5567 232 5619 Absit
265 5586 286 5625 ;
322 5571 401 5623 sed
426 5572 586 5640 legem
615 5567 877 5621 statuimus
905 5563 1080 5634 (Rom.
1110 5575 1164 5613 ιιι
1190 5601 1206 5625 ,
1237 5554 1348 5628 51).
1379 5555 1491 5610 Hoc
1518 5553 1658 5609 enim

131 5659 254 5711 clla-it
279 5661 432 5727 fides,
461 5660 603 5732 quod
625 5659 705 5713 lex
730 5657 899 5727 jubet.
932 5653 1194 5709 Statuitur
1213 5664 1340 5721 ergo
1355 5649 1448 5704 ‘lex
1475 5663 1569 5718 per
1599 5646 1661 5700 li-

179 5795 286 5859 frat.
312 5804 360 5845 et
379 5804 584 5859 quatuor
603 5802 734 5852 3155.,
752 5792 869 5859 viro.

137 5856 280 5964 ὠδὶς
548 5865 653 5907 uss.
693 5844 750 5905 Αἰ
781 5853 927 5914 editi,
964 5849 1289 5912 etttnulatum;
1321 5847 1400 5899 vel
1446 5844 1664 5897 cmmtla-

190 5950 336 6040 rt‘diti,
374 5989 454 6030 aut
483 5993 684 6039 peccans
701 5983 970 6045 peccatum.
987 5979 1195 6028 verbum
1212 6009 1227 6040 ,
1252 5987 1450 6041 peccans
1466 6011 1482 6039 ,
1509 5985 1538 6024 a
1559 5979 1665 6024 Mss.

143 6042 266 6102 κιαι,
281 6039 330 6094 et
345 6057 374 6094 a
393 6056 560 6108 graeco
580 6039 716 6094 textui
736 6039 963 6107 Apostoli.

3227 509 3298 570 62

1784 993 1838 1048 2.
1869 995 2000 1048 Cum
2044 1008 2173 1064 ergo
2212 996 2307 1048 tria
2349 993 2590 1065 quaidam
2630 994 2682 1048 in
2720 993 2806 1049 illa
2847 991 3188 1050 similitudine
3219 997 3302 1050 vi-

1715 1087 1968 1153 deamus,
2001 1089 2274 1143 mulierem
2297 1129 2311 1154 ,
2343 1089 2514 1142 virum
2537 1131 2552 1154 ,
2595 1099 2648 1143 et
2679 1089 2845 1160 legem
2873 1106 2886 1154 ;
2919 1099 2973 1144 et
3010 1106 3218 1144 rursum
3251 1091 3302 1146 in

1715 1178 1814 1233 hac
1840 1193 1897 1234 re
1924 1186 2140 1250 propter
2167 1194 2322 1247 quam
2350 1177 2640 1234 similitudo
2661 1179 2891 1234 adhibita
2914 1188 3016 1247 est,
3047 1181 3166 1246 tria,
3191 1182 3307 1236 ani-

1714 1285 1891 1336 mam,
1925 1280 2196 1341 peccatum
2218 1315 2232 1339 ,
2273 1282 2325 1327 et
2367 1271 2540 1342 legem
2585 1275 2784 1343 peccati
2818 1291 2834 1327 :
2866 1273 2966 1328 hoc
3006 1275 3176 1330 solum
3220 1275 3307 1332 hic

1715 1360 1982 1419 diversum
2028 1373 2143 1432 est,
2192 1363 2332 1435 quod
2376 1365 2427 1419 in
2463 1366 2549 1421 illa
2580 1366 2924 1422 similitudine
2953 1367 3034 1422 vir
3061 1369 3302 1436 moritur,

1715 1463 1775 1511 ut
1802 1458 1965 1512 nubat
1993 1458 2184 1512 mulier
2209 1458 2294 1512 cui
2321 1458 2482 1524 volet,
2516 1469 2567 1514 et
2595 1475 2625 1514 a
2653 1457 2769 1531 lege
2798 1462 2894 1515 viri
2923 1463 3189 1528 solvatur;
3223 1464 3308 1520 hic

1717 1556 1893 1602 autem
1927 1549 2038 1619 ipsa
2068 1548 2241 1602 anima
2267 1549 2492 1603 moritur
2517 1559 2755 1619 peccato,
2787 1559 2846 1605 ut
2873 1552 3034 1607 nnbat
3057 1553 3304 1619 Christo;
3369 1553 3380 1558 ”

1717 1653 1833 1695 cum
1866 1652 2042 1695 autem
2075 1641 2300 1696 moritur
2328 1651 2572 1711 peccato,
2603 1640 2830 1698 moritur
2855 1644 3014 1698 etiam
3055 1645 3155 1716 legi
3186 1661 3308 1714 pec-

1717 1734 1840 1789 cati.
1873 1733 2083 1805 Itaque,
2129 1736 2232 1803 ait,
2275 1738 2455 1807 fratres
2492 1736 2623 1803 mei,
2655 1745 2702 1790 et
2730 1752 2815 1791 vos
2841 1739 3024 1791 mortui
3053 1741 3172 1792 estis
3213 1738 3311 1810 legi

1720 1848 1808 1902 per
1831 1849 2014 1900 corpus
2041 1832 2245 1900 Christi,
2276 1844 2330 1887 ut
2354 1835 2462 1889 sitis
2484 1834 2692 1888 alterius
2717 1835 2802 1903 qui
2825 1851 2888 1888 ea:
2909 1836 3117 1888 mortuis
3142 1849 3310 1888 resur-

1717 1926 1864 1991 rexit,
1888 1934 1943 1980 ut
1970 1926 2329 1996 fructiﬁcemus
2354 1925 2479 1981 Deo.
2505 1925 2629 1982 Cum
2656 1928 2789 1982 enim
2815 1943 3034 1981 essemus
3060 1928 3113 1980 in
3138 1942 3308 1993 carne,

1720 2017 1924 2088 inquit,
1963 2017 2014 2072 id
2046 2027 2156 2084 est,
2188 2019 2489 2074 carnalibus
2519 2017 2795 2073 desideriis
2826 2019 3064 2074 obstricti
3097 2025 3311 2072 tenere-

1719 2124 1869 2173 mur,
1902 2111 2156 2179 passiones
2197 2119 2514 2180 peccatorum
2553 2126 2665 2180 qua:
2695 2126 2784 2181 per
2824 2110 2981 2180 legem
3010 2119 3155 2173 sunt,
3190 2125 3314 2178 ope-

1720 2200 1963 2256 rabanlttr
1991 2201 2044 2254 in
2071 2201 2302 2254 membris
2330 2202 2513 2254 nostris
2535 2243 2550 2267 ,
2580 2209 2638 2254 ut
2676 2206 2895 2271 fructum
2933 2201 3119 2270 ferrent
3144 2201 3311 2254 morti.

1721 2293 1890 2350 Aucta
1920 2292 2380 2362 concupiscentia,
2412 2307 2569 2361 quam
2613 2291 2699 2345 lex
2744 2291 3058 2359 prohibet‘,
3091 2292 3176 2345 ubi
3208 2306 3314 2344 non

1721 2396 1838 2442 erat
1863 2386 2014 2450 fides,
2044 2395 2097 2440 et
2119 2385 2184 2439 ad
2209 2385 2478 2440 cumulum
2506 2391 2843 2454 peccatorum
2869 2382 3316 2452 prevaricationis

1723 2481 1924 2536 crimen
1957 2486 2035 2534 est
2068 2479 2333 2549 adjectum
2366 2497 2379 2532 :
2408 2478 2530 2548 quia
2570 2477 2657 2531 ubi
2685 2493 2788 2530 non
2816 2484 2888 2530 est
2913 2476 3027 2542 lex,
3059 2491 3150 2529 nec
3189 2491 3319 2545 prte-

1723 2573 1982 2628 varicatio.
2015 2573 2121 2627 Has
2163 2569 2290 2627 dicit
2332 2571 2634 2641 passiones,
2669 2583 2789 2640 quae
2832 2585 2928 2640 per
2962 2568 3134 2639 legem
3172 2577 3316 2632 sunt,

1725 2664 2017 2735 operatas8
2062 2664 2116 2718 in
2160 2663 2416 2717 membris
2463 2662 2690 2726 nostris,
2737 2669 2794 2715 ut
2841 2659 3072 2715 fructum
3121 2659 3322 2714 ferrent

1726 2756 1904 2811 morti.
1934 2755 2046 2811 Sub
2075 2755 2190 2810 istis
2217 2753 2575 2824 passionibus,
2605 2761 2854 2822 tanquam
2883 2751 2982 2807 sub
3006 2751 3120 2805 viro
3146 2749 3322 2804 domi-

1728 2857 1922 2916 nante,
1969 2848 2157 2918 agebat
2205 2847 2381 2902 anima
2427 2853 2713 2916 antequam
2759 2847 2966 2900 veniret
3011 2843 3180 2914 gratia
3230 2857 3324 2912 per

1731 2940 1910 2994 fidem.
1945 2940 2041 2994 His
2071 2954 2201 3011 ergo
2229 2937 2565 3008 passionibus
2593 2937 2850 3002 moritur,
2891 2935 2980 3005 qui
3017 2936 3126 3005 jam
3163 2935 3327 2990 servit

1733 3039 1911 3087 mente
1959 3031 2061 3102 legi
2110 3031 2240 3096 Dei;
2299 3030 2540 3102 quamvis
2587 3029 2715 3098 ipsae
2769 3028 3044 3097 passiones
3090 3025 3326 3081 nondum

1732 3131 1957 3177 mortuae
1977 3122 2106 3189 sint,
2128 3121 2381 3192 quamdiu
2403 3135 2565 3174 carne
2585 3119 2750 3174 servit
2771 3118 2871 3188 legi
2895 3118 3120 3188 peccati.
3145 3116 3332 3172 Restat

1734 3231 1864 3286 ergo
1904 3215 2078 3269 adhuc
2117 3213 2313 3284 aliquid
2355 3214 2402 3268 ei
2437 3213 2524 3283 qui
2562 3220 2644 3265 est
2677 3213 2774 3266 sub
2805 3211 3004 3282 gratia,
3038 3210 3180 3277 quod
3207 3225 3328 3265 eum

1735 3323 1842 3364 non
1880 3307 2086 3372 vincat,
2131 3321 2233 3360 nec
2272 3306 2537 3374 captivum
2564 3303 2754 3369 ducat,
2787 3303 2958 3358 donec
2983 3303 3334 3362 mortiﬁcetur

1737 3409 1905 3456 totum
1928 3399 2066 3469 quod
2089 3397 2475 3453 consuetudine
2498 3410 2655 3465 prava
2680 3396 2989 3449 roboratam
3013 3403 3095 3451 est
3118 3405 3170 3451 et
3190 3395 3332 3450 unde

1737 3507 1933 3564 corpus
1971 3493 2130 3547 etiam
2174 3503 2314 3546 nunc
2350 3497 2616 3544 mortuum
2661 3501 2780 3542 esse
2803 3487 3050 3564 _dicitur,
3082 3487 3333 3556 quamdiu

1742 3601 1848 3642 non
1877 3584 2110 3655 perfecte
2145 3583 2309 3638 servit
2349 3581 2574 3652 spiritui.
2609 3579 2890 3648 Continget
2917 3585 3092 3632 autem
3124 3586 3179 3631 ut
3207 3591 3336 3646 per-

1741 3681 1880 3737 fecte
1915 3679 2148 3745 serviat,
2195 3691 2314 3732 cum
2361 3674 2522 3730 fuerit
2561 3680 2618 3729 et
2661 3673 2835 3744 ipsum
2881 3670 3106 3726 mortale
3141 3682 3336 3740 corpus

1742 3772 2086 3829 viviﬁcatum.

1816 3867 1868 3920 5.
1903 3864 1982 3919 Ειι
2015 3876 2120 3933 quo
2148 3859 2649 3931 comprehendimus
2676 3867 2905 3929 quatuor
2932 3871 3053 3913 esse
3081 3852 3336 3913 differen-

1743 3957 1846 4013 tias
1871 3955 2030 4011 etiam
2061 3955 2113 4008 in
2141 3968 2247 4008 uno
2273 3952 2505 4013 homine,
2530 3949 2722 4020 quibus
2745 3948 3004 4020 gradatim
3032 3948 3258 4018 peractis
3283 3947 3340 4003 in

1745 4051 1852 4106 vita
1883 4058 2080 4102 mterna
2107 4044 2426 4101 manebitur.
2455 4043 2587 4110 Quia
2618 4041 2761 4096 enim
2792 4039 3072 4110 oportebat
3101 4048 3258 4108 atque
3287 4037 3341 4093 id

1742 4144 1942 4216 justum
1989 4147 2138 4206 erat,
2167 4147 2223 4193 ut
2264 4145 2610 4208 posteaquam
2641 4145 2826 4190 natura
2864 4143 3040 4189 nostra
3077 4132 3339 4202 peccavit,

1748 4237 1942 4292 amissa
1989 4231 2313 4288 beatitudine
2359 4229 2638 4299 spirituali,
2680 4241 2798 4298 quae
2851 4224 3083 4296 paradisi
3127 4224 3343 4279 nomine

1750 4331 2097 4404 signiﬁcatur,
2122 4327 2376 4381 animales
2395 4324 2748 4393 carnalesque
2774 4336 3144 4384 nasceremur;
3174 4320 3341 4388 prima

1751 4433 1835 4480 est
1868 4420 2009 4476 actio
2044 4426 2169 4472 ante
2193 4416 2388 4486 Legem
2411 4457 2425 4483 ,
2459 4413 2690 4469 secunda
2730 4413 2831 4466 sub
2856 4412 3028 4480 Lege,
3063 4409 3216 4462 tertia
3246 4408 3345 4462 sub

1751 4515 1941 4588 gratia,
1963 4522 2149 4582 qmrta
2171 4510 2224 4563 in
2247 4521 2398 4579 pace.
2421 4509 2560 4562 Ante
2580 4506 2774 4575 Legem
2797 4503 2935 4558 actio
2957 4510 3059 4565 est,
3081 4515 3200 4555 cum
3224 4515 3346 4568 pec-

1753 4619 1928 4665 catum
1959 4605 2284 4675 ignoramus,
2312 4609 2368 4657 et
2396 4599 2668 4670 sequimur
2694 4596 2938 4652 carnales
2966 4594 3348 4664 concupisceno

1758 4705 1878 4759 tias.
1907 4701 2016 4757 Sub
2043 4699 2186 4769 Lege
2213 4705 2297 4752 est
2323 4696 2483 4761 actio,
2510 4708 2630 4749 cum
2657 4692 2766 4762 jam
2801 4689 3144 4760 prohibemur
3171 4701 3200 4739 a
3226 4701 3349 4757 pec-

1757 4803 1912 4859 cato,
1959 4803 2013 4847 et
2057 4800 2232 4846 tamen
2277 4785 2659 4843 consuetudine
2707 4783 2824 4853 ejus
2867 4783 2991 4836 victi
3041 4794 3345 4852 peccamus,

1759 4885 2007 4958 quoniam
2040 4898 2136 4938 nos
2166 4880 2400 4936 nondum
2431 4877 2642 4948 adjuvat
2678 4875 2830 4930 fides.
2860 4874 3038 4930 Tertia
3075 4873 3212 4927 actio
3246 4882 3347 4936 est,

1759 4979 1975 5051 quando
2013 4977 2121 5047 jam
2165 4973 2472 5044 plenissime
2511 4969 2778 5026 credimus
2815 4967 3111 5024 Liberatori
3142 4974 3347 5027 nostro,

1761 5087 1866 5129 nec
1886 5071 2090 5127 meritis
2111 5069 2310 5123 nostris
2334 5064 2530 5136 aliquid
2556 5064 2854 5127 tribuimus,
2886 5061 2982 5118 sed
3006 5061 3122 5128 ejus
3145 5059 3354 5113 miscri-

1762 5165 1999 5222 cordiam
2047 5159 2350 5232 diligendo,
2387 5160 2496 5230 jam
2545 5172 2650 5212 non
2697 5156 2960 5210 vincimur
3003 5152 3354 5208 delectatione

1764 5255 2160 5317 consuetudinis
2201 5253 2387 5318 malae,
2418 5264 2540 5305 cum
2588 5249 2654 5303 ad
2695 5256 2970 5317 peccatum
3021 5260 3118 5299 nos
3159 5244 3356 5296 ducere

1765 5354 1950 5409 nititur
1967 5349 2099 5414 ;-sed
2123 5356 2298 5402 tamen
2320 5344 2493 5399 adhuc
2512 5357 2629 5398 eam
2653 5339 3080 5410 interpellantem
3105 5335 3356 5406 patimur,

1766 5443 2008 5516 quamvis
2053 5442 2100 5495 ei
2151 5453 2260 5494 non
2308 5435 2594 5492 tradamur.
2640 5433 2840 5502 Quarta
2886 5439 2969 5486 est
3018 5430 3184 5492 actio,
3236 5442 3355 5482 cum

1768 5535 1986 5592 omnino
2012 5531 2142 5588 nihil
2167 5539 2250 5586 est
2274 5529 2325 5583 in
2353 5527 2567 5582 homine
2593 5524 2731 5596 quod
2756 5523 2968 5580 resistat
2994 5521 3234 5592 spiritui,
3264 5516 3355 5571 sed

1769 5627 1946 5684 omnia
1991 5624 2206 5680 sibimet
2249 5619 2586 5676 concorditer
2617 5617 2802 5688 juncta
2831 5626 2886 5671 et
2918 5626 3158 5670 connexa
3195 5622 3357 5664 unum

1839 5781 1855 5812 ι
1893 5779 2080 5841 Aliquot
2093 5783 2223 5835 Mss,
2246 5773 2570 5841 gemiscentes.

1837 5844 1858 5873 θ
1892 5825 2154 5895 agitasse;
2178 5825 2229 5900 υἱ
2246 5825 2476 5900 "fructum
2500 5836 2681 5900 ferrent
2721 5831 2864 5881 morti
2903 5835 3097 5900 auctam
3132 5825 3360 5900 concupi-

1776 5904 2005 5958 scentiam
2021 5940 2034 5958 ,
2059 5891 2169 5951 cum
2193 5891 2274 5950 leaf
2299 5891 2529 5962 prohibet.
2553 5895 2749 5962 Quidam
2773 5908 2912 5952 vero,
2941 5891 3232 5962 prohiberet.

1841 5949 2197 6014 iiiifét’mv.
2215 5949 2486 6025 ,operataL
2513 5949 2682 6008 melius
2702 5964 2830 6025 Mss,
2855 5949 3093 6024 operulas.
3118 5980 3179 5998 σ-
3214 5949 3346 6018 ωαά

1778 6037 1832 6084 et
1862 6037 2004 6092 νεα,
2027 6031 2267 6091 operataz,
2291 6021 2442 6076 uti-3r.
2470 6027 2523 6073 et
2542 6027 2650 6074 nov.
2747 6021 2807 6070 Ι.

3361 1406 3384 1506 l
