3942 6416
599 498 672 556 σε
959 444 963 448 ’
1295 483 1389 543 ne
1426 480 1740 541 mvensrs
1774 470 2295 550 QUESTIOMBUS
2333 472 2598 537 Lxxxui
2624 521 2641 550 ,
2668 479 2729 539 s.
2769 474 3143 544 AUGUSTINI
3817 499 3883 562 σι

601 615 799 690 aliquid
824 614 977 670 ﬁrma
1003 622 1136 685 pace
1163 605 1465 664 custodiunt
1492 623 1506 660 :
1534 602 1677 676 quod
1706 602 1796 658 ﬁet
1832 599 2044 658 mortali
2070 613 2193 654 cor-

598 726 730 784 pore
757 707 1039 767 viviticato.
1071 718 1192 759 cum
1222 698 1568 770 corruptibile
1610 696 1712 752 hoc
1748 694 1982 751 induerit
2020 693 2196 749 incor-

599 804 900 873 ruptionem
922 844 937 867 ,
977 806 1032 855 et
1068 795 1293 853 mortale
1331 793 1433 851 hoc
1466 790 1699 849 induerit
1738 787 2193 846 immortalitatem

603 897 644 967 (I
673 895 790 953 Cor.
813 910 905 960 xv,
937 892 1026 955 54,
1060 890 1172 959 55).

673 990 727 1042 4.
760 985 841 1042 Ad
872 986 1095 1055 primam
1125 982 1386 1038 actionem
1415 975 1886 1036 demonstrandam
1916 975 2015 1030 ista
2044 974 2195 1029 testi-

600 1079 779 1136 monia
808 1079 1018 1134 interim
1048 1084 1334 1133 occurrunt
1365 1093 1378 1129 :
1411 1074 1514 1129 Per
1543 1089 1698 1128 unum
1735 1070 1987 1126 hominem
2017 1084 2194 1139 pecca-

602 1182 708 1228 tum
734 1173 788 1226 in
824 1170 956 1225 hunc
993 1169 1238 1225 mundum
1263 1167 1501 1233 intravit,
1533 1176 1579 1220 et
1610 1182 1698 1236 per
1736 1172 1996 1235 peccatum
2021 1177 2191 1227 mors;

601 1275 648 1320 et
673 1266 746 1320 sic
775 1281 864 1336 per
889 1281 1060 1319 omnes
1089 1263 1313 1317 homines
1342 1260 1662 1334 pertransiit,
1698 1259 1751 1313 in
1777 1274 1876 1329 quo
1902 1272 2071 1311 omnes
2100 1255 2193 1309 ho-

601 1358 758 1412 mines
789 1362 1132 1428 peccaverunt.
1173 1352 1343 1433 [fsque
1380 1352 1447 1406 ad
1478 1354 1637 1422 legem
1674 1350 1806 1404 enim
1844 1358 2102 1419 peccatum
2138 1350 2193 1402 in
2224 1414 2231 1421 .

604 1453 699 1507 hoc
723 1451 914 1506 mundo
938 1451 1055 1521 fuit.
1089 1449 1355 1504 Peccatum
1380 1455 1548 1502 autem
1575 1463 1673 1500 non
1701 1443 2057 1516 deputabatur,
2079 1458 2192 1497 cum

602 1542 686 1599 lea:
713 1561 814 1599 non
841 1552 964 1599 esset
1006 1542 1179 1614 (Rom.
1209 1557 1262 1607 v,
1296 1539 1363 1595 12
1383 1581 1397 1605 ,
1428 1537 1540 1610 15).
1571 1539 1637 1593 Et
1664 1538 1855 1592 iterum
1885 1555 1899 1591 :
1934 1536 2059 1592 Sine
2087 1536 2193 1606 lege

600 1637 731 1691 enim
769 1647 1028 1707 peccatum
1067 1642 1318 1689 mortuum
1359 1642 1470 1697 est;
1509 1648 1598 1702 ego
1641 1638 1807 1685 autem
1844 1629 2063 1683 vivebam
2092 1629 2192 1683 ali-

599 1728 803 1798 quando
831 1729 940 1783 sine
967 1726 1093 1798 lege.
1122 1726 1275 1793 Quod
1302 1726 1446 1783 enim
1486 1724 1573 1779 hic
1612 1723 1769 1791 dicit,
1801 1731 2055 1776 mortuum
2081 1728 2153 1775 est
2170 1738 2191 1787 ;

599 1820 702 1876 hoc
729 1829 811 1877 est
839 1819 978 1891 quod
1009 1820 1252 1891 superius
1280 1819 1443 1887 dicit,
1471 1834 1574 1873 non
1599 1818 1936 1888 deputabatur
1953 1859 1968 1886 ,
2010 1816 2061 1872 id
2087 1824 2190 1885 est,

599 1914 819 1970 latebat.
863 1913 1015 1982 Quod
1056 1912 1361 1970 manifestat
1399 1913 1453 1968 in
1495 1913 1941 1984 consequentibus
1988 1912 2189 1978 dicens,

600 2006 709 2063 Sed
737 2016 999 2077 peccatum
1016 2048 1030 2072 ,
1057 2016 1112 2062 ut
1143 2015 1387 2079 appareat
1424 2018 1680 2077 peccatum
1699 2049 1715 2075 ,
1746 2024 1835 2078 per
1861 2008 2042 2061 bonum
2068 2022 2192 2076 ope-

597 2112 767 2156 ratum
793 2110 868 2157 est
894 2102 1021 2156 mihi
1046 2111 1253 2156 mortem
1278 2118 1297 2156 :
1325 2102 1378 2156 id
1405 2110 1515 2166 est,
1548 2117 1644 2171 per
1670 2101 1874 2171 legem;
1903 2101 2023 2172 quia
2053 2100 2193 2156 bona

598 2202 683 2249 est
709 2193 812 2257 lex,
838 2192 881 2249 si
904 2194 1024 2264 quis
1045 2208 1107 2249 ea
1130 2193 1364 2265 legitime
1383 2202 1563 2249 utatur
1588 2192 1633 2264 (l
1653 2191 1787 2246 Tim.
1816 2207 1853 2259 ι,
1878 2191 1955 2264 8).
1986 2192 2043 2248 Si
2063 2207 2192 2262 ergo

599 2284 687 2340 hic
714 2285 817 2351 ait,
850 2294 906 2338 ut
942 2294 1192 2356 appareat
1228 2294 1522 2356 peccatum;
1550 2284 1887 2340 manifestum
1929 2292 2011 2339 cst
2048 2283 2193 2355 quod

597 2370 841 2446 Superius
870 2375 993 2431 ideo
1020 2376 1232 2431 dicebat
1253 2386 1522 2431 mortuum
1552 2385 1606 2431 et
1630 2390 1737 2430 non
1760 2376 2003 2445 deputari
2023 2417 2038 2443 ,
2067 2377 2192 2446 quia

594 2484 701 2524 non
718 2469 1008 2539 apparebat
1026 2478 1310 2545 antequam
1328 2469 1445 2539 lege
1467 2469 1780 2539 prohibente
1797 2469 2188 2525 ostenderetur.

665 2561 718 2615 5.
755 2559 831 2614 Ad
877 2559 1165 2615 secundam
1205 2560 1472 2615 actionem
1510 2561 1611 2615 ista
1652 2560 1952 2617 testimonia
1990 2577 2190 2618 conve-

594 2650 747 2706 niunt
774 2668 788 2705 :
815 2649 927 2705 Lex
967 2660 1137 2706 autem
1178 2652 1509 2720 subintravit,
1552 2660 1606 2705 ut
1633 2651 1912 2708 abundaret
1950 2654 2191 2710 delictum

597 2742 770 2816 (Rom.
796 2758 853 2811 v,
881 2740 995 2815 20).
1024 2744 1259 2800 Accessit
1284 2744 1430 2799 enim
1455 2751 1509 2800 et
1526 2744 1913 2815 praevaricatio,
1940 2762 2059 2817 quae
2080 2762 2188 2802 non

484 2866 489 2871 -
590 2845 724 2894 erat.
763 2837 829 2892 Et
858 2836 987 2892 illud
1029 2838 1171 2908 quod
1210 2836 1321 2908 jam
1366 2846 1842 2898 commemoratum
1883 2847 1966 2894 est
2005 2857 2018 2894 :
2062 2837 2189 2894 Cum

591 2946 809 2985 essemus
838 2930 969 2984 enim
997 2930 1050 2984 in
1079 2947 1263 3000 carne,
1307 2933 1566 3002 passiones
1606 2940 1927 3003 peccatorum
1959 2950 2070 3004 qua:
2097 2952 2189 3007 per

591 3023 749 3093 legem
773 3031 910 3087 sunt,
942 3023 1281 3093 operabantur
1306 3024 1357 3077 in
1384 3023 1618 3080 membris
1643 3024 1828 3079 nostris
1844 3066 1858 3089 ,
1890 3034 1944 3080 ut
1967 3030 2187 3097 fructum

536 3108 541 3113 ’
590 3117 777 3186 ferrent
814 3115 981 3169 morti.
1016 3114 1085 3168 Et
1115 3114 1239 3169 illud
1271 3133 1284 3170 :
1314 3115 1452 3182 Quid
1489 3133 1608 3188 ergo
1646 3116 1910 3173 dicemus?
1933 3116 2042 3174 Lea:
2066 3136 2186 3190 pec-

588 3214 756 3260 catum
795 3205 908 3261 est?
949 3205 1089 3259 Absit
1124 3222 1144 3260 :
1181 3206 1272 3260 sed
1298 3217 1556 3277 peccatum
1586 3225 1686 3263 non
1726 3210 1934 3280 cognovi
1970 3211 2070 3265 nisi
2098 3229 2188 3282 per

588 3299 767 3369 legem.
793 3296 935 3353 Nam
953 3300 1410 3371 concupiscentiam
1430 3302 1732 3369 nesciebam,
1757 3302 1857 3357 nisi
1876 3302 1959 3358 lea:
1977 3302 2182 3372 diceret,

588 3391 713 3447 Non
741 3394 1080 3465 concupisces.
1121 3392 1400 3449 Occasione
1437 3405 1605 3451 autem
1644 3405 1883 3466 accepta,
1924 3406 2186 3467 peccatum

586 3500 677 3553 per
702 3484 1000 3540 mandatum
1028 3494 1294 3556 operatum
1319 3495 1391 3541 est
1420 3486 1474 3539 in
1499 3503 1578 3541 me
1601 3504 1800 3540 omnem
1823 3489 2185 3558 concupiscen-

588 3576 730 3631 tiam.
762 3576 830 3632 Et
857 3580 1014 3647 paulo
1040 3588 1156 3647 post
1186 3597 1199 3631 :
1231 3579 1551 3644 Adveniente,
1584 3580 1770 3649 inquit,
1798 3569 2039 3635 mandato
2062 3599 2183 3653 pec-

585 3681 755 3724 catum
782 3673 978 3726 revixit.
1008 3672 1121 3742 Ego
1149 3681 1317 3726 autem
1343 3682 1569 3727 mortuus
1592 3689 1733 3742 sum,
1763 3684 1808 3729 et
1834 3676 2087 3731 inventum
2109 3685 2185 3733 est

589 3763 715 3817 mihi
742 3764 1041 3818 mandatum
1077 3765 1211 3835 quod
1247 3775 1352 3819 erat
1384 3765 1453 3819 ad
1479 3766 1629 3820 vitam
1650 3808 1666 3834 ,
1695 3767 1790 3822 hoc
1815 3785 1920 3823 esse
1945 3770 2014 3823 ad
2040 3786 2182 3825 mor-

592 3864 704 3912 tem.
740 3855 1013 3911 Peccatum
1050 3857 1184 3912 enim
1222 3860 1486 3915 occasione
1511 3870 1719 3931 accepta
1747 3878 1837 3932 per
1862 3863 2178 3929 mandatum,

585 3952 767 4022 fefellit
792 3968 887 4016 me,
921 3962 967 4006 et
993 3968 1084 4022 per
1105 3952 1237 4006 illud
1258 3952 1462 4007 occidit.
1485 3953 1635 4022 Quod
1667 3970 1795 4026 ergo
1818 3955 1911 4020 ait,
1945 3954 2182 4012 Mortuus

584 4060 732 4111 sum;
762 4045 875 4100 vult
906 4045 1164 4117 intelligi,
1193 4055 1458 4102 mortuum
1489 4063 1576 4104 me
1602 4063 1724 4104 esse
1757 4051 1980 4121 cognovi
2011 4069 2025 4106 :
2057 4054 2179 4122 quia

582 4137 694 4209 jam
722 4137 880 4193 etiam
906 4139 1339 4208 praevaricatione
1365 4149 1566 4211 peccat,
1598 4140 1686 4212 qui
1717 4140 1864 4197 videt
1890 4158 1985 4213 per
2008 4143 2180 4215 legem

585 4230 709 4301 quid
741 4230 915 4286 facere
945 4246 1050 4286 non
1074 4232 1294 4298 debeat,
1334 4240 1390 4289 et
1426 4243 1604 4289 tamen
1644 4232 1790 4289 facit.
1819 4234 1972 4303 Quod
2001 4246 2180 4293 autem

585 4321 687 4389 ait,
717 4320 925 4393 Fefellit
962 4338 1041 4377 me
1069 4333 1333 4396 peccatum
1350 4366 1366 4392 ,
1393 4327 1656 4382 occasione
1678 4338 1883 4399 accepta
1917 4346 2007 4400 per
2029 4346 2180 4385 man-

585 4415 760 4471 datum
792 4431 811 4471 :
847 4416 964 4475 sive
1004 4417 1128 4487 quia
1168 4419 1345 4474 suasio
1389 4418 1756 4477 delet-talionis
1794 4422 1862 4477 ad
1903 4432 2180 4493 peccatum

584 4509 954 4565 vehementior
967 4516 1069 4577 est,
1093 4525 1212 4566 cum
1233 4510 1385 4567 adest
1404 4511 1721 4583 prohibitio;
1743 4514 1856 4571 sive
1875 4514 1999 4585 quia
2019 4517 2179 4572 etiam

585 4599 629 4653 si
657 4600 781 4668 quid
810 4600 969 4654 homo
1001 4600 1185 4656 fecerit
1220 4602 1514 4658 secundum
1548 4605 1695 4674 jussa
1738 4604 1900 4674 legis,
1930 4605 1977 4660 si
2004 4606 2181 4663 adhuc

585 4705 692 4743 non
721 4689 787 4743 sit
815 4689 968 4757 ﬁdes,
991 4706 1111 4762 quae
1138 4694 1189 4746 in
1213 4694 1381 4763 gratia
1407 4703 1509 4760 est,
1534 4695 1650 4750 vult
1672 4695 1772 4751 sibi
1796 4696 1896 4753 hoc
1918 4697 2173 4771 tribuere,

586 4797 690 4836 non
720 4782 857 4846 Deo,
891 4791 945 4837 et
982 4783 1341 4854 superbiendo
1369 4785 1489 4856 plus
1519 4796 1720 4856 peccat.
1750 4787 2000 4860 Sequitur
2027 4806 2175 4863 ergo,

585 4882 639 4929 et
662 4872 790 4929 dicit
819 4892 832 4928 :
863 4873 1045 4945 Itaque
1083 4878 1166 4931 lea:
1191 4878 1390 4949 quidem
1415 4888 1619 4947 sancta,
1649 4890 1696 4935 et
1729 4884 2027 4937 mandatum
2053 4900 2176 4939 san-

584 4975 718 5021 ctum
738 5008 753 5030 ,
781 4976 828 5022 et
846 4968 1069 5039 justum,
1103 4979 1150 5024 et
1177 4968 1380 5025 bonum.
1408 4971 1558 5038 Quod
1578 4990 1699 5046 ergo
1724 4973 1909 5029 bonum
1934 4985 2026 5039 est,
2055 4976 2180 5031 mihi

583 5063 772 5131 factum
801 5069 871 5115 est
898 5061 1075 5116 mors?
1098 5062 1241 5117 Absit
1268 5079 1289 5119 :
1314 5063 1403 5120 sed
1431 5074 1688 5135 peccatum
1714 5077 1770 5121 ut
1796 5076 2041 5139 appareat
2064 5083 2180 5139 pec-

583 5161 784 5220 catum,
819 5169 908 5221 per
935 5153 1120 5209 bonum
1158 5165 1423 5227 operatum
1460 5166 1534 5213 est
1571 5158 1696 5212 mihi
1734 5168 1971 5227 mortem,
2001 5169 2056 5215 ut
2084 5161 2177 5231 ﬁat

582 5260 740 5311 supra
778 5245 982 5301 modum
1025 5258 1290 5318 peccator,
1331 5259 1418 5304 aut
1455 5259 1716 5321 peccatum
1756 5252 2047 5323 delinquens
2089 5270 2180 5325 per

583 5335 899 5391 mandatum.
934 5339 1138 5394 Scimus
1175 5351 1340 5396 autem
1368 5341 1488 5412 quia
1516 5342 1598 5399 lea:
1631 5344 1913 5414 spiritualis
1950 5354 2023 5400 est
2043 5387 2058 5413 ,
2086 5362 2179 5419 ego

583 5435 752 5481 autem
779 5429 1000 5485 carnalis
1026 5447 1170 5498 sum,
1200 5430 1251 5486 id
1277 5440 1391 5497 est,
1424 5433 1570 5488 carni
1600 5435 1910 5502 consentio,
1943 5436 2177 5493 nondum

557 5520 843 5591 'spirituali
872 5523 1043 5593 gratia
1071 5523 1322 5581 liberatus
1344 5525 1423 5600 (a)
1448 5544 1463 5582 :
1484 5526 1815 5584 venumdatus
1839 5528 1930 5584 sub
1952 5540 2175 5600 peccato,

583 5613 636 5669 id
661 5623 764 5681 est,
797 5630 1026 5685 peccans
1051 5618 1224 5686 pretio
1253 5620 1626 5690 temporalium
1652 5620 2001 5691 voluptatum.
2030 5621 2181 5689 Quod

581 5710 719 5765 enim
743 5725 942 5781 Operor,
969 5712 1149 5783 ignoro
1175 5729 1194 5766 :
1222 5712 1271 5769 id
1296 5722 1398 5778 est,
1428 5729 1533 5770 non
1560 5730 1791 5785 agnosco
1814 5732 1935 5773 esse
1966 5718 2017 5773 in
2045 5733 2183 5790 pra:-

581 5803 756 5871 ceptis
780 5804 1018 5858 veritatis
1036 5847 1051 5871 ,
1085 5805 1172 5860 ubi
1195 5815 1277 5862 est
1302 5823 1424 5862 vera
1452 5809 1695 5865 scientia.
1718 5809 2022 5867 Secundum
2045 5811 2184 5870 hanc

580 5894 910 5951 locutionem
935 5897 1064 5952 dicit
1088 5898 1344 5959 Dominus
1370 5904 1759 5976 peccatoribus,
1788 5903 1913 5962 Non
1935 5906 2052 5964 novi
2072 5921 2180 5967 vos.

645 6005 726 6069 (a)
758 6010 1003 6065 tuomet.
1019 6021 1126 6077 cap.
1150 6009 1228 6066 86.

2298 591 2418 649 Non
2444 596 2586 651 enim
2612 612 2733 655 eum
2758 600 2959 672 aliquid
2981 602 3130 672 latet,
3160 603 3257 661 sed
3280 604 3405 678 quia
3427 614 3649 680 peccata
3672 626 3779 672 non
3803 615 3879 676 in-

2298 687 2580 744 veniuntur
2599 690 2655 746 in
2673 693 2871 764 regulis
2892 705 3300 768 praeceptorum,
3326 716 3459 772 quas
3483 703 3648 763 habet
3667 711 3876 782 veritas,

2296 780 2417 838 ideo
2458 784 2574 854 ipsa
2612 783 2823 842 Veritas
2856 792 3223 858 peccatoribus
3261 793 3421 863 dicit,
3463 797 3589 854 Non
3629 804 3745 858 novi
3780 780 3876 863 vos.

2294 872 2442 930 Sicut
2469 878 2614 933 enim
2655 881 2889 936 tenebrae
2928 885 3094 940 oculis
3132 902 3239 943 non
3280 889 3544 961 videndo,
3577 896 3651 950 ita
3680 910 3878 967 peccata

2294 976 2475 1024 mente
2506 970 2799 1041 ignorando
2824 976 3144 1032 sentiuntur.
3169 979 3249 1034 Ex
3276 981 3375 1036 ista
3396 982 3669 1041 locutione
3693 988 3879 1047 dictum

2293 1059 2526 1117 arbitror
2555 1063 2608 1117 in
2638 1063 2885 1131 Psalmis,
2916 1068 3113 1124 Delicta
3140 1073 3252 1143 quis
3275 1074 3505 1148 intelligit
3536 1078 3714 1149 (Psal.
3737 1097 3875 1152 xvm,

2296 1152 2428 1225 15)?
2462 1155 2581 1210 Non
2608 1158 2739 1213 enim
2762 1162 2897 1230 quod
2916 1164 3048 1231 volo,
3078 1167 3172 1220 hoc
3197 1185 3335 1240 ago;
3360 1172 3449 1226 sed
3470 1175 3610 1246 quod
3635 1176 3741 1241 odi,
3763 1178 3879 1233 illud

2295 1247 2449 1317 facio.
2481 1249 2542 1305 Si
2570 1260 2736 1306 autem
2761 1254 2899 1323 quod
2927 1257 3063 1322 nolo,
3097 1259 3192 1312 hoc
3220 1278 3336 1332 ago,
3366 1267 3622 1321 consentio
3648 1268 3747 1340 legi
3769 1287 3880 1341 quo-

2294 1340 2431 1394 niam
2475 1340 2605 1396 bona
2648 1351 2741 1398 est:
2771 1345 2824 1398 Ν
2830 1363 2924 1401 unc
2952 1359 3120 1403 autem
3141 1353 3255 1423 jam
3282 1371 3380 1408 non
3410 1373 3500 1428 ego
3529 1375 3716 1430 aperor
3740 1340 3875 1429 illud,

2294 1434 2383 1488 sed
2406 1434 2460 1488 id
2483 1436 2620 1506 quod
2642 1438 2695 1491 in
2721 1454 2800 1493 me
2826 1440 3015 1494 habitat
3042 1454 3320 1513 peccatum.
3344 1446 3464 1503 Scio
3490 1453 3626 1505 enim
3650 1455 3767 1524 quia
3789 1472 3879 1511 non

2294 1523 2484 1578 habitat
2514 1527 2566 1580 in
2594 1544 2691 1595 me,
2723 1529 2817 1582 hoc
2842 1540 2914 1585 est
2942 1533 2993 1586 in
3017 1550 3168 1589 carne
3191 1553 3321 1602 mea,
3353 1539 3558 1595 bonum.
3599 1542 3741 1599 Velle
3761 1548 3879 1601 enim

2294 1616 2495 1688 adjacet
2526 1619 2678 1687 mihi,
2711 1622 2948 1691 perﬁcere
2976 1634 3144 1678 autem
3183 1627 3365 1682 bonum
3396 1647 3497 1685 non
3526 1634 3747 1689 invenio.
3771 1636 3880 1692 Non

2293 1711 2426 1763 enim
2466 1712 2603 1782 quod
2645 1715 2754 1767 volo
2774 1756 2789 1781 ,
2834 1720 2967 1787 facio
2998 1718 3218 1787 bonum;
3259 1724 3347 1776 sed
3370 1726 3506 1793 quod
3530 1729 3653 1782 nolo
3682 1731 3877 1797 malum,

2294 1800 2388 1854 hoc
2413 1818 2529 1873 ago.
2564 1803 2627 1858 Si
2653 1815 2817 1859 autent
2846 1809 2983 1878 quod
3011 1812 3159 1877 nolo,
3192 1812 3287 1867 hoc
3317 1817 3449 1885 facio
3467 1834 3487 1881 ;
3519 1820 3635 1890 jam
3677 1838 3775 1875 non
3800 1840 3880 1894 ego

2293 1906 2476 1959 operor
2513 1894 2643 1948 illud
2662 1937 2677 1959 ,
2714 1896 2803 1949 sed
2828 1897 2882 1951 id
2909 1900 3044 1971 quod
3074 1902 3264 1956 habitat
3293 1905 3347 1959 in
3375 1924 3453 1960 me
3478 1921 3763 1978 peccatum.
3796 1911 3876 1967 In-

2292 1984 2436 2037 venio
2466 2002 2583 2056 ergo
2614 1988 2771 2058 legem
2807 1990 2933 2043 mihi
2968 1993 3153 2048 volenti
3190 1999 3356 2066 facere
3395 1998 3615 2067 bonum,
3659 2005 3880 2071 quoniam

2294 2076 2485 2129 malum
2523 2078 2648 2131 mihi
2675 2080 2896 2149 adjacet.
2929 2082 3258 2153 Condelector
3292 2090 3422 2141 enim
3452 2089 3548 2160 legi
3585 2092 3685 2146 Dei
3719 2112 3879 2151 secun-

2295 2169 2419 2223 dum
2450 2171 2738 2227 interiorem
2767 2174 3021 2231 hominem
3048 2193 3066 2232 :
3091 2179 3234 2234 video
3262 2191 3428 2235 autem
3462 2184 3620 2239 aliam
3657 2188 3810 2259 legem
3835 2190 3879 2243 in

2294 2261 2530 2316 membris
2556 2265 2700 2330 meis,
2732 2279 3097 2338 repugnantem
3124 2271 3223 2341 legi
3261 2275 3439 2327 mentis
3467 2291 3592 2329 mea:
3610 2319 3626 2341 ,
3658 2288 3707 2331 et
3730 2280 3879 2351 capti-

2293 2361 2491 2407 vantem
2532 2370 2611 2407 me
2645 2355 2699 2408 in
2727 2355 2835 2427 lege
2874 2362 3097 2427 peccati,
3128 2378 3241 2433 qua
3274 2375 3346 2418 est
3385 2366 3441 2420 in
3476 2370 3714 2430 membris
3750 2373 3877 2429 meis.

2292 2441 2407 2496 Huc
2450 2458 2617 2514 usque
2659 2454 2783 2501 sunt
2823 2450 2988 2505 verba
3034 2450 3266 2509 hominis
3306 2457 3407 2511 sub
3446 2458 3564 2530 lege
3593 2465 3876 2535 constituti,

2292 2533 2526 2588 nondum
2574 2536 2675 2591 sub
2712 2540 2911 2608 gratia;
2943 2542 3032 2611 qui
3074 2543 3283 2601 etiamsi
3323 2550 3457 2604 nolit
3486 2567 3744 2621 peccare,
3770 2533 3878 2609 vine

2291 2624 2429 2679 citur
2456 2640 2486 2680 a
2518 2637 2757 2696 peccato.
2789 2630 3015 2688 lnvaluit
3042 2636 3184 2690 enim
3225 2644 3557 2698 consuetudo
3586 2648 3811 2709 carnalis
3834 2654 3880 2704 et

2290 2717 2531 2773 naturale
2553 2720 2570 2750 ί
2600 2719 2866 2778 vinculum
2893 2727 3250 2798 mortalitatis,
3280 2748 3387 2803 quo
3410 2734 3477 2790 de
3501 2738 3675 2794 Adam
3703 2755 3878 2811 propa-

2288 2807 2396 2877 gati
2440 2825 2644 2866 sumus.
2676 2814 2930 2885 lmploret
2968 2834 3096 2889 ergo
3134 2823 3422 2893 auxilium,
3454 2829 3546 2898 qui
3582 2832 3663 2887 sic
3693 2807 3877 2903 positus

2289 2906 2406 2967 est,
2439 2910 2495 2957 et
2522 2907 2730 2960 noverit
2760 2924 2913 2963 suum
2945 2910 3109 2967 fuisse
3152 2915 3295 2985 quod
3326 2919 3517 2975 cecidit
3539 2963 3555 2987 ,
3589 2939 3700 2979 non
3737 2940 3876 2980 suum

2289 3005 2409 3048 esse
2436 2996 2579 3065 quod
2608 2999 2794 3069 surgit.
2822 2987 2944 3056 .lam
2975 3004 3118 3060 enim
3149 3005 3405 3064 liberatus
3437 3026 3736 3081 agnoscens
3770 3030 3877 3086 gra—

2290 3084 2416 3139 tiam
2445 3085 2774 3145 Liberatoris
2802 3093 2884 3147 sui
2913 3093 3042 3150 dicit
3069 3115 3083 3151 :
3117 3096 3279 3152 Miser
3317 3116 3409 3171 ego
3437 3102 3623 3171 homo,
3665 3084 3791 3177 quis:
3809 3122 3879 3162 me

2286 3177 2515 3271 liberabit
2540 3181 2604 3237 de
2626 3199 2837 3254 corpore
2862 3190 3037 3243 mortis
3062 3190 3216 3263 hujus
3232 3193 3259 3247 γ
3282 3192 3459 3250 Gratia
3482 3196 3579 3253 Dei
3603 3217 3695 3271 pcr
3711 3200 3877 3257 Iesum

2250 3298 2251 3301 η
2286 3264 2542 3325 Christum
2564 3271 2839 3329 Dominum
2869 3288 3118 3333 nostrum.

2358 3360 2411 3417 6.
2443 3364 2511 3418 Et
2550 3365 2810 3436 incipiunt
2843 3369 2955 3437 jam
2985 3372 3145 3427 verba
3177 3373 3280 3429 dici
3325 3377 3557 3435 hominis
3594 3381 3695 3437 sub
3718 3382 3874 3454 gratia

2285 3456 2596 3524 constituti,
2626 3459 2677 3512 in
2709 3461 2918 3516 actione
2947 3479 3106 3534 quam
3137 3469 3346 3523 tertiam
3377 3471 3870 3545 demonstravimus,

2283 3560 2403 3637 quae
2430 3545 2593 3602 habet
2627 3550 2840 3620 quidem
2880 3554 3231 3615 reluctantem
3273 3566 3651 3623 mortalitatem
3682 3570 3868 3637 carnis,

2285 3635 2382 3690 sed
2411 3653 2518 3693 non
2546 3639 2848 3698 vincentem
2879 3655 3038 3718 atque
3076 3653 3432 3723 captivantem
3469 3659 3536 3713 ad
3575 3635 3872 3717 consensio-

2283 3743 2408 3783 nem
2447 3734 2722 3801 peccandi.
2753 3735 2842 3791 Sic
2869 3740 3012 3794 enim
3042 3742 3171 3799 dicit
3212 3764 3227 3801 :
3270 3747 3441 3819 Igitur
3468 3752 3578 3822 ipse
3604 3771 3697 3826 ego
3725 3764 3873 3809 mente

2282 3822 2442 3876 servio
2481 3822 2581 3894 legi
2609 3824 2737 3895 Dei,
2779 3844 2931 3884 carne
2967 3843 3136 3889 autem
3175 3838 3274 3909 legi
3315 3845 3523 3911 peccati.
3559 3822 3730 3902 Nulla
3767 3863 3870 3919 ergo

2221 3966 2229 3973 ,
2284 3914 2636 3970 condemnatio
2666 3927 2738 3972 est
2778 3936 2914 3975 nunc
2946 3923 3025 3979 his
3053 3927 3141 3996 qui
3163 3939 3281 3983 sunt
3302 3931 3354 3984 in
3377 3930 3577 3989 Christo
3600 3935 3639 3990 Ι
3642 3955 3753 3993 esu.

2282 4004 2415 4058 enim
2434 4006 2643 4077 spiritus
2663 4010 2779 4064 vitm
2796 4012 2847 4066 in
2869 4014 3066 4071 Christo
3081 4017 3114 4070 J
3120 4035 3227 4087 esu,
3252 4021 3475 4079 liberavit
3495 4043 3573 4081 me
3592 4045 3624 4082 a
3645 4030 3753 4102 lege
3768 4047 3870 4103 pec-

2282 4099 2383 4154 cati
2403 4109 2451 4154 et
2472 4103 2666 4157 mortis.
2694 4105 2844 4171 Quod
2863 4110 2995 4163 enim
3014 4111 3322 4183 impossibile
3342 4130 3451 4171 erat
3470 4122 3589 4191 legi,
3612 4123 3666 4177 in
3801 4126 3872 4177 in-

2280 4193 2583 4262 ﬁrmabatur
2614 4214 2704 4267 per
2729 4214 2953 4267 carnem,
2983 4203 3036 4258 id
3065 4216 3165 4273 est,
3197 4224 3292 4278 per
3316 4210 3581 4268 desideria
3612 4193 3866 4272 carnalia:

2281 4285 2404 4377 ideo
2423 4288 2565 4342 enim
2589 4306 2695 4346 non
2718 4292 3039 4365 implebatur
3058 4299 3165 4368 lex,
3188 4304 3309 4371 quia
3332 4305 3497 4375 ipsius
3517 4307 3736 4377 justitim
3755 4324 3869 4364 non-

2280 4376 2406 4433 dum
2433 4390 2548 4435 erat
2575 4381 2829 4451 charitas,
2858 4403 2978 4458 quae
3009 4390 3264 4449 interiore
3291 4376 3651 4458 delectatione
3679 4408 3868 4458 teneret

2281 4479 2515 4563 mentem
2537 4475 2581 4542 ’,
2610 4492 2679 4533 ne
2696 4477 2764 4532 ad
2784 4490 3061 4549 peccatum
3086 4483 3442 4546 delectatione
3465 4507 3642 4548 rerum
3672 4504 3866 4563 tempo-

2280 4562 2472 4619 ralium
2503 4566 2820 4625 traheretur.
2852 4571 2993 4644 Ergo
3018 4575 3386 4636 inﬁrmabatur
3410 4584 3493 4639 lex
3520 4601 3618 4657 per
3639 4600 3863 4650 carnem,

2280 4652 2336 4707 id
2374 4664 2484 4721 est,
2526 4672 2634 4713 non
2666 4660 2930 4719 efﬁciebat
2953 4664 3129 4736 justos
3158 4668 3367 4727 deditos
3401 4652 3571 4731 carni.
3605 4677 3710 4733 Sed
3737 4674 3866 4731 Deus

2280 4744 2478 4802 Filium
2502 4766 2651 4805 suum
2680 4754 2814 4808 misit
2839 4756 2895 4811 in
2918 4758 3301 4818 similitudinem
3326 4769 3495 4822 carnis
3523 4770 3731 4840 peccati.
3756 4765 3863 4825 Non

2279 4841 2421 4896 enim
2457 4858 2582 4899 caro
2617 4848 2820 4917 peccati
2858 4860 3002 4918 erat,
3051 4869 3171 4924 qua
3217 4873 3323 4914 non
3369 4859 3436 4915 de
3480 4863 3682 4918 carnali
3724 4860 3862 4917 dele-

2279 4935 2512 4990 ctatione
2552 4948 2674 4992 nata
2715 4949 2864 5005 erat;
2907 4943 3002 4998 sed
3051 4954 3226 5003 tamen
3273 4949 3446 5007 inerat
3492 4954 3543 5010 ei
3588 4950 3861 5010 similitudo

2279 5027 2457 5084 carnis
2483 5032 2718 5102 peccati,
2750 5036 2875 5105 quia
2911 5040 3152 5097 mortalis
3172 5057 3296 5099 caro
3321 5055 3438 5101 erat
3466 5064 3481 5101 :
3511 5056 3737 5105 mortem
3765 5062 3857 5101 au-

2279 5115 2389 5177 iem
2418 5137 2523 5178 non
2549 5125 2745 5180 meruit
2766 5126 2935 5184 Adam
2966 5132 3068 5186 nisi
3097 5135 3368 5204 peccando
3393 5136 3435 5191 ³.
3468 5137 3577 5195 Sed
3602 5137 3723 5211 quid
3749 5136 3862 5192 fecit

2282 5211 2580 5272 Dominus?
2630 5213 2709 5272 De
2737 5229 2940 5290 peccato
2991 5223 3248 5281 damnavit
3297 5240 3556 5299 peccatum
3598 5233 3651 5286 in
3687 5242 3860 5285 carne:

2280 5305 2336 5361 id
2387 5315 2502 5374 est,
2534 5309 2874 5382 suscipiendo
2917 5329 3131 5373 carnem
3180 5318 3413 5378 hominis
3465 5323 3780 5395 peccatoris,
3814 5326 3860 5374 et

2281 5396 2523 5455 docendo
2585 5403 3034 5472 quemadmodum
3098 5409 3433 5481 viveremus,
3491 5424 3761 5487 peccatum
3811 5409 3857 5464 in

2284 5492 2401 5564 ipsa
2426 5508 2586 5552 carne
2605 5495 2879 5555 damnavit
2896 5543 2912 5571 ,
2937 5510 2999 5557 ut
3025 5511 3349 5562 aeternorum
3375 5507 3634 5566 charitate
3658 5506 3858 5579 spiritus

2282 5584 2514 5659 ﬂagrans
2556 5604 2663 5646 non
2691 5590 2980 5651 duceretur
3004 5598 3245 5668 captivus
3288 5600 3340 5655 in
3371 5604 3769 5659 consensionem
3795 5596 3855 5650 li-

2282 5680 2497 5738 bidinis.
2531 5683 2602 5740 Ut
2634 5686 2841 5756 justitia
2861 5732 2876 5757 ,
2908 5688 3113 5763 inquit,
3142 5691 3267 5767 legis
3292 5693 3589 5767 impleretur
3625 5696 3676 5750 in
3703 5689 3853 5755 nobis,

2347 5776 2365 5842 ξ
2401 5776 2590 5842 aliquot
2604 5780 2924 5842 Mss.,natale.

2347 5839 2368 5871 ²
2388 5839 2462 5914 Sic
2484 5839 2557 5889 Er.
2581 5850 2633 5914 et
2653 5839 2858 5905 quatuor
2876 5848 3091 5914 Mss.__alii
3104 5863 3214 5914 cum
3232 5858 3352 5914 nat,
3372 5853 3600 5905 interiore
3621 5845 3856 5903 dilecti!"

2283 5905 2781 6031 tangeri;
2802 5915 2933 5973 Lov.,
2956 5910 3209 5966 dilectione
3228 5905 3408 5968 teneret
3427 5914 3658 5969 auctiora
3675 5913 3850 5966 mauis.

2348 6024 2425 6091 (a)
2457 6024 2696 6082 meum.
2720 6045 2825 6098 cap.
2847 6030 2925 6085 28.
