3942 6416
82 289 137 343 ss
718 266 719 269 ‘
740 261 748 294 ²
1131 270 1133 274 ‘
1465 283 1634 340 LIBEl

1748 285 1796 342 ’Ν
1804 284 1903 342 US.
2262 282 2266 287 ’
3249 298 3319 354 56

80 397 248 467 quinm
278 390 520 447 secundum
559 404 770 442 carnem
804 392 1204 459 ambulamus,
1243 394 1326 449 sed
1365 397 1630 451 secundum

80 492 297 560 spiritum.
337 486 498 553 itaque
535 491 813 552 pracepta
858 484 1025 557 legis
1077 501 1166 556 per
1189 484 1483 541 charitatem
1532 488 1635 542 im-

84 586 201 655 pleta
224 590 363 645 sunt,
390 594 488 647 qua:
506 590 597 646 per
626 575 902 631 timorem
942 594 1064 632 non
1091 586 1339 648 poterant.
1373 577 1471 643 Qui
1499 580 1633 632 enim

86 678 319 733 secundum
353 687 529 725 carnem
568 678 721 735 sunt,
753 685 881 739 qua:
926 671 1109 725 carnis
1151 680 1262 724 sunt
1305 671 1501 739 sapiunt
1534 685 1552 723 :
1580 668 1633 724 id

90 780 189 834 est,
218 767 410 824 cornalta
451 763 584 817 bona
618 776 721 831 pro
770 761 1019 816 summis
1050 761 1200 816 bonis
1235 760 1629 831 concupiscunt.

94 862 175 927 Qui
200 870 345 912 autem
380 856 644 911 secundum
683 854 970 924 spiritum,
1001 869 1114 925 qua:
1140 861 1249 909 sunt
1285 854 1486 923 spiritus
1519 868 1636 906 δεη-

90 954 212 1005 tiunt.
234 949 485 1004 Prudentia
527 948 660 1000 enim
701 946 881 998 carnis
908 961 1050 998 mors
1077 954 1146 998 est
1187 960 1207 997 :
1251 944 1515 1015 prudentia
1540 959 1635 995 au-

90 1056 168 1096 tem
187 1045 375 1113 spiritus
396 1043 483 1094 rita
518 1049 563 1093 et
593 1055 719 1109 pax.
771 1038 907 1104 Quia
939 1037 1203 1106 prudentia
1230 1037 1393 1089 carnis
1429 1035 1635 1088 inimica

87 1147 147 1189 est
173 1136 221 1187 in
248 1133 407 1186 Deum.
456 1130 573 1200 lpse
623 1129 863 1184 ostendit
884 1129 1011 1199 quid
1039 1128 1258 1195 dixerit,
1296 1128 1496 1181 inimica
1525 1143 1538 1180 :
1567 1141 1633 1181 ne

87 1229 183 1295 quis
232 1234 419 1295 putaret
467 1240 535 1278 ex
597 1223 836 1276 adverso
882 1222 1022 1275 aliud
1076 1221 1254 1275 venire
1291 1220 1629 1292 principium.

86 1320 323 1388 Subjungit
364 1318 535 1383 enim,
566 1326 621 1369 et
646 1316 815 1383 dicit,
862 1313 982 1385 Legi
1006 1315 1137 1368 enim
1165 1312 1255 1367 Dei
1298 1331 1398 1367 non
1422 1322 1493 1367 est
1517 1312 1633 1368 sub-

86 1416 213 1477 iecto;
265 1430 347 1466 nec
398 1414 526 1465 enim
566 1419 755 1479 potest.
805 1409 941 1477 Ergo
980 1406 1152 1462 facere
1194 1416 1375 1461 contra
1422 1407 1629 1475 legem,

82 1506 161 1559 hoc
205 1518 281 1558 est
310 1504 578 1557 inimicum
611 1516 738 1555 esse
774 1490 832 1553 in
866 1500 1032 1553 Deum
1065 1518 1078 1553 :
1106 1514 1207 1553 non
1246 1500 1366 1569 quia
1397 1500 1505 1552 Deo
1534 1498 1631 1551 ali-

80 1600 183 1669 quid
229 1613 412 1653 nocere
442 1605 651 1667 potest,
700 1594 797 1647 sed
828 1593 927 1647 sibi
979 1601 1133 1647 nocet
1158 1592 1394 1661 quisquis
1432 1591 1632 1646 resistit

81 1690 305 1743 voluntati
337 1689 426 1741 Dei
461 1707 474 1742 :
507 1688 611 1741 hoc
648 1695 735 1741 est
778 1685 919 1739 enim
945 1684 1193 1739 adversus
1219 1684 1488 1738 stimulum
1520 1684 1631 1738 cal-

80 1797 153 1836 ces
178 1784 400 1843 mittere,
428 1792 483 1833 ut
509 1780 672 1833 Paulo
702 1777 962 1848 apostolo,
992 1792 1109 1831 cum
1139 1776 1309 1830 adhuc
1340 1776 1629 1829 Ecclesium

82 1881 463 1941 persequeretur
484 1911 499 1934 ,
528 1870 787 1923 divinitus
816 1868 1012 1923 dictum
1039 1876 1119 1923 est
1146 1868 1277 1941 (Act.
1308 1884 1361 1922 ιχ
1382 1910 1396 1933 ,
1430 1867 1507 1938 5).
1540 1868 1629 1924 Sic

85 1976 155 2019 est
175 1976 341 2018 autem
386 1963 619 2027 dictum,
652 1960 771 2031 Legi
809 1960 935 2013 enim
982 1960 1073 2013 Dei
1120 1977 1217 2013 non
1260 1968 1330 2013 est
1377 1960 1631 2032 subjecta;

84 2075 167 2111 nec
192 2059 321 2110 enim
346 2064 502 2124 potest
530 2073 544 2107 :
577 2065 821 2122 tanquam
844 2054 885 2106 si
911 2052 1174 2107 diceretur
1192 2094 1206 2118 ,
1236 2053 1336 2107 Nix
1361 2069 1464 2107 non
1487 2053 1627 2108 cale-

82 2152 244 2216 facit;
268 2165 367 2204 nec
392 2150 528 2203 enim
568 2156 757 2216 potest.
784 2146 1027 2214 Quamdiu
1055 2147 1193 2201 enim
1240 2147 1328 2200 nix
1374 2156 1453 2200 est
1476 2189 1489 2211 ,
1526 2162 1630 2201 non

76 2242 361 2297 calefacit:
390 2241 479 2294 sed
519 2239 710 2293 resolvi
747 2248 913 2307 potest
959 2248 1011 2292 et
1058 2238 1291 2303 fervere,
1332 2246 1390 2291 ut
1435 2237 1630 2292 calefa-

77 2336 215 2399 ciat;
247 2334 333 2388 sed
355 2349 469 2387 cum
497 2331 593 2385 hoc
617 2330 770 2397 facit,
797 2330 903 2399 jam
934 2331 1020 2384 nix
1050 2345 1151 2383 non
1183 2338 1282 2384 est.
1310 2329 1396 2382 Sic
1426 2337 1480 2383 et
1506 2344 1631 2397 pru-

82 2428 247 2482 (lentia
272 2426 438 2482 carnis
479 2424 703 2490 dicitur,
749 2438 873 2477 cum
918 2422 1088 2475 anima
1118 2437 1211 2490 pro
1255 2421 1457 2489 magnis
1482 2420 1634 2474 bonis

85 2519 368 2589 temporalia
413 2517 544 2570 bona
589 2514 939 2583 concupiscit.
968 2513 1223 2581 Quamdiu
1254 2513 1393 2567 enim
1433 2512 1638 2582 appeti-

86 2621 164 2666 tus
200 2612 309 2665 talis
356 2610 487 2664 inest
525 2608 756 2674 anima},
810 2608 912 2676 legi
953 2608 1043 2661 Dei
1081 2607 1314 2675 subjecta
1360 2621 1479 2661 esse
1527 2622 1635 2660 non

88 2710 285 2773 potest;
324 2701 374 2755 id
414 2710 519 2766 est,
562 2715 666 2755 non
716 2707 896 2768 potest
935 2700 1151 2767 implere
1188 2714 1304 2768 qua:
1348 2699 1431 2754 lex
1464 2699 1631 2768 jubet.

90 2795 187 2849 Sed
217 2811 321 2849 cum
343 2794 618 2864 Spiritualia
648 2794 789 2847 bona
811 2791 1112 2847 desiderare
1136 2792 1386 2860 cmperit,
1417 2800 1469 2846 et
1496 2800 1635 2846 tent-

87 2888 278 2957 poralia
306 2896 658 2951 contemnere,
702 2885 915 2939 desinet
964 2899 1082 2939 esse
1112 2884 1284 2938 carnis
1314 2882 1591 2952 prudentia
1615 2922 1632 2950 ,

88 2988 135 3034 et
162 2978 363 3049 spiritui
382 2993 476 3032 non
516 2978 751 3032 resistet.
793 2975 991 3030 Eadem
1038 2990 1259 3045 namque
1300 2976 1472 3029 anima
1515 2989 1636 3029 cum

86 3071 331 3125 inferiora
368 3072 567 3139 appetit,
598 3069 936 3139 prudentiam
983 3068 1156 3122 carnis
1186 3067 1379 3120 habere
1402 3067 1632 3134 dicitur;

88 3178 199 3217 cum
228 3163 505 3231 superiora,
534 3160 871 3230 prudentiam
925 3159 1138 3229 spiritus
1171 3175 1183 3211 :
1216 3175 1319 3213 non
1344 3161 1465 3229 quia
1512 3176 1638 3228 pru-

88 3254 251 3309 dentia
277 3253 443 3308 carnis
483 3252 774 3307 substantia
803 3258 917 3313 est,
951 3266 1052 3317 qua
1098 3248 1327 3304 induitur
1359 3250 1531 3304 anima
1552 3250 1636 3307 vel

88 3347 315 3410 exuitur;
342 3344 427 3399 sed
459 3346 613 3414 ipsius
652 3343 846 3396 anima:
889 3340 1098 3395 aﬂ‘ectio
1136 3349 1248 3405 est,
1279 3357 1394 3411 qua:
1420 3341 1636 3397 omnino

88 3452 191 3491 esse
215 3436 446 3499 desinet,
476 3450 595 3488 cum
639 3448 699 3487 se
739 3442 903 3487 totam
951 3430 1019 3485 ad
1045 3446 1266 3501 superna
1292 3434 1631 3488 converterit.

88 3526 176 3592 Qui
197 3538 365 3579 autent
389 3526 437 3578 in
472 3542 617 3578 carne
641 3534 758 3578 sunt
778 3565 792 3587 ,
820 3524 1020 3592 inquit,
1055 3521 1155 3575 Deo
1183 3524 1375 3590 placere
1400 3540 1499 3576 non
1522 3539 1637 3593 pos-

83 3628 221 3671 sunt:
250 3618 305 3672 id
350 3628 456 3683 est,
488 3618 575 3687 qui
608 3615 968 3684 voluptatibus
993 3615 1011 3645 ¹
1059 3616 1231 3668 carnis
1274 3616 1633 3684 acquiescant.

80 3711 147 3766 Ne
172 3713 289 3782 quis
315 3712 447 3764 enim
476 3710 542 3765 de
574 3710 656 3763 his
683 3707 883 3762 dictum
912 3717 1146 3776 putaret,
1191 3708 1279 3776 qui
1307 3707 1374 3762 de
1401 3708 1502 3762 hac
1532 3709 1635 3762 vita

83 3804 304 3858 nondum
327 3808 670 3857 exceSserunt
687 3840 702 3866 ,
726 3799 1172 3869 opportunissime
1194 3799 1461 3868 subjunxit
1488 3817 1499 3852 :
1541 3799 1636 3854 Vos

80 3909 227 3952 autem
253 3914 352 3949 non
378 3897 493 3949 estis
522 3895 575 3947 in
601 3909 785 3959 carne,
817 3892 904 3944 sed
931 3892 984 3943 in
1024 3892 1220 3961 spiritu.
1251 3890 1437 3960 Utique
1466 3890 1637 3946 adhuc

82 3991 127 4043 in
146 3989 237 4043 hac
254 3990 352 4043 vita
378 3986 690 4043 constitutis
714 3983 966 4053 loquitur.
997 3980 1052 4035 In
1080 3983 1263 4051 Spiritu
1290 3982 1429 4036 cnim
1460 3993 1629 4050 erant,

79 4084 185 4152 quia
208 4084 255 4137 in
284 4083 384 4137 [ide
408 4092 461 4136 et
486 4095 585 4150 spe
614 4088 673 4133 et
695 4077 952 4132 cbaritate
978 4075 1325 4145 Spiritualium
1353 4091 1527 4129 rerum
1549 4090 1637 4131 ac-

80 4177 393 4246 quiescebant
413 4177 457 4226 ².
493 4172 557 4228 Si
586 4181 783 4235 tamen,
831 4168 1028 4239 inquit,
1063 4166 1281 4236 Spiritus
1316 4165 1410 4219 Dei
1448 4166 1637 4221 habitat

41 4318 50 4349 2
78 4267 124 4319 in
144 4269 283 4323 vobis.
310 4268 368 4323 Si
398 4267 511 4333 quis
532 4276 706 4317 autem
736 4261 987 4331 Spiritum
1013 4257 1198 4313 Christi
1220 4276 1319 4313 non
1351 4258 1524 4325 habet,
1556 4260 1636 4314 hic

44 4380 50 4385 ~
80 4375 167 4410 non
186 4372 249 4412 est
270 4361 393 4430 ejus.
445 4358 509 4412 Si
547 4366 718 4408 autem
747 4351 975 4407 Christus
1016 4351 1067 4403 in
1095 4351 1256 4418 vobis,
1311 4366 1492 4421 corpus
1529 4353 1637 4422 qui-
1720 4378 1723 4381 λ

79 4452 178 4506 dem
195 4464 438 4505 mortuum
458 4459 535 4504 est
562 4458 766 4518 prapter
792 4454 1078 4516 peccatum,
1109 4444 1311 4513 spiritus
1337 4452 1500 4498 autent
1537 4446 1638 4499 vita

78 4553 142 4597 est
168 4556 353 4616 propter
368 4542 657 4615 justitiam.
686 4539 953 4593 Mortuutn
981 4551 1169 4605 corpus
1194 4536 1353 4602 dicit,
1387 4537 1637 4605 quamdiu

78 4636 169 4691 tale
195 4648 300 4703 est,
345 4648 409 4692 ut
453 4634 745 4704 indigentia
788 4646 963 4684 rerum
1008 4630 1353 4698 corporalium
1396 4630 1639 4686 molestet

77 4732 283 4785 animam
315 4734 423 4801 (α),
454 4739 510 4785 et
538 4725 857 4799 quibusdam
890 4723 1119 4777 motibus
1143 4738 1207 4777 ex
1252 4722 1365 4791 ipsa
1398 4722 1637 4793 indigen-

77 4822 139 4875 tia
164 4822 491 4878 venientibus
510 4862 528 4888 ,
550 4819 619 4874 ad
649 4816 943 4887 appetenda
976 4822 1181 4868 terrena
1222 4813 1484 4867 sollicitet.
1513 4813 1639 4882 Qui-

77 4910 165 4967 bus
190 4924 356 4967 tanien
386 4910 637 4984 quamvis
677 4905 1025 4963 existentibus
1052 4918 1199 4957 mens
1229 4901 1295 4956 ad
1339 4902 1516 4957 illicita
1556 4903 1639 4958 fa-

79 5003 245 5060 cienda
288 5024 393 5063 non
421 5003 731 5068 consentit,
763 5015 883 5071 quae
922 5000 1030 5065 jam
1081 4995 1246 5051 servit
1290 4994 1390 5065 legi
1418 4995 1545 5060 Dei,
1587 5004 1641 5051 et

88 5098 175 5152 sub
195 5103 353 5170 gratia
391 5098 686 5157 constituta
741 5102 841 5150 est.
874 5091 955 5147 Ad
986 5092 1085 5146 hoc
1124 5088 1265 5145 enim
1317 5089 1455 5145 valet
1501 5089 1642 5160 quod

81 5202 224 5260 δίψη
248 5193 447 5248 dictum
475 5199 587 5255 est,
620 5188 788 5243 Mente
810 5184 967 5240 servio
1008 5181 1103 5252 legi
1131 5180 1224 5235 Dei
1245 5221 1259 5245 ,
1303 5195 1451 5234 carne
1476 5189 1643 5235 autem

84 5284 172 5353 legi
228 5287 430 5353 peccati.
494 5283 561 5337 Et
620 5281 707 5335 ille
760 5278 921 5331 homo
975 5287 1113 5328 nunc
1172 5271 1485 5327 describitur
1522 5286 1643 5329 esse

86 5375 175 5432 sub
216 5380 409 5448 gratia,
456 5376 549 5448 qui
592 5371 829 5429 nondum
881 5366 1042 5425 habet
1089 5363 1374 5437 perfectam
1424 5378 1638 5436 pacem,

146 5527 823 5593 ἓεειιεε-νξοιυηωιίρυδκ
904 5585 915 5593 .
993 5586 1003 5593 .
1227 5580 1255 5593 .,
1410 5536 1426 5551 ⁸

141 5591 161 5655 ἲ
183 5581 426 5656 minus,
443 5591 577 5656 fidei,
596 5590 697 5654 spei
720 5597 764 5639 et
778 5585 1003 5656 Charilati
1021 5581 1336 5656 spiritualitmz
1363 5594 1643 5656 rerum-ae-

438 5644 929 5721 ilter'e'u‘avarricis,
948 5649 1007 5721 in
1044 5644 1141 5715 ﬁde
1158 5656 1202 5701 et
1232 5657 1314 5707 spe
1341 5651 1387 5697 et
1414 5644 1643 5699 charitale

426 5716 567 5765 rebus
597 5712 974 5776 acauiescebtmt.

147 5776 217 5839 (ι)
244 5782 495 5831 luem
516 5790 619 5841 cap.
644 5777 720 5827 95.

1742 415 1860 470 quae
1895 400 2134 471 corporis
2175 403 2562 461 resurrectione
2603 410 2658 461 et
2696 404 3061 467 immutatione
3106 418 3191 468 est
3228 411 3317 469 fu-

1742 501 1880 549 tura.
2748 500 2753 507 ’

1813 584 1864 637 7.
1893 584 2079 640 Restat
2105 602 2234 658 ergo
2264 596 2321 643 ut
2345 588 2411 645 de
2438 589 2548 661 ipsa
2574 606 2704 661 pace
2732 592 2873 649 dicat
2914 597 3316 655 resurrectionis

1739 680 1996 748 corporis,
2029 696 2147 750 qum
2189 690 2376 751 quarta
2406 693 2486 738 est
2512 685 2677 751 actio;
2727 686 2771 739 si
2804 699 2975 742 tamen
3004 705 3120 744 eam
3147 692 3316 747 actio-

1739 787 1859 826 nem
1898 771 2001 826 dici
2048 781 2285 842 oportet,
2313 791 2431 845 qua:
2454 790 2660 831 summa
2698 780 2907 847 requies
2931 790 3030 834 est.
3064 782 3312 852 Sequitur

1738 865 1877 919 enim
1898 906 1911 931 ,
1952 875 2005 921 et
2033 866 2160 921 dicit
2191 885 2203 920 :
2236 867 2295 922 Si
2316 885 2429 939 ergo
2457 870 2679 941 Spiritus
2701 873 2812 941 ejus
2833 873 2916 940 qui
2950 877 3201 928 suscitauit
3223 876 3314 931 Je-

1736 976 1848 1014 sum
1880 978 1909 1014 a
1937 962 2146 1016 mortuis
2165 1004 2180 1028 ,
2204 963 2393 1016 habitat
2430 964 2482 1017 in
2512 964 2646 1017 vobis
2664 980 2683 1029 ;
2703 966 2786 1034 qui
2805 966 3061 1019 suscitavit
3087 965 3260 1022 Jesum
3282 986 3315 1022 α

1738 1053 1981 1121 mortuis,
2030 1056 2296 1123 uiviﬁcabit
2342 1066 2387 1110 et
2413 1058 2645 1111 mortalia
2677 1075 2890 1128 corpora
2927 1070 3087 1113 vestra
3124 1077 3210 1131 per
3238 1062 3316 1115 in-

1738 1144 2040 1199 habitantem
2068 1146 2316 1215 Spiritum
2334 1148 2442 1216 eius
2482 1150 2534 1202 in
2572 1150 2705 1202 vobis
2734 1150 2906 1221 (Rom.
2939 1166 3137 1206 vn-vut
3158 1193 3173 1217 ,
3201 1152 3313 1224 11).

1736 1233 1833 1289 Hic
1863 1244 1917 1291 et
1942 1236 2007 1290 de
2034 1239 2421 1294 resurrectione
2460 1240 2698 1310 corporis
2724 1240 3177 1297 evidentissimum
3235 1252 3317 1298 te-

1736 1327 2042 1383 stimonium
2075 1339 2189 1397 est,
2230 1340 2284 1387 et
2309 1334 2439 1387 satis
2488 1342 2705 1403 apparet
2729 1337 2979 1405 quamdiu
3004 1338 3054 1391 in
3087 1337 3186 1392 hac
3212 1339 3315 1393 vita

1725 1418 1948 1489 sumus,
1982 1437 2085 1476 non
2112 1423 2298 1478 deesse
2323 1425 2592 1480 molestias
2624 1443 2717 1496 per
2744 1423 3019 1482 mortalem
3060 1444 3275 1483 carnem
3297 1470 3312 1495 ,

1736 1527 1909 1582 neque
1935 1514 2261 1569 titillationes
2290 1516 2542 1586 quasdam
2574 1518 2985 1573 delectationum
3003 1522 3314 1575 carnalium.

1736 1603 1986 1671 Quamvis
2025 1606 2166 1659 enim
2212 1622 2317 1661 non
2347 1608 2533 1673 cedat,
2560 1610 2648 1679 qui
2670 1610 2767 1664 sub
2808 1612 2975 1682 gratia
3001 1612 3317 1667 constitutus

1738 1705 1918 1751 mente
1974 1699 2137 1752 servit
2166 1698 2265 1769 legi
2297 1700 2387 1754 Dei
2408 1743 2422 1767 ,
2466 1709 2642 1756 tamen
2673 1718 2833 1758 carne
2874 1706 3035 1758 servit
3064 1705 3163 1774 legi
3196 1720 3319 1774 pcc«

1737 1789 1860 1844 cati.
1891 1789 1981 1845 llis
2010 1793 2260 1862 gradibus
2301 1795 2514 1851 homine
2540 1796 2775 1865 perfecto
2795 1840 2810 1865 ,
2852 1798 2999 1852 nulla
3028 1799 3318 1855 substantia

1739 1883 2002 1939 invenitur
2032 1888 2227 1941 malum
2276 1906 2287 1942 :
2336 1905 2506 1959 nequc
2533 1891 2642 1945 Lex
2681 1892 2818 1945 mala
2845 1902 2959 1959 est,
2992 1909 3107 1963 qua:
3135 1903 3318 1948 osten-

1738 1975 1814 2029 dit
1842 1975 2045 2031 homini
2078 1979 2130 2032 in
2158 1980 2347 2049 quibus
2388 1991 2725 2051 peccatorum
2771 1984 2993 2039 vinculis
3018 1984 3222 2054 jaceat,
3263 1994 3320 2039 ut

1735 2082 1831 2138 per
1862 2069 2017 2122 ﬁdem
2050 2069 2329 2139 implorato
2372 2072 2696 2128 Liberatoris
2719 2076 2944 2139 auxilio,
2973 2085 3026 2131 et
3069 2077 3234 2141 solvi,
3267 2085 3319 2131 et

1736 2159 1893 2227 erigi,
1944 2169 1995 2214 et
2030 2161 2257 2215 lirmisse
2287 2164 2532 2216 constitui
2577 2177 2859 2220 mereatur.
2891 2166 2951 2221 In
2996 2169 3163 2236 prima
3191 2183 3318 2237 ergo

1735 2252 1972 2319 actione,
2004 2270 2121 2323 qua:
2158 2264 2239 2307 est
2276 2266 2397 2309 ante
2430 2256 2656 2325 Legem,
2695 2259 2835 2311 nulla
2881 2275 3053 2328 pugna
3091 2270 3171 2314 est
3200 2276 3319 2314 cum

1736 2344 2096 2412 voluptatibus
2146 2345 2304 2414 hujus
2352 2348 2529 2400 smculi
2587 2365 2599 2400 :
2652 2348 2705 2401 in
2753 2350 3013 2417 secunda,
3070 2366 3187 2419 qu:c
3216 2350 3316 2403 sub

1736 2434 1876 2505 Lege
1906 2444 1986 2490 est
2006 2477 2020 2502 ,
2051 2452 2344 2506 pugnamus
2365 2479 2378 2505 ,
2410 2438 2501 2493 sed
2528 2439 2788 2493 vincimur
2818 2456 2830 2491 :
2857 2440 2909 2494 in
2940 2440 3091 2493 tertia
3119 2456 3320 2511 pugna-

1738 2543 1858 2583 mus
1878 2539 1932 2583 et
1957 2529 2217 2583 vincimus
2248 2548 2263 2585 :
2294 2530 2345 2584 in
2371 2540 2557 2601 quarta
2589 2546 2692 2586 non
2721 2547 3018 2602 pugnamus
3038 2574 3051 2594 ,
3079 2533 3171 2586 sed
3202 2549 3322 2601 per-

1739 2621 1874 2676 fecta
1901 2631 1954 2676 et
2008 2631 2208 2678 acterna
2250 2638 2379 2693 pace
2428 2625 2829 2694 requiescimus.
2860 2624 3112 2680 Subditur
3138 2626 3155 2656 ¹
3178 2627 3320 2680 enim

1738 2714 1890 2768 nobis
1916 2714 2055 2790 quod
2080 2714 2302 2770 inferius
2326 2723 2565 2771 nostrum
2600 2725 2711 2784 est,
2740 2716 2881 2787 quod
2909 2726 3185 2788 pr0pterca
3213 2733 3322 2773 non

1738 2805 2099 2875 subdcbatur,
2152 2807 2276 2879 quia
2327 2809 2657 2879 superibrem
2709 2810 2864 2866 nobis
2917 2810 3323 2866 deserueramus

1740 2899 1930 2955 Deum.

1737 2992 1944 3048 LXVII.
1995 2993 2074 3049 De
2124 3011 2181 3050 eo
2229 2995 2363 3067 quod
2399 2996 2644 3066 scriptum
2688 3004 2791 3065 est,
2855 2995 3116 3051 Existimo
3180 2997 3323 3053 enim

1812 3086 1951 3157 quod
1974 3102 2078 3142 non
2096 3088 2202 3143 sint
2218 3088 2495 3159 condignae
2518 3089 2791 3158 passiones
2811 3088 2967 3159 hujus
2984 3090 3238 3159 temporis
3255 3089 3323 3144 ad

1808 3177 2039 3232 futuram
2058 3181 2277 3249 gloriam
2296 3196 2412 3250 qua:
2437 3180 2759 3235 revelabitur
2789 3181 2840 3234 in
2868 3181 3055 3247 nobis;
3086 3198 3241 3251 usque
3256 3180 3324 3233 ad

1809 3270 1865 3324 id
1914 3271 2049 3340 quod
2102 3272 2288 3325 dictum
2314 3282 2415 3339 est,
2462 3272 2569 3340 Spe
2612 3272 2757 3326 enim
2800 3272 2931 3327 salvi
2978 3272 3104 3328 facti
3142 3286 3326 3328 sumus

1812 3364 1986 3437 (Rom.
2014 3380 2107 3419 vnt
2126 3404 2141 3430 ,
2172 3364 2370 3436 18-24).

1809 3461 1862 3515 l.
1908 3460 2019 3514 Hoc
2059 3458 2344 3528 capitulum
2392 3457 2675 3512 obscurum
2708 3466 2829 3523 est,
2877 3459 2999 3527 quia
3043 3472 3148 3511 non
3196 3458 3326 3512 satis

1738 3553 1826 3607 hic
1855 3560 2074 3622 apparet
2097 3566 2255 3621 quatn
2284 3565 2423 3604 nunc
2466 3556 2622 3605 vocet
2657 3556 2975 3603 creaturam.
3007 3547 3206 3602 Dicitur
3232 3563 3326 3600 att-

1739 3654 1845 3701 tcm
1873 3643 2163 3699 secundum
2192 3643 2507 3697 catholicam
2533 3640 2865 3710 disciplinam
2885 3649 3145 3705 creatura,
3174 3640 3328 3711 quid-

1739 3737 1863 3808 quid
1895 3724 2019 3791 fecit
2068 3746 2124 3790 et
2168 3734 2407 3790 condidit
2430 3735 2570 3789 Deus
2610 3733 2800 3798 Pater,
2850 3748 2944 3802 per
2993 3733 3323 3803 unigenitum

1738 3831 1930 3885 Filium
1952 3872 1967 3898 ,
2011 3831 2064 3884 in
2092 3829 2290 3883 unitate
2331 3828 2557 3897 Spiritus
2584 3827 2771 3881 sancti.
2822 3826 2964 3897 Ergo
3012 3842 3117 3880 non
3149 3826 3321 3880 solum

1738 3938 1960 3992 corpora
1978 3963 1991 3986 ,
2016 3920 2109 3975 sed
2140 3922 2297 3974 etiam
2323 3919 2514 3973 anima:
2550 3927 2746 3972 nostrae
2775 3931 2837 3971 ac
2864 3917 3081 3986 spiritus
3109 3927 3323 3971 creatu-

1738 4030 1812 4069 ra:
1856 4014 2067 4068 nomine
2103 4011 2465 4067 continentur.
2497 4009 2584 4064 Sic
2613 4018 2789 4063 autem
2818 4008 3015 4063 dictmn
3045 4016 3162 4074 est,
3196 4006 3323 4076 Ipsa

1738 4118 1966 4161 creatura
2000 4104 2288 4159 liberabitur
2326 4120 2358 4156 a
2401 4103 2630 4157 seruitute
2658 4101 2918 4168 interitus,
2955 4101 3006 4153 in
3047 4098 3323 4153 libertatem

1738 4199 1913 4271 gloria:
1952 4198 2169 4267 ﬁliorum
2217 4195 2308 4249 Dei
2337 4212 2355 4249 :
2389 4194 2538 4265 quasi
2580 4208 2677 4248 nos
2707 4209 2811 4247 non
2854 4193 3020 4247 simus
3039 4202 3277 4247 creatura
3304 4232 3321 4259 ,

1740 4292 1832 4347 sed
1862 4290 1953 4345 ﬁlii
1986 4291 2078 4344 Dei
2100 4330 2114 4356 ,
2144 4288 2194 4341 in
2223 4303 2447 4357 quorum
2478 4287 2659 4356 glorize
2687 4286 2982 4340 libertatem
3014 4280 3324 4340 liberabitur

1739 4401 1769 4440 a
1813 4383 2067 4439 servitute
2111 4390 2372 4435 creatura.
2407 4378 2535 4432 ltem
2584 4378 2744 4439 dicit,
2800 4377 3001 4430 Scimus
3039 4378 3170 4429 erant
3205 4379 3324 4446 quia

1740 4478 1899 4533 omnis
1939 4485 2166 4530 creatura
2204 4470 2520 4541 congemiscit
2550 4478 2593 4522 et
2632 4470 2763 4520 dolet
2803 4484 2955 4536 usque
2992 4467 3192 4530 adhuc;
3223 4483 3323 4519 non

1739 4572 1901 4626 solum
1933 4577 2098 4622 autem
2126 4564 2243 4631 illa,
2274 4563 2363 4617 sed
2391 4570 2437 4616 et
2479 4577 2569 4614 nos
2594 4559 2693 4629 ipsi
2717 4575 2735 4613 :
2768 4566 3014 4626 tanquam
3061 4557 3201 4610 aliud
3247 4557 3323 4610 si—

1740 4681 1859 4721 mus
1887 4680 1982 4719 nos
2004 4706 2018 4731 ,
2050 4660 2191 4716 aliud
2230 4659 2405 4714 omnis
2432 4663 2694 4712 creatura.
2736 4653 2926 4707 Totum
2957 4666 3082 4721 ergo
3118 4653 3324 4720 capitu-

1742 4759 1851 4814 lum
1879 4754 2229 4828 particulatim
2254 4748 2697 4808 considerandum
2727 4755 2825 4801 est.

1812 4854 1866 4908 2.
1898 4852 2147 4906 Existimo
2184 4848 2350 4913 enim,
2395 4843 2599 4914 inquit,
2642 4840 2776 4911 quod
2818 4840 3040 4911 indigna:
3066 4840 3164 4893 sint
3202 4856 3322 4910 pas-

1744 4947 1907 5001 siones
1932 4943 2086 5008 Ituius
2112 4937 2345 5008 temporis
2376 4935 2442 4987 ad
2469 4936 2693 5006 futuram
2720 4932 2964 5002 gloriam,
2991 4946 3105 5001 qua:
3138 4931 3327 4983 revela-

1746 5040 1877 5094 bitur
1896 5038 1948 5091 in
1968 5035 2145 5089 nobis:
2174 5031 2277 5085 hoc
2304 5026 2645 5083 manifestum
2680 5035 2781 5080 est.
2816 5024 3027 5078 Dixerat
3055 5024 3195 5077 enim
3239 5037 3328 5076 su-

1746 5130 1955 5201 perius,
1987 5127 2049 5183 Si
2087 5133 2252 5179 autem
2279 5122 2462 5193 spiritu
2498 5120 2633 5189 facta
2661 5117 2826 5170 carnis
2870 5116 3286 5184 mortiﬁcaveritis
3309 5156 3325 5181 ,

1745 5222 1932 5279 vivetis.
1988 5217 2139 5286 Quod
2167 5215 2282 5271 ﬁeri
2324 5229 2431 5269 non
2462 5220 2634 5281 potest
2678 5210 2792 5264 sine
2819 5209 3059 5263 molestia
3081 5250 3096 5275 ,
3124 5209 3205 5262 cui
3240 5222 3329 5276 pa-

1748 5315 1932 5372 tientia
1956 5308 2257 5367 nccessaria
2280 5315 2381 5362 est.
2405 5304 2522 5372 Quo
2546 5303 2773 5374 pertinet
2792 5310 2845 5355 et
2869 5300 3009 5371 quod
3029 5300 3181 5369 paulo
3206 5309 3330 5355 ante

1747 5407 1843 5473 ait,
1861 5406 1921 5462 Si
1935 5415 2099 5460 tamen
2114 5402 2533 5473 compatimur,ut
2549 5406 2593 5450 et
2610 5395 3043 5466 congloriﬁcemur
3060 5391 3219 5465 (Ibid.
3242 5394 3328 5459 15,

1749 5500 1859 5573 17).
1891 5498 2043 5569 Quod
2069 5498 2244 5567 itaque
2268 5494 2363 5561 ait,
2383 5490 2524 5547 Nam
2543 5488 2847 5560 exspectatio
2872 5496 3113 5541 creatura:
3137 5485 3329 5539 revela-

1814 5641 1829 5672 ί
1858 5644 1955 5688 nat.
1984 5642 2036 5686 et
2057 5631 2280 5745 plerique
2310 5638 2439 5705 mss,
2471 5624 2811 5699 Subjungitur;
2850 5630 2900 5671 ct
2917 5619 3070 5679 infra,
3094 5631 3187 5669 non
3211 5614 3325 5687 sub-

1814 5701 2050 5745 mebatur.
2077 5697 2163 5745 Alit
2218 5708 2279 5745 uo
2296 5693 2434 5745 libri.
2470 5689 2790 5745 Subjuqatur;
2815 5691 2866 5738 et
2884 5689 3018 5745 post»
3041 5694 3137 5733 ηοη
3158 5677 3325 5741 sub)!“

1740 5677 2279 5815 jttrzggbatur.lﬂﬁ'duo
2470 5677 2757 5755 subiug'atur
2772 5677 2866 5750 {et
2884 5689 3018 5749 post,
3041 5677 3137 5733 non
3158 5677 3327 5741 subju-

1746 5780 1811 5828 αα
1893 5776 1967 5814 ur.
