3956 6552
679 283 746 342 67
1387 275 1475 332 ne
1517 273 1830 332 DlVERSlS
1868 267 2392 341 eumsrtouuius
2429 268 2735 338 Lxxxm,
2777 271 2834 326 ε.
2875 260 3238 326 AUGUSTINI
3889 271 3920 333 ε

680 403 861 454 ιὶενπινη
891 400 1111 469 ﬁliorum
1146 395 1244 450 Dei
1279 403 1567 466 exspectat;
1607 395 1708 448 hoc
1738 407 1860 448 eum
1888 398 2014 462 puto
2061 389 2257 443 dicere.

679 493 808 546 ῗέειη
853 503 905 548 ει
948 493 1048 546 Ιιοε
1075 492 1248 559 ipsum
1276 488 1415 559 quod
1459 489 1511 542 iu
1559 487 1713 541 nobis
1736 485 1913 550 dolet,
1962 499 2083 539 cum
2130 481 2265 538 facta

679 588 852 642 Cill'uis
881 585 1262 642 tnortilieamus
1281 625 1294 648 ,
1341 583 1394 637 id
1421 590 1535 648 est,
1566 596 1688 636 cum
1718 580 1981 635 esurimus
2021 587 2113 632 aut
2149 578 2265 632 siti-

681 695 799 736 mus
825 695 922 750 per
944 679 1317 734 abstinentiam
1339 718 1355 744 ,
1389 676 1516 732 dum
1565 675 1834 731 lrenamus
1858 673 2265 730 delectationem

678 774 987 832 concubitus
1020 789 1112 842 per
1135 772 1431 828 castitatem
1451 811 1466 836 ,
1488 769 1614 824 dum
1644 767 1954 837 injuriarum
1984 765 2263 822 laceratio-

678 884 774 924 nes
802 877 856 923 et
876 866 1313 922 contumeliarum
1335 864 1547 918 aculeos
1577 878 1673 934 per
1695 861 1998 932 patientiam
2030 859 2261 914 sustine-

677 975 833 1028 mus,
862 959 986 1014 dum
1029 957 1285 1027 neglectis
1314 965 1474 1026 atque
1521 955 1736 1025 rejectis
1782 953 2139 1023 voluptatibus
2177 967 2267 1006 no-

678 1051 804 1110 stris
831 1065 926 1121 pro
975 1050 1147 1106 fructu
1191 1051 1380 1106 matris
1427 1048 1680 1102 Ecclesia:
1721 1047 2060 1110 laboramus;
2105 1043 2261 1114 quid-

678 1145 802 1216 quid
834 1144 886 1199 in
913 1144 1065 1200 nobis
1093 1144 1143 1198 iu
1167 1142 1267 1197 hac
1294 1153 1452 1214 atque
1478 1140 1779 1210 hujusmodi
1803 1140 2075 1194 attritione
2096 1139 2261 1205 dolet,

677 1246 922 1294 creatura
939 1244 1038 1292 est.
1073 1238 1222 1293 Dolet
1237 1237 1380 1292 enim
1405 1251 1600 1306 corpus
1628 1245 1682 1290 et
1695 1235 1870 1290 anima
1893 1276 1907 1298 ,
1933 1249 2054 1304 quae
2082 1235 2264 1304 utique

677 1340 919 1386 creatura
945 1341 1046 1394 est,
1076 1337 1129 1384 et
1148 1338 1422 1399 exspectat
1453 1329 1828 1383 revelationem
1875 1323 2100 1382 ﬁliorum
2133 1326 2259 1392 Dei;

677 1421 732 1477 id
759 1431 837 1477 est
859 1465 872 1487 ,
896 1429 1169 1491 exspectat
1195 1420 1407 1491 quando
1431 1427 1681 1491 appareat
1705 1418 1846 1489 quod
1872 1427 2116 1472 vocatum
2145 1425 2261 1483 εει,

677 1511 731 1567 in
759 1529 821 1568 ea
848 1514 1012 1583 gloria
1057 1513 1123 1567 ad
1154 1528 1312 1583 quam
1342 1521 1584 1566 vocatum
1615 1519 1715 1566 est.
1759 1510 1890 1578 Quia
1921 1511 2065 1564 enim
2098 1508 2264 1564 Filius

676 1605 770 1660 Dei
799 1606 1098 1676 unigenitus
1122 1621 1229 1660 non
1271 1613 1443 1674 potest
1485 1602 1744 1674 appellari
1791 1611 2064 1668 creatura,
2096 1616 2264 1670 quan-

675 1696 959 1767 doquidem
991 1713 1084 1769 per
1122 1698 1293 1768 ipsum
1343 1695 1476 1751 facta
1521 1706 1646 1750 sunt
1689 1695 1866 1749 omnia
1913 1709 2264 1764 qtuecumque

676 1789 816 1844 Deus
843 1788 987 1856 fecit,
1017 1790 1264 1844 distincte
1288 1789 1450 1843 etiam
1472 1803 1566 1842 nos
1591 1803 1843 1842 vocamur
1867 1795 2109 1841 creatura
2138 1794 2263 1840 ante

673 1878 817 1936 illam
867 1881 1184 1935 evidentiam
1227 1881 1450 1951 gloriae,
1492 1888 1548 1935 et
1588 1879 1833 1934 distincte
1862 1894 2114 1933 vocamur
2167 1876 2260 1932 lilii

674 1972 803 2037 Dei,
833 1973 1072 2044 quamvis
1121 1972 1222 2026 hoc
1263 1972 1546 2040 adoptione
1594 1986 1892 2026 mercamur
1939 1987 1953 2022 :
1997 1984 2118 2025 nam
2173 1969 2262 2024 ille

672 2067 975 2137 unigenitus
1017 2076 1205 2122 natura
1252 2066 1418 2122 Filius
1449 2075 1548 2120 est.
1596 2066 1732 2136 Ergo
1764 2065 2070 2134 exspectatio
2113 2080 2259 2118 crea-

673 2164 832 2222 turaz,
881 2157 933 2211 id
973 2166 1086 2222 εει,
1117 2156 1443 2225 exspectatio
1469 2163 1648 2210 nostra
1687 2195 1703 2218 ,
1734 2156 2081 2210 reuelationem
2126 2153 2263 2223 ﬁlio-

609 2271 618 2278 -
669 2264 783 2302 rum
814 2247 909 2302 Dei
945 2256 1241 2318 exspectat;
1288 2247 1339 2300 id
1387 2255 1501 2312 est,
1552 2253 1824 2316 exspectat
1863 2245 2074 2316 quando
2099 2260 2261 2316 appa-

669 2350 783 2394 reat
805 2338 944 2408 quod
977 2338 1293 2407 prmuissum
1322 2347 1421 2402 est,
1457 2337 1669 2412 quando
1695 2353 1752 2391 re
1778 2337 1889 2406 ipsa
1919 2336 2259 2394 manifestum

668 2430 896 2500 sitquod
931 2445 1072 2484 nunc
1112 2444 1206 2497 spe
1260 2444 1462 2482 sumus.
1512 2426 1639 2482 Filii
1667 2428 1808 2506 enim
1837 2425 1934 2482 Dei
1964 2445 2171 2496 sumus,
2212 2438 2259 2484 et

669 2520 892 2574 nondum
933 2520 1171 2588 apparuit
1209 2519 1330 2588 quid
1359 2518 1562 2572 erimus.
1591 2518 1793 2572 Scimus
1819 2529 1985 2572 autent
2018 2520 2260 2591 quoniam

669 2628 784 2666 cum
807 2612 1129 2681 apparuerit,
1163 2609 1349 2665 similes
1389 2611 1433 2664 ei
1460 2611 1644 2666 erimus
1663 2651 1678 2676 ,
1718 2611 1957 2680 quoniam
1985 2611 2259 2668 videbimus

668 2718 780 2758 eum
809 2703 956 2758 sicuti
979 2712 1048 2756 est
1077 2703 1118 2772 (Ι
1149 2701 1306 2756 Joan.
1331 2718 1422 2766 ιιι,
1462 2701 1536 2771 2).
1566 2703 1684 2771 ipsa
1714 2708 1799 2756 est
1834 2703 2090 2758 revelatio
2125 2704 2260 2760 lilio-

668 2811 787 2852 rum
817 2796 926 2860 Dei,
957 2811 1114 2864 quam
1143 2810 1284 2848 nunc
1310 2803 1585 2862 exspectat
1609 2795 1933 2862 exspectatio
1961 2803 2253 2852 creaturae:

668 2903 775 2941 non
825 2886 966 2956 quod
997 2896 1242 2940 creatura
1290 2884 1672 2940 revelatioucm
1717 2894 1990 2954 exSpeCtet
2040 2887 2257 2944 alterius

668 2990 871 3036 natura:
897 3022 910 3044 ,
940 2996 1057 3050 quae
1088 2994 1193 3034 non
1224 2980 1292 3032 sit
1319 2986 1596 3042 creatura;
1629 2977 1723 3031 scd
1760 2977 1871 3045 ipsa
1916 2978 2086 3047 qualis
2114 2995 2258 3036 nunc

667 3081 751 3128 est
777 3113 792 3140 ,
821 3080 1100 3141 exspectat
1120 3069 1332 3139 quando
1353 3070 1422 3124 sit
1448 3069 1618 3138 qualis
1647 3067 1819 3122 futura
1847 3079 1928 3124 est
1958 3087 1970 3121 :
2007 3081 2255 3140 tanquam

666 3163 712 3219 si
742 3163 1010 3218 diceretur
1027 3204 1040 3228 ,
1071 3161 1337 3232 Operante
1363 3161 1563 3230 pictore
1585 3159 1839 3230 subjectis
1862 3159 1964 3215 sibi
1988 3161 2256 3218 coloribus

665 3262 720 3311 et
747 3254 812 3308 ad
833 3270 965 3323 opus
995 3253 1110 3321 ejus
1141 3251 1338 3322 paratis
1359 3294 1372 3318 ,
1431 3251 1730 3321 expectatio
1757 3252 1997 3307 colorum
2028 3253 2256 3310 manife-

665 3351 948 3404 statiouem
976 3347 1218 3417 imaginis
1233 3353 1652 3415 exspectatznon
1681 3346 1801 3418 quia
1831 3355 1956 3402 tunc
1981 3357 2104 3402 sunt
2126 3348 2252 3416 alii,

664 3451 719 3498 et
741 3443 830 3496 alii
858 3452 1034 3509 erunt,
1063 3449 1154 3494 aut
1184 3454 1287 3493 non
1317 3438 1523 3493 colores
1539 3448 1724 3505 erunt;
1754 3439 1850 3494 sed
1880 3447 2083 3495 tantum
2110 3441 2254 3512 quod

662 3533 819 3588 aliam
850 3534 1159 3604 dignitatem
1187 3531 1476 3587 habebunt.

733 3627 786 3681 5.
860 3626 1082 3680 Vanitati
1137 3625 1298 3688 enim,
1361 3623 1563 3692 inquit,
1621 3631 1852 3676 creatura
1893 3624 2117 3694 subjecta
2157 3637 2252 3685 est.

662 3717 775 3778 Hoc
803 3725 887 3772 est
927 3716 1054 3771 illud
1085 3732 1099 3768 :
1145 3714 1352 3768 Vanitas
1391 3713 1721 3768 uanitautium
1754 3715 1793 3781 ί,
1823 3724 1868 3768 et
1906 3715 2074 3771 omnia
2106 3721 2252 3774 vani—

664 3820 759 3863 tas.
797 3809 922 3875 Qua:
949 3806 1260 3860 abundantia
1304 3815 1375 3859 est
1428 3805 1618 3879 Itomiui
1660 3806 1711 3859 in
1737 3807 1874 3860 omni
1917 3807 2086 3863 labore
2120 3827 2211 3866 sua
2233 3852 2250 3881 ,

662 3916 808 3971 quem
837 3900 943 3969 ipse
971 3897 1164 3950 laborat
1203 3897 1292 3950 sub
1337 3895 1442 3950 sole
1497 3896 1689 3967 (Eccle.
1719 3913 1770 3962 ι,
1819 3897 1854 3952 ξ).
1873 3940 1885 3961 ,
1910 3897 2007 3969 5)ἳ
2036 3900 2130 3954 Cui
2173 3902 2255 3956 di-

663 4006 804 4050 ctum
822 4004 920 4055 εει,
951 3990 1018 4045 In
1049 3992 1218 4045 labore
1241 3990 1566 4045 manducabis
1591 4009 1774 4062 pauent
1808 4002 1946 4046 tuum
1975 3992 2124 4065 (Gen.
2158 4011 2246 4064 ιιι,

663 4085 777 4155 19).
818 4081 1037 4138 Vanitati
1062 4097 1190 4151 ergo
1238 4090 1472 4136 creatura
1518 4083 1742 4152 subjecta
1771 4092 1876 4149 est,
1922 4101 2021 4138 non
2051 4095 2246 4156 sponte.

663 4175 807 4233 Bene
849 4175 1085 4230 additum
1112 4184 1227 4242 est,
1257 4190 1357 4228 non
1397 4185 1592 4245 sponte.
1629 4175 1798 4230 Homo
1826 4177 2020 4246 quippe
2063 4187 2251 4247 sponte

661 4272 930 4343 peccavit,
973 4269 1067 4325 sed
1103 4284 1208 4322 non
1255 4277 1447 4339 sponte
1504 4268 1783 4323 damnatus
1836 4278 1934 4324 εει.
1970 4271 2249 4327 Peccatum

659 4363 838 4435 itaque
886 4361 982 4418 fuit
1032 4371 1419 4433 spontaneum,
1476 4370 1659 4416 contra
1713 4373 2032 4433 praeceptum
2074 4364 2250 4422 facere

659 4459 897 4514 veritatis
927 4475 940 4510 :
972 4454 1176 4528 peccati
1210 4463 1386 4509 autem
1415 4469 1570 4525 poena
1593 4497 1606 4522 ,
1640 4454 1826 4524 subjici
1857 4454 2099 4509 fallacize.
2130 4457 2250 4513 Non

608 4548 614 4553 ’
658 4566 785 4622 ergo
809 4558 998 4621 sponte
1017 4558 1262 4604 creatura
1292 4547 1527 4617 subjecta
1552 4557 1632 4603 est
1655 4549 1870 4600 vanitati
1897 4565 1908 4600 :
1936 4550 2024 4601 sed
2045 4559 2250 4620 prapter

659 4657 771 4694 eum
790 4641 874 4710 qui
900 4640 1107 4708 subjecit
1135 4655 1243 4691 eam
1264 4639 1318 4690 in
1343 4654 1472 4706 spe;
1509 4639 1560 4690 id
1621 4645 1737 4702 εει,
1769 4649 1988 4707 propter
2017 4640 2131 4709 ejus
2156 4643 2246 4711 ju-

658 4733 855 4788 stitiam
886 4741 1045 4799 atque
1073 4729 1406 4784 clementiam
1430 4770 1444 4794 ,
1473 4729 1561 4798 qui
1584 4744 1756 4798 neque
1779 4730 2092 4800 impunitum
2116 4735 2245 4789 reli-

657 4825 773 4894 quit
797 4831 1093 4894 peccatum,
1119 4835 1292 4891 neque
1324 4820 1674 4876 insanabilem
1699 4820 1862 4876 voluit
1883 4838 2002 4879 esse
2021 4839 2246 4898 peccan-

656 4923 786 4972 tem.

727 5009 765 5064 4
817 5005 950 5072 Quia
990 5014 1035 5059 et
1063 5005 1176 5076 ipsa
1213 5012 1472 5071 creatura,
1520 5004 1569 5059 id
1597 5012 1680 5060 est
1702 5046 1716 5070 ,
1747 5006 1859 5076 ipse
1887 5005 2074 5076 homo,
2121 5024 2243 5067 cum

652 5103 762 5173 jam
806 5099 1077 5170 signaculo
1103 5098 1344 5168 imaginis
1371 5108 1587 5168 propter
1615 5110 1892 5168 peccatum
1919 5103 2115 5158 amisso
2158 5122 2245 5162 re-

656 5193 851 5248 mansit
879 5189 1241 5247 tantummodo
1261 5199 1504 5244 creatura
1531 5190 1609 5263 (a)
1644 5210 1654 5245 :
1684 5203 1731 5245 et
1760 5195 1870 5263 ipsa
1899 5195 2075 5266 itaque
2101 5215 2244 5253 crea-

657 5295 802 5352 tura,
839 5283 888 5339 id
941 5291 1056 5350 est,
1100 5293 1154 5337 et
1181 5281 1291 5351 ipsa
1320 5298 1437 5352 qua:
1483 5283 1716 5339 nondum
1755 5297 1977 5341 vocatur
2009 5288 2240 5347 ﬁliorum

657 5377 822 5430 forma
857 5373 1118 5444 perlecta,
1151 5371 1243 5428 sed
1270 5382 1473 5427 tantum
1497 5384 1715 5430 vocatur
1743 5363 2013 5443 creatura,
2057 5379 2244 5434 libera-

657 5468 788 5522 bitur
812 5483 843 5520 a
872 5466 1103 5520 servitute
1143 5465 1390 5519 interitus.
1424 5465 1574 5534 Quod
1621 5468 1794 5539 itaque
1823 5470 1929 5538 ait,
1959 5482 2004 5526 et
2034 5472 2148 5544 ipsa
2176 5473 2239 5529 li-

719 5605 737 5672 ξ
760 5597 1202 5672 Εᾴίιίηραῃὲιᾳιιιιῃ.
1223 5606 1288 5672 At
1309 5606 1438 5672 Μεετ,
1462 5598 1790 5672 Mummium.
1815 5605 1890 5672 sic
1901 5579 2159 5672 aliquando
2181 5623 2239 5660 se

654 5668 706 5717 ιιι
725 5659 1042 5732 ιειιιιίειὼτίε
1065 5659 1248 5725 legisse
1277 5669 1484 5712 testatur
1509 5667 1818 5729 Augustinus,
1845 5667 1929 5718 lib.
1959 5659 2238 5732 faemos,

656 5726 840 5846 “iiii
859 5793 1064 5844 nam.
1083 5797 1192 5850 cap.
1215 5785 1294 5838 es.

2373 386 2658 455 berabitur,
2701 387 2827 444 facit
2873 388 3090 458 intelligi
3111 430 3125 454 ,
3157 397 3205 442 et
3230 388 3377 456 ipsa.
3407 389 3864 460 quemadmodum
3901 414 3920 455 ε

2371 493 2498 544 ιιοε,
2544 479 2597 534 id
2627 487 2737 545 est,
2785 479 2936 535 etde
2966 480 3092 549 ipsis
3129 495 3235 534 non
3261 489 3344 534 est
3387 479 3829 550 desperandum,
3869 504 3919 558 qu

2371 573 2606 630 nondum
2652 583 2906 630 vocantur
2956 574 3046 628 lilii
3093 575 3220 641 Dei,
3248 574 3373 644 quia
3423 576 3665 631 nondum
3717 580 3913 636 credidi:

2370 676 2527 730 runt,
2560 666 2653 721 sed
2703 676 2904 724 tantum
2953 676 3196 722 creatura
3241 669 3406 738 :quia
3455 677 3511 724 et
3551 670 3659 740 ipsi
3712 673 3919 728 creditur

2371 765 2524 824 sunt,
2564 765 2617 812 et
2647 758 3064 814 liberabuntura
3101 759 3357 815 servitute
3384 760 3668 828 interitus,
3716 769 3918 834 quetnad

2371 849 2586 904 modum
2631 864 2730 905 nos
2755 850 2842 920 qui
2877 850 2986 920 jam
3029 850 3120 905 lilii
3152 851 3249 906 Dei
3285 867 3503 918 sttmus,
3534 856 3790 922 quamvis
3830 873 3914 910 non

2368 940 2494 1005 dum
2524 943 2830 1011 apparuerit
2873 943 3000 1012 quid
3051 944 3271 999 erimus.
3317 945 3730 1002 Liberabuntur
3775 965 3920 1018 ergo;

2369 1033 2626 1089 servitute
2665 1034 2945 1103 interitus,
2977 1036 3028 1089 iu
3067 1036 3344 1092 libertatem
3373 1038 3549 1109 gloria:
3573 1041 3808 1109 ﬁliorum
3831 1041 3910 1095 Dei

2369 1123 2424 1180 id
2461 1133 2578 1190 εει,
2631 1134 2684 1182 ει
2721 1126 2820 1197 ipsi
2867 1136 3027 1182 erunt
3053 1144 3119 1183 ex
3145 1130 3314 1185 servis
3353 1129 3538 1198 liberi,
3584 1141 3640 1187 et
3716 1149 3781 1189 ex
3825 1151 3919 1186 utor

2371 1215 2476 1271 tuis
2529 1216 2746 1286 gloriosi
2791 1218 2845 1273 in
2893 1218 2999 1272 vita
3040 1219 3274 1288 perlecta
3299 1260 3315 1286 ,
3345 1236 3507 1291 quam
3551 1220 3832 1280 habebunt
3865 1224 3920 1278 lili

2370 1308 2489 1365 Dei.
2543 1344 2552 1352 .

2440 1402 2495 1458 5.
2523 1401 2728 1458 Scimus
2752 1405 2884 1458 enim
2923 1405 3043 1475 quia
3085 1406 3248 1460 omnis
3285 1416 3516 1462 creatura
3555 1409 3874 1479 congemiscit
3904 1426 3920 1464 ε

2369 1495 2504 1551 dolet
2524 1513 2680 1568 usque
2703 1498 2892 1552 adhuc.
2910 1497 3095 1553 Omnis
3121 1507 3361 1554 creatura
3383 1500 3438 1555 in
3463 1500 3685 1557 homine
3715 1517 3919 1556 numera

2370 1596 2474 1654 tur,
2517 1605 2621 1644 non
2641 1590 2782 1660 quod
2811 1592 2863 1645 in
2892 1607 2957 1647 eo
2983 1591 3089 1646 sint
3117 1607 3305 1648 omnes
3326 1594 3514 1666 Angeli
3535 1637 3548 1659 ,
3579 1604 3634 1650 et
3661 1595 3920 1666 superemi

2368 1688 2556 1736 nentes
2585 1681 2818 1738 Virtutes
2855 1697 2918 1738 ac
2940 1683 3238 1741 Potestates
3258 1727 3272 1751 ,
3301 1695 3392 1740 aut
3426 1687 3620 1743 etclam
3657 1698 3719 1743 et
3749 1700 3878 1743 terra
3899 1704 3920 1741 ε

2369 1785 2516 1826 mare
2543 1780 2597 1827 et
2625 1774 2800 1827 omnia
2830 1790 2948 1844 quin
2988 1775 3038 1829 in
3065 1776 3143 1832 eis
3164 1786 3316 1843 sunt;
3341 1777 3436 1834 sed
3455 1780 3576 1848 quia
3603 1780 3784 1835 omnis
3811 1794 3916 1834 crea

2369 1869 2486 1917 tura
2516 1865 2704 1932 partim
2738 1865 3023 1934 spiritualis
3063 1877 3182 1934 est,
3212 1870 3400 1937 partim
3441 1870 3725 1938 animalis,
3774 1871 3920 1940 partin

2367 1955 2677 2023 corporalis.
2692 1955 2844 2023 Quod
2863 1966 2920 2011 ut
2937 1958 3006 2013 ab
3031 1959 3370 2016 inferioribus
3391 1961 3821 2028 consideremus,
3843 1976 3920 2015 cor

2367 2047 2562 2116 poralis
2576 2058 2819 2104 creatura
2847 2066 2940 2120 per
2967 2052 3083 2107 loca
3112 2052 3375 2118 tenditur;
3399 2055 3634 2108 animalis
3659 2066 3854 2110 autem
3876 2055 3919 2108 vi

2365 2138 2544 2195 vilicat
2567 2141 2926 2211 corporalem;
2948 2144 3239 2214 spiritualis
3267 2146 3547 2200 animalem
3574 2146 3742 2216 regit,
3764 2154 3820 2202 et
3840 2155 3920 2200 tum

2365 2231 2502 2288 bene
2525 2234 2694 2304 regit,
2717 2249 2836 2290 cum
2868 2237 2976 2306 ipsa
3005 2238 3285 2308 regendam
3318 2255 3374 2294 se
3405 2238 3615 2310 subjicit
3639 2241 3758 2295 Deo
3789 2260 3803 2295 :
3839 2255 3920 2294 cun

2365 2333 2541 2383 autem
2607 2327 2990 2397 transgreditur
3044 2339 3307 2402 prtecepta
3359 2333 3508 2401 ejus,
3568 2332 3843 2388 laboribus
3897 2348 3920 2386 ε

2364 2419 2616 2474 aerumnis
2656 2435 2751 2490 per
2775 2421 2958 2476 eadem
2989 2423 3098 2492 ipsa
3123 2439 3242 2493 quae
3269 2440 3454 2495 regere
3476 2433 3684 2495 poterat
3717 2426 3916 2496 implica

2366 2518 2469 2564 tur.
2511 2510 2615 2578 Qui
2656 2526 2785 2584 ergo
2827 2514 2956 2569 vivit
2997 2531 3064 2569 ex
3092 2531 3352 2586 corpore,
3393 2517 3622 2572 carnalis
3661 2517 3829 2574 homo
3871 2533 3920 2571 ve

2364 2603 2608 2660 animalis
2653 2615 2874 2662 vocatur
2905 2626 2917 2662 :
2949 2609 3177 2664 carnalis
3199 2652 3216 2675 ,
3257 2611 3378 2680 quia
3401 2612 3632 2666 carnalia
3677 2621 3910 2669 sectatur

2363 2695 2609 2752 animalis
2633 2708 2809 2754 autem
2833 2741 2847 2766 ,
2878 2701 3000 2770 quia
3027 2701 3195 2758 fertur
3219 2703 3473 2759 dissoluta
3506 2704 3725 2761 lascivia
3767 2707 3920 2762 animi

2362 2801 2474 2843 sua:
2496 2828 2512 2854 ,
2539 2804 2698 2858 quam
2729 2807 2833 2848 non
2865 2793 3001 2863 regit
3045 2794 3293 2864 spiritus,
3342 2811 3513 2866 neque
3553 2808 3773 2854 coercet
3825 2798 3919 2852 intr

2362 2889 2531 2937 metas
2566 2885 2825 2940 naturalis
2870 2886 3107 2952 ordinis;
3148 2889 3270 2959 quia
3314 2898 3366 2944 et
3407 2889 3523 2958 ipse
3551 2905 3612 2946 se
3639 2906 3753 2948 non
3784 2891 3920 2946 subdi

2362 2974 2651 3043 regendum
2683 2976 2810 3032 Deo.
2841 2976 2942 3044 Qui
2985 2988 3161 3035 autem
3194 2979 3378 3050 spiritu
3416 2981 3650 3036 animam
3699 2983 3872 3053 regit,
3903 2998 3920 3036 ε

2362 3079 2459 3134 per
2504 3067 2734 3122 animam
2780 3084 2974 3140 corpus
3009 3070 3170 3141 (quod
3213 3071 3388 3126 lacere
3431 3087 3537 3126 non
3589 3083 3812 3142 potest,
3861 3074 3920 3127 ni:

2363 3156 2530 3213 Deum
2553 3158 2748 3216 habeat
2775 3170 2829 3216 et
2855 3161 2967 3233 ipse
2992 3172 3254 3218 rectorem
3277 3205 3290 3226 ,
3326 3164 3575 3233 quoniam
3619 3164 3762 3220 sicut
3803 3180 3919 3234 capt:

2362 3251 2601 3307 mulieris
2627 3252 2728 3321 vir,
2760 3253 2831 3308 ita
2853 3265 3012 3324 caput
3041 3254 3138 3309 viri
3158 3255 3402 3312 Christus
3423 3266 3507 3311 est
3535 3254 3576 3329 [l
3606 3254 3727 3312 Cor.
3749 3275 3828 3322 ιιι,
3859 3256 3920 3330 5]

2360 3351 2578 3398 vocatur
2630 3345 2940 3412 spiritualis.
2987 3347 3117 3414 Quae
3168 3348 3274 3402 vita
3313 3364 3433 3404 cum
3479 3349 3652 3418 aliqua
3707 3351 3920 3404 molesti

2360 3449 2502 3490 nunc
2525 3435 2719 3506 agitur,
2747 3444 2867 3505 post
2890 3446 3064 3493 autem
3091 3437 3290 3494 nullam
3333 3439 3576 3509 patietur.
3607 3438 3674 3494 Et
3698 3443 3920 3510 quoniat

2359 3529 2554 3584 summi
2578 3530 2766 3600 Angeli
2800 3531 3151 3600 spiritualiter
3177 3533 3392 3600 vivunt,
3419 3531 3586 3587 inﬁmi
3620 3543 3807 3588 autem
3841 3533 3920 3587 ani

2357 3619 2570 3676 maliter
2591 3622 2668 3693 (a)
2693 3663 2708 3689 ,
2735 3622 2920 3680 bestiae
2945 3640 3072 3679 vero
3101 3634 3155 3680 et
3187 3626 3362 3680 omnia
3400 3640 3590 3694 pecora
3627 3628 3920 3683 carnaliter

2358 3723 2552 3781 corpus
2579 3721 2758 3768 autem
2781 3729 2888 3768 non
2916 3715 3078 3782 vivit,
3109 3716 3201 3772 sed
3230 3717 3557 3781 vivilicatur;
3590 3719 3768 3774 omnis
3797 3737 3920 3776 crca

2359 3808 2475 3858 tura
2504 3802 2559 3859 in
2583 3802 2799 3860 homine
2823 3812 2938 3871 est,
2966 3807 3090 3876 quia
3117 3816 3172 3862 et
3198 3807 3439 3877 intelligit
3465 3807 3652 3876 spiritu
3671 3850 3686 3874 ,
3734 3821 3791 3866 et
3832 3829 3920 3866 ser

2359 3897 2426 3957 ti:
2445 3897 2644 3965 *mitna,
2676 3908 2728 3954 et
2758 3899 2998 3956 localiter
3022 3915 3246 3970 corpore
3267 3911 3527 3956 movetur.
3553 3899 3744 3958 Omnis
3773 3905 3920 3975 itaqu

2358 3998 2599 4047 creatura
2641 3993 2696 4046 in
2725 3992 2939 4049 homine
2964 3994 3306 4064 congemiscit
3351 4003 3405 4049 et
3438 3993 3600 4050 dolet.
3641 3994 3756 4052 Non
3812 4001 3920 4053 cui]

2359 4091 2544 4150 totam,
2573 4084 2668 4144 sed
2695 4099 2909 4142 onmem
2932 4085 3065 4141 dixit
3088 4103 3101 4139 :
3129 4095 3379 4156 tanquam
3403 4086 3445 4140 si
3471 4087 3592 4156 quis
3618 4082 3776 4152 dicat,
3813 4107 3920 4159 (ιιιιί

2357 4175 2524 4232 solem
2547 4189 2736 4231 omnes
2765 4175 3008 4232 homines
3036 4177 3218 4233 vident
3243 4179 3332 4247 qui
3363 4187 3484 4232 sunt
3511 4179 3829 4238 incolumes.
3867 4198 3920 4236 5ιῖ

2357 4281 2463 4322 non
2495 4267 2590 4320 toti
2614 4267 2829 4334 vident,
2851 4269 2972 4339 quia
3004 4277 3206 4324 tantum
3228 4270 3396 4324 oculis
3419 4269 3596 4323 vident
3621 4287 3632 4321 :
3659 4270 3727 4324 ita
3757 4272 3819 4325 in
3859 4273 3919 4327 hi:

2357 4359 2498 4412 mine
2531 4358 2705 4414 omnis
2733 4368 2974 4414 creatura
3003 4368 3116 4427 est,
3148 4361 3268 4430 quia
3295 4369 3347 4414 ct
3383 4346 3623 4429 intelligit
3662 4371 3718 4414 et
3743 4361 3889 4417 vivit
3918 4395 3919 4412 η

2355 4464 2550 4520 corpus
2578 4449 2756 4516 habet;
2787 4450 2880 4506 sed
2907 4467 3011 4505 non
3044 4460 3152 4506 tota
3178 4462 3417 4505 creatura
3448 4451 3499 4506 in
3530 4452 3644 4520 ipso
3675 4462 3785 4517 est,
3836 4473 3912 4522 qu

2354 4553 2478 4598 sunt
2501 4553 2696 4614 praeter
2723 4545 2891 4613 ipsum
2918 4553 2974 4600 et
3003 4545 3190 4615 Angeli
3211 4587 3227 4611 ,
3257 4546 3344 4613 qui
3371 4545 3664 4615 intelligant
3692 4557 3743 4601 et
3763 4549 3920 4603 vivat

2353 4642 2408 4689 et
2435 4633 2559 4698 sint,
2590 4641 2645 4688 et
2672 4648 2862 4703 pecora
2893 4650 3010 4704 qua:
3039 4635 3217 4688 vivant
3247 4645 3298 4689 et
3325 4635 3458 4700 sint,
3487 4645 3537 4689 ct
3568 4651 3797 4706 corpora
3835 4658 3920 4709 qu

2353 4723 2719 4780 tantuuunodo
2749 4728 2878 4788 sint;
2907 4742 3028 4782 cum
3058 4728 3227 4799 ipsum
3258 4729 3434 4783 vivere
3467 4729 3635 4798 magis
3659 4731 3759 4798 sit,
3789 4748 3919 4802 quat

2351 4832 2456 4873 non
2485 4817 2690 4886 vivere,
2722 4829 2777 4874 et
2800 4820 2972 4894 ipsum
2998 4821 3291 4892 intelligere
3318 4822 3484 4892 magis
3506 4823 3603 4890 sit,
3636 4839 3802 4894 quam
3839 4830 3919 4882 sit

2352 4910 2625 4966 intellectu
2649 4910 2848 4987 vivere}.
2875 4913 3004 4967 Cum
3042 4929 3168 4984 ergo
3213 4915 3372 4969 miser
3402 4914 3562 4970 homo
3591 4921 3920 4987 congemisc

2351 5012 2405 5060 et
2430 5004 2608 5067 dolet,
2651 5006 2825 5060 omnis
2851 5014 3096 5062 creatura
3135 5007 3478 5077 congemiscit
3501 5016 3554 5062 et
3595 5008 3750 5064 dolet
3785 5027 3920 5083 usqr

2350 5097 2544 5152 adhuc.
2572 5096 2740 5166 Usque
2759 5097 2928 5151 adhuc
2958 5109 3133 5154 autem
3175 5107 3315 5154 recte
3336 5100 3467 5156 dixit
3501 5118 3514 5154 :
3547 5100 3669 5170 quia
3704 5105 3882 5158 etiam

2350 5187 2456 5243 sint
2489 5187 2650 5257 aliqui
2671 5187 2780 5255 jam
2807 5189 2858 5243 in
2889 5189 3007 5244 sinu
3045 5190 3271 5248 Abrahae
3295 5188 3444 5264 (Luc.
3470 5208 3555 5246 xv:
3577 5234 3590 5256 ,
3616 5191 3714 5266 23)
3737 5238 3756 5258 ,
3793 5207 3845 5251 et
3887 5199 3920 5252 l:

2350 5285 2434 5332 tro
2481 5278 2570 5332 ille
2614 5293 2735 5332 cuin
2795 5278 3022 5334 Domino
3069 5281 3119 5334 in
3169 5281 3416 5350 paradiso
3461 5284 3800 5342 constitutus
3844 5287 3919 5359 (Ιχ

2350 5384 2518 5434 nm,
2547 5369 2663 5438 45),
2694 5370 2785 5426 illo
2809 5370 2897 5426 die
2919 5386 3026 5440 quo
3051 5372 3306 5440 credidit,
3337 5372 3520 5428 dolere
3541 5373 3843 5442 destiterit;
3884 5389 3919 5433 ις

2348 5475 2468 5514 men
2500 5475 2667 5529 usque
2695 5461 2866 5536 adhuc
2891 5463 3064 5517 omnis
3093 5473 3331 5518 creatura
3361 5467 3719 5534 congemiscit
3759 5479 3819 5524 et
3858 5470 3920 5524 dt

2347 5550 2422 5606 let
2447 5593 2462 5618 ,
2490 5552 2610 5622 quia
2638 5551 2688 5603 in
2715 5551 2777 5605 iis
2797 5554 2889 5621 qui
2925 5553 3154 5608 nondum
3187 5554 3394 5610 liberati
3423 5565 3549 5611 sunt
3567 5601 3584 5627 ,
3617 5561 3817 5618 omnis
3839 5577 3920 5618 es

2346 5653 2565 5715 propter
2589 5641 2829 5711 spiritum
2859 5652 2912 5698 et
2935 5645 3163 5700 animam
3194 5655 3249 5702 et
3267 5661 3478 5718 corpus.
3725 5670 3788 5716 κ

2408 5790 2483 5849 (a)
2505 5794 2770 5844 lustrator...
2787 5802 2894 5853 cap.
2918 5792 2996 5843 26.
