3956 6532
112 317 166 373 ω
1479 283 1647 342 LlBEl

1759 281 1916 343 NUS.
3264 297 3341 369 ,το
3383 366 3388 370 ι

163 431 207 488 6.
237 426 343 484 Non
359 421 500 480 solum
516 424 718 479 auum,
750 409 948 481 inquit,
981 407 1160 464 omnis
1182 414 1420 465 creatura
1451 419 1646 475 conge-

113 528 259 582 miscit
277 533 324 577 et
345 519 461 574 dolet
479 557 491 580 ,
515 512 606 566 sed
631 520 686 565 et
726 526 820 564 nos
840 508 950 575 ipsi
979 523 998 561 :
1032 506 1084 561 id
1110 515 1188 562 est
1213 549 1224 570 ,
1259 521 1364 560 non
1390 505 1560 559 solum
1589 503 1642 558 in

114 619 299 674 homine
320 623 474 682 corpus
499 612 551 660 et
574 603 761 658 anima
808 608 865 655 et
910 600 1130 670 spiritus
1170 596 1328 652 simul
1357 596 1542 651 dolent
1572 611 1642 650 ex

117 707 439 767 diffuudutibus
457 699 701 768 corporis
723 739 737 758 ,
769 693 865 750 sed
897 703 952 748 et
982 707 1080 746 nos
1097 692 1197 761 ipsi
1219 733 1233 757 ,
1259 690 1498 760 exceptis
1525 704 1646 744 cor.

119 805 306 876 tardius.
327 801 368 850 in
384 796 511 848 nobis
543 791 672 862 ipsis
691 787 1119 860 congemiscimus
1136 827 1151 851 ,
1181 785 1427 854 primitias
1456 783 1642 838 haben-

116 913 169 951 tes
197 895 378 958 spiritus.
407 889 465 942 Et
487 885 624 940 bene
646 882 824 945 dixit,
856 880 1109 951 primitias
1131 879 1364 932 habentes
1388 879 1595 948 spiritus
1624 894 1643 932 :

116 990 152 1042 id
173 995 458 1054 estquam!!!
473 980 579 1046 jam
609 975 840 1045 spiritus
865 982 1118 1042 tanquam
1137 970 1460 1026 sacrificium
1478 971 1642 1025 oblati

115 1090 216 1135 sunt
237 1079 331 1132 Deo
349 1118 360 1139 ,
379 1085 421 1128 et
439 1071 614 1126 divino
638 1066 925 1122 charitatis
949 1066 1072 1136 igne
1099 1063 1472 1134 comprehensi
1494 1071 1637 1118 sunt.

117 1173 195 1226 llze
216 1179 313 1223 sunt
334 1163 550 1236 primitiae
572 1159 850 1224 hominis;
893 1158 1013 1228 quia
1043 1158 1242 1211 veritas
1277 1157 1505 1226 primum
1541 1156 1643 1224 spi-

117 1266 241 1318 ritum
267 1271 472 1314 nostrum
504 1254 714 1309 obtinet
739 1294 756 1318 ,
789 1260 847 1306 ut
886 1266 982 1320 per
1009 1248 1148 1304 hunc
1173 1257 1366 1303 cretera
1396 1263 1640 1318 compre-

115 1356 373 1410 hendantur.
397 1350 502 1405 lam
527 1363 658 1418 ergo
685 1345 851 1400 habet
875 1343 1134 1413 primitias
1154 1343 1359 1398 obl-atas
1386 1343 1520 1409 Deo,
1548 1344 1638 1412 qui

113 1449 250 1501 dicit:
278 1443 421 1498 Marte
441 1441 594 1496 senio
629 1439 732 1508 legi
763 1437 890 1505 Dei,
921 1452 1072 1490 carne
1105 1445 1273 1490 autem
1313 1436 1410 1506 legi
1451 1437 1640 1505 peccati

114 1539 257 1610 (Rern.
283 1553 376 1602 vn,
401 1535 508 1604 9.5).
541 1532 607 1586 Et
630 1533 721 1601 qui
749 1529 884 1584 dicit
918 1547 928 1581 :
962 1527 1099 1582 Deus
1122 1529 1205 1581 eui
1245 1529 1404 1581 seruio
1440 1529 1494 1582 in
1534 1529 1639 1597 spi-

114 1633 192 1684 n'tu
220 1646 312 1683 meo
343 1625 441 1698 (Id.
469 1642 518 1690 ι,
541 1624 619 1695 9).
651 1623 722 1678 Et
761 1622 832 1676 de
876 1636 985 1691 quo
1013 1621 1204 1674 dicitur
1235 1639 1248 1675 :
1280 1621 1502 1688 Spiritus
1525 1622 1641 1691 qui-

113 1727 199 1776 deut
223 1733 457 1792 proruptus
483 1729 552 1773 est
571 1761 584 1782 ,
609 1733 725 1771 caro
763 1725 937 1769 autem
961 1707 1174 1783 inﬁrma
1211 1711 1422 1787 (Matth.
1472 1731 1594 1769 xxvr
1621 1757 1635 1781 ,

116 1822 204 1886 ll).
223 1817 317 1872 Sed
341 1816 564 1883 quoniam
591 1811 763 1868 adhuc
788 1809 919 1864 dicit
936 1849 949 1872 ,
978 1805 1176 1876 Infelix
1202 1823 1292 1877 ego
1316 1807 1464 1860 homo
1485 1849 1498 1871 ,
1529 1808 1640 1877 quis

115 1929 175 1963 rue
200 1908 398 1962 liberabit
415 1908 473 1959 de
491 1921 692 1974 corpore
719 1902 895 1957 mortis
921 1901 1073 1970 hujus
1099 1899 1276 1970 (Rom.
1301 1915 1404 1965 vn,
1428 1897 1563 1968 9.4)?
1588 1907 1641 1952 ct

114 2006 264 2060 adhuc
282 2003 458 2058 talibus
487 2001 665 2056 dicitur
685 2042 701 2066 ,
747 1996 1026 2066 Vitviﬁcabit
1062 2002 1113 2049 et
1155 1994 1391 2048 mortalia
1428 2009 1640 2064 corpora

119 2110 266 2152 vestra
284 2106 470 2166 propter
486 2095 718 2163 Spiritum
733 2100 1003 2146 monentem
1028 2090 1081 2143 in
1106 2088 1240 2143 vobis
1257 2087 1310 2159 (1
1317 2088 1352 2141 d
1359 2129 1370 2141 .
1395 2105 1480 2143 t'tu
1491 2131 1504 2153 ,
1527 2086 1636 2160 ll);

127 2188 344 2243 nondum
365 2195 440 2242 est
467 2186 806 2240 holocaustum
836 2201 847 2234 :
871 2181 959 2237 erit
986 2193 1165 2236 autem
1187 2221 1203 2248 ,
1240 2195 1360 2235 cum
1383 2180 1635 2235 absorbe-

121 2281 254 2334 bitur
276 2293 406 2332 mors
438 2279 486 2331 in
533 2277 822 2338 victoriam;
850 2290 965 2328 cum
1006 2274 1054 2328 ei
1095 2273 1344 2337 dicetur,
1389 2271 1486 2326 Ubi
1527 2281 1636 2338 est,

121 2391 252 2438 mors,
273 2344 494 2426 conteniio
519 2371 641 2423 tu?
663 2369 748 2421 ubi
771 2377 874 2433 est,
901 2384 1056 2433 mors,
1079 2367 1283 2420 aculeus
1305 2376 1419 2418 tuus
1447 2364 1487 2436 (Ι
1516 2363 1636 2420 Cor.

120 2483 193 2531 xv,
209 2467 286 2527 54,
309 2465 416 2533 55)?
437 2463 570 2516 Nunc
592 2477 734 2530 ergo,
762 2459 949 2530 inquit,
971 2457 1275 2523 nousolum
1293 2457 1468 2510 omnis
1487 2470 1640 2510 crea-

125 2568 216 2611 tura
236 2601 248 2622 ,
272 2556 316 2610 id
341 2564 432 2623 est,
456 2570 566 2609 cum
584 2567 831 2623 corpore,
863 2550 952 2605 sed
971 2551 1125 2603 etiam
1153 2559 1244 2603 nos
1266 2549 1366 2618 ipsi
1395 2547 1642 2618 primitias

130 2652 315 2703 habentes
340 2650 520 2717 spiritus
546 2666 557 2700 :
581 2647 632 2701 id
657 2657 760 2708 est,
798 2661 898 2699 nos
923 2644 1149 2710 animae,
1183 2659 1303 2712 qua:
1327 2643 1436 2710 jam
1468 2640 1643 2711 primi-

133 2744 210 2796 tias
225 2754 393 2802 mentes
409 2750 596 2795 nostras
615 2739 919 2794 obtulimus
948 2736 1088 2804 Deo,
1120 2737 1174 2788 in
1200 2735 1342 2789 nobis
1368 2735 1495 2804 ipsis
1521 2751 1642 2788 con-

132 2836 415 2903 ςειιιὶιάιιιιιι,
435 2833 481 2886 id
503 2841 579 2887 est
595 2874 607 2897 ,
631 2840 839 2902 praeter
860 2845 1054 2898 corpus
1085 2845 1099 2882 :
1127 2829 1450 2898 adoptionem
1467 2843 1644 2896 exspe-

134 2937 310 2995 ctantes,
348 2928 701 2997 redemptionem
746 2926 978 2997 corporis
1017 2925 1210 2990 nostri,
1247 2924 1298 2977 id
1343 2933 1457 2988 est,
1489 2931 1544 2976 ttt
1589 2930 1645 2977 ct

137 3024 281 3089 ipsus
312 3037 468 3090 corpus
497 3024 756 3092 accipiens
812 3019 1130 3075 beneﬁcium
1174 3018 1474 3088 adoptionis
1518 3017 1646 3072 tilio-

137 3129 264 3179 rum,
294 3129 376 3184 qua
411 3115 553 3168 vocati
573 3129 760 3168 sumus
783 3154 799 3178 ,
828 3120 972 3166 totos
1012 3126 1112 3166 nos
1137 3111 1424 3176 liberatos,
1467 3119 1647 3164 trans-

137 3208 244 3260 actis
263 3207 465 3261 omnibus
485 3207 728 3261 molestiis
750 3247 766 3268 ,
801 3220 869 3259 ex
893 3203 1039 3256 ornni
1073 3213 1219 3272 parte
1244 3203 1335 3257 Dei
1365 3203 1502 3255 ﬁlios
1526 3216 1646 3256 esse

137 3297 394 3353 manifestet.
420 3298 510 3368 Spe
529 3301 651 3353 enim
676 3297 816 3352 salvi
833 3297 956 3366 facti
975 3312 1149 3350 sumus
1174 3311 1193 3349 :
1211 3311 1328 3365 spes
1349 3303 1511 3347 mrtem
1535 3308 1650 3365 quae

138 3392 312 3457 videtur,
327 3403 484 3447 nonest
499 3410 620 3462 spes.
639 3392 805 3446 Tunc
828 3405 957 3459 ergo
979 3389 1081 3444 erit
1100 3402 1186 3443 res
1215 3403 1336 3458 quae
1357 3402 1499 3442 nunc
1522 3402 1647 3457 spes

137 3493 332 3546 ειμι-ιιι
352 3489 607 3556 opma-it
635 3485 773 3557 quid
797 3486 1031 3548 erimus;
1070 3482 1125 3537 id
1152 3490 1235 3538 est
1257 3524 1271 3548 ,
1303 3482 1492 3536 similes
1528 3482 1608 3535 illi
1629 3521 1644 3548 ,

135 3579 318 3644 quorum
342 3580 578 3633 ridebimus
602 3595 727 3633 eum
755 3575 914 3630 sicuti
934 3582 1026 3630 est.

186 3668 229 3720 7.
257 3668 346 3723 Hoc
367 3670 622 3739 capitulum
663 3670 713 3724 si
744 3667 853 3723 hoc
880 3665 1076 3732 modo,
1106 3673 1166 3720 ut
1210 3672 1489 3719 tractatum
1528 3673 1608 3719 est
1632 3706 1646 3731 ,

133 3763 370 3828 aperiatur,
409 3779 500 3818 non
539 3762 840 3818 incidimus
883 3759 934 3813 in
982 3759 1099 3813 illas
1123 3757 1430 3823 molestias,
1458 3756 1652 3826 quibus

134 3853 324 3924 pleritpe
359 3855 572 3913 homines
614 3856 810 3911 dicere
857 3859 1154 3923 coguntur,
1185 3865 1372 3905 omnes
1418 3849 1652 3919 Angelos

133 3951 417 4021 ndrlimesqne
441 3953 675 4007 Virtutes
708 3952 767 4004 in
794 3947 982 4003 dolore
1005 3956 1056 4001 et
1084 3945 1366 4016 gemitibus
1386 3959 1525 4004 esse.
1554 3959 1653 3997 an-

131 4050 293 4110 tequam
314 4059 400 4097 nos
419 4044 620 4111 penitus
649 4041 984 4100 liberemur,
1014 4035 1265 4106 quoniam
1294 4035 1494 4090 dictum
1532 4042 1613 4088 est
1636 4075 1652 4101 ,

135 4131 271 4187 Omnis
282 4147 479 4189 creatura
498 4133 834 4205 congemiscit
859 4139 908 4184 et
934 4130 1087 4184 dolet.
1109 4127 1365 4195 Quamvis
1391 4127 1530 4182 enim
1558 4126 1656 4180 ad-

130 4225 268 4293 iuvent
299 4245 382 4284 nos
417 4246 509 4301 pro
544 4245 643 4284 sua
688 4225 1025 4281 sublimitate
1053 4226 1092 4288 ¹,
1131 4223 1255 4277 dum
1287 4222 1658 4291 obtemperant

133 4319 231 4382 Deo,
254 4322 327 4389 qui
344 4339 422 4391 pro
441 4324 593 4377 nobis
623 4322 794 4375 etiam
817 4317 1028 4372 unicum
1063 4315 1254 4369 Filium
1293 4330 1447 4370 suum
1469 4312 1658 4382 digna-

135 4422 280 4465 tusest
300 4416 508 4479 mittere;
538 4425 728 4469 tamen
758 4413 875 4466 sine
902 4411 1102 4480 gemitu
1124 4417 1178 4463 et
1198 4407 1474 4463 doloribus
1499 4406 1549 4459 id
1577 4405 1656 4459 fa-

133 4519 224 4559 cere
237 4506 446 4562 credendi
467 4517 611 4574 sunt,
637 4523 710 4561 ne
739 4504 921 4559 miseri
942 4503 1326 4566 existimentur,
1354 4500 1659 4570 feliciorquc

136 4596 182 4646 sit
202 4598 466 4654 denttmcro
494 4611 686 4655 nostro
715 4597 954 4652 Lazarus
980 4595 1070 4649 ille
1097 4594 1184 4664 qui
1209 4592 1317 4664 jam
1350 4593 1400 4647 in
1434 4593 1660 4646 Abrahaa

135 4687 216 4741 sint:
239 4693 512 4760 requiescit.
534 4691 849 4746 Praesertim
884 4686 1004 4757 quia
1033 4686 1196 4751 dixit,
1243 4684 1483 4740 eamdem
1515 4698 1663 4737 crea-

136 4791 260 4833 turam
279 4800 380 4851 qua
407 4783 760 4855 congemiscit
783 4792 838 4836 et
867 4781 1046 4845 dolet,
1075 4778 1292 4832 vanitati
1333 4793 1450 4831 esse
1486 4777 1666 4847 subje-

135 4885 250 4936 ωιις
275 4878 402 4946 quod
428 4877 494 4932 de
518 4877 752 4931 summis
775 4883 829 4929 et
853 4871 1237 4928 excellentibus
1264 4871 1526 4924 Virtutum
1557 4871 1662 4923 Po-

146 4969 431 5030 Lrsuumque
452 4973 726 5019 creatum
747 4965 898 5015 uetas
919 4967 1005 5013 est
1032 4957 1272 5012 credere.
1299 4955 1503 5011 Deinde
1523 4956 1662 5010 libe-

148 5053 309 5106 randam
343 5069 454 5109 eam
489 5055 634 5109 dixit
676 5070 707 5107 a
750 5051 1010 5106 servitute
1052 5050 1337 5114 interitus;
1382 5062 1490 5116 quo
1537 5046 1660 5102 illos

146 5144 457 5214 cecidisse,qui
484 5148 539 5200 in
566 5145 721 5200 coalis
747 5151 911 5212 agunt
942 5143 1108 5195 vitam
1137 5141 1527 5204 beatissimam,
1548 5153 1658 5195 non

149 5237 616 5294 tmauscrederc.
642 5235 844 5288 Tamen
868 5233 1214 5287 nihiltemere
1228 5229 1660 5286 conﬁrmandum

149 5333 222 5378 ω.
240 5327 314 5389 sed
339 5328 420 5396 pia
443 5326 725 5396 diligentia
753 5327 915 5380 etiam
955 5333 1115 5394 atque
1144 5324 1312 5378 etiam
1359 5323 1527 5376 verba
1575 5321 1657 5376 di-

151 5415 234 5465 tius
252 5420 496 5474 tractanda
525 5427 690 5484 sunt;
719 5434 786 5472 ne
817 5417 957 5472 forte
973 5432 1092 5486 quae
1117 5415 1467 5489 congcmiscit
1485 5421 1541 5468 et
1559 5413 1656 5468 do-

151 5503 200 5555 ῑει
229 5521 269 5561 et
293 5515 495 5567 vanitati
537 5514 780 5582 subjecta
808 5521 911 5578 est,
939 5513 1107 5582 possit
1131 5512 1312 5581 aliquo
1365 5509 1524 5563 tundo
1551 5509 1657 5562 alio

153 5599 335 5667 zutclligi,
374 5613 429 5657 ut
456 5606 522 5658 de
551 5605 778 5659 summis
803 5604 1024 5677 angelis,
1058 5605 1315 5676 quamdiu
1346 5610 1545 5658 nostra:
1574 5603 1655 5656 in-

307 5738 402 5791 lht.
426 5741 509 5791 Er.
538 5713 594 5792 et
618 5739 840 5791 undecim
857 5741 973 5792 Mss.
1000 5742 1063 5794 At
1085 5740 1225 5803 Lov.,
1248 5751 1338 5803 per
1361 5751 1475 5790 suas
1496 5736 1648 5788 subli-

1749 403 1982 460 ﬁrmitati
2015 401 2167 476 jussu
2193 406 2404 464 Domini
2439 411 2608 467 nostri
2633 414 2993 485 opitulantur,
3023 434 3130 476 non
3171 421 3337 494 impie

1749 497 1916 567 possit
1938 497 2252 554 existimari.
2281 500 2390 557 Sed
2419 503 2532 559 sive
2557 505 2647 558 illa
2674 523 2830 577 quam
2859 515 3094 567 exsecuti
3122 528 3330 584 sumus,

1749 591 1860 645 sive
1885 591 1988 645 alia
2015 592 2188 664 aliqua
2220 593 2377 663 hujus
2405 596 2618 665 capituli
2642 601 2902 669 expositio
2929 603 3246 673 proferatur;
3279 607 3334 662 id

1749 682 1952 739 tantum
1980 685 2276 741 cavendum
2304 697 2388 742 est
2408 730 2423 756 ,
2449 704 2516 742 ne
2539 690 2699 745 violet
2721 700 2814 746 aut
2840 695 3082 752 vulneret
3107 699 3337 754 catholi»

1747 791 1863 830 cam
1897 776 2075 832 ﬁdem.
2101 777 2226 834 Scio
2253 780 2394 834 enim
2423 796 2588 838 vanos
2615 783 2633 814 ¹
2671 783 2951 841 haereticos
2978 788 3045 844 de
3063 789 3165 847 hoc
3191 793 3340 862 capi-

1751 868 1858 922 tulo
1889 869 2050 923 multa
2077 871 2234 941 impia
2263 881 2317 926 et
2337 873 2511 942 inepta
2536 873 2784 943 iactasse.

1748 960 1976 1018 LXVIII.
2005 962 2084 1018 De
2105 979 2164 1018 eo
2196 967 2331 1036 quod
2363 969 2605 1038 scriptum
2641 981 2714 1024 est
2745 971 2835 1026 :0
2874 972 3067 1042 homo,
3115 983 3173 1032 tu
3215 980 3336 1050 quis

1958 1071 2018 1112 es
2035 1098 2051 1123 ,
2079 1057 2166 1127 qui
2197 1060 2520 1128 respondeas
2548 1062 2656 1117 Deo
2683 1063 2858 1130 (Rom.
2889 1082 2968 1133 rx,
2994 1064 3123 1141 20)?

1817 1150 1870 1203 ί.
1898 1148 2032 1205 Cum
2073 1153 2315 1208 videatur
2358 1156 2646 1224 Apostolus
2693 1159 3010 1229 corripuisse
3055 1163 3293 1218 curiosos
3318 1208 3332 1233 ,

1745 1241 1971 1297 dicendo
1989 1285 2004 1311 ,
2032 1242 2076 1298 Ο
2105 1245 2281 1308 homo,
2317 1256 2369 1299 tu
2391 1249 2504 1318 quis
2525 1265 2605 1315 es,
2649 1251 2736 1319 qui
2764 1253 3066 1323 respondeas
3097 1253 3246 1309 Deo?
3269 1256 3334 1312 de

1747 1331 1846 1385 hoc
1877 1329 1993 1399 ipso
2031 1330 2104 1384 illi
2141 1334 2491 1402 quaestionem
2523 1346 2739 1390 moveut
2763 1379 2778 1402 ,
2803 1347 2860 1392 et
2888 1339 2941 1392 in
2970 1355 3030 1394 ea
3073 1343 3336 1396 sententia

1743 1439 1850 1476 non
1876 1423 2126 1479 desinunt
2151 1440 2272 1480 esse
2297 1427 2526 1494 curiosi,
2557 1444 2662 1498 qua
2685 1429 2958 1500 objurgata
2986 1441 3070 1487 est
3097 1433 3210 1503 ipsa
3233 1450 3334 1489 cu-

1744 1514 1958 1568 riositas
1992 1534 2004 1570 :
2031 1527 2084 1571 et
2107 1516 2253 1588 impii
2275 1519 2486 1588 quidem
2515 1535 2636 1574 cum
2666 1523 2986 1578 contumelia
3010 1567 3025 1592 ,
3064 1535 3121 1580 ut
3153 1527 3338 1582 dicant

1745 1606 2056 1675 Apostolutu
2085 1608 2138 1662 in
2162 1610 2412 1664 solvenda
2437 1613 2730 1680 quaestione
2750 1615 3040 1684 defecisse,
3067 1627 3121 1673 ct
3144 1620 3336 1688 objur-

1743 1713 1896 1768 gasse
1929 1712 2259 1770 queerentes,
2301 1704 2424 1772 quia
2451 1721 2558 1758 non
2599 1715 2807 1774 poterat
2830 1709 2969 1778 quod
2995 1713 3337 1779 quaerebatur

1751 1808 2038 1861 exponere.
2069 1795 2313 1851 Nonnulli
2345 1809 2521 1852 autem
2553 1796 2626 1873 (a)
2661 1800 2892 1856 htcrctici
2911 1803 3030 1871 quia
3055 1820 3159 1859 non
3187 1805 3336 1861 deci-

1743 1886 1925 1954 piunt,
1971 1888 2073 1942 nisi
2099 1905 2221 1944 cum
2261 1892 2537 1946 scientiam
2569 1906 2726 1963 quam
2767 1909 2870 1949 non
2905 1895 3158 1952 exhibent
3184 1899 3340 1968 polli-

1743 1988 1950 2048 centur,
1980 1991 2034 2037 ct
2061 1982 2554 2055 adversantesLegi
2582 1998 2634 2040 et
2666 1987 2967 2056 Prophetis,
2988 2005 3338 2062 quaecumque

1744 2071 1812 2127 de
1857 2073 1963 2127 illis
1990 2075 2277 2144 Apostolus
2317 2079 2552 2132 sermoni
2599 2093 2695 2132 suo
2735 2079 2956 2134 inseruit
2981 2123 2994 2146 ,
3041 2081 3174 2137 falsa
3213 2092 3267 2138 et
3306 2100 3338 2139 a

1744 2168 2146 2236 corruptoribus
2171 2169 2408 2225 immissa
2437 2187 2560 2226 esse
2600 2173 2955 2228 criminantur
2978 2217 2993 2242 ,
3041 2177 3202 2230 etiam
3237 2178 3339 2234 hoc

1745 2262 1885 2318 inter
1911 2264 2025 2332 ipsa
2053 2280 2176 2334 qua:
2221 2265 2538 2334 interpolata
2568 2267 2785 2334 dicunt,
2819 2287 3100 2327 numerare
3146 2275 3341 2330 malue-

1744 2364 1897 2424 runt,
1927 2365 1985 2411 et
2011 2373 2206 2427 negare
2230 2358 2452 2414 Paulum
2481 2359 2714 2427 dixisse,
2749 2361 2792 2416 Ο
2815 2362 2962 2416 homo
2983 2406 2996 2430 ,
3027 2373 3078 2416 tu
3103 2370 3212 2434 quis
3243 2385 3298 2421 es
3320 2411 3336 2436 ,

1744 2449 1828 2519 qui
1851 2449 2153 2520 respondeas
2187 2451 2294 2505 Deo
2310 2451 2334 2506 ?
2352 2452 2616 2520 Quoniam
2641 2454 2685 2507 si
2715 2455 2841 2524 ipsis
2865 2456 3074 2511 dicatur
3098 2459 3165 2513 ad
3195 2459 3341 2515 deci-

1745 2543 1968 2610 piendos
1999 2543 2241 2599 homines
2262 2545 2710 2602 calumniantibus
2731 2591 2746 2615 ,
2786 2551 2971 2618 procul
2997 2550 3158 2606 dubio
3200 2562 3340 2608 tace-

1747 2634 1878 2689 bunt
1900 2677 1915 2700 ,
1956 2651 2054 2690 nec
2075 2637 2349 2692 audebunt
2370 2638 2527 2693 ullam
2555 2639 2620 2694 de
2663 2641 2936 2697 voluntate
2961 2645 3341 2714 omnipotentis

1748 2729 1839 2783 Dei
1874 2731 2134 2799 imperitis
2159 2747 2294 2802 quos
2319 2731 2566 2802 decipere
2594 2734 2846 2804 cupiunt,
2882 2737 3156 2792 scientiam
3187 2740 3344 2808 polli-

1747 2823 1876 2878 ceri.
1911 2821 2135 2890 Quidam
2167 2835 2345 2879 autetn
2395 2825 2536 2880 bona
2583 2835 2635 2881 et
2683 2828 2769 2896 pia
2816 2838 2994 2884 mente
3040 2830 3342 2900 Scripturas

1747 2916 1983 2987 legentes
2021 2927 2269 2988 quierunt
2314 2919 2436 2988 quid
2465 2919 2549 2973 hic
2595 2921 2760 2989 possit
2787 2923 2870 2977 vel
2899 2924 3344 2984 maledicentibus

1748 3010 1829 3064 vel
1867 3011 2312 3066 calumniantibus
2338 3012 2668 3082 responderi.
2703 3012 2809 3069 Sed
2840 3031 2937 3070 nos
2961 3025 3016 3072 et
3038 3019 3344 3076 auctoritati

1749 3101 2057 3172 apostolica:
2086 3103 2373 3158 salubriter
2416 3104 2738 3160 inhaerentes
2763 3148 2776 3170 ,
2807 3116 2861 3161 et
2884 3108 3048 3164 libros
3093 3125 3227 3180 quos
3255 3126 3345 3166 ca-

1752 3192 1943 3247 tholica
1975 3194 2252 3263 disciplina
2291 3196 2524 3250 custodit
2553 3196 2770 3253 falsatos
2796 3199 2819 3231 ¹
2862 3215 2982 3256 esse
3009 3217 3342 3273 nequaquam

1751 3285 2116 3341 existimantes
2134 3328 2148 3351 ,
2179 3289 2470 3342 sentiamus
2490 3289 2631 3359 quod
2655 3306 2838 3346 verum
2873 3301 2955 3347 est
2973 3336 2988 3359 ,
3017 3294 3261 3364 indignos
3290 3307 3347 3352 et

1753 3379 1994 3432 inﬁrmos
2025 3393 2148 3433 esse
2177 3378 2199 3410 ³
2223 3379 2290 3433 ad
2327 3381 2669 3450 intelligenda
2699 3383 2877 3438 divina
2907 3395 3112 3441 secreta
3153 3388 3346 3457 quibus

1753 3470 1852 3524 ista
1877 3469 2196 3525 clauduntur
2223 3488 2235 3524 :
2267 3478 2323 3526 et
2347 3472 2426 3527 eis
2453 3476 2905 3532 murmurantibus
2941 3488 2994 3532 et
3020 3479 3343 3548 indignanti-

1753 3561 1855 3618 bus
1879 3562 2020 3632 quod
2061 3562 2281 3617 consilia
2326 3563 2418 3618 Dei
2451 3579 2554 3619 non
2581 3564 2828 3634 discunt,
2873 3582 2994 3622 eum
3023 3569 3202 3624 dicere
3236 3587 3347 3626 οω-

1756 3657 1949 3724 perint,
1980 3655 2117 3727 Ergo
2135 3657 2280 3725 cujus
2301 3657 2407 3711 uult
2430 3658 2714 3724 miseretur,
2743 3671 2789 3715 et
2815 3678 2958 3732 quem
2977 3664 3082 3718 vult
3107 3663 3343 3720 obdurat.

1759 3747 1894 3812 Quid
1922 3747 2090 3800 adhuc
2117 3749 2482 3816 conqueritur?
2511 3767 2628 3803 nam
2653 3752 2898 3806 voluntati
2933 3755 3042 3823 ejus
3083 3756 3194 3826 quis
3217 3759 3346 3812 resi-

1759 3842 1842 3895 stit
1866 3839 2027 3911 (Ibid.
2059 3842 2146 3905 l8,
2172 3841 2288 3912 l9)?
2309 3857 2430 3896 cum
2460 3843 2542 3896 his
2569 3859 2696 3913 ergo
2722 3847 2900 3901 verbis
2919 3857 3010 3902 aut
3033 3849 3345 3905 calumniari

1759 3933 2059 4003 Scripturss
2084 3976 2098 4000 ,
2131 3943 2222 3987 aut
2270 3934 2527 3990 latebram
2572 3947 2910 4006 peccatorum
2959 3956 3174 3997 suorum
3204 3957 3350 4012 qure-

1760 4039 1879 4080 rere
1907 4026 2202 4095 coeperint,
2249 4036 2304 4080 ut
2354 4036 2617 4098 praecepta
2651 4040 3030 4099 contemnant,
3064 4036 3252 4103 quibus
3281 4038 3348 4093 ad

1760 4119 1920 4172 vitam
1966 4119 2162 4173 bonam
2209 4122 2518 4190 pervenitur
2559 4120 2616 4188 ⁸,
2663 4126 3080 4194 respondeamus
3114 4129 3351 4184 fidentis-

1762 4212 1896 4268 sime
1916 4255 1932 4280 ,
1966 4210 2014 4266 0
2043 4213 2190 4266 homo
2211 4255 2224 4276 ,
2261 4224 2312 4266 tu
2345 4213 2456 4282 quis
2479 4230 2565 4281 es,
2604 4217 2689 4284 qui
2716 4219 3019 4286 respondeas
3052 4219 3203 4274 Deo?
3240 4221 3350 4278 Nec

1762 4321 1856 4361 eos
1881 4303 2094 4359 reveriti
2129 4314 2368 4360 sanctum
2392 4305 2611 4361 canibus
2636 4306 2852 4370 demus,
2891 4321 2979 4363 aut
3008 4311 3351 4380 projiciamus

1763 4399 2080 4469 margaritas
2123 4406 2332 4452 nostras
2373 4408 2499 4453 ante
2543 4415 2732 4468 porcos
2763 4401 2978 4468 (Matth.
3020 4419 3089 4456 vn
3114 4445 3126 4467 ,
3170 4404 3224 4474 6)
3257 4425 3268 4459 :
3304 4408 3350 4462 si

1767 4503 1941 4548 tamen
1965 4493 2073 4561 jam
2101 4491 2200 4561 ipsi
2227 4506 2388 4546 canes
2417 4501 2471 4546 et
2496 4493 2642 4561 porci
2673 4508 2778 4546 non
2804 4509 3015 4559 sumus,
3059 4505 3111 4549 et
3134 4497 3201 4550 de
3237 4515 3351 4551 mo-

1765 4585 1882 4639 ritis
1916 4583 2210 4637 animarum
2243 4581 2514 4637 revelante
2541 4581 2739 4651 Spiritu
2765 4593 2951 4638 saneto
2971 4625 2985 4639 .
3017 4587 3242 4642 sublimo
3264 4590 3354 4644 ali-

1767 4675 1892 4746 quid
1919 4685 1971 4730 ct
2016 4691 2044 4728 a
2080 4675 2282 4745 vulgari
2321 4674 2624 4743 conjectura
2668 4677 3079 4733 remotissimum
3109 4722 3121 4744 ,
3175 4683 3255 4736 vel
3287 4700 3352 4738 ex

1767 4778 1916 4838 parte
1941 4776 2096 4837 atque
2123 4767 2174 4820 in
2204 4767 2480 4836 aenigmate
2508 4767 2858 4835 ευςρίρθιιιίιι.

1841 4861 1894 4913 ’2.
1925 4859 2036 4914 Non
2067 4861 2208 4915 enim
2237 4861 2524 4929 Apostolus
2552 4861 2652 4915 hoc
2679 4861 2794 4915 loco
2833 4871 3044 4919 sanctos
3085 4865 3357 4935 prohibuit

1769 4969 1800 5008 a
1829 4953 2115 5022 quaerendo
2139 4994 2152 5014 ,
2182 4951 2274 5005 sed
2324 4965 2417 5005 eos
2442 4952 2531 5020 qui
2579 4952 2813 5007 nondum
2845 4963 2969 5010 sunt
3004 4956 3056 5010 in
3097 4957 3358 5014 charitate

1771 5045 1990 5099 radicati
2038 5054 2089 5099 et
2139 5042 2372 5109 fundati,
2426 5052 2480 5097 ut
2507 5046 2712 5113 possint
2746 5049 3200 5117 comprehendere
3233 5067 3356 5107 cum

1773 5137 2020 5193 omnibus
2049 5136 2247 5190 sanctis
2276 5133 2608 5191 latitudinem
2630 5180 2644 5204 ,
2673 5138 3054 5208 longitudinem
3077 5184 3091 5208 ,
3120 5143 3359 5198 altitudi-

1778 5245 1898 5284 nem
1949 5237 2003 5283 et
2051 5227 2406 5298 profundum,
2438 5237 2492 5282 et
2537 5239 2731 5285 caetera
2758 5248 2878 5302 qua:
2922 5233 2973 5286 iu
3005 5233 3193 5289 eodem
3240 5235 3362 5290 loco

1776 5323 2081 5394 exsequitur
2110 5322 2324 5393 (Epltes.
2352 5338 2433 5386 Ill,
2460 5322 2528 5378 {8
2548 5365 2562 5390 ,
2601 5323 2708 5396 19).
2737 5325 2852 5380 Non
2877 5342 3006 5398 ergo
3035 5328 3304 5398 prohibuit
3332 5346 3362 5385 a

1824 5439 1857 5469 -ι
1882 5433 2046 5485 Florus
2070 5442 2120 5483 et
2148 5435 2303 5498 codex
2326 5437 2520 5498 Regius,
2539 5436 2712 5487 varios.

1841 5501 1862 5530 ²
1888 5506 1990 5547 Mss.
2010 5533 2024 5555 ,
2049 5497 2312 5560 infalsatos.

1841 5561 1862 5593 ³
1886 5567 1959 5608 Er.
1987 5569 2039 5610 ct
2058 5559 2189 5617 1.0m,
2214 5559 2433 5627 indignos
2463 5573 2550 5611 nos
2569 5566 2617 5611 et
2633 5559 2852 5626 inﬁrmos
2869 5577 2987 5615 esse.
3013 5565 3185 5624 Abest,
3204 5576 3319 5627 uos,
3339 5577 3370 5618 ιι

1779 5630 1875 5674 Rat.
1905 5631 1955 5672 ct.
1979 5632 2082 5672 Mss.
2102 5649 2162 5659 ——
2184 5623 2333 5683 Lugd.
2359 5631 2410 5672 et
2433 5632 2550 5673 Ven.
2577 5632 2631 5674 ut
2653 5623 2725 5674 Er.
2748 5634 2800 5674 et
2823 5633 2929 5674 Lov.
3000 5636 3052 5676 tt.

1842 5688 1862 5717 δ
1888 5693 1986 5756 nat.
2006 5697 2059 5737 et
2077 5683 2410 5756 Cistercieusis
2430 5688 2587 5756 codex
2608 5689 2850 5756 omittunt,
2867 5689 3052 5739 ὑαιαιιι.
3069 5687 3240 5739 Ceteri
3258 5687 3368 5751 fer.

1781 5756 1908 5807 Mssa,
1921 5746 2041 5806 loco,
2057 5748 2357 5812 pervenitur,
2373 5749 2580 5813 habent,
2599 5748 2877 5802 imitantur.

1844 5810 1917 5875 (a)

1865 5820 1917 5864 a)
1938 5820 2198 5864 Mamcnaai.
