3942 6416
544 353 613 413 ’11
1301 346 1391 403 DE
1428 341 1738 403 DIVERSIS
1773 339 2293 412 QUIESTIONIBUS
2331 340 2593 400 LXXXIII
2616 384 2632 413 ,
2672 343 2730 402 S.
2770 343 3136 404 AUGUSTINI
3739 356 3804 413 72

546 466 834 543 quaerendo
853 509 868 536 ,
894 466 986 540 qui
1009 466 1167 533 dicit,
1201 463 1497 538 Spiritualis
1518 474 1687 519 autem
1711 463 1881 517 omnia
1891 460 2126 532 judicat;

545 563 656 634 ipse
682 571 848 616 autem
872 577 908 614 α
929 559 1125 615 nemine
1137 557 1407 629 judicatur
1428 573 1447 611 :
1467 568 1519 611 et
1546 555 1674 611 illud
1706 555 1990 626 praecipue,
2022 551 2134 608 Nos

547 663 717 709 autem
748 670 849 708 non
875 652 1110 724 spiritum
1135 652 1286 723 hujus
1313 648 1489 704 mundi
1514 650 1825 721 accepimus,
1861 646 1948 702 sed
1983 647 2135 719 spiri-

549 757 655 803 tum
676 748 762 819 qui
785 763 847 802 ea:
871 745 979 802 Deo
1002 752 1073 800 est
1088 786 1104 810 .
1125 754 1183 799 ut
1207 744 1426 799 sciamus
1460 759 1573 815 qua:
1597 760 1629 796 a
1666 741 1776 797 Deo
1803 741 1989 795 donata
2017 749 2135 795 sunt

548 842 691 896 nobis
724 839 768 914 (l
792 838 909 894 Cor.
940 855 1010 902 ιι,
1043 837 1142 905 15,
1182 836 1292 909 12).
1329 836 1474 905 Quos
1511 850 1639 907 ergo
1682 833 1985 905 prohibuit,
2033 831 2134 886 nisi

546 934 720 991 luteos
748 941 905 1003 atque
947 939 1189 986 terrenos
1208 972 1223 995 ,
1249 930 1341 1000 qui
1373 928 1608 984 nondum
1637 927 1959 983 intrinsecus
1984 942 2136 997 rege-

547 1026 715 1082 nerati
741 1033 901 1101 atque
920 1023 1134 1089 nutriti,
1166 1022 1449 1093 imaginem
1473 1022 1614 1076 illius
1645 1021 1875 1075 hominis
1901 1027 2130 1090 portant,

547 1119 636 1191 qui
657 1117 862 1188 primus
893 1116 1064 1173 factus
1087 1116 1256 1172 estde
1284 1127 1424 1172 terra
1474 1125 1715 1171 terrenus
1761 1113 1782 1189 (
1813 1112 1899 1167 Id.
1926 1130 2012 1179 xv,
2044 1114 2134 1181 47,

546 1210 683 1281 49)?
712 1210 780 1265 Et
803 1210 924 1280 quia
946 1210 995 1265 ei
1025 1225 1055 1263 a
1085 1225 1191 1281 quo
1218 1208 1387 1265 factus
1413 1220 1525 1275 est,
1548 1208 1717 1263 noluit
1740 1207 2134 1278 obtemperare,

548 1301 602 1358 in
634 1302 686 1358 id
714 1303 897 1373 lapsus
921 1311 1003 1358 est
1036 1301 1178 1357 unde
1202 1302 1372 1358 factus
1392 1311 1505 1368 est,
1535 1302 1833 1371 meruitque
1858 1309 1978 1371 post
2007 1315 2135 1371 pec-

549 1405 724 1453 catum
750 1396 954 1463 audire,
982 1395 1144 1451 Terra
1167 1414 1239 1462 es,
1268 1406 1313 1451 et
1334 1397 1390 1451 in
1417 1405 1599 1450 terram
1622 1395 1717 1449 ibis
1738 1392 1890 1463 (Gen.
1914 1410 1991 1460 ιιι,
2021 1392 2133 1463 l9).

550 1489 769 1546 Talibus
796 1490 953 1560 igitur
993 1489 1297 1545 hominibus
1325 1488 1453 1544 dicit
1488 1487 1777 1558 Apostolus
1810 1504 1822 1539 :
1869 1484 1913 1540 0
1947 1485 2097 1540 homo
2118 1526 2135 1554 ,

550 1589 605 1636 tu
628 1583 737 1653 quis
757 1600 808 1638 es
830 1625 843 1648 ,
876 1585 960 1654 qui
982 1582 1287 1655 respondeas
1311 1580 1455 1635 Deo?
1483 1578 1747 1649 Numquid
1774 1578 1894 1632 dicit
1922 1578 2137 1649 ﬁgmen-

550 1684 657 1730 tum
698 1675 747 1729 ei
788 1675 874 1745 qui
911 1691 965 1729 se
1006 1676 1188 1744 ﬁnxit,
1238 1674 1408 1739 Quare
1434 1672 1506 1727 sic
1534 1688 1613 1726 me
1641 1671 1834 1742 fecisti?
1877 1669 2138 1739 Quamdiu

549 1782 678 1838 ergo
724 1767 1032 1838 ﬁgmentum
1078 1782 1175 1832 es,
1223 1764 1459 1821 nondum
1503 1762 1771 1835 perfectus
1810 1761 1985 1829 ﬁlius,
2016 1761 2140 1832 quia

551 1859 789 1914 nondum
816 1859 1036 1915 hausisti
1074 1857 1438 1929 plenissimam
1462 1855 1685 1927 gratiam
1711 1869 1814 1925 qua
1842 1853 1994 1909 nobis
2017 1851 2139 1906 data

551 1960 634 2007 est
662 1960 895 2021 potestas
923 1950 1063 2005 ﬁlios
1101 1950 1190 2005 Dei
1220 1948 1334 2004 ﬁeri
1371 1947 1549 2019 (Joan.
1578 1964 1629 2015 ι,
1672 1945 1761 2019 ιι)
1788 1989 1802 2012 ,
1832 1963 1938 2017 quo
1968 1945 2140 2015 possis

551 2045 735 2100 audire
755 2085 769 2109 ,
799 2043 921 2098 Jam
946 2061 1047 2098 non
1075 2043 1239 2097 dicam
1260 2059 1343 2096 vos
1366 2058 1531 2096 servos
1550 2082 1564 2107 ,
1590 2041 1677 2095 sed
1701 2039 1888 2094 amicos
1914 2036 2023 2108 (Id.
2047 2053 2135 2103 xv,

554 2136 667 2205 i5);
689 2145 743 2189 tu
770 2137 881 2206 quis
901 2153 983 2204 es,
1014 2135 1100 2206 qui
1120 2133 1425 2204 respondeas
1456 2132 1562 2187 Deo
1581 2174 1596 2199 ,
1621 2139 1675 2187 et
1706 2131 1838 2187 velis
1861 2130 1952 2185 Dei
1983 2143 2141 2185 nosse

551 2229 985 2300 consiliumiqui
1013 2229 1055 2284 si
1096 2226 1327 2283 hominis
1368 2226 1460 2281 tibi
1501 2224 1718 2295 aequalis
1756 2238 1919 2279 nosse
1946 2222 2143 2276 voluis-

551 2336 668 2387 ses,
702 2322 1037 2391 impudenter
1059 2318 1261 2375 faceres
1290 2319 1307 2350 ί
1327 2359 1342 2384 ,
1374 2318 1476 2373 nisi
1503 2318 1650 2389 prius
1671 2318 1722 2372 in
1744 2317 2030 2371 amicitiam
2058 2330 2142 2370 re-

552 2416 825 2486 cipereris.
855 2416 1003 2469 Sicut
1042 2427 1170 2481 ergo
1214 2412 1540 2481 portavimus
1584 2410 1867 2480 imaginem
1906 2408 2137 2474 terreni,

551 2517 826 2578 portemus
882 2514 937 2559 et
981 2503 1263 2573 imaginem
1313 2502 1546 2556 caelestis
1598 2499 1654 2572 (Ι
1703 2500 1821 2554 Cor.
1876 2517 1983 2569 xv,
2022 2501 2139 2571 49),

552 2608 809 2655 exuentes
840 2612 936 2651 nos
962 2605 1198 2651 veterem
1237 2594 1507 2648 hominem
1542 2602 1597 2648 et
1624 2593 1908 2650 induentes
1946 2608 2142 2650 novum

553 2692 774 2768 (Coloss.
808 2708 893 2759 ιιι,
927 2688 1137 2762 9,10),
1164 2698 1220 2744 ιιι
1255 2704 1357 2744 non
1389 2688 1595 2743 dicatur
1619 2687 1771 2743 nobis
1807 2688 1959 2759 quasi
1996 2686 2142 2743 luteo

553 2785 805 2860 ﬁgmento
834 2803 848 2840 :
882 2782 1147 2853 Numquid
1175 2781 1295 2845 dicit
1330 2781 1623 2853 ﬁgmentum
1661 2779 1708 2835 ei
1745 2779 1832 2851 qui
1872 2794 1924 2833 se
1950 2778 2139 2848 ﬁnxit,

557 2876 727 2947 Quare
747 2893 825 2931 me
851 2876 922 2930 sic
942 2873 1145 2947 fecisti?

624 2971 680 3027 5.
715 2970 782 3026 Ει
803 2978 863 3025 ιιι
889 2967 1225 3023 manifestum
1257 2966 1359 3031 sit,
1388 2980 1495 3020 non
1537 2963 1870 3021 sanctiﬁcata
1899 2964 2139 3035 spiritui,

553 3062 651 3120 sed
694 3062 891 3118 carnali
934 3061 1045 3116 luto
1086 3060 1185 3114 ista
1229 3058 1370 3125 dici,
1411 3055 1534 3111 vide
1572 3055 1699 3126 quid
1739 3056 2014 3125 sequitur:
2041 3055 2144 3110 Aut

554 3175 657 3213 non
685 3156 830 3211 habet
858 3163 1148 3227 potestatem
1166 3150 1353 3223 ﬁgulus
1379 3149 1474 3204 luti
1507 3148 1752 3204 emendem
1791 3149 2144 3218 conspersions

554 3250 722 3324 facere
745 3247 890 3302 aliud
916 3246 1117 3319 quidem
1145 3260 1232 3299 uas
1259 3244 1311 3297 in
1338 3242 1606 3307 honorem,
1635 3239 1778 3294 aliud
1805 3240 1858 3293 in
1884 3248 2144 3294 contume-

555 3343 676 3399 liam
703 3342 879 3413 (Rom.
915 3356 987 3407 ιιι,
1016 3337 1146 3409 21)?
1176 3337 1250 3391 Ex
1279 3350 1385 3406 quo
1412 3350 1539 3405 ergo
1576 3333 1630 3387 in
1668 3332 1913 3403 paradiso
1954 3341 2142 3388 natura

484 3448 491 3457 ‘
554 3446 735 3491 nostra
764 3430 1034 3503 peccavit,
1085 3430 1152 3484 ab
1199 3426 1387 3483 eadem
1422 3425 1598 3481 divina
1647 3424 2144 3493 providentia,non

554 3525 847 3584 secundum
872 3523 1089 3587 cmlum,
1116 3520 1209 3578 scd
1236 3517 1528 3575 secundum
1555 3527 1751 3572 terram
1770 3557 1786 3581 ,
1820 3516 1871 3570 id
1896 3526 2008 3583 est,
2036 3532 2142 3571 non

555 3619 845 3676 secundum
882 3616 1158 3686 spiritum,
1197 3612 1291 3667 sed
1339 3610 1632 3666 secundum
1674 3624 1890 3664 carnem
1931 3611 2144 3666 mortali

554 3710 898 3784 generatione
928 3706 1241 3767 formamur,
1267 3710 1323 3758 et
1347 3716 1535 3757 omnes
1559 3716 1663 3756 una
1689 3716 1863 3757 massa
1891 3702 1986 3756 luti
2020 3700 2144 3757 facti

556 3818 762 3867 sumus,
792 3797 933 3870 quod
960 3805 1042 3852 est
1072 3809 1248 3850 massa
1279 3793 1503 3863 peccati.
1548 3792 1680 3847 Cum
1723 3807 1853 3863 ergo
1895 3794 2143 3848 meritum

558 3894 829 3969 peccando
844 3890 1200 3953 amiserimus,
1220 3896 1274 3942 et
1292 3884 1654 3941 misericordia
1681 3886 1774 3939 Dei
1792 3896 1990 3942 remota
2009 3887 2144 3942 nihil

556 3989 701 4047 aliud
747 3985 1087 4059 pecmntibus
1136 3982 1237 4037 nisi
1286 3989 1485 4035 aeterna
1534 3978 1803 4035 damnatio
1851 3978 2142 4048 debeatur,

559 4082 685 4156 quid
729 4080 829 4135 sibi
872 4078 985 4133 vult
1027 4079 1186 4131 homo
1226 4073 1296 4129 de
1334 4073 1435 4129 hac
1462 4086 1658 4138 massa,
1687 4080 1745 4126 ut
1779 4071 1889 4126 Deo
1917 4086 2142 4142 reSpon-

561 4176 687 4235 deat
714 4183 769 4231 et
805 4173 965 4235 dieat,
996 4170 1165 4238 Quare
1186 4183 1264 4222 me
1289 4168 1362 4222 sic
1384 4166 1589 4237 fecisti?
1622 4164 1681 4222 Si
1709 4164 1791 4219 vis
1820 4164 1919 4219 ista
1947 4180 2147 4234 cogno-

561 4285 734 4338 scere,
757 4267 865 4323 noli
891 4279 1013 4322 esse
1036 4263 1230 4328 lutum,
1253 4261 1347 4316 sed
1364 4259 1579 4316 efﬁcere
1607 4258 1748 4313 ﬁlius
1777 4258 1867 4314 Dei
1891 4274 1985 4329 per
2005 4258 2145 4314 illius

561 4360 1017 4424 misericordiam,
1058 4357 1155 4428 qui
1191 4355 1339 4411 dedit
1381 4361 1693 4424 potestatem
1729 4352 1867 4409 ﬁlios
1895 4352 1989 4407 Dei
2031 4353 2146 4408 ﬁeri

561 4456 900 4516 eredentihus
924 4456 976 4508 in
1008 4450 1223 4507 nomine
1249 4448 1400 4519 eius;
1427 4463 1533 4501 non
1559 4455 1734 4502 autem
1756 4488 1771 4511 ,
1802 4447 1943 4518 quod
1974 4457 2027 4501 tu
2056 4462 2149 4503 cu-

560 4551 679 4623 pis,
720 4559 1003 4617 antequam
1048 4542 1301 4609 credant,
1340 4539 1518 4595 divina
1562 4554 1721 4594 nosse
1741 4540 2075 4607 cupientibus
2101 4542 2144 4594 ¹.

561 4642 765 4699 Merces
794 4639 934 4695 enim
973 4635 1289 4706 cognitionis
1326 4633 1529 4688 meritis
1568 4631 1841 4697 redditur;
1881 4632 2151 4689 credendo

559 4748 739 4795 autem
759 4734 1003 4788 meritum
1019 4738 1373 4797 comparatur.
1396 4726 1511 4795 Ipsa
1530 4736 1703 4780 autem
1718 4727 1883 4796 gratia
1896 4741 2013 4797 qum
2025 4726 2145 4781 data

563 4840 645 4888 est
671 4846 765 4900 per
783 4828 959 4886 ﬁdem,
978 4822 1136 4877 nullis
1150 4822 1350 4876 nostris
1370 4821 1574 4875 meritis
1591 4820 2012 4890 praecedentibus
2025 4821 2146 4874 data

563 4934 665 4979 εει.
686 4918 837 4986 Quod
865 4926 947 4971 est
972 4916 1112 4969 cutim
1138 4914 1384 4969 meritum
1412 4914 1708 4983 peccatoris
1727 4922 1781 4967 et
1804 4912 1983 4982 impii?
2002 4911 2149 4967 Chri-

563 5025 679 5074 stus
716 5021 892 5068 autem
934 5025 1028 5080 pro
1068 5009 1245 5076 impiis
1286 5017 1340 5063 et
1378 5006 1747 5078 peccatoribus
1783 5018 2022 5062 mortuus
2066 5018 2149 5063 est

564 5107 676 5185 (Id.
703 5123 756 5173 v,
785 5106 865 5176 6),
895 5113 951 5159 ut
976 5102 1042 5157 ad
1069 5100 1392 5157 credendum
1428 5114 1533 5155 non
1573 5099 1798 5165 merito,
1842 5099 1934 5154 sed
1980 5101 2149 5170 gratia

562 5212 897 5261 vocaremur,
927 5193 1199 5251 credendo
1226 5200 1403 5247 autem
1430 5191 1592 5246 etiam
1636 5190 1882 5245 meritum
1916 5192 2147 5248 colloca-

562 5306 745 5350 remus
765 5289 807 5342 ⁸.
828 5288 1143 5345 Peccatores
1171 5285 1328 5355 igitur
1347 5282 1568 5338 credere
1589 5281 1861 5351 jubentur,
1883 5292 1943 5338 ut
1966 5299 1993 5336 a
2021 5300 2148 5355 pec-

564 5384 698 5445 catis
725 5380 995 5440 credendo
1016 5387 1306 5451 purgentur
1331 5374 1374 5429 ⁸.
1403 5374 1657 5430 Nesciunt
1682 5374 1825 5428 enim
1854 5374 1981 5445 quid
2002 5385 2149 5433 recte

628 5537 647 5571 ί
672 5542 772 5586 ttat.
800 5540 853 5584 et
873 5540 980 5601 tuss.
997 5528 1221 5601 plerique
1245 5565 1258 5589 ,
1284 5525 1613 5601 imprudenter
1637 5528 1839 5601 faceres.

550 5648 555 5655 ρ
626 5601 650 5634 s
672 5606 846 5648 meum
876 5590 1020 5644 istum
1041 5592 1110 5661 ad.
1124 5590 1227 5640 tias.
1253 5590 1563 5661 corrigimus,
1588 5590 1736 5661 quetn
1752 5590 1939 5661 si.lis_in
1958 5596 2151 5661 excusis

563 5663 779 5715 vidimus
799 5663 1076 5727 οοιτυρωφ
1098 5654 1249 5727 ῃοροο
1271 5653 1415 5727 φῳο
1438 5666 1450 5701 :
1478 5661 1581 5727 non
1597 5653 1740 5724 enim,
1911 5660 1963 5707 tu
1983 5656 2149 5722 cupis,

562 5714 817 5787 suaequam
837 5714 1058 5779 credant,
1078 5714 1241 5768 divina
1266 5714 1410 5765 datur
1431 5726 1566 5766 nosse

650 5785 862 5848 ’Aliquot
884 5790 1010 5843 Mss,
1028 5790 1437 5848 compararegnus.
1479 5840 1489 5848 _
1575 5839 1586 5848 _
1846 5846 1851 5848 ί

627 5848 653 5883 δ
671 5839 852 5902 nov’em
872 5839 1005 5913 uss,
1019 5848 1068 5901 et
1088 5856 1122 5901 α
1136 5839 1350 5909 me
1370 5839 1617 5903 mm
1645 5846 1936 5917 parmae.)

2242 464 2469 520 vivendo
2488 464 2652 519 visuri
2682 465 2808 521 sint.
2841 466 3173 538 Quapropter
3196 480 3315 523 cum
3348 464 3528 521 videre
3560 482 3661 522 non
3688 483 3799 538 pos-

2239 555 2379 623 sint,
2407 556 2509 612 nisi
2532 567 2678 614 recte
2708 558 2916 626 vivant,
2947 576 3045 614 nec
3071 572 3213 615 reete
3240 576 3417 614 Vivere
3444 560 3650 615 valeant
3669 602 3682 626 ,
3712 563 3800 617 nisi

2240 650 2491 715 credant;
2521 651 2858 721 manifestum
2891 660 2974 707 est
3001 668 3030 706 a
3059 652 3161 708 ﬁde
3188 652 3566 722 incipiendum,
3595 664 3651 709 ut
3676 670 3801 723 pra:-

2240 748 2390 810 cepta
2429 742 2617 812 quibus
2645 742 2924 800 credentes
2950 760 2979 799 a
3006 744 3200 800 saeculo
3228 744 3329 799 hoc
3356 754 3680 812 avertuntur,
3712 762 3795 803 cor

2242 834 2497 889 mundum
2529 834 2754 901 faciant,
2781 837 2868 891 ubi
2911 837 3080 891 videri
3118 838 3257 891 Deus
3298 846 3485 907 possm.
3512 835 3651 891 Beati
3675 839 3805 894 enim

2242 928 2430 982 mundo
2456 929 2635 995 corde,
2663 930 2782 999 quia
2815 931 2914 1001 ipsi
2945 929 3109 985 Deum
3138 932 3369 985 videbunt
3397 930 3611 1003 (Matth.
3638 949 3690 997 v,
3712 933 3761 1004 8)
3789 952 3801 989 :

2243 1028 2297 1075 et
2319 1037 2411 1090 per
2436 1022 2762 1092 prophetiam
2789 1024 2808 1054 ¹
2834 1025 3062 1093 canitur,
3086 1023 3153 1079 In
3175 1027 3493 1096 simplicitate
3508 1026 3668 1080 cordis
3686 1043 3806 1097 qua:-

2242 1113 2337 1168 rite
2358 1112 2506 1167 illum
2532 1115 2685 1187 (Sap.
2717 1132 2754 1180 ι,
2788 1116 2863 1188 1).
2894 1117 3228 1187 Quapropter
3258 1128 3402 1174 recte
3431 1118 3624 1172 dicitur
3654 1120 3807 1174 homi-

2243 1205 2399 1260 nibus
2424 1206 2474 1260 in
2505 1216 2769 1263 vetustate
2795 1209 2917 1263 vitae
2957 1211 3292 1264 manentibus
3312 1253 3325 1273 ,
3361 1222 3413 1265 et
3440 1222 3712 1279 prepterea
3742 1221 3810 1266 tc-

2244 1300 2534 1356 nebrosum
2579 1302 2791 1356 oculum
2839 1302 3030 1357 anima:
3075 1304 3421 1371 gerentibus:
3456 1303 3500 1358 0
3546 1304 3721 1370 homo,
3764 1314 3810 1359 tu

2243 1394 2354 1465 quis
2373 1411 2444 1460 es,
2470 1395 2555 1465 qui
2582 1395 2885 1465 respondeas
2914 1395 3062 1451 Deo?
3087 1395 3354 1467 Numquid
3382 1398 3503 1451 dicit
3530 1398 3807 1469 ﬁgmentum

2245 1488 2289 1540 ei
2314 1489 2399 1555 qui
2421 1504 2474 1542 se
2502 1488 2669 1557 ﬁnxit,
2702 1488 2872 1556 Quare
2897 1506 2975 1543 me
2996 1490 3069 1544 sic
3090 1491 3285 1561 fecisti?
3312 1492 3410 1544 Aut
3440 1509 3539 1545 non
3567 1493 3705 1545 habet
3733 1510 3811 1561 po-

2244 1586 2466 1632 testatem
2495 1580 2683 1651 ﬁgulus
2707 1581 2803 1635 luti
2827 1598 2889 1636 ea:
2919 1582 3093 1636 eadem
3117 1586 3467 1654 conspersione
3492 1587 3655 1655 facere
3686 1584 3814 1638 aliud

2244 1670 2442 1739 quidem
2459 1685 2545 1724 vas
2567 1671 2621 1724 in
2646 1671 2902 1739 honorem,
2930 1672 3074 1727 aliud
3097 1675 3149 1727 in
3169 1677 3562 1729 contumeliam?
3582 1676 3814 1746 Expurga

2244 1772 2395 1820 vetus
2423 1766 2760 1833 fermentum,
2783 1778 2841 1821 ut
2868 1768 2941 1823 sis
2972 1783 3105 1823 nova
3130 1771 3443 1840 conspersio
3462 1771 3502 1841 (Ι
3525 1770 3642 1828 Cor.
3672 1787 3722 1837 v,
3746 1771 3813 1840 7),

2247 1864 2302 1909 et
2327 1856 2380 1910 in
2411 1871 2472 1911 ea
2513 1857 2625 1926 ipsa
2657 1873 2762 1913 non
2807 1859 2983 1915 adhuc
3022 1861 3272 1931 parvulus
3298 1862 3350 1915 in
3380 1863 3591 1917 Christo
3615 1872 3674 1916 ut
3696 1862 3818 1917 lacte

2247 1947 2509 2017 potandus
2539 1948 2614 2004 sis
2643 1949 2752 2018 (Id.
2775 1967 2853 2017 ιιι,
2884 1951 2938 2022 2)
2963 1969 2977 2018 ;
3006 1956 3098 2007 sed
3128 1954 3344 2023 perveni
3371 1953 3436 2007 ad
3461 1955 3631 2008 virum
3660 1953 3814 2023 perita

2246 2049 2411 2108 ctum,
2435 2050 2495 2096 ut
2520 2043 2595 2096 sis
2622 2043 2761 2097 inter
2792 2044 2913 2099 illos
2950 2045 3017 2099 de
3055 2045 3248 2115 quibus
3271 2046 3484 2111 dicitur,
3517 2045 3819 2115 Sapientiam

2248 2133 2501 2204 loquimur
2520 2134 2651 2189 inter
2675 2138 2922 2208 perfectos
2948 2135 3055 2207 (Id.
3082 2153 3150 2201 ιι,
3179 2137 3255 2206 6).
3284 2137 3324 2189 Τ
3331 2153 3419 2191 ιιιιι
3445 2137 3658 2190 demum
3691 2149 3820 2192 recte

2247 2234 2302 2280 et
2326 2243 2432 2281 non
2472 2237 2796 2297 praepostere
2838 2228 3054 2295 audies,
3083 2229 3127 2282 si
3153 2243 3253 2299 qua
3285 2238 3408 2283 sunt
3435 2228 3500 2282 de
3539 2229 3819 2284 animarum

2248 2317 2620 2372 occultissimis
2647 2319 2878 2385 meritis,
2910 2331 2964 2375 et
2985 2320 3052 2375 de
3070 2321 3238 2391 gratia
3267 2322 3347 2377 vel
3363 2322 3599 2391 justitia,
3633 2333 3818 2378 secreta

2249 2410 2630 2479 omnipotentis
2658 2410 2770 2464 Dei.

2317 2504 2371 2557 4.
2412 2502 2544 2558 Nam
2575 2504 2641 2559 de
2672 2504 2949 2561 Pharaone
2978 2504 3132 2561 facile
3158 2507 3534 2575 respondetur,
3570 2509 3820 2579 prioribus

2250 2598 2456 2653 meritis
2493 2599 2685 2668 quibus
2722 2598 2999 2653 al‘llixitin
3029 2617 3192 2671 regno
3240 2617 3338 2658 suo
3382 2605 3727 2673 peregrinos,
3752 2602 3823 2657 die

2247 2705 2404 2761 gnum
2433 2692 2683 2747 eﬁectum
2712 2694 2797 2747 cui
2828 2693 3184 2749 obduraretur
3229 2711 3342 2762 cor,
3375 2706 3434 2752 ut
3473 2714 3577 2752 nec
3617 2698 3824 2753 manife-

2247 2782 2499 2837 stissimis
2520 2783 2686 2854 signis
2706 2783 2942 2853 jubentis
2962 2786 3056 2839 Dei
3072 2786 3318 2842 crederet
3340 2789 3383 2842 '.
3404 2788 3480 2842 Ex
3504 2790 3691 2844 eadem
3711 2803 3825 2859 ergo

2247 2889 2445 2942 massa,
2480 2874 2531 2929 id
2560 2885 2662 2942 est,
2695 2887 3051 2945 peccatorum,
3084 2887 3142 2934 et
3170 2896 3294 2936 vasa
3325 2882 3701 2937 misericordiae
3725 2897 3828 2951 pro-

2248 2967 2390 3032 tulit,
2420 2968 2615 3038 quibus
2640 2969 2977 3034 subveniret,
3007 2986 3128 3025 cum
3155 2987 3278 3026 eum
3307 2972 3722 3042 deprecarentur
3743 2972 3827 3028 ﬁlli

2247 3057 2444 3125 lsrael;
2474 3069 2525 3113 et
2554 3073 2680 3112 vasa
2707 3058 2831 3126 ine,
2864 3075 3090 3129 quorum
3118 3062 3378 3131 supplicio
3413 3064 3533 3119 illos
3572 3065 3824 3131 erudiret,

2247 3151 2302 3207 id
2350 3160 2466 3218 est,
2513 3150 2846 3206 Pharaonem
2887 3160 2939 3206 et
2985 3154 3234 3224 populum
3269 3154 3420 3225 ejus:
3446 3156 3569 3227 quia
3601 3156 3827 3228 quamvis

2249 3250 2431 3298 essent
2460 3242 2671 3312 utrique
2695 3252 3025 3313 peccatores,
3045 3255 3100 3301 et
3128 3256 3405 3316 propterea
3428 3248 3493 3303 ad
3518 3265 3679 3303 uuam
3701 3262 3828 3303 inas-

2249 3352 2365 3393 sam
2406 3337 2755 3408 pertinerent,
2777 3338 2935 3391 aliter
2963 3348 3136 3393 tamen
3164 3340 3422 3394 tractandi
3453 3350 3609 3396 erant
3630 3341 3717 3412 qui
3746 3340 3825 3394 uni

2248 3428 2360 3484 Deo
2418 3427 2785 3499 ingenuerant.
2844 3426 3061 3482 Pertulit
3110 3445 3238 3499 ergo
3282 3432 3335 3485 in
3390 3434 3553 3488 multa
3601 3433 3828 3505 patientis

2248 3539 2369 3577 uasa
2403 3523 2526 3588 iraa,
2564 3538 2678 3593 qua:
2708 3525 2927 3593 perfecta
2967 3532 3084 3576 sunt
3138 3523 3191 3574 in
3242 3525 3591 3592 perditionem.
3656 3527 3722 3581 Et
3769 3538 3828 3580 eo

2248 3614 2367 3686 ipso
2417 3630 2522 3686 quo
2560 3615 2670 3681 ait,
2723 3615 2775 3667 in
2813 3615 2970 3668 multa
3030 3614 3300 3684 patientia,
3348 3619 3476 3672 satis
3520 3618 3830 3690 signiﬁcavit

2249 3706 2425 3777 priora
2452 3721 2637 3761 eorum
2664 3715 2879 3777 peccata
2898 3747 2914 3772 ,
2946 3706 2995 3759 in
3038 3706 3228 3775 quibus
3259 3723 3353 3763 eos
3381 3696 3631 3779 pertulit;
3661 3721 3715 3765 ut
3739 3726 3829 3780 op-

2248 3807 2474 3868 portune
2511 3807 2638 3852 tunc
2677 3796 2997 3859 vindicaret,
3030 3798 3241 3868 quando
3265 3799 3330 3853 de
3360 3801 3567 3855 illorum
3610 3804 3830 3857 vindicta

2249 3889 2665 3945 subveniendum
2702 3898 2816 3943 erat
2852 3888 2934 3943 his
2966 3891 3055 3960 qui
3105 3891 3481 3947 liberabantur.
3511 3894 3577 3947 Et
3603 3906 3659 3948 ut
3697 3907 3831 3951 notas

2249 3987 2430 4056 faceret
2472 3983 2671 4037 divitias
2712 3983 2889 4054 gloria;-
2925 4000 3032 4038 sua:
3067 3985 3120 4038 in
3154 4001 3277 4039 uasa
3314 3988 3696 4055 misericordiaz,
3727 4004 3832 4062 qua!

2250 4076 2550 4146 prazparavit
2593 4076 2646 4127 in
2687 4074 2923 4145 gloriam.
2976 4076 3070 4130 llic
3114 4074 3340 4133 fortasse
3382 4080 3730 4137 conturbatus
3771 4080 3830 4136 ad

2249 4168 2394 4223 illam
2426 4168 2773 4237 quaestionem
2807 4167 2979 4233 redis,
3003 4166 3163 4237 Cujus
3188 4170 3292 4222 uult
3322 4170 3601 4237 miseretur,
3626 4183 3674 4227 et
3696 4187 3832 4245 quem

2249 4259 2353 4313 uult
2395 4257 2628 4312 obdurat.
2665 4257 2801 4323 Quid
2841 4258 3008 4311 adhuc
3049 4261 3409 4328 conqueritur?
3437 4262 3681 4317 voluntati
3707 4265 3830 4317 enim

2249 4352 2359 4424 ejus
2380 4352 2492 4418 quis
2514 4352 2697 4431 resistit
2725 4349 2899 4423 (Rom.
2928 4367 2983 4406 ix
3003 4394 3017 4417 ,
3046 4350 3264 4424 ιιι-ιδῃ
3292 4353 3519 4409 Prorsus
3545 4356 3695 4427 cujus
3727 4355 3831 4410 vult

2253 4446 2557 4511 miseretur,
2591 4454 2647 4499 et
2685 4460 2840 4514 quem
2871 4445 2985 4497 vult
3025 4445 3279 4510 obdurat;
3320 4447 3413 4501 sed
3459 4448 3572 4503 lnec
3598 4451 3830 4504 voluntas

2253 4540 2345 4594 Dei
2378 4539 2570 4608 injusta
2598 4552 2717 4593 esse
2753 4554 2859 4592 non
2890 4546 3082 4605 potest.
3112 4539 3265 4593 Venit
3291 4543 3430 4594 enim
3459 4542 3526 4597 de
3548 4544 3832 4598 occultissi-

2254 4628 2354 4683 mis
2398 4627 2643 4690 meritis;
2700 4627 2819 4697 quia
2864 4638 2917 4681 et
2962 4628 3055 4695 ipsi
3100 4640 3403 4697 peccatores
3448 4647 3568 4687 cum
3627 4644 3831 4704 propter

2252 4722 2499 4794 generale
2527 4731 2801 4792 peccaturo
2827 4737 2983 4775 unam
3007 4737 3232 4777 massam
3267 4726 3505 4792 fecerint,
3536 4738 3829 4783 nontamen

2254 4814 2395 4869 nulla
2426 4824 2507 4869 est
2547 4816 2683 4868 inter
2708 4814 2829 4868 illos
2851 4814 3151 4870 diversitas.
3182 4817 3434 4874 Praecedit
3480 4836 3608 4892 ergo
3643 4817 3831 4892 aliquid

2254 4908 2307 4963 in
2337 4908 2723 4977 peccatoribus,
2752 4925 2857 4978 quo
2882 4911 3121 4977 quamvis
3145 4912 3377 4966 nondum
3407 4913 3511 4967 sint
3532 4914 3825 4983 jnstiﬁcati,

2253 5000 2394 5071 digni
2442 5000 2741 5055 efﬁciantur
2776 5000 3178 5069 justilicatione;
3226 5014 3281 5059 et
3318 5006 3441 5061 item
3487 5007 3735 5076 praecedit
3780 5005 3828 5059 in

2256 5094 2375 5148 aliis
2402 5095 2765 5163 peccatoribus
2808 5111 2915 5166 quo
2956 5095 3100 5167 digni
3145 5098 3254 5152 sint
3294 5100 3574 5155 obtusiOne
3598 5100 3640 5153 ³.
3666 5098 3832 5155 Habes

2255 5184 2499 5240 eumdem
2521 5186 2816 5253 apostolum
2843 5186 2965 5241 alibi
2989 5186 3275 5253 dicentem,
3306 5189 3556 5257 Quoniam
3587 5207 3687 5245 non
3715 5203 3829 5263 pro-

2257 5280 2491 5332 baverunt
2516 5277 2679 5332 Deum
2707 5279 2888 5334 habere
2907 5280 2961 5334 in
2990 5281 3186 5347 notitia,
3209 5281 3347 5337 dedit
3376 5283 3493 5339 illos
3518 5282 3655 5339 Deus
3677 5284 3727 5337 in
3752 5298 3802 5336 re

2258 5368 2466 5441 probum
2479 5385 2677 5424 sensum
2692 5370 2862 5440 (Rom.
2879 5386 2917 5437 ι,
2933 5371 3047 5441 28).
3066 5372 3217 5439 Quod
3229 5388 3323 5429 eos
3333 5373 3477 5429 dedit
3488 5375 3539 5430 in
3553 5373 3827 5445 reprobum

2255 5477 2492 5526 sensum,
2515 5461 2617 5517 hoc
2644 5473 2744 5525 est,
2767 5463 2907 5535 quod
2934 5464 3198 5520 induravit
3221 5482 3315 5521 cor
3333 5466 3622 5522 Pharaonis
3643 5450 3826 5539 (Exhd.

2321 5597 2340 5664 ξ
2364 5603 2474 5646 Mss.
2498 5595 2739 5664 plerique,
2763 5603 2817 5664 Et
2832 5610 2917 5664 per
2936 5597 3232 5664 prophetam.

2257 5661 2467 5776 ἀϐἰειῖιιο
2624 5658 2702 5711 hic
2718 5668 2770 5711 et
2796 5658 2950 5722 intra,
2974 5658 3092 5723 οἰδ,
3120 5676 3210 5726 pro
3228 5698 3243 5727 ,
3266 5662 3512 5727 crederet,
3536 5664 3732 5724 habent,
3754 5672 3825 5711 ce-

2271 5785 2471 5902 ὡς,ῗὲ
2500 5789 2553 5836 et
2571 5790 2700 5848 Mss,
2723 5784 3015 5840 obtunsione.
3035 5792 3089 5842 Et
3117 5788 3258 5856 intra,
3281 5788 3592 5857 obtunsiouis,
3610 5800 3723 5855 pro,
3740 5779 3824 5840 ω.
