3942 6416
162 297 222 356 13

184 414 396 491 udi):
423 414 573 489 quod
601 426 813 473 autem
865 419 951 474 illi
990 432 1106 474 non
1148 415 1482 489 probaverunt
1506 414 1671 471 Deum
1701 416 1797 470 ba-

198 512 317 569 bere
332 510 391 565 in
415 510 625 572 notitia.
652 508 773 565 hoc
792 520 907 575 est,
944 508 1096 580 quod
1113 507 1245 579 digni
1264 506 1580 563 exstiterunt
1602 506 1691 577 qui
1708 506 1802 562 da-

213 614 383 661 rentur
404 602 453 656 in
482 601 779 671 reprobum
811 615 1069 655 sensum.

280 699 330 751 5.
366 694 559 751 Tamen
588 708 786 746 verum
827 701 916 746 est
945 690 1069 761 quia
1114 706 1213 744 non
1254 688 1461 744 volentis
1494 705 1650 758 neque
1679 705 1799 742 cur-

215 787 389 851 ratis,
433 784 520 836 sed
568 783 862 835 alimentis
908 791 983 835 est
1023 779 1124 833 Dei
1170 778 1338 851 (Rom.
1386 794 1462 842 ix,
1511 777 1620 847 ib).
1666 778 1799 845 Quia

212 877 408 931 etiamsi
431 875 729 930 levioribus
748 873 979 944 quisque
1006 871 1258 943 peccatis,
1275 876 1365 925 aut
1387 880 1535 925 certe
1558 869 1801 940 quamvis

214 970 536 1042 gravioribus
558 977 615 1023 et
643 968 857 1031 multis,
890 978 1068 1020 tamen
1100 978 1291 1034 magno
1314 964 1519 1032 gemitu
1538 972 1591 1016 et
1617 962 1799 1018 dolore

220 1060 526 1130 paenitendi.
550 1056 917 1113 misericordia
944 1055 1040 1111 Dei
1069 1056 1259 1125 dignus
1285 1053 1463 1121 fuerit,
1498 1070 1602 1110 non
1633 1054 1800 1122 ipsius

218 1162 325 1217 est,
346 1151 425 1221 qui
446 1150 489 1204 si
513 1149 926 1219 relinqueretur,
957 1146 1220 1208 interiret,
1243 1145 1335 1199 sed
1362 1144 1663 1199 miserentis
1682 1145 1795 1210 Dei,

214 1245 306 1311 qui
329 1243 441 1311 ejus
477 1241 729 1313 precibus
764 1238 1144 1307 doloribusque
1186 1237 1451 1291 subvenit.
1491 1237 1681 1291 Parum
1715 1246 1798 1292 est

210 1335 354 1389 enim
407 1334 547 1387 velle
576 1372 595 1399 ,
639 1331 742 1386 nisi
799 1331 938 1386 Deus
975 1330 1292 1385 misereatur
1319 1345 1333 1382 :
1361 1328 1457 1384 sed
1500 1329 1641 1384 Deus
1683 1346 1790 1385 non

209 1426 515 1489 miseretur,
540 1423 629 1492 qui
654 1422 720 1475 ad
756 1436 936 1491 pacem
962 1429 1149 1486 vocat,
1176 1420 1277 1474 nisi
1306 1419 1551 1475 voluntas
1571 1435 1796 1489 prmces-

207 1517 343 1570 serit
366 1514 475 1588 (a);
504 1515 625 1584 quia
653 1514 705 1567 ill
732 1524 867 1567 terra
889 1528 988 1581 pax
1010 1511 1314 1566 hominibus
1333 1511 1489 1566 bona:
1511 1512 1796 1567 voluntatis

210 1608 362 1681 (Lac.
394 1625 459 1671 ll,
510 1608 620 1678 lt).
651 1607 720 1661 Et
758 1606 1005 1676 quoniam
1047 1620 1148 1660 nec
1184 1604 1322 1660 velle
1370 1605 1650 1675 quisquam
1700 1621 1795 1675 po-

154 1718 157 1721 ν
207 1708 345 1761 tat.
385 1700 486 1753 nisi
535 1698 836 1753 admonitus
879 1704 936 1751 et
977 1704 1231 1759 vocatus,
1275 1696 1387 1749 sive
1439 1694 1791 1763 intrinsecus,

207 1788 303 1842 ubi
332 1790 505 1842 nullos
524 1788 794 1843 hominum
824 1786 969 1841 videt
987 1827 1003 1850 ,
1045 1786 1161 1841 sive
1201 1786 1531 1841 extrinsecus
1557 1801 1651 1856 per
1674 1801 1793 1842 ser-

206 1894 425 1934 monem
467 1889 784 1944 sonantem,
830 1888 922 1932 aut
962 1893 1058 1945 per
1103 1877 1278 1947 aliqua
1332 1878 1481 1947 signa
1527 1878 1789 1946 visibilia;

205 1968 443 2024 efﬁcitur
466 1981 523 2025 ut
552 1971 709 2025 etiam
744 1971 910 2038 ipsum
952 1968 1088 2024 velle
1119 1969 1258 2023 Deus
1281 1979 1535 2039 operetur
1555 1972 1605 2025 in
1639 1970 1817 2045 nobis'

207 2057 559 2131 (Philipp.il,
584 2060 790 2129 15).Δύ
813 2059 946 2113 illam
968 2060 1113 2113 enim
1144 2074 1381 2127 orenam,
1413 2075 1571 2131 quam
1604 2060 1791 2116 Domi-

212 2166 326 2205 nus
358 2150 484 2205 dicit
522 2151 574 2203 in
610 2151 880 2221 Evangelio
912 2160 1253 2219 pra-paratam
1275 2192 1291 2218 ,
1331 2167 1432 2207 nec
1470 2167 1657 2213 omnes
1700 2153 1790 2224 qui

208 2243 394 2296 vocati
416 2251 573 2305 sunt,
607 2243 785 2296 venire
826 2242 1133 2307 voluerunt;
1181 2257 1353 2312 neque
1393 2242 1465 2298 illi
1502 2244 1592 2314 qui
1624 2259 1787 2300 vene-

201 2344 354 2397 runt,
388 2334 569 2388 venire
598 2333 831 2403 possent,
860 2332 958 2386 nisi
1001 2344 1320 2388 vocarentur
1358 2334 1511 2404 (Luc.
1540 2350 1629 2389 Juv
1652 2376 1668 2401 ,
1697 2336 1791 2393 i6-

200 2422 317 2497 26).
353 2423 531 2493 Itaque
570 2438 670 2478 nec
714 2424 788 2477 illi
823 2423 1023 2478 debent
1067 2424 1169 2478 sibi
1215 2425 1448 2480 tribuere
1492 2426 1583 2495 qui
1625 2442 1789 2481 vene-

200 2527 369 2583 runt;
398 2516 517 2587 quia
562 2516 732 2570 vocati
774 2523 1042 2570 venerunt
1071 2533 1087 2570 :
1116 2531 1215 2571 nec
1250 2518 1326 2572 illi
1370 2517 1462 2589 qui
1503 2519 1789 2575 noluerunt

205 2609 402 2672 venire.
430 2608 624 2662 debent
652 2608 807 2662 alteri
838 2607 1110 2674 tribuere,
1138 2608 1233 2663 sed
1259 2618 1461 2663 tantum
1490 2611 1629 2677 sibi;
1653 2626 1786 2681 quo-

211 2699 345 2753 niam
366 2709 422 2753 ut
447 2699 719 2767 venirent,
768 2699 944 2753 vocati
994 2709 1147 2754 erant
1190 2700 1243 2755 in
1288 2701 1451 2756 libera
1491 2703 1786 2760 voluntate.

213 2788 423 2846 Vocatiu
444 2808 567 2862 ergo
586 2801 714 2846 ante
743 2792 994 2846 meritum
1017 2791 1341 2847 voluntatem
1363 2804 1633 2863 operatur.
1658 2794 1788 2850 Pro-

212 2896 383 2957 pterea
404 2895 454 2940 et
475 2887 517 2941 si
543 2887 826 2956 quisquam
853 2884 957 2939 sibi
988 2884 1173 2939 tribuit
1200 2885 1344 2956 quod
1364 2886 1507 2942 venit
1530 2897 1749 2943 vocatus
1768 2928 1786 2955 ,

218 2992 322 3031 non
348 2978 437 3030 sibi
460 2986 633 3050 potest
667 2977 906 3031 tribuere
940 2975 1084 3045 quod
1105 2987 1324 3030 vocatus
1349 2987 1452 3032 est.
1480 2976 1580 3044 Qui
1606 2986 1786 3034 autem

218 3076 423 3122 vocatus
449 3083 545 3121 non
574 3068 758 3131 venit,
785 3066 927 3119 sicut
956 3080 1061 3119 nou
1094 3065 1275 3121 habuit
1305 3067 1549 3122 meritum
1581 3071 1786 3139 prmmii

216 3166 273 3211 ut
298 3166 576 3223 vocaretur,
603 3158 683 3210 sic
723 3154 946 3209 inchoat
985 3156 1233 3211 meritum
1262 3157 1507 3226 supplicii
1542 3173 1661 3213 cum
1688 3176 1783 3215 vo-

213 3256 356 3301 catus
375 3248 543 3301 venire
567 3246 884 3316 neglexerit.
918 3244 994 3300 ita
1020 3254 1176 3300 erunt
1198 3246 1305 3301 duo
1335 3246 1425 3301 illa
1449 3264 1461 3300 :
1491 3246 1786 3304 Misericor-

211 3338 341 3392 dia!
376 3348 419 3391 et
447 3338 698 3409 judicium
736 3335 954 3390 cantabo
994 3336 1117 3402 tibi,
1154 3336 1372 3392 Domine
1404 3337 1576 3408 (Paul.
1618 3355 1679 3407 c,
1713 3341 1783 3413 l).

208 3430 285 3485 Ad
314 3429 722 3485 misericordiam
755 3429 988 3498 pertinet
1011 3430 1219 3484 vacatio
1247 3446 1261 3482 :
1292 3420 1359 3483 ad
1380 3430 1636 3500 judicium
1660 3448 1784 3503 per-

208 3521 334 3575 tinet
360 3520 622 3575 beatitudo
645 3536 836 3575 eorum
863 3520 957 3591 qui
982 3530 1245 3575 veni-runt
1273 3522 1468 3588 vocati,
1494 3530 1547 3578 et
1577 3525 1785 3594 suppli-

202 3625 339 3665 αισι
378 3627 558 3665 eorum
592 3612 682 3681 qui
712 3611 899 3667 venire
932 3612 1237 3667 noluerunt.
1266 3611 1530 3682 Numquid
1556 3630 1685 3685 ergo
1712 3616 1788 3669 la-

201 3703 346 3757 tebat
394 3703 718 3756 Pharaonem
764 3711 1022 3773 quantum
1067 3702 1195 3757 boni
1242 3712 1542 3758 consecuta:
1590 3705 1787 3760 fuerint

196 3802 360 3847 tem:
401 3794 499 3847 illa:
535 3807 633 3863 per
671 3793 961 3847 adventum
1000 3792 1197 3864 Joseph
1244 3792 1402 3865 (Gen.
1448 3793 1596 3868 xu)?
1638 3796 1787 3852 illius

192 3901 327 3955 ergo
355 3886 426 3940 rei
446 3896 613 3956 gesta:
634 3886 890 3957 cognitio,
920 3885 1129 3942 vocatio
1152 3887 1267 3956 ejus
1291 3885 1391 3941 fuit
1408 3928 1423 3953 ,
1447 3898 1505 3941 ut
1532 3888 1782 3958 populum

192 3975 354 4033 Israel
370 3978 790 4033 misericorditer
806 3987 1038 4033 tractans
1062 3993 1169 4033 non
1189 3988 1334 4034 esset
1358 3978 1612 4049 ingratus.
1632 3979 1784 4048 Quod

189 4080 369 4126 autem
400 4071 519 4125 huic
546 4070 822 4124 vocatioui
860 4070 1235 4140 obtemperare
1274 4070 1443 4125 noluit
1461 4111 1477 4136 ,
1504 4070 1600 4126 sed
1626 4087 1784 4126 excr-

190 4162 304 4215 euit
332 4163 701 4217 crudelitatem
734 4162 786 4215 in
816 4162 894 4216 eis
922 4163 1115 4232 quibus
1143 4162 1445 4217 humanitas
1482 4175 1536 4219 et
1571 4165 1782 4220 miseri-

190 4252 373 4307 cordia
398 4252 714 4316 debebatur,
748 4254 943 4307 meruit
978 4268 1221 4323 poenam,
1252 4264 1309 4307 ut
1343 4254 1679 4310 indurarctur
1709 4256 1781 4310 illi

189 4357 307 4405 cur,
340 4352 393 4398 et
429 4354 634 4398 tantam
677 4344 970 4412 caecitatem
1024 4345 1216 4400 mentis
1266 4355 1555 4415 pateretur,
1610 4356 1666 4402 ut
1705 4357 1783 4403 tot

190 4443 251 4488 et
274 4436 432 4489 tantis
466 4445 688 4505 tamque
726 4435 1025 4490 manifestis
1053 4436 1148 4491 Dei
1174 4437 1341 4507 signis
1367 4454 1475 4493 non
1499 4439 1776 4506 crederet;

191 4539 303 4594 quo
331 4535 503 4596 posset
527 4526 647 4596 ejus
673 4523 955 4595 s'upplicio,
989 4526 1103 4582 sive
1130 4527 1497 4582 obdurationis
1516 4568 1532 4593 ,
1558 4529 1671 4584 sive
1700 4529 1782 4583 ul-

192 4614 341 4669 tima:
378 4616 605 4673 visibilis
646 4616 1294 4684 submersionis,erudiri
1335 4620 1588 4690 populus,
1627 4620 1778 4691 cujus

192 4704 475 4762 aﬂlictione
520 4708 644 4775 ille,
672 4716 727 4763 et
768 4709 991 4763 occultae
1034 4709 1363 4776 obtusionis,
1394 4720 1449 4765 et
1485 4712 1779 4769 manifestae

193 4799 573 4854 suimrersionis
600 4801 848 4855 meritum
873 4801 973 4855 sibi
1001 4812 1337 4871 compararet
1364 4802 1557 4875 (Exod.
1580 4806 1774 4876 v-le).

212 4890 225 4901 ‘
270 4887 327 4941 6.
363 4888 480 4945 llicc
504 4900 682 4946 autem
711 4891 936 4955 vacatio,
970 4907 1089 4960 qua:
1115 4894 1228 4947 sive
1266 4893 1318 4947 ill
1348 4894 1573 4965 singulis
1597 4895 1776 4958 homi-

203 4976 382 5045 nibus,
411 4981 519 5037 sive
552 4982 605 5035 in
630 4982 843 5053 populis
862 5023 878 5049 ,
909 4991 1070 5053 atque
1095 4984 1148 5039 in
1178 4984 1293 5053 ipso
1321 5000 1516 5055 genere
1542 4985 1777 5043 humano

205 5082 299 5138 per
327 5082 607 5145 temporum
636 5076 1061 5145 opportunitates
1096 5087 1364 5147 operatur,
1396 5079 1517 5134 alue
1553 5089 1609 5135 et
1646 5095 1775 5149 pro-

207 5158 373 5219 funda
398 5167 743 5223 ordinationis
782 5178 884 5223 est.
914 5168 1031 5235 Quo
1071 5170 1299 5238 pertinet
1327 5172 1488 5226 etiam
1519 5172 1678 5237 illud,
1709 5172 1776 5229 In

208 5261 341 5306 ιισσ
360 5258 659 5325 modificari
681 5269 727 5312 te
755 5256 969 5329 (lenm.
1000 5275 1048 5325 ι,
1076 5260 1131 5330 5)
1154 5278 1168 5325 ;
1199 5270 1275 5327 et,
1298 5261 1425 5317 Cum
1450 5278 1583 5317 esset
1616 5265 1669 5317 in
1689 5281 1774 5319 re-

210 5342 343 5397 nibus
358 5350 504 5416 patris
529 5351 622 5415 tui,
646 5349 749 5403 ridi
771 5358 821 5403 te
852 5349 925 5420 (ὸ)
949 5368 964 5413 ;
992 5360 1078 5415 et,
1106 5350 1266 5406 Iacob
1291 5353 1478 5418 dilexi,
1510 5353 1649 5409 Esau
1678 5372 1774 5409 au-

210 5441 305 5485 tem
326 5438 428 5492 odio
452 5441 603 5494 habui
630 5438 889 5511 (Μαιαιι.
922 5456 959 5505 l,
987 5439 1054 5505 2,
1086 5442 1141 5512 5)
1170 5458 1185 5498 :
1212 5458 1333 5498 cum
1363 5443 1560 5499 dictum
1587 5447 1657 5501 sit
1680 5460 1775 5502 an-

210 5529 397 5593 temnam
437 5538 807 5585 nascerentur.
860 5528 973 5584 Nec
1014 5532 1391 5603 comprehendi
1434 5542 1639 5606 potest,
1672 5537 1771 5593 nisi

262 5659 324 5725 (in
345 5667 357 5704 t
380 5669 569 5712 Rem
589 5675 697 5725 cap.
724 5661 791 5711 9.6

258 5721 319 5781 (ιι)
348 5726 448 5772 uit.
650 5721 660 5725 '
824 5744 825 5747 η

436 5812 665 5875 δυοῖν.
724 5811 1020 5868 Aueusr.
1062 5807 1158 5870 Vl.

1638 304 1659 359 i
1668 304 1787 361 ΑΒΕ

1896 304 2076 363 JNUS.
2224 376 2230 381 Ἴ
3417 332 3485 386 τι

1911 418 2048 476 forte
2086 418 2154 477 ab
2195 422 2275 478 eis
2313 424 2403 495 qui
2444 424 2667 498 diligunt
2703 430 2868 488 Deum
2908 450 2974 491 ex
3013 446 3125 494 toto
3150 441 3313 499 corde
3338 455 3391 500 et
3414 463 3486 501 ex

1908 519 2015 565 tota
2038 514 2212 567 anima
2239 523 2295 571 et
2314 530 2379 570 ex
2408 527 2515 573 tota
2537 530 2712 577 mente
2739 538 2832 578 sua
2850 568 2866 594 ,
2894 540 2949 582 et
2968 528 3192 601 diligunt
3216 538 3490 607 proximos

1906 616 2033 699 suos
2070 614 2314 699 tauquam
2357 623 2416 699 se
2452 610 2594 681 ipsos
2634 612 2845 682 (Matth.
2879 636 3028 691 χιιι,
3053 624 3140 688 '57,
3170 627 3283 699 39).
3319 630 3488 689 Tanta

1906 692 2049 748 enim
2072 696 2326 753 charitate
2351 698 2578 767 fundati,
2610 718 2827 772 possunt
2848 708 2956 777 jam
2981 712 3203 773 fortasse
3221 692 3342 774 cum
3364 738 3489 777 san-
3552 710 3555 715 ’

1906 786 2007 841 clis
2026 791 2480 859 comprehendere
2509 795 2909 867 longitudinem,
2934 803 3282 879 latitudinem,
3306 817 3488 872 altitu-

1904 876 2083 933 dinem
2132 891 2183 935 et
2223 883 2543 952 profundum
2590 890 2610 957 (
2631 889 2819 960 Epher.
2852 909 2938 961 Ill,
2985 899 3095 969 18).
3133 876 3276 960 Illud-
3310 919 3486 967 tamen

1904 973 2336 1070 constantissilua
2379 976 2481 1032 fide
2532 980 2866 1039 retinendum
2896 1027 2911 1049 ,
2969 1005 3143 1061 neque
3197 999 3484 1070 quidquam

1906 1059 2071 1115 Deum
2101 1064 2293 1160 injuste
2324 1066 2535 1135 facere,
2566 1087 2737 1141 neque
2767 1076 2924 1133 ullam
2954 1059 3074 1139 esse
3103 1059 3489 1164 naturam'quie

1903 1168 2009 1207 non
2034 1154 2144 1209 Deo
2168 1148 2361 1212 debeat
2385 1160 2435 1214 id
2465 1163 2605 1230 quod
2635 1175 2718 1219 est
2749 1184 2762 1220 :
2794 1170 2914 1238 quia
2945 1173 3053 1229 Deo
3079 1177 3307 1237 debetur

1901 1242 2067 1343 decus
2088 1256 2140 1300 et
2162 1248 2496 1316 pulchritudo
2519 1263 2573 1308 et
2597 1263 2938 1328 congruentia
2967 1269 3228 1336 partium;
3258 1291 3414 1343 quam
3443 1280 3491 1333 si

1903 1335 2116 1403 penitus
2146 1350 2453 1406 persecutus
2485 1342 2652 1403 fueris
2680 1349 2697 1380 ⁸
2721 1390 2738 1415 ,
2766 1361 2820 1407 et
2850 1370 3016 1426 usque
3051 1361 3117 1416 ad
3146 1335 3334 1422 omnes
3362 1370 3488 1425 reli-

1900 1427 2053 1495 quias
2080 1428 2148 1484 de
2173 1432 2331 1486 rebus
2355 1433 2666 1502 detraxeris,
2696 1458 2937 1502 remanet
2967 1451 3118 1508 nihil.

1899 1514 2086 1617 LXHIX.
2257 1538 2315 1575 eo
2346 1526 2482 1617 quod
2517 1532 2756 1600 scriptum
2807 1547 2878 1590 est
2904 1554 2923 1591 :
2952 1540 3099 1597 Tunc
3143 1555 3199 1600 et
3232 1547 3345 1617 ipse
3396 1552 3489 1610 Fi-

1972 1606 2072 1662 lius
2086 1610 2363 1711 subjectus
2390 1616 2493 1670 erit
2518 1619 2565 1672 ei
2581 1622 2671 1689 qui
2704 1623 2777 1677 illi
2816 1627 3039 1697 subjecit
3082 1606 3265 1692 omnia
3291 1640 3336 1711 (ι
3362 1606 3484 1700 cii}.

1969 1712 2063 1765 xv,
2085 1699 2202 1771 28).
2640 1734 2649 1740 ο

1972 1789 2024 1844 1.
2055 1790 2155 1858 Qui
2193 1793 2385 1851 Filium
2430 1797 2529 1855 Dei
2564 1800 2706 1857 Patri
2748 1808 3005 1876 alqualem
3053 1830 3157 1871 non
3208 1833 3329 1876 esse
3357 1838 3489 1881 eon-

1900 1880 2138 1949 teudunt,
2191 1887 2367 1942 solent
2414 1905 2672 1962 usurpare
2726 1895 3036 1959 familiarius
3084 1906 3185 1964 hoc
3248 1916 3491 1971 testimo-

1897 1971 2064 2076 nium,
2096 1974 2185 2029 ubi
2212 1978 2285 2031 ait
2314 1981 2623 2050 Apostolus,
2652 1984 2778 2041 Cum
2804 2001 2973 2047 autem
2997 1997 3041 2050 ei
3064 2003 3234 2055 omnia
3261 2006 3488 2076 subjecta

1896 2062 2103 2168 [nia-int,
2124 2076 2243 2168 tunc
2261 2078 2308 2122 et
2336 2071 2442 2168 ipse
2467 2071 2636 2168 filius
2659 2080 2910 2148 subjectus
2936 2086 3089 2141 eritei
3110 2093 3199 2157 qui
3217 2093 3296 2147 illi
3308 2062 3484 2168 subje-

1897 2153 1963 2206 cit
2007 2157 2213 2223 omnia,
2254 2170 2310 2213 ut
2361 2163 2427 2215 sit
2466 2162 2606 2220 Deus
2639 2171 2809 2224 omnia
2830 2172 2883 2226 in
2910 2153 3157 2234 omnibus.
3196 2182 3311 2239 Non
3340 2153 3485 2244 enim

2113 2249 2192 2303 eis
2219 2265 2374 2307 error
2400 2255 2600 2310 aboriri
2640 2259 2886 2327 palliatus
2914 2249 3130 2325 nomine
3154 2273 3482 2348 christiano,

1895 2337 1995 2390 nisi
2048 2337 2117 2432 de
2165 2340 2454 2412 Scriptllris
2496 2363 2602 2402 non
2646 2350 2946 2409 intellectis.
2982 2359 3168 2416 Dicunt
3215 2368 3379 2432 enim,
3425 2337 3483 2427 Si

1893 2430 2113 2531 aequalis
2140 2437 2561 2531 est-,“quomodo
2587 2440 2857 2510 subjectus
2883 2449 2985 2502 erit
3013 2450 3103 2505 ei?
3122 2452 3274 2523 Quod
3302 2430 3482 2531 utique

1893 2517 2069 2575 simile
2096 2532 2178 2576 est
2217 2524 2293 2578 illi
2322 2530 2640 2598 evangelicae
2666 2537 2947 2602 quaastioni
2967 2582 2983 2605 ,
3014 2539 3069 2597 Si
3100 2517 3319 2621 aeqllalis
3362 2517 3443 2608 est
3462 2598 3479 2624 ,

1820 2655 1853 2679 ._
1896 2612 2165 2714 quomodo
2187 2616 2382 2714 “major
2419 2629 2501 2674 est
2540 2621 2735 2678 Pater?
2761 2625 2878 2696 ipse
2918 2632 3058 2687 enim
3090 2612 3345 2698 Dominus
3372 2612 3480 2714 ait,

1896 2697 2148 2804 Quoniam
2372 2710 2539 2804 major
2562 2729 2641 2766 me
2666 2725 2739 2768 est
2770 2716 2949 2787 (Joaa.
2984 2738 3094 2789 le,
3124 2728 3241 2803 28).

1891 2799 2070 2895 autem
2098 2794 2373 2895 catholica:
2417 2799 2538 2856 fidei
2577 2804 2658 2859 sic
2698 2821 2758 2862 se
2795 2807 2974 2877 habet,
3002 2824 3059 2869 ut
3082 2794 3206 2873 cuni
3229 2794 3402 2895 aliqua
3428 2829 3481 2884 ir.
3568 2854 3571 2857 ·

1893 2879 2184 2988 Scripturis
2214 2886 2468 2945 dicuntur
2508 2892 2575 2949 de
2617 2894 2769 2964 Filio,
2800 2902 2940 2970 quod
2980 2905 3053 2960 sit
3088 2910 3264 2967 minor
3290 2879 3479 2988 Patre,

1892 2976 2213 3071 secundum“
2234 2983 2627 3052 susceptionem
2674 2989 2904 3047 hominis
2937 2995 3295 3071 intelligantur
3319 3024 3332 3059 :
3357 2976 3481 3067 cuni

1891 3079 2029 3166 vero.
2059 3081 2121 3121 ea
2154 3068 2418 3166 dicuntur
2454 3075 2648 3144 quibus
2693 3068 3362 3166 denlonstratur'tequalis,
3395 3116 3484 3158 se-

1890 3155 2123 3265 cundum
2154 3159 2204 3220 id
2230 3164 2370 3265 quod
2392 3164 2540 3265 Deus
2577 3179 2660 3265 est
2687 3172 3029 3265 accipiantur.
3076 3155 3311 3255 Apparet
3347 3155 3481 3265 ergo

1891 3248 2334 3348 quemadmodum
2373 3254 2572 3313 dictum
2613 3260 2716 3327 sit,
2758 3264 2915 3321 Pater
2940 3274 3107 3344 major
3125 3248 3209 3332 ἓιὶε
3242 3293 3351 3348 est;
3388 3248 3439 3341 ei

1893 3335 2019 3433 [Ego
2030 3347 2077 3392 et
2119 3338 2277 3396 Pater
2304 3360 2459 3433 unum
2487 3365 2660 3405 sumus
2685 3352 2795 3425 (Id.
2826 3373 2861 3411 x
2881 3399 2896 3424 ,
2924 3330 3059 3433 50),:
3091 3330 3346 3432 et
3370 3330 3481 3432 9;in

1903 3424 2114 3539 iterth
2130 3447 2151 3496 ;
2180 3441 2268 3536 et,
2310 3432 2538 3539 Verbum.
2556 3456 2675 3495 caro
2697 3424 2703 3425 ⁷
2718 3447 2906 3515 factum
2930 3424 3007 3506 est
3026 3453 3133 3524 (Id.
3162 3424 3211 3524 ἦ,
3285 3424 3474 3539 :11)“;

1890 3530 1977 3587 et,
2008 3519 2129 3621 Ilion
2154 3526 2389 3596 rapinam
2427 3529 2696 3587 arbitratus
2733 3546 2809 3590 est
2847 3556 2954 3595 esse
2987 3519 3328 3615 aequalis'De'o
3345 3596 3361 3621 ,

1889 3615 2206 3721 aemili-psum
2232 3619 2506 3721 casinanioit
2536 3628 2753 3693 formam
2779 3633 2907 3685 servi
2933 3637 3187 3706 accipiens
3217 3615 3473 3721 (Pltiiipp.

1889 3702 2032 3805 1],",
2060 3704 2138 3775 7).
2169 3706 2275 3762 Sed
2302 3712 2548 3778 quoniam
2598 3717 2762 3772 multa
2805 3722 2964 3778 etiam
3011 3702 3303 3790 secundum

1892 3794 2166 3862 prietatem
2212 3812 2479 3866 person-aa,
2507 3818 2730 3875 excepto
2773 3813 2914 3879 quod
2953 3818 3143 3874 attinet
3178 3824 3245 3877 ad
3293 3794 3477 3885 susce-

1890 3886 2121 3954 ptionenl
2148 3887 2398 3956 hominis,
2430 3892 2497 3948 de
2528 3894 2617 3949 illo
2652 3897 2721 3953 ita
2748 3900 3016 3975 dicuntur,
3043 3920 3098 3963 ut
3128 3912 3334 3969 Patrem
3367 3934 3475 3976 non

1887 3976 2033 4072 aliud
2044 3994 2214 4072 quam
2247 3980 2479 4048 Patrem,
2510 3995 2566 4039 et
2592 3985 2781 4044 Filium
2808 4010 2913 4049 non
2933 3998 3073 4053 aliud
3101 4018 3260 4072 quam
3282 4006 3473 4067 Filium

1888 4065 2106 4138 intelligi
2133 4080 2394 4139 oporteat,
2419 4086 2607 4144 putant
2627 4079 2860 4141 haeretici
2888 4089 2939 4142 in
2961 4088 3029 4145 iis
3051 4065 3173 4162 qua:
3191 4098 3261 4153 ita
3287 4065 3477 4160 dicun;

1889 4165 2157 4261 iuratque
2194 4162 2583 4235 intelliguntur.
2614 4174 2972 4241 aequalitatem
2999 4197 3119 4239 esse
3144 4202 3251 4243 non
3292 4196 3477 4261 posse.

1888 4249 2159 4357 Scriptum
2177 4263 2261 4308 est
2280 4257 2663 4357 eoum—quinia
2692 4282 2782 4357 per
2804 4268 2973 4339 ipsum
2996 4274 3135 4343 facta
3153 4292 3269 4335 sunt
3290 4249 3471 4357 (Joan.

1887 4357 1925 4408 l,
1955 4342 2045 4413 5),
2086 4345 2269 4434 utique
2311 4362 2405 4417 per
2446 4350 2659 4417 Filium.
2689 4356 2789 4413 hoc
2816 4370 2916 4428 est,
2952 4342 3048 4434 per
3074 4342 3307 4428 Verbum
3332 4377 3426 4433 Dei

1883 4446 1915 4487 a
1956 4447 2094 4530 quo1
2113 4433 2213 4530 nisi
2256 4452 2285 4490 a
2324 4438 2520 4495 Patre?
2555 4442 2823 4516 Nusquam
2875 4433 3050 4509 autem
3098 4454 3352 4530 scriptum
3386 4479 3465 4523 est

1885 4525 2027 4623 quod
2065 4524 2232 4583 Filius
2268 4544 2364 4623 per
2402 4531 2611 4588 Patrem
2634 4537 2863 4608 aliquam
2890 4556 3187 4605 creaturam
3207 4524 3466 4623 operatus

1884 4615 1973 4669 sit.
2002 4615 2135 4672 item
2175 4620 2430 4690 scriptum
2460 4634 2544 4679 est
2572 4628 2713 4697 quod
2754 4629 2930 4704 imago
2969 4636 3139 4695 Patris
3188 4615 3268 4698 sit-
3302 4646 3469 4703 Filius

1885 4706 2643 4810 (Colou._l-,h15l);ilusquam
2683 4730 2859 4779 autem
2903 4728 3157 4799 scriptum
3200 4747 3285 4791 est
3326 4743 3471 4810 quod

1885 4799 2059 4897 imago
2099 4801 2220 4857 Filii
2262 4804 2332 4858 sit
2372 4805 2549 4863 Pater.
2594 4811 2794 4871 neniae
2830 4820 2970 4889 quod
3009 4822 3095 4878 ille
3121 4799 3458 4897 genitum-illc

1882 4894 2123 4997 genitus;
2154 4906 2212 4997 et
2232 4899 2424 4997 cratera
2470 4901 2873 4978 hujuscemodi,
2904 4930 3022 4983 qua:
3064 4894 3168 4993 non
3194 4923 3259 4977 ad
3287 4894 3461 4997 :eqlla-

1884 4984 2089 5041 litatem
2132 4988 2476 5059 substantiae,
2519 4996 2613 5050 sed
2660 4999 2726 5052 ad
2776 4984 3151 5073 proprietatem
3201 4984 3468 5082 pertinent

1882 5092 2268 5147 personarum:
2298 5082 2351 5137 in
2378 5084 2570 5154 quibus
2614 5089 2686 5144 illi
2729 5095 3083 5162 aequalitatem
3123 5116 3244 5157 cum
3288 5105 3474 5165 dicunt

1881 5183 2003 5225 esse
2022 5186 2128 5226 non
2157 5187 2313 5241 posse
2332 5215 2347 5239 ,
2374 5180 2625 5246 quoniam
2654 5181 2719 5235 ad
2749 5184 2862 5239 haec
2887 5194 3210 5257 penetranda
3239 5199 3472 5255 crassio-

1880 5276 1968 5316 res
1995 5263 2016 5294 ⁸
2046 5271 2255 5359 mentes
2293 5265 2582 5359 adhibent,
2611 5273 2847 5341 pondere
2889 5281 3215 5338 auctoritatis
3245 5291 3468 5359 urgendi

1880 5361 2026 5446 sunt.
2068 5351 2127 5406 Si
2168 5354 2312 5409 enim
2356 5356 2409 5411 in
2452 5357 2535 5412 itis
2581 5376 2686 5416 non
2735 5376 2916 5434 posset
2945 5369 3160 5443 intelligi
3192 5351 3479 5446 inqualitas

1880 5442 1996 5513 ejus
2038 5459 2134 5537 per
2173 5461 2329 5515 quem
2376 5448 2513 5506 facta
2557 5464 2682 5509 sunt
2726 5459 2901 5514 omnia
2927 5472 2979 5516 et
3004 5442 3170 5535 ejusa
3196 5442 3301 5537 quo
3330 5471 3464 5528 facta

1878 5541 2023 5601 sunt,
2047 5533 2291 5605 imaginis
2314 5548 2369 5593 et
2389 5540 2505 5610 ejus
2538 5545 2691 5615 cujus
2719 5549 2891 5620 imago
2919 5563 3019 5619 est,
3038 5533 3295 5623 geniti-ct
3316 5562 3465 5627 gelli-

1953 5670 2070 5745 isie
2087 5678 2193 5745 loss.
2216 5673 2333 5745 aditi
2356 5684 2539 5739 autem,
2556 5690 2837 5745 prosecutus
2854 5685 3020 5745 literis.

1951 5731 1974 5763 ¹
1996 5739 2093 5783 ttat.
2108 5741 2180 5784 tr.
2202 5743 2393 5799 etMss,
2412 5731 2833 5803 grosaibres.+Sic
2851 5731 3157 5809 etialil—i.ugd.
3179 5755 3231 5800 et
3252 5757 3371 5803 ven.
3402 5759 3443 5805 lt

2859 5831 3139 5908 lTrois.)
