3942 6416
577 323 648 378 75
1315 314 1402 368 DE
1445 313 1755 368 IiIVERSIS
1792 310 2307 381 QUdﬁSTION‘IBUS
2343 313 2627 386 LXXXIII,
2665 321 2724 376 S.
2754 321 3120 382 AUGUSTINI
3769 341 3826 396 76

579 441 746 503 toris;
782 435 930 492 nullo
971 432 1132 490 modo
1168 430 1454 500 Apostolus
1496 431 1947 484 contentiosorum
1989 427 2160 482 homi-

584 548 714 588 num
738 545 830 586 ora
859 525 1184 584 concludens
1213 523 1384 595 ipsum
1413 523 1573 577 etiam
1610 523 1827 574 verbum
1873 519 2155 588 poneret",

581 627 770 682 dicens
813 640 827 676 :
861 620 980 674 Non
1007 619 1242 688 rapinam
1266 614 1538 669 arbitratus
1565 623 1636 667 est
1663 630 1768 666 t'sse
1795 611 2002 679 (equalis
2033 610 2160 664 Dea.

651 717 707 771 2.
748 715 881 769 Cum
932 727 1059 781 ergo
1085 726 1146 764 ea
1186 725 1304 779 qua:
1350 706 1416 761 ad
1468 707 1864 760 distinctionem
1912 703 2082 758 Patris
2110 707 2166 756 ct

558 806 701 863 Filii
741 805 937 872 scripta
983 809 1128 867 sunt,
1159 800 1348 869 partim
1389 803 1991 866 promerpet-sunartnn
2040 810 2161 862 pro-

583 896 857 964 prietates,
910 892 1110 962 partim.
1147 898 1360 960 propter
1381 887 1751 955 suceptionem
1797 886 2061 948 hominis,
2088 886 2162 937 ita

577 985 773 1052 st-ripta
804 983 946 1046 sint;
994 981 1322 1034 dumtameu
1349 977 1543 1031 divinae
1570 975 1880 1030 substantiae
1911 975 2082 1028 Patris
2109 984 2163 1027 et

581 1077 698 1130 Filii
724 1074 896 1128 deitas
925 1081 978 1126 et
1003 1070 1178 1125 unitas
1203 1079 1258 1123 et
1275 1067 1548 1137 aequalitas
1571 1074 1786 1120 maneat
1811 1081 1826 1119 ε
1849 1075 1994 1118 recte
2015 1080 2162 1132 qua:-

579 1167 713 1219 ritur
745 1165 797 1218 in
830 1164 931 1217 hoc
962 1163 1098 1226 loco,
1126 1170 1302 1214 utrum
1341 1157 1634 1213 secundum
1665 1169 2009 1225 personarum
2042 1169 2164 1224 βιό-

581 1257 851 1325 prietates,
885 1269 951 1306 an
997 1250 1284 1306 secundum
1318 1248 1550 1303 hominis
1576 1246 1968 1315 susceptionem
2016 1248 2162 1314 Apo-

579 1346 750 1400 stolus
775 1344 992 1409 dixerit,
1023 1343 1163 1396 Tunc
1188 1351 1237 1396 et
1263 1341 1371 1409 ipse
1410 1338 1574 1392 Filius
1597 1338 1849 1407 subjectus
1891 1338 1982 1390 erit
2007 1338 2051 1390 ei
2076 1338 2165 1406 qui

577 1439 652 1490 illi
687 1436 895 1506 subjecit
925 1434 1113 1488 omnia.
1145 1431 1294 1488 Solet
1319 1431 1713 1486 circumstantia
1733 1427 2020 1496 Scriptura:
2041 1428 2164 1481 illu-

579 1529 785 1584 minare
817 1526 1170 1590 sententiam,
1201 1537 1322 1576 cum
1350 1537 1414 1576 ea
1459 1537 1579 1591 qua:
1607 1518 1747 1574 circa
1794 1519 1987 1586 scripta
2011 1525 2158 1582 sunt,

547 1621 901 1686 praesentem
942 1614 1289 1684 quaestionem
1340 1610 1732 1680 contingentis,
1782 1609 2022 1679 diligenti
2049 1609 2162 1661 dis-

580 1709 830 1764 cussione
881 1714 1190 1760 tractantur.
1250 1704 1554 1759 Invenimus
1600 1703 1776 1770 itaque
1833 1700 1903 1753 ita
1947 1705 2161 1752 ventum

579 1815 702 1856 esse
726 1799 794 1854 ad
821 1797 961 1852 hunc
1008 1797 1203 1860 locum,
1249 1805 1309 1849 ut
1343 1808 1518 1862 supra
1545 1791 1768 1858 diceret,
1799 1789 1949 1844 Nunc
1994 1799 2163 1843 autem

580 1894 810 1949 Christus
864 1891 1082 1945 surrexit
1131 1905 1163 1941 α
1209 1887 1421 1942 mortuis
1443 1927 1459 1951 ,
1503 1884 1738 1953 primitiae
1785 1883 2160 1936 dormientium.

579 1984 786 2054 Agebat
832 1983 974 2036 enim
1019 1981 1088 2034 de
1130 1979 1521 2034 resurrectione
1548 1985 1904 2040 mortuorum,
1935 1973 2078 2043 quod
2107 1975 2161 2027 in

577 2074 807 2130 Domino
835 2073 1126 2140 secundum
1147 2069 1540 2139 susceptionem
1569 2067 1799 2120 hominis
1820 2065 2016 2119 factum
2041 2073 2159 2130 est;

576 2181 876 2236 quanquam
923 2164 1259 2233 apertissime
1306 2168 1560 2230 sequatur
1604 2169 1660 2213 et
1686 2158 1871 2212 dicat:
1911 2157 2162 2222 Quoniam

575 2257 782 2328 quidem
819 2271 908 2326 per
931 2255 1184 2312 hominem
1209 2267 1362 2315 mars,
1394 2260 1442 2304 et
1471 2265 1560 2318 per
1586 2249 1839 2302 hominem
1866 2250 2161 2302 resurrectio

576 2361 913 2404 mortuorum.
944 2347 1090 2402 Sicut
1123 2348 1257 2400 enim
1290 2345 1344 2399 in
1375 2345 1539 2398 Adam
1563 2359 1735 2398 omnes
1757 2344 2060 2405 moriuntur,
2090 2345 2162 2395 sic

575 2451 623 2495 et
665 2441 718 2494 in
745 2439 944 2494 Christo
977 2453 1148 2491 omnes
1175 2435 1575 2503 vivificabuntur.
1604 2432 1959 2504 Unusquisque
1995 2443 2160 2485 autem

578 2534 634 2584 in
654 2546 745 2584 suo
768 2530 943 2584 ordine
967 2543 984 2582 :
1003 2509 1202 2580 initium
1225 2524 1492 2588 Christus;
1512 2523 1694 2577 deinde
1711 2524 1749 2576 ii
1769 2521 1853 2594 qui
1873 2532 1988 2576 sunt
2009 2522 2159 2576 Chri-

578 2623 662 2686 sti,
693 2620 746 2674 in
769 2619 1034 2690 prasentia
1055 2616 1306 2688 (παρωίᾳ)
1328 2615 1470 2686 ejus;
1499 2614 1679 2668 deinde
1703 2614 1843 2681 linis,
1869 2626 1982 2666 cum
2003 2614 2161 2666 tradi-

578 2711 707 2766 derit
725 2725 938 2781 regnum
959 2710 1064 2762 Deo
1082 2719 1132 2760 et
1154 2707 1319 2773 Patri,
1338 2721 1454 2760 cum
1472 2705 1780 2758 evacuaverit
1801 2717 1997 2758 onmem
2019 2706 2160 2776 prin-

576 2804 800 2873 cipatum
833 2812 878 2856 et
903 2815 1101 2855 omnem
1127 2807 1416 2870 potestatem
1433 2806 1480 2852 et
1508 2799 1757 2851 virtutem.
1791 2795 2001 2869 Oportet
2029 2799 2160 2851 enim

573 2893 722 2947 illum
747 2908 975 2963 regnare,
996 2891 1154 2944 donec
1178 2900 1334 2960 ponat
1360 2905 1528 2943 omnes
1557 2889 1784 2943 inimicos
1807 2903 1924 2943 suos
1949 2890 2038 2942 sub
2067 2908 2160 2958 pe-

573 2985 721 3040 dibus
755 2984 880 3038 suis.
924 2981 1250 3036 Nooissima'
1277 2980 1483 3034 inimica
1510 2979 1798 3034 destruetur
1836 2986 1989 3033 m'ors.
2031 2979 2157 3034 Om-

573 3079 660 3132 nia
697 3077 829 3130 enim
851 3075 1060 3148 subjecit
1099 3074 1192 3128 sub
1217 3074 1426 3144 pedibus
1457 3075 1583 3143 ejus.
1612 3071 1738 3126 Cum
1769 3083 1937 3126 autem
1977 3075 2159 3128 dixerit

569 3169 710 3240 quod
737 3169 908 3223 omnia
949 3168 1173 3237 subjecta
1201 3178 1338 3231 sunt,
1366 3168 1686 3236 manifestum
1711 3175 1787 3222 est
1825 3170 1943 3238 quia
1977 3179 2159 3238 printer

563 3278 688 3315 eum
725 3261 812 3328 qui
836 3260 1043 3328 subjecit
1068 3259 1146 3312 illi
1170 3259 1358 3312 omnia.
1395 3257 1522 3312 Cum
1554 3267 1724 3311 autem
1758 3261 1802 3311 ei
1827 3260 1998 3312 omnia
2037 3259 2157 3312 sub-

560 3353 705 3425 .jecta
743 3351 954 3420 fuerint,
987 3360 1106 3402 tunc
1132 3359 1180 3403 et
1219 3351 1327 3417 ipse
1372 3346 1536 3402 Filius
1578 3350 1831 3418 subjectus
1862 3351 1954 3401 erit
1989 3350 2034 3401 ei
2074 3350 2160 3418 qui

572 3443 652 3496 illi
703 3441 910 3511 subjecit
960 3440 1150 3505 omnia,
1207 3450 1262 3492 ut
1304 3439 1368 3493 sit
1421 3438 1560 3492 Deus
1610 3439 1780 3491 omnia
1827 3437 1882 3490 in
1929 3437 2159 3491 omnibus

555 3533 620 3605 ’(1
651 3529 768 3588 Cor.
799 3547 896 3595 xv,
925 3531 1137 3600 20-28).
1169 3529 1502 3584 Manifestum
1553 3536 1635 3581 est
1672 3541 1801 3597 ergo
1818 3525 1934 3581 hoc
1969 3541 2161 3580 secun-

559 3625 704 3678 dum
734 3623 1140 3692 susceptionem
1161 3618 1394 3672 hominis
1420 3617 1638 3672 dictum.

648 3713 701 3766 3.
745 3711 850 3766 Sed
883 3711 989 3764 alia
1015 3710 1074 3762 in
1107 3709 1208 3761 hoc
1247 3706 1504 3776 capitulo,
1547 3705 1698 3775 Cujus
1745 3715 1910 3761 totum
1945 3714 2156 3761 textum

577 3798 1017 3864 conmnemorsvi,
1035 3795 1774 3865 solenthaberequaistionetn
1793 3811 1804 3847 :
1829 3795 1996 3864 primo
2015 3796 2157 3865 quod

575 3894 774 3950 dictum
821 3889 1117 3958 est,"Cum
1168 3888 1432 3944 tradiderit
1472 3904 1684 3959 regnum
1731 3887 1836 3942 Deo
1882 3898 1929 3941 et
1979 3888 2156 3955 Patri,-

575 3984 726 4055 quasi
757 3996 896 4037 nunc
931 3996 1034 4035 non
1081 3987 1260 4050 teneat
1305 3993 1524 4047 regnum
1569 3979 1744 4033 Pater.
1780 3979 1981 4041 Deinde
2014 3982 2155 4050 quod

576 4076 776 4130 dictum
821 4081 923 4137 est,
957 4069 1164 4142 Oportet
1189 4070 1323 4124 enim
1349 4070 1498 4123 illum
1534 4084 1765 4140 regnare,
1800 4069 1957 4122 donec
2003 4081 2157 4139 ponat

575 4183 746 4222 omnes
771 4164 999 4219 inimicos
1043 4177 1164 4216 suos
1210 4161 1304 4215 sub
1352 4159 1559 4230 pedibus
1582 4161 1724 4225 suis;
1770 4163 1922 4231 quasi
1970 4171 2152 4231 postea

577 4275 684 4312 non
713 4257 782 4310 sit
823 4264 1158 4325 regnaturus,
1203 4261 1258 4308 et
1283 4251 1349 4304 ad
1383 4253 1482 4306 hoc
1510 4250 1682 4306 valeat
1710 4252 1850 4321 quod
1882 4267 2038 4322 supra
2067 4253 2151 4307 di-

573 4359 717 4405 ctum
749 4357 850 4410 est.
900 4343 1099 4399 Deinde
1143 4344 1279 4412 ﬁnis.
1319 4341 1472 4410 Quod
1513 4343 1766 4413 sacrilega
1803 4344 2052 4413 opinione
2080 4345 2158 4400 sic

575 4438 866 4510 accipiunt,
883 4437 1034 4508 quasi
1065 4438 1223 4492 tinem
1247 4435 1446 4490 dixerit
1467 4435 1980 4491 consummationem
2009 4439 2154 4507 regni

575 4535 726 4604 ejus;
755 4545 877 4587 cum
923 4529 1180 4598 scriptum
1229 4527 1298 4581 sit
1348 4527 1398 4580 in
1435 4527 1739 4596 Evangelia,
1773 4526 1841 4580 Et
1868 4530 2013 4598 regni
2049 4534 2157 4598 ejus

576 4641 676 4679 non
704 4624 795 4676 erit
823 4620 938 4689 ﬁnis
959 4617 1109 4692 (Luc.
1140 4635 1178 4685 ι,
1206 4619 1318 4686 35).
1350 4617 1630 4674 Postremo
1652 4619 1792 4687 quod
1823 4619 2020 4673 dictum
2051 4632 2153 4687 est,

578 4713 705 4766 Cum
743 4720 911 4765 autem
947 4710 995 4764 ei
1031 4709 1200 4763 omnia
1254 4709 1477 4778 subjecta
1527 4710 1747 4779 fuerint,
1798 4719 1918 4763 tunc
1959 4722 2004 4762 et
2049 4713 2156 4781 ipse

580 4805 748 4856 Filius
773 4801 1023 4872 subjectus
1051 4800 1144 4853 erit
1173 4799 1219 4852 ei
1259 4800 1344 4869 qui
1372 4799 1450 4853 illi
1478 4799 1688 4869 subjecit
1715 4801 1925 4865 omnia;
1954 4803 2031 4856 sic
2067 4819 2158 4853 vn-

575 4893 692 4948 lunt
719 4888 960 4952 intelligi.
981 4888 1133 4946 auasi
1183 4902 1322 4944 nunc
1369 4898 1461 4942 aut
1507 4888 1715 4959 aliquid.
1756 4889 1889 4944 Filio
1935 4907 2038 4945 non
2086 4893 2157 4948 sit

573 4984 894 5053 subjectum,
924 4997 1016 5036 aut
1040 4979 1184 5036 Patri
1215 4994 1321 5035 non
1349 4981 1418 5035 sit
1444 4983 1559 5050 ipse
1586 4983 1874 5053 subjectus.

649 5076 704 5128 4.
745 5073 954 5128 Genere
993 5071 1149 5142 igitur
1185 5071 1468 5127 locutionis
1508 5072 1732 5134 solvitur
1776 5076 2020 5144 quaestio.
2067 5078 2155 5134 Sic

565 5164 721 5220 cnim
754 5164 1063 5231 plerumque
1094 5160 1365 5231 Scriptura
1397 5161 1648 5231 loquitur,
1688 5173 1746 5218 ut
1773 5165 1914 5234 quod
1943 5181 2156 5238 semper

580 5267 699 5313 cst:
728 5265 852 5310 tunc
869 5251 982 5308 lieri
1007 5251 1215 5307 dicatur
1244 5253 1296 5306 in
1319 5251 1518 5322 aliquo,
1547 5268 1669 5307 cum
1690 5255 1742 5309 in
1771 5270 1838 5311 eo
1859 5257 1882 5290 ³
1908 5264 2156 5329 cognoui

585 5347 811 5401 deberit.
870 5346 944 5400 Ita
969 5345 1110 5400 enim
1139 5342 1368 5400 dicimus
1387 5344 1449 5399 in
1492 5346 1733 5403 oratione
1752 5389 1769 5413 ,
1799 5347 2160 5420 Sanctiﬁcetur

638 5523 653 5612 ξ
683 5544 971 5612 ᾕᾳγητι-ιςιις
993 5543 1148 5594 codex
1163 5574 1182 5606 ,
1204 5541 1402 5612 uerbum
1423 5542 1712 5610 (equalitatis
1732 5556 1944 5610 poneret.

640 5611 659 5640 ³
685 5607 806 5654 Edit‘t
838 5615 1142 5669 constanter,
1187 5607 1446 5658 Novissime
1478 5607 1904 5671 Erepugttatttibus
1926 5619 2030 5663 Mss.
2055 5616 2158 5678 He.-

573 5679 760 5725 nsque.

649 5729 672 5761 δ
691 5737 821 5790 ὲιῦδςο
853 5731 909 5778 ab
934 5741 1002 5780 ω.

2271 443 2451 484 nomen
2477 443 2618 486 tuum
2649 435 2858 504 (Matth.
2888 454 2959 506 vt,
2987 438 3075 512 9);
3116 443 3265 513 quasi
3294 439 3576 515 aliquando
3599 460 3822 510 sanctum

2270 535 2374 574 non
2410 523 2506 576 sit.
2558 525 2696 595 Ergo
2741 529 2879 583 sicut
2926 533 3291 600 sanctiﬁcatur,
3324 545 3408 590 est
3437 547 3674 595 sanctum
3714 559 3822 600 esse

2270 606 2592 678 innotescat;
2649 615 2720 670 ita
2751 634 3000 690 quoque;
3030 619 3155 675 Cum
3201 625 3466 679 tradiderit
3490 644 3693 700 regnum
3729 632 3824 688 Dee

2266 713 2314 755 et
2345 702 2510 770 Patri,
2557 707 2744 774 idest,
2771 727 2890 765 cum
2926 712 3132 767 Patrem
3175 731 3402 784 regnare
3451 726 3822 785 monstraverit.

2269 803 2325 846 ut
2359 811 2453 863 per
2488 798 2718 866 speciem
2762 802 3346 876 manifestationetnque
3393 808 3676 878 clarescat,
3701 817 3824 882 quod

2269 901 2408 941 nunc
2433 903 2462 942 a
2486 889 2730 945 fidelibus
2755 894 2995 949 creditur
3029 905 3083 950 et
3109 897 3177 952 ab
3211 897 3511 954 inlidelibus
3551 918 3652 955 non
3695 913 3825 972 puta-

2249 986 2370 1031 vtur.
2405 979 2690 1037 Evacuabit
2717 994 2891 1039 autem
2921 1001 3133 1042 omnem
3165 990 3514 1059 principatum
3537 1004 3588 1047 et
3616 1005 3825 1063 potesta-

2247 1075 2396 1133 =tem,
2425 1073 2810 1129 manifestando
2842 1078 3021 1147 utique
3041 1094 3266 1149 regnum
3297 1081 3486 1144 Patris.
3514 1092 3571 1137 ut
3596 1088 3824 1143 omnibus

2247 1165 2451 1212 "notum
2483 1161 2571 1227 sit,
2596 1164 3115 1236 nulltnnprincipum
3146 1179 3563 1238 etpotestatum,
3588 1173 3696 1229 sive
3724 1191 3821 1233 rte-

2269 1245 2504 1316 Iestium,
2538 1253 2650 1308 sive
2699 1257 3053 1322 terrestrium,
3107 1275 3203 1330 per
3246 1275 3304 1315 se
3349 1261 3596 1318 habuisse
3632 1267 3825 1336 aliquid

2269 1340 2594 1411 principatus
2632 1351 3011 1416 et'potestatis,
3038 1353 3226 1408 sed-ab
3252 1355 3341 1408 illo
3369 1371 3432 1409 ex
3461 1373 3564 1426 quo
3588 1353 3829 1414 suntom-

2269 1431 2377 1493 nia,
2408 1450 2512 1488 non
2542 1437 2712 1491 solum
2743 1447 2802 1493 ιιι
2829 1439 2954 1504 sint,
2975 1457 3157 1498 verum
3188 1445 3347 1500 etiam
3379 1457 3433 1501 ut
3459 1449 3696 1504 ordinata
3717 1452 3826 1506 sint.

2249 1517 2324 1574 -“In
2352 1522 2439 1576 illa
2461 1525 2602 1579 enim
2628 1525 3053 1586 manifestatione
3084 1534 3211 1587 nulli
3239 1550 3365 1605 Spes
3391 1538 3565 1608 aliqua
3599 1556 3828 1598 remane-

2266 1617 2342 1674 bit
2384 1621 2434 1675 in
2475 1637 2738 1694 quoquam
2760 1627 3025 1697 principe,
3051 1639 3146 1684 aut
3189 1631 3240 1685 in
3291 1649 3558 1702 quoquam
3611 1635 3826 1693 homine.

2265 1711 2418 1779 Quod
2447 1714 2626 1769 etiam
2663 1731 2823 1772 .nunc
2877 1721 3184 1788 prophetice
3231 1725 3440 1778 canitur
3489 1744 3500 1779 :
3539 1725 3742 1781 Bonum
3769 1741 3830 1784 est

2263 1820 2468 1870 sperare
2509 1805 2564 1859 in
2601 1805 2838 1872 Domino,
2869 1826 3021 1880 quam
3068 1828 3271 1879 sperare
3313 1817 3366 1868 in
3406 1817 3636 1882 homine;
3665 1817 3833 1874 bonum

2265 1904 2339 1948 est
2375 1912 2579 1966 sperare
2605 1898 2658 1951 in
2709 1898 2946 1967 Domina,
2978 1919 3129 1971 quam
3182 1923 3388 1974 sperare
3435 1908 3487 1960 in
3536 1910 3834 1980 principibus

2258 1985 2710 2060 (Psal.tcxvu,'8,
2749 1991 2805 2062 9)
2837 2009 2849 2046 :
2877 2003 2936 2046 ut
2970 1994 3066 2048 ista
3095 1998 3435 2053 meditatione
3462 2001 3635 2053 anima
3661 2002 3768 2069 jam
3788 2003 3830 2056 in

2266 2093 2489 2148 regnum
2527 2080 2703 2136 Patris
2730 2094 3006 2154 assurgat,
3054 2103 3153 2142 nec
3181 2090 3488 2160 cujusquam
3531 2101 3830 2160 potestatem

2267 2178 2463 2238 pra-ter
2487 2170 2637 2225 illum
2663 2174 2838 2242 magni
2877 2175 3092 2240 faciens,
3137 2194 3234 2232 nec
3269 2195 3364 2233 sua
3400 2181 3498 2234 sibi
3543 2181 3641 2252 ipsi
3673 2185 3833 2253 perni-

2263 2260 2561 2315 ciosissime
2599 2261 2933 2320 blandiens‘.
2967 2265 3167 2321 Tradet
3213 2285 3341 2338 ergo
3387 2285 3609 2340 regnum
3643 2274 3749 2328 Deo
3788 2287 3834 2329 et

2266 2349 2431 2414 Patri,
2462 2367 2582 2406 cum
2606 2369 2699 2422 per
2718 2355 2863 2409 illum
2893 2372 2987 2426 per
3024 2359 3257 2428 speciem
3285 2372 3642 2430 cognoscetur
3672 2365 3831 2419 Pater.

2267 2443 2511 2514 Regnum
2541 2446 2682 2500 enim
2721 2447 2836 2516 ejus
2873 2459 2997 2503 sunt
3033 2450 3082 2503 in
3121 2452 3312 2519 quibus
3342 2469 3483 2507 nunc
3530 2464 3718 2526 regnat
3753 2472 3836 2526 per

2264 2531 2443 2589 ﬁdem.
2487 2535 2653 2590 Aliter
2683 2538 2825 2591 enim
2856 2538 3046 2594 dicitur
3076 2555 3294 2610 regnum
3322 2530 3516 2597 Christi
3556 2546 3832 2600 secundum

2266 2620 2577 2693 potestatem
2625 2627 2950 2694 divinitatis,
3000 2631 3292 2687 secundum
3342 2636 3482 2704 quod
3552 2637 3602 2691 ei
3664 2646 3835 2691 cuncta

2263 2726 2505 2770 creatura
2534 2717 2770 2786 subjecta
2799 2731 2918 2785 eSt;
2949 2730 3002 2776 et
3041 2723 3197 2777 aliter
3234 2739 3452 2794 regnum
3497 2729 3623 2796 ejus
3659 2728 3839 2782 dicitur

2268 2806 2526 2871 Ecclesia,
2576 2810 2869 2864 secundum
2916 2815 3292 2882 proprietatem
3339 2817 3457 2870 ﬁdei
3495 2836 3623 2888 qua:
3671 2822 3720 2875 in
3757 2821 3838 2874 illo

2261 2908 2364 2963 est,
2393 2900 2682 2959 secundum
2716 2904 2854 2972 quod
2882 2914 2997 2958 orat
3023 2906 3112 2976 qui
3139 2906 3287 2974 dicit,
3323 2906 3546 2964 Posside
3589 2929 3676 2966 nos
3699 2911 3835 2985 (Isai.

2261 3002 2408 3055 nrt,
2444 2991 2531 3056 13,
2558 3008 2658 3045 sec.
2702 2989 2890 3064 LXX).
2918 2994 3102 3065 Neque
3139 2998 3282 3052 enim
3315 3013 3418 3054 non
3457 2999 3580 3070 ipse
3619 3003 3836 3073 possidet

2263 3080 2462 3134 omnia.
2503 3081 2804 3137 Secundum
2847 3084 2987 3152 quod
3039 3085 3231 3142 dicitur
3268 3089 3426 3143 etiam
3474 3092 3613 3148 illud
3662 3112 3675 3148 :
3719 3094 3836 3148 Cum

2263 3171 2392 3223 servi
2411 3171 2580 3225 essetis
2603 3174 2810 3240 peccati,
2836 3174 2980 3229 liberi
3010 3179 3164 3231 eratis
3173 3179 3392 3249 justitiaz
3421 3181 3602 3252 (Rom.
3629 3201 3698 3248 vt,
3725 3183 3832 3254 20).

2247 3259 2555 3314 'Evacuabit
2575 3275 2703 3330 ergo
2731 3278 2945 3318 omnem
2985 3266 3335 3335 principatum
3373 3278 3425 3323 et
3452 3285 3668 3327 omnem
3699 3284 3835 3341 pote-

2263 3360 2452 3405 statem
2480 3360 2534 3405 et
2560 3352 2822 3417 virtutem,
2854 3363 2912 3408 ut
2950 3356 3077 3410 nulli
3110 3357 3317 3412 Patrem
3365 3360 3594 3417 intuenti
3636 3379 3729 3433 per
3755 3361 3836 3417 Fi-

2263 3439 2390 3493 lium
2419 3456 2553 3511 opus
2579 3443 2646 3496 sit
2672 3452 2764 3497 aut
2793 3444 2950 3498 libeat
2980 3445 3030 3498 in
3055 3447 3368 3518 cujusquam
3397 3463 3659 3508 creatura:
3689 3456 3764 3508 vel
3787 3452 3832 3508 in

2263 3543 2356 3584 sua
2378 3534 2756 3601 conquiescere
2781 3543 3063 3602 potestate.

2335 3620 2390 3674 5.
2433 3619 2642 3691 Oportet
2683 3624 2814 3676 enim
2850 3639 2964 3676 eum
3010 3640 3241 3694 regnare,
3279 3629 3435 3683 donec
3480 3643 3637 3700 ponat
3675 3650 3836 3687 omnes

2261 3709 2493 3764 inimicos
2519 3728 2635 3766 suos
2659 3712 2749 3766 sub
2776 3712 2982 3782 pedibus
3009 3706 3156 3769 suis:
3184 3717 3232 3771 id
3255 3729 3355 3784 est,
3383 3731 3833 3794 oportetregnnm

2263 3802 2381 3872 ejus
2410 3803 2460 3857 in
2492 3811 2693 3858 tantum
2721 3804 3064 3870 manifestari,
3091 3807 3261 3863 donec
3287 3825 3474 3868 omnes
3498 3814 3701 3870 inimici
3727 3818 3834 3886 ejus

2262 3893 2435 3962 ipsum
2463 3907 2685 3963 regnare
2725 3894 3006 3951 fateantur.
3042 3898 3152 3957 lloc
3177 3901 3319 3954 enim
3360 3902 3679 3972 intelligitur
3700 3950 3714 3971 ,
3745 3907 3835 3963 sub

2264 3982 2488 4052 pedibus
2514 3984 2632 4053 ejus
2657 3983 2861 4038 futuros
2886 3981 3152 4042 inimicos.
3179 3989 3332 4054 Quod
3378 3991 3423 4044 si
3453 3991 3519 4046 de
3558 3993 3724 4063 jnstis
3751 4012 3835 4050 ac-

2261 4075 2582 4144 ceperimus,
2629 4075 2749 4130 ideo
2785 4075 2982 4130 dictum
3011 4088 3115 4142 est,
3159 4081 3406 4147 inimicos,
3444 4083 3567 4152 quia
3611 4100 3678 4140 cx
3711 4087 3838 4156 inju-

2262 4162 2359 4216 stis
2387 4161 2762 4230 justilicantur,
2793 4175 2845 4218 et
2869 4166 2917 4219 ei
2947 4168 3216 4223 credendo
3239 4170 3559 4226 subdantur.
3585 4175 3665 4230 De
3700 4176 3835 4245 inju-

2261 4252 2359 4306 stis
2401 4263 2576 4308 autem
2616 4255 2705 4324 qui
2763 4255 2829 4308 ad
2871 4256 3136 4324 justorum
3178 4259 3556 4316 beatitudinem
3610 4263 3836 4320 futuram

2263 4359 2369 4398 non
2399 4346 2692 4414 pertinent,
2736 4347 2814 4402 sic
2836 4349 3200 4417 accipiendum
3222 4361 3326 4416 est,
3371 4354 3624 4422 quoniam
3653 4366 3707 4411 et
3746 4355 3837 4425 ipsi

2261 4451 2385 4490 eum
2414 4452 2638 4506 regnare
2662 4437 2775 4506 ipsa
2811 4441 2958 4505 regni
3000 4441 3116 4509 ejus
3168 4443 3601 4501 manilestatione
3638 4447 3837 4502 confusi

2262 4527 2588 4581 fatebuntur.
2627 4528 2785 4597 Ergo,
2827 4526 3038 4597 Oportet
3073 4547 3184 4584 eum
3224 4548 3456 4602 regnare,
3502 4535 3665 4591 donec
3688 4543 3839 4608 ponat

2263 4634 2436 4672 omnes
2469 4619 2697 4672 inimicos
2731 4619 2820 4671 sub
2846 4620 3056 4690 pedibus
3084 4623 3210 4685 suis,
3250 4640 3354 4680 non
3399 4626 3472 4681 ita
3499 4627 3702 4683 dictum
3741 4636 3838 4692 est.

2261 4709 2558 4788 quasieum
2593 4711 2827 4777 posuerit
2873 4710 3119 4768 inimicos
3157 4729 3283 4770 suos
3321 4718 3420 4771 sub
3453 4720 3683 4788 pedibus
3711 4720 3836 4782 suis,

2265 4813 2371 4851 non
2413 4786 2485 4850 su
2531 4807 2714 4868 postea
2743 4811 3062 4870 regnaturus
3110 4821 3125 4858 :
3165 4805 3280 4870 sed,
3343 4786 3559 4879 Oportet
3608 4828 3722 4864 eum
3765 4827 3841 4864 re-

2263 4903 2440 4957 gnare,
2469 4887 2630 4942 donec
2667 4898 2822 4958 ponat
2863 4907 3036 4947 omnes
3076 4893 3308 4950 inimicos
3343 4913 3461 4952 suos
3500 4900 3597 4954 sub
3639 4901 3842 4972 pedibus

2263 4979 2408 5040 suis;
2459 4988 2672 5048 Oportet
2715 4997 2860 5046 eum,
2912 4981 3104 5053 inquit,
3157 4985 3224 5040 ad
3271 4995 3470 5043 tantam
3523 4992 3840 5047 evidentiam

2267 5084 2486 5138 regnum
2539 5084 2692 5144 suum
2723 5072 3036 5152 perducere,
3089 5075 3261 5132 donec
3291 5079 3488 5134 inimici
3531 5082 3654 5152 ejus
3701 5083 3840 5136 nullo

2264 5161 2424 5215 modo
2449 5161 2678 5216 audeant
2724 5177 2918 5232 negare
2960 5150 3099 5233 quod
3149 5179 3353 5238 regnet.
3403 5170 3536 5226 Nam
3567 5150 3837 5246 scriptum

2265 5261 2367 5318 est,
2395 5250 2480 5306 lto
2511 5253 2647 5306 oculi
2669 5255 2826 5308 nostri
2849 5254 2917 5309 ad
2945 5255 3219 5312 Dominum
3246 5258 3410 5316 Deum
3453 5274 3706 5331 nostrum,
3748 5267 3838 5319 do-

2267 5361 2358 5398 nec
2396 5344 2692 5398 misereatur
2735 5346 2897 5400 nostri
2928 5347 3093 5418 (Psal.
3116 5365 3280 5417 cun,
3309 5350 3367 5424 ἓ)
3407 5370 3420 5407 :
3465 5369 3568 5409 nec
3607 5355 3726 5410 ideo
3770 5366 3841 5408 ta-

2267 5449 2412 5500 men,
2442 5450 2563 5489 cum
2591 5436 2838 5491 misertus
2866 5438 3033 5493 nostri
3057 5438 3232 5508 fuerit,
3261 5444 3442 5498 oculos
3471 5446 3541 5497 ab
3565 5461 3635 5501 eo
3673 5448 3834 5501 debe-

2263 5539 2389 5580 mus
2411 5537 2674 5584 avertere.
2709 5527 2764 5582 ln
2803 5536 3008 5584 tantum
3035 5530 3177 5586 enim
3205 5541 3289 5588 est
3330 5534 3606 5591 beatitudo
3637 5548 3838 5601 nostra,

2335 5683 2350 5713 ι
2378 5687 2476 5731 ttat.
2516 5687 2590 5751 Er.
2626 5678 2867 5751 etplures
2887 5681 3130 5751 ttss.,sibi
3163 5683 3269 5750 ipsa
3283 5666 3687 5751 perniciesissime
3708 5690 3841 5741 blun-

2272 5741 2423 5794 diens.
2441 5769 2502 5779 —
2531 5744 2602 5793 sic
2626 5741 2772 5792 etiam
2795 5744 2938 5806 Lugd.
2976 5741 3028 5795 et
3045 5753 3162 5796 Ven.
3180 5741 3191 5750 ’
3227 5741 3285 5797 Il.
