3942 6416
171 320 222 377 τι

193 442 244 497 in
282 449 537 515 quam
603 443 742 514 ejus
798 445 1267 516 eontetnplatione
1319 447 1653 528 periraimur.
1701 450 1789 503 Sic

211 550 328 606 ergo
350 545 403 590 et.
426 534 530 590 hoc
548 535 769 593 dictum
800 550 914 594 est.
939 538 1225 595 Oculorum
1254 549 1545 596 nostrorum
1568 542 1794 596 intentio

217 629 279 682 ad
310 628 575 681 Dominum
609 644 727 682 non
776 631 1101 700 porrigitur,
1132 631 1228 686 nisi
1256 646 1418 699 usque
1442 631 1509 687 ad
1539 632 1792 703 impetra-

219 718 403 772 tionem
448 718 842 773 misericordiae
894 721 1107 787 ipsius,
1161 736 1260 775 non
1307 732 1370 776 ut
1427 735 1611 792 postea
1671 725 1793 780 inde

213 818 487 872 avertatur,
536 809 633 863 sed
663 820 726 863 nt
750 810 886 864 nihil
919 810 1042 866 inde
1080 813 1305 882 amplius
1336 815 1590 883 requirat.
1620 813 1792 871 Donec

215 913 334 968 ergo
359 914 452 967 pro
488 914 559 953 eo
590 900 826 968 positum
871 912 974 967 est,
1003 911 1062 956 ut
1105 920 1207 957 non
1238 905 1484 974 amplius,
1505 906 1787 977 intelligas.

214 989 323 1055 Quo
343 989 480 1043 enim
494 991 746 1059 amplius,
763 992 815 1044 id
836 1004 935 1059 est,
956 1010 1125 1063 usque
1142 995 1207 1048 ad
1223 1011 1379 1066 quam
1404 998 1658 1066 majorem
1679 1016 1792 1053 ma-

216 1078 596 1133 uiiestationem
644 1081 1072 1138 manifestabitur
1123 1101 1343 1157 regnum
1405 1087 1645 1157 Christi,
1688 1092 1788 1146 nisi

216 1184 478 1236 quousjue
497 1184 689 1224 omnes
711 1172 907 1227 inimici
925 1189 1045 1227 eutr.
1073 1191 1294 1245 regnare
1317 1177 1614 1234 fateantur?
1631 1183 1785 1237 Aliud

212 1268 295 1311 est
314 1274 437 1324 ergo
474 1274 581 1314 non
623 1263 849 1331 amplius
878 1266 1226 1332 manifestari,
1254 1270 1395 1323 aliud
1426 1286 1531 1325 non
1559 1274 1787 1343 amplius

210 1360 538 1414 pennanere.
551 1349 664 1403 Non
685 1354 910 1421 amplius
931 1355 1277 1423 manifestari,
1302 1370 1386 1415 est
1404 1377 1511 1416 non
1535 1365 1645 1419 fieri
1669 1383 1783 1420 ma-

209 1439 451 1494 nifestius
472 1460 486 1492 :
505 1458 607 1495 uon
638 1444 862 1513 amplius
889 1461 1224 1516 permanere,
1258 1467 1363 1507 non
1391 1454 1503 1509 fieri
1536 1472 1781 1524 perseve-

208 1532 429 1584 rantius.
447 1534 671 1598 Quando
699 1546 873 1590 autem
905 1539 1234 1595 manifestius
1258 1544 1361 1598 erit
1385 1562 1605 1617 regnum
1626 1547 1783 1604 Chri-

206 1620 299 1681 sti.
330 1637 483 1689 quam
505 1639 625 1675 cum
646 1626 890 1679 omnibus
915 1628 1164 1684 claruerit
1201 1632 1467 1688 inimicis?

281 1709 333 1763 6.
375 1710 664 1766 Novissima
707 1716 909 1769 inimica
955 1718 1239 1775 destruetur
1285 1741 1439 1778 mors.
1481 1726 1594 1781 Non
1637 1728 1780 1783 enim

205 1800 313 1854 erit
336 1803 483 1857 aliud
520 1806 1009 1877 quod‘destruatur,
1040 1824 1381 1884 posteaquam
1410 1821 1633 1875 mortale
1682 1822 1783 1877 hoc

205 1892 439 1948 induerit
466 1896 930 1955 immortalitatem.
961 1902 1147 1957 Omnia
1173 1909 1306 1961 enim
1330 1909 1541 1979 subjecit
1570 1913 1660 1967 sub
1692 1931 1779 1983 pe-

202 1983 355 2037 dibus
388 1987 495 2056 ejus
524 2003 543 2039 :
570 1987 673 2042 hoc
697 2000 797 2056 est,
832 2003 887 2045 ut
912 1995 1068 2047 etiam
1097 2008 1321 2053 mortem
1351 2001 1607 2057 destruat.
1653 2006 1780 2061 Cum

200 2084 385 2128 autem
430 2079 611 2131 dixerit
643 2082 758 2148 quia
800 2086 961 2137 omnia
1005 2086 1228 2159 subjecta
1255 2104 1374 2146 sunt
1404 2095 1559 2165 (dixit
1600 2102 1780 2170 utique

208 2164 482 2235 prepheta
529 2168 579 2221 in
623 2169 841 2227 Psalmis
876 2173 1040 2236 (Psal.
1066 2195 1182 2244 vnt,
1214 2181 1290 2249 8),
1342 2164 1664 2255 manifestum
1695 2164 1779 2246 ἐει

200 2258 338 2324 quia
365 2271 551 2328 praeter
570 2278 685 2315 eam
711 2267 799 2333 qui
830 2268 1032 2337 subjecit
1058 2271 1136 2325 illi
1162 2277 1331 2328 omnia
1367 2292 1387 2330 :
1426 2278 1635 2335 Patrem
1669 2284 1778 2339 vult

199 2347 426 2418 intelligi
467 2354 639 2404 omnia
688 2353 819 2408 Filio
866 2359 1179 2427 subjecisse,
1230 2365 1365 2420 sicut
1412 2372 1596 2425 nmltis
1645 2372 1776 2429 locis

198 2438 340 2493 idem
398 2441 649 2497 Dominus
684 2446 735 2498 in
777 2447 1068 2520 Evangelio
1118 2459 1455 2514 commendat
1493 2471 1548 2516 et
1587 2465 1777 2531 praedi.

202 2530 363 2594 dicat,
406 2550 508 2595 non
555 2536 726 2611 solum
758 2551 980 2610 propter
1007 2543 1231 2600 formam
1271 2552 1434 2618 servi,
1481 2554 1574 2608 sed
1614 2558 1775 2612 etiam

209 2636 413 2692 propter
440 2628 755 2697 principium
796 2632 865 2686 de
910 2650 1017 2703 quo
1064 2646 1163 2698 est,
1211 2649 1265 2694 et
1297 2657 1404 2710 quo
1439 2646 1660 2713 azqualis
1696 2658 1776 2704 est

208 2713 466 2785 eidequo
488 2726 587 2771 est.
630 2723 793 2776 Amat
823 2725 969 2777 enim
1013 2726 1079 2781 ad
1122 2744 1284 2783 unum
1324 2733 1639 2802 principium
1687 2754 1775 2791 re-

214 2803 347 2858 ferre
368 2808 557 2873 omnia,
591 2818 844 2880 unquam
874 2814 1052 2885 imago
1078 2817 1214 2885 ejus,
1261 2820 1355 2875 sed
1396 2821 1448 2876 in
1489 2836 1596 2893 quo
1623 2827 1775 2881 inha-

210 2893 337 2949 bitat
364 2901 529 2954 omnis
553 2900 830 2969 plenitudo
856 2905 1153 2963 divinitatis
1180 2909 1397 2981 (Coloss.
1424 2931 1479 2983 tt,
1517 2916 1592 2986 9).

283 2988 333 3040 7.
360 2990 469 3042 Cum
494 3004 658 3046 autem
685 2996 733 3048 ei
752 2998 927 3050 omnia
969 3000 1190 3071 subjecta
1219 3004 1424 3071 fuerint,
1448 3016 1567 3062 tunc
1594 3021 1641 3064 et
1664 3012 1772 3081 ipse

221 3074 381 3132 nam
418 3081 652 3152 subjectus
696 3088 794 3139 erit
822 3089 871 3141 ei
913 3091 1002 3160 qui
1041 3092 1123 3145 illi
1160 3094 1371 3166 subjecit
1415 3100 1605 3153 omnia.
1656 3074 1771 3158 Νυη

210 3170 352 3237 quasi
378 3173 521 3226 modo
547 3191 654 3229 non
683 3177 757 3230 ita
786 3179 876 3239 sit.
908 3180 1003 3233 sed
1025 3188 1151 3237 tunc
1176 3186 1512 3242 manifestum
1539 3192 1658 3257 erit,
1688 3208 1772 3249 se-

208 3260 423 3315 cumbtm
462 3264 781 3321 locutionem
826 3272 1072 3338 superius
1116 3281 1411 3330 tractatam.
1450 3278 1517 3333 Ut
1543 3282 1605 3334 sit
1633 3281 1773 3339 Deus
1810 3300 1820 3307 '

205 3352 432 3404 omniain
452 3355 695 3409 omnibus.
726 3356 847 3426 Ipse
874 3368 959 3414 est
986 3360 1125 3426 linis,
1157 3379 1315 3434 quem
1345 3370 1591 3437 superius
1617 3391 1769 3428 cont-

203 3444 520 3508 memoravit,
547 3460 668 3499 cum
698 3456 867 3503 totum
897 3451 1069 3519 primo
1097 3456 1327 3511 breviter
1345 3459 1504 3514 vellet
1550 3465 1768 3518 conclu-

196 3530 340 3594 dere,
368 3534 549 3590 deinde
573 3541 726 3606 quasi
761 3543 1096 3598 membratim
1117 3548 1383 3615 explicare
1401 3562 1457 3605 et
1480 3569 1766 3622 exponere.

193 3617 522 3688 Loquebatttr
541 3630 681 3682 enim
709 3630 783 3684 de
825 3639 1237 3703 resurrectione,
1285 3641 1370 3695 ubi
1415 3644 1508 3709 ait,
1557 3644 1768 3702 Initium

189 3710 661 3776 Christus;deinde
678 3722 714 3773 ii
735 3723 823 3790 qui
849 3734 967 3777 sunt
988 3723 1176 3781 Christi
1220 3731 1270 3783 in
1313 3736 1576 3801 praesentia
1618 3738 1767 3808 ejus;

185 3800 373 3854 deinde
401 3807 528 3872 ﬁnis.
556 3809 679 3877 ipse
706 3813 913 3868 scilicet
954 3815 1073 3870 linis
1115 3830 1220 3885 est,
1253 3800 1398 3877 utsit
1434 3824 1571 3881 Deus
1597 3831 1766 3883 omnia

180 3889 235 3940 in
281 3895 522 3949 manibus.
564 3900 740 3954 Aliter
765 3905 907 3956 enim
934 3905 1127 3962 dicitur
1170 3910 1289 3965 finis
1317 3915 1406 3983 qui
1437 3919 1664 3984 pertinet
1689 3921 1757 3975 ad

178 3990 709 4059 consummationem,
730 3995 883 4049 aliter
918 3998 1006 4066 qui
1035 4002 1262 4070 pertinet
1300 4005 1366 4059 ad
1398 4014 1762 4081 consumptio-

177 4088 325 4128 neut.
348 4078 510 4134 Aliter
557 4084 704 4137 enim
735 4086 913 4140 linitur
942 4093 1113 4145 tunica
1153 4096 1402 4163 texendo,
1432 4100 1590 4155 aliter
1612 4078 1763 4159 cibus

179 4166 523 4223 cumulando.
575 4172 721 4228 Deus
745 4187 918 4231 autem
950 4183 1131 4237 omnia
1179 4186 1229 4239 in
1260 4191 1507 4245 onmibus
1540 4193 1753 4261 dicitur,

176 4265 237 4308 ut
262 4274 421 4314 nemo
451 4278 637 4317 eorum
661 4268 750 4336 qui
781 4270 830 4323 ei
864 4273 1158 4343 cohaerent,
1185 4291 1327 4333 amet
1352 4284 1608 4342 adversus
1636 4306 1756 4344 eum

175 4363 329 4402 suam
356 4357 622 4422 propriam
652 4360 1458 4446 voluntatem,manifestumque
1488 4380 1556 4432 sit
1581 4386 1758 4438 omni-

176 4436 277 4493 bus
295 4446 431 4511 quod
461 4447 599 4501 idem
651 4454 937 4522 Apostolus
972 4460 1079 4512 alio
1104 4460 1220 4516 loco
1249 4436 1395 4531 dicit,
1432 4468 1568 4535 Quid
1591 4436 1758 4529 autem

176 4533 331 4587 trabes
352 4541 480 4603 quod
502 4558 603 4596 non
622 4548 862 4613 accepisti
887 4549 907 4620 (
931 4551 946 4602 Ι
976 4550 1094 4605 Cor.
1119 4569 1192 4619 tv,
1228 4556 1258 4609 7
1288 4558 1306 4627 )
1339 4560 1363 4611 Ἰ

243 4625 297 4678 8.
325 4626 455 4684 Sunt
474 4633 602 4687 item
630 4636 720 4705 qui
750 4638 827 4691 sic
858 4639 1151 4712 intelligant
1190 4625 1332 4702 hunc
1358 4650 1554 4718 locum,
1586 4653 1755 4726 Opor-

174 4720 238 4765 tet
270 4731 379 4769 eunt
403 4737 629 4790 regnare,
682 4725 841 4782 donec
864 4744 1019 4800 ponat
1045 4752 1215 4791 omnes
1250 4740 1481 4799 inimicos
1515 4762 1634 4801 suos
1661 4751 1755 4803 sub

178 4805 384 4868 pedibus
430 4814 553 4876 suis,
594 4825 653 4869 ut
681 4818 782 4872 sub
827 4822 925 4875 alia
981 4826 1364 4896 significatione
1406 4837 1634 4904 positum
1666 4839 1752 4897 hic

178 4892 355 4950 dicant
372 4918 615 4971 regnare,-
642 4923 746 4963 non
777 4913 875 4966 sub
896 4930 957 4969 ea
979 4932 1079 4986 qua
1123 4922 1352 4988 posizum
1374 4935 1475 4994 est,
1516 4945 1747 5001 regnum,

187 4980 239 5001 ,Α
440 4994 449 5001 ,
547 4994 577 5001 -

180 4980 248 5081 de
275 5002 375 5055 quo
405 4994 493 5058 ait,
535 4994 664 5051 Cum
688 5002 951 5059 tradiderit
996 4980 1205 5080 regnum
1247 5014 1353 5071 Deo
1396 5029 1444 5072 et
1461 4980 1615 5076 'Patzi
1646 5040 1665 5078 :
1693 4980 1752 5081 ui

184 5070 311 5128 illud
347 5081 415 5135 sic
432 5087 794 5157 appellaverit,
822 5111 1058 5165 regnum,
1089 5117 1195 5171 quo
1217 5107 1515 5164 universam
1542 5123 1749 5171 creatu-

188 5174 298 5217 ram
323 5167 448 5227 Deus
473 5180 643 5246 regit;
678 5181 780 5238 hoc
808 5196 990 5242 autem
1020 5193 1096 5246 sic
1109 5167 1485 5268 appellaverit,
1514 5220 1743 5274 regnare,

189 5254 565 5353 UtliDIdbgawr
606 5280 857 5343 tanquam
903 5254 1167 5339 adversus
1189 5254 1414 5343 hostem
1453 5254 1747 5353 exerfcitum

191 5341 401 5455 interc,
433 5358 511 5412 vel
546 5341 835 5421 defendere
884 5370 1148 5429 civitatem
1190 5389 1293 5433 :ut
1354 5380 1475 5436 ideo
1527 5384 1741 5455 dixerit,

1244 5432 1283 5433 ρ
1357 5432 1469 5436 __-_
1530 5432 1741 5455 --.ψη

193 5432 379 5504 om!
396 5464 498 5503 eum
537 5471 767 5525 regnare,
793 5462 957 5515 donec
988 5478 1137 5535 ponat
1165 5487 1337 5527 omnes
1375 5475 1606 5533 inimicos
1628 5497 1745 5535 suos

188 5532 274 5628 ⁸ξῦ
302 5540 495 5606 pedibus
521 5550 623 5602 suis
651 5565 671 5612 ;
707 5554 832 5622 quia
862 5532 994 5608 talis
1010 5563 1173 5629 regni,
1196 5566 1352 5633 quale
1383 5532 1744 5641 habentpriu;

724 5619 736 5622 -
1069 5619 1098 5629 ν
1162 5619 1172 5625 ,
1216 5619 1226 5633 ,
1329 5619 1348 5621 -

187 5619 317 5689 τίνω
335 5643 662 5706 armatormn,
690 5645 841 5696 nulla
888 5649 989 5699 erit
1016 5664 1187 5720 causa,
1226 5658 1378 5713 hoste
1406 5661 1471 5714 ῐιει
1504 5665 1742 5734 subjcclo

190 5720 486 5785 Itt'ebellare
527 5751 632 5790 non
688 5738 895 5807 possit.
943 5738 1067 5796 Nam
1097 5750 1275 5820 utique
1324 5752 1518 5809 dictum
1569 5720 1649 5813 cst
1690 5761 1738 5813 in

1637 334 1837 390 LIBER
1879 336 2080 395 UNUS.
3410 372 3480 428 73

1904 450 2212 523 Evangelio,
2236 455 2300 511 Et
2320 462 2462 531 regni
2481 480 2588 535 ejus
2612 483 2713 522 non
2750 474 2843 526 erit
2863 475 2999 543 ﬁnis,
3024 484 3311 542 secundum
3338 495 3480 560 quod

1902 556 2087 612 regnat
2132 547 2184 601 in
2231 560 2486 609 aeternum
2518 574 2532 610 :
2570 562 2859 620 secundum
2902 574 3155 630 autemid
3187 580 3326 647 quod
3356 547 3478 641 lado

1902 646 2086 689 versus
2110 636 2375 694 diabolum
2403 643 2502 698 sub
2527 661 2591 701 eo
2627 650 2915 723 militatur;
2950 662 3144 718 tamdiu
3172 636 3269 724 erit
3294 673 3479 743 utique

1900 724 1999 780 ista
2029 729 2232 797 militia,
2256 731 2426 789 donec
2449 749 2609 805 ponat
2634 757 2818 800 omnes
2842 747 3085 810 inimicos
3107 772 3231 814 suos
3250 765 3351 820 sub
3381 724 3477 836 pe-

1906 815 2044 836 ,,.__,_
2087 834 2094 836 _
2147 821 2158 833 .
2357 834 2363 836 Α

1899 815 2055 871 dibus
2079 821 2221 886 suis;
2251 834 2433 891 postea
2461 842 2587 885 vero
2615 848 2717 889 non
2761 840 2882 907 erit,
2914 857 3033 897 cum
3061 862 3188 916 pace
3214 815 3471 926 perpelua

1898 907 2250 975 perfruentur.

1969 1000 2022 1054 9.
2058 1002 2181 1058 llase
2206 1015 2382 1061 autem
2410 1009 2478 1065 ita
2500 1012 2638 1068 dicta
2667 1018 2791 1082 sint,
2821 1030 2877 1076 ut
2904 1029 3213 1095 noverimus
3235 1035 3463 1107 diligen-

2944 1092 2947 1095 Α
3295 1088 3427 1107 ρο--.

1896 1088 2175 1148 tiusetiam
2200 1097 2325 1151 illud
2346 1103 2673 1160 considerari
2720 1121 2985 1182 oportere,
3034 1124 3472 1198 secundumquid

1893 1195 2077 1252 regnet
2127 1203 2265 1244 nunc
2303 1192 2553 1251 Dominus
2591 1200 2985 1270 dispensatione
3028 1224 3344 1276 sacramenti
3389 1229 3469 1281 sui

1895 1289 1989 1343 per
2011 1275 2425 1339 incarnationem
2467 1298 2623 1359 atque
2651 1295 2973 1362 passionem.
2998 1302 3129 1359 Nam
3176 1315 3468 1371 secundum

1892 1364 1943 1417 id
1983 1368 2123 1435 quod
2177 1370 2407 1430 Verbum
2454 1378 2545 1434 Dei
2593 1392 2694 1448 est,
2727 1395 2834 1441 tam
2864 1390 2980 1448 sine
3019 1395 3122 1452 line
3150 1416 3306 1469 quam
3354 1408 3470 1463 sine

1891 1455 2042 1509 initio
2078 1469 2131 1512 et
2159 1462 2273 1516 sine
2305 1465 2691 1544 intermissione
2717 1487 2800 1532 est
2825 1495 3043 1559 regnum
3083 1455 3220 1558 ejuus.
3261 1493 3467 1553 Secun-

1888 1543 2011 1598 dum
2040 1547 2091 1600 id
2107 1558 2281 1605 autem
2310 1559 2448 1623 quod
2492 1559 2723 1619 Verbum
2772 1543 3130 1631 carowfactum'
3147 1584 3265 1654 est(
3296 1585 3454 1643 Joan.

1828 1636 1833 1639 “
1888 1650 1925 1701 ι,
1956 1637 2021 1691 li
2048 1640 2085 1707 ),
2118 1645 2279 1711 cmpit
2306 1661 2527 1716 regnare
2558 1654 2606 1705 in
2628 1657 3076 1734 credentibusper
3105 1636 3264 1729 [Ideni
3286 1677 3466 1733 illt'al"

1886 1729 2114 1784 nationis
2138 1747 2268 1787 suae.
2312 1736 2461 1793 Unde
2487 1753 2568 1797 est
2597 1747 2759 1802 etiam
2785 1748 2911 1807 illud
2940 1772 2953 1807 :
2989 1756 3235 1818 Dominus
3281 1784 3466 1839 regna-

1884 1818 2007 1873 vita
2039 1821 2217 1896 ligno(
2239 1825 2383 1881 Psal.
2433 1846 2579 1901 xcv,
2625 1836 2751 1910 10).
2796 1841 2929 1899 llinc
2970 1859 3148 1906 autem
3190 1818 3466 1918 evacdavit

1883 1924 2094 1967 onmem
2113 1917 2462 1987 principatum
2480 1932 2535 1978 et
2551 1940 2762 1985 omnem
2780 1944 3096 2003 potestatem
3118 1954 3170 1999 et
3193 1949 3461 2020 virtutem,

1883 2001 2007 2057 dum
2036 2020 2139 2061 non
2178 2024 2273 2078 per
2313 2012 2608 2073 claritatem
2649 2001 2794 2092 ejus,
2830 2028 2924 2084 sed
2970 2049 3063 2101 per
3113 2001 3463 2103 humilitatem

1883 2096 2012 2150 salvi
2044 2098 2175 2154 fiunt
2203 2104 2484 2162 credentes
2514 2110 2565 2164 in
2591 2128 2736 2169 eum.
2768 2117 2880 2175 Hoc
2923 2096 3005 2178 est
3032 2127 3399 2190 absconditum
3428 2154 3457 2193 a

1884 2189 2212 2256 sapientibus
2250 2204 2303 2248 et
2336 2199 2725 2272 prudentibus,
2764 2216 2818 2262 et
2891 2216 3179 2274 revelatum
3232 2228 3463 2291 parvulis

1883 2274 1902 2345 (
1924 2275 2111 2333 Matth.
2145 2298 2217 2349 ιι,
2235 2284 2305 2339 25
2335 2285 2351 2351 )
2380 2303 2394 2352 ;
2428 2292 2675 2359 quoniam
2709 2296 2905 2364 placuit
2931 2305 3042 2359 Deo
3069 2323 3163 2376 per
3181 2274 3460 2374 stirltili‘am

1884 2370 2273 2435 prmdicationis
2299 2378 2476 2434 salvos
2505 2381 2677 2439 facere
2703 2390 2981 2449 credentes
3005 2395 3026 2467 (
3118 2399 3234 2455 Cor.
3276 2422 3311 2469 ι,
3340 2370 3457 2480 ).

1884 2458 2054 2480 ,ιη-η
2142 2464 2170 2480 Α.
2193 2464 2206 2480 .
2480 2472 2491 2480 -
2807 2478 2816 2480 ς

1878 2458 2061 2530 Neque
2084 2464 2367 2536 quidquam
2395 2484 2451 2525 se
2479 2472 2615 2528 inter
2638 2478 2885 2545 parvulos
2913 2458 3050 2540 scire
3075 2489 3202 2545 dicit
3229 2458 3463 2564 Apostdv

1880 2551 1982 2617 lus,
2016 2556 2118 2610 nisi
2169 2557 2348 2614 Jesum
2392 2561 2755 2633 Cbristum,et
2804 2573 2946 2631 hunc
2992 2551 3345 2659 crucifixum(
3370 2589 3457 2645 Id.

1879 2657 1938 2708 ιι,
1977 2645 2013 2699 2
2038 2647 2076 2715 ).
2105 2648 2217 2714 Qua
2249 2653 2622 2720 praedicatione
2648 2664 2843 2718 tamdiu
2873 2682 3007 2736 Opus
3027 2682 3125 2738 est,
3152 2645 3342 2736 donec‘
3365 2697 3462 2751 po-

1881 2748 2074 2791 nantur
2101 2754 2289 2796 omnes
2326 2745 2525 2801 inimici
2578 2751 2678 2805 sub
2714 2756 2935 2823 pedibus
2957 2762 3110 2832 ejus:
3142 2767 3191 2820 id
3224 2781 3323 2837 est,
3356 2745 3459 2843 ipsi

1880 2823 2158 2883 humilitati
2181 2832 2317 2901 ejus,
2340 2851 2499 2904 quam
2530 2842 2720 2909 pedum
2753 2823 3288 2924 nominevsignilicari
3311 2823 3458 2920 arbi-

1880 2926 2009 2987 tror,
2037 2922 2189 2977 cedat
2218 2934 2375 2995 atque
2400 2931 2655 2989 subdatur
2677 2939 2852 2995 omnis
2878 2922 3122 3013 superbia
3142 2955 3411 3010 saecularis
3438 2977 3454 3025 ;

1878 3010 2013 3065 sicut
2048 3029 2114 3067 ex
2158 3017 2385 3072 maxima
2416 3032 2565 3090 parte
2607 3028 2715 3093 jam
2754 3010 2957 3089 factum
2981 3047 3085 3103 est,
3118 3050 3173 3096 et
3214 3010 3453 3115 quotidie

1878 3101 2277 3162 ﬁeriVidemus-
2304 3108 2408 3167 Sed
2452 3130 2557 3183 quo
2587 3117 2689 3174 line
2735 3123 2830 3177 ista
2874 3101 3144 3189 fiunt?iUt
3170 3101 3459 3199 niani;

1875 3207 2037 3260 gnum
2063 3196 2173 3252 Deo
2201 3209 2255 3253 et
2271 3201 2445 3271 Patri,
2478 3206 2530 3260 id
2567 3219 2669 3276 est,
2713 3222 2771 3267 ιιι
2818 3220 3046 3277 nutritus
3075 3225 3177 3282 ﬁde
3205 3196 3453 3287 inomni-

1876 3284 2035 3339 tionis
2058 3301 2188 3356 suae,
2219 3293 2470 3359 perducat
2498 3299 2564 3352 ad
2591 3305 2821 3370 speciem
2853 3324 2956 3378 qua
2983 3318 3201 3383 aequalis
3229 3284 3452 3380 estrPa-

1876 3375 1960 3430 tri.
1993 3376 2109 3432 Jam
2137 3381 2277 3435 enim
2312 3384 2390 3437 eis
2440 3388 2529 3456 qui
2555 3375 2912 3463 crediderant,
2943 3402 3274 3476 loquebatur,
3322 3429 3443 3471 cum

1871 3464 2077 3524 diceret
2102 3487 2115 3523 :
2148 3470 2210 3527 Si
2226 3478 2506 3532 manseritis
2551 3480 2603 3533 in
2631 3483 2776 3537 verba
2800 3503 2928 3556 meo,
2952 3509 3063 3547 vere
3088 3497 3325 3569 discipuli
3346 3509 3445 3558 mei

1871 3560 1988 3613 estis
2014 3561 2067 3627 ¹;
2093 3572 2140 3616 et
2163 3570 2467 3636 cognoscetis
2509 3573 2783 3641 veritatem,
2804 3588 2849 3632 et
2893 3585 3073 3639 veritas
3114 3560 3339 3647 liberabit
3365 3613 3451 3652 vos

1872 3649 1891 3715 (
1916 3648 2073 3705 Joan.
2124 3669 2238 3721 vm,
2294 3658 2380 3723 5i,
2433 3661 2562 3734 32).
2597 3664 2835 3736 Regnum
2866 3672 3008 3727 enim
3058 3679 3231 3736 tradet
3278 3648 3443 3751 Patri,

1870 3756 1990 3795 cum
2024 3760 2116 3812 per
2157 3747 2209 3802 id
2241 3753 2482 3820 regnabit
2531 3756 2585 3811 in
2631 3765 3114 3831 contemplantibus
3144 3775 3442 3842 veritatem.

1867 3846 1974 3901 quo
2005 3837 2223 3905 arqualis
2251 3850 2333 3896 est
2356 3843 2514 3911 Patri,
2549 3856 2603 3903 et
2630 3866 2725 3919 per
2748 3868 2805 3907 se
2836 3857 3163 3927 unigenitum
3204 3882 3301 3936 per
3325 3837 3447 3939 spe;

1867 3923 2002 3979 ciem
2035 3925 2189 3983 faciet
2217 3932 2382 3988 videri
2412 3936 2640 3994 Patrem.
2671 3942 2822 4001 Nunc
2845 3950 2984 4002 enim
3014 3968 3106 4019 per
3128 3953 3230 4011 hoc
3258 3972 3445 4030 regnat

3015 4011 3024 4019 _
3263 4011 3267 4012 ,
3317 4011 3444 4030 οη.-

1867 4011 1920 4066 in
1943 4014 2300 4086 credentibus,
2319 4037 2424 4092 quo
2454 4041 2513 4080 se
2547 4029 2718 4097 ipsum
2744 4035 3055 4105 exinanivit,
3090 4043 3312 4103 formam
3330 4067 3446 4106 ser-

1865 4105 1916 4159 vi
1944 4108 2245 4181 accipiens(
2274 4112 2505 4188 Philipp.
2530 4136 2586 4184 ιι,
2612 4122 2643 4176 7
2669 4123 2703 4194 ).
2752 4126 2901 4185 Tunc
2919 4142 3093 4188 autem
3136 4139 3307 4196 tradet

1863 4212 2023 4266 gnum
2044 4200 2153 4257 Deo
2186 4214 2238 4259 et
2272 4208 2432 4276 Patri,
2487 4228 2605 4267 cum
2643 4225 2979 4278 evacnaverit
3032 4243 3243 4285 onmem
3292 4238 3439 4302 prin-

1863 4288 2114 4358 cipatum,
2136 4302 2191 4348 et
2213 4306 2546 4367 potestatem,
2564 4314 2618 4358 et
2640 4308 2905 4365 virtutem.
2930 4314 3079 4372 Unde
3100 4288 3375 4379 evacuabit
3396 4330 3439 4389 ί,

1863 4381 1963 4434 nisi
2022 4382 2335 4453 humilitate,
2387 4399 2441 4443 ct
2498 4396 2768 4463 patientia,
2816 4409 2872 4453 et
2926 4404 3433 4482 infirtnitate?Qnis

1860 4475 2001 4528 enim
2033 4478 2377 4547 principatus
2407 4499 2510 4537 non
2560 4502 2862 4558 evacuatur,
2910 4509 3031 4549 cum
3089 4499 3249 4556 Filius
3301 4507 3441 4562 Dei'

1862 4577 2137 4637 propterea
2170 4580 2354 4640 regnat
2378 4574 2431 4626 in
2459 4576 2817 4645 credentibus,
2851 4590 2972 4652 quia
3003 4601 3123 4643 eum
3172 4594 3435 4666 principes

1858 4661 2035 4714 surculi
2080 4661 2649 4738 judicaverunt?Qu:e
2703 4683 2938 4741 potestas
2994 4696 3098 4735 non
3130 4661 3433 4758 eva‘cuet-ur,

1857 4766 1976 4805 cum
2001 4753 2111 4821 ipse
2141 4770 2238 4823 per
2284 4774 2441 4824 quem
2489 4760 2623 4815 facta
2654 4774 2779 4818 sunt
2811 4769 3007 4833 omnia,
3041 4784 3317 4842 propterea
3347 4753 3433 4837 re;

1854 4855 1981 4910 gnat
2013 4846 2062 4898 in
2089 4848 2449 4914 credentibus,
2481 4853 2601 4921 quia
2634 4856 2703 4909 ita
2732 4859 3003 4927 subjectus
3030 4876 3112 4919 est
3157 4875 3435 4936 potestati—

1856 4934 1973 5003 bus,
1995 4945 2051 4990 ut
2077 4937 2279 4993 diceret
2305 4941 2528 5009 homini,
2558 4944 2676 5000 Non
2699 4947 2902 5007 haberes
2928 4953 2982 5008 in
3005 4972 3082 5009 me
3119 4934 3431 5030 potestatem,

1854 5027 1952 5082 nisi
1971 5030 2091 5082 data
2116 5031 2204 5083 tibi
2240 5040 2365 5086 esset
2403 5032 2653 5108 desuper(
2679 5037 2839 5100 Joan.
2862 5058 2977 5108 XIX,
3006 5049 3063 5102 Η
3097 5027 3153 5121 )ήῖ
3176 5052 3305 5119 Qua:
3329 5027 3435 5110 vir;

1855 5126 1940 5173 tus
1965 5134 2068 5173 non
2099 5132 2402 5188 evacuetnr,
2429 5139 2549 5179 cum
2590 5127 2703 5196 ipse
2737 5146 2833 5200 per
2861 5149 3017 5203 quem
3060 5140 3186 5194 caeli
3217 5144 3426 5201 solidati

1853 5221 1994 5276 sunt,
2024 5211 2146 5268 ideo
2174 5225 2360 5284 regnat
2384 5215 2435 5271 in
2465 5218 2823 5288 credentibus,
2868 5227 2991 5295 quia
3017 5244 3186 5301 usque
3212 5234 3277 5288 ad
3308 5253 3430 5293 eru-

1850 5315 1968 5357 cem
1991 5312 2320 5375 mortemque
2341 5307 2635 5367 infirmatus
2660 5322 2741 5367 est
2766 5315 2791 5368 ?
2815 5315 2925 5371 Hoc
2947 5328 3124 5376 autem
3157 5329 3315 5381 modo
3353 5330 3433 5386 Fi-

1851 5391 1953 5446 lius
1978 5395 2189 5463 proprie
2216 5405 2401 5466 regnat
2425 5398 2477 5453 in
2506 5399 2608 5456 fide
2635 5403 2987 5463 credentium.
3018 5409 3135 5467 Non
3159 5415 3298 5471 enim
3325 5420 3426 5473 Pa-
3452 5450 3461 5455 κ

1912 5528 1932 5594 ξ
1956 5533 2054 5594 Rat.
2082 5535 2133 5579 et
2154 5531 2377 5591 plerique
2394 5539 2522 5594 Mss,
2544 5533 2699 5587 eritis.-

1913 5589 2033 5702 ζώεις
2050 5596 2219 5700 [:atvmt
2240 5589 2345 5702 ιιιςξ.
2382 5602 2437 5644 At.
2467 5589 2542 5669 Er.
2575 5606 2628 5649 et
2657 5606 2787 5661 ιον..
2822 5601 3077 5654 evacuatit.
3104 5631 3162 5641 --
3186 5607 3257 5655 Sic
3280 5610 3427 5657 etiam

1982 5685 1995 5697 .
2031 5664 2060 5700 e
2151 5665 2231 5701 en.
2335 5692 2345 5702 .

1847 5656 1995 5703 Lugd.
2031 5658 2083 5700 et
2115 5658 2231 5701 Ven.
2290 5661 2345 5703 Μ.
2492 5668 2495 5669 ⁷
