3942 6416
539 314 607 368 79
1229 312 1315 366 DE
1356 309 1663 366 DIVERSIS
1700 308 2220 377 QUIESTIONIBUS
2257 310 2548 378 LXXXIII,
2589 313 2646 368 S.
2689 317 3049 375 AUCUSTINI
3745 328 3816 384 80

536 440 618 485 ter
634 428 738 484 dici
767 436 859 484 aut
877 426 1021 483 credi
1053 434 1226 497 potest
1256 426 1340 481 vel
1367 426 1690 491 incarnatus,
1722 426 1799 478 vel
1830 424 2113 493 judicatus,

536 519 943 575 veicruciﬁxus.
995 518 1099 572 Per
1144 516 1380 586 speciem
1422 526 1620 579 autem,
1653 531 1755 585 qua
1792 517 2010 585 aequalis
2037 524 2120 568 est

536 610 701 677 Patri,
726 624 845 663 cum
876 607 1033 662 Patre
1078 617 1262 677 regnat
1309 608 1360 661 in
1410 605 1891 673 contemplantibus
1920 605 2117 658 verita-

536 716 665 759 tem.
696 699 847 770 Quod
878 710 1056 757 autem
1086 701 1259 755 tradet
1284 715 1505 770 regnum
1537 700 1645 753 Deo
1672 710 1726 752 et
1750 698 1915 764 Patri,
1947 714 1975 749 a
2015 698 2118 749 title

535 792 920 848 incarnationis
947 806 1058 846 sua:
1087 792 1152 847 ad
1184 792 1418 860 speciem
1449 789 1662 844 deitatis
1696 788 1993 858 perducens
2024 802 2118 841 eos

532 887 624 956 qui
667 886 767 940 sibi
800 900 940 940 nunc
960 886 1205 948 credunt,
1235 900 1338 938 non
1370 883 1483 952 ipse
1520 881 1734 945 amittit,
1779 880 1873 934 sed
1900 888 2120 948 uterque

512 987 593 1034 'se
662 993 826 1032 unum
879 978 945 1031 ad
1001 976 1280 1031 fruendum
1349 971 1829 1041 contemplantilnis
1897 971 2116 1040 pra-bet.

532 1070 757 1126 Tamdiu
789 1080 1126 1139 autem'opus
1148 1078 1231 1123 est
1256 1076 1314 1121 ut
1339 1068 1391 1122 in
1426 1066 1728 1121 hominibus
1757 1064 1989 1119 nondum
2027 1079 2120 1118 va-

538 1165 775 1220 lentibus
801 1164 1157 1235 aequalitatem
1210 1163 1381 1218 Patris
1409 1172 1465 1216 et
1508 1160 1626 1215 Filii
1656 1160 1930 1230 perspicua
1964 1172 2118 1212 men-

536 1257 608 1312 tis
632 1258 751 1311 luce
782 1255 1050 1319 contueri,
1098 1269 1193 1325 per
1229 1253 1329 1307 hoc
1352 1262 1537 1322 regnet
1560 1251 1821 1313 Christus,
1864 1248 2002 1319 quod
2036 1258 2117 1301 ta-

533 1347 617 1403 les
639 1361 832 1417 capere
853 1355 1093 1416 possunt,
1128 1353 1182 1399 et
1212 1343 1353 1414 quod
1381 1342 1594 1413 proprie
1633 1342 1743 1411 ipse
1786 1339 2039 1409 suscepit,
2068 1336 2120 1392 id

534 1450 639 1509 est,
671 1440 1053 1496 incarnationis
1103 1438 1481 1501 humilitatem,
1534 1435 1707 1490 donec
1732 1442 1889 1503 ponat
1934 1444 2120 1485 omnes

533 1533 779 1588 inimicos
803 1532 903 1587 sub
957 1531 1182 1601 pedibus
1209 1531 1320 1583 suis
1341 1546 1355 1583 :
1379 1528 1437 1583 id
1480 1537 1587 1590 est,
1615 1527 1787 1580 donec
1833 1523 2007 1577 omnis
2033 1537 2121 1575 su-

534 1625 720 1694 perbia
766 1624 1039 1680 saecularis
1093 1621 1475 1678 incarnationis
1505 1619 1624 1691 ejus
1666 1616 1951 1673 humilitati
1990 1614 2118 1671 sub-

534 1716 714 1770 datur.

609 1806 696 1862 10.
736 1805 875 1862 Sane
902 1804 1043 1875 quod
1076 1804 1278 1859 dictum
1308 1811 1409 1866 est,
1439 1801 1581 1856 Tunc
1608 1809 1653 1855 et
1676 1801 1784 1871 ipse
1812 1798 1979 1853 Filius
1998 1797 2122 1851 sub-

526 1899 695 1969 jectus
719 1898 810 1950 erit
830 1898 876 1951 ei
903 1898 987 1968 qui
1011 1897 1088 1950 illi
1104 1896 1311 1964 subjecit
1336 1897 1541 1955 omnia;
1568 1892 1809 1963 quamvis
1830 1889 2119 1945 secundum

534 1991 924 2061 susceptionem
954 1989 1183 2044 hominis
1209 1987 1447 2053 dicatur,
1483 1986 1602 2056 quia
1631 1984 1757 2039 inde
1776 1993 1860 2038 est
1899 1983 2124 2051 quaestio

532 2089 679 2147 nata,
701 2096 820 2135 cum
836 2088 1023 2150 ageret
1050 2080 1115 2134 de
1144 2079 1534 2133 resurrectione
1555 2084 1879 2129 mortuorum
1907 2091 1919 2127 :
1946 2082 2122 2127 tamen

532 2181 679 2227 recte
696 2174 949 2241 qmcritur
978 2181 1149 2224 utrum
1176 2169 1463 2224 secundum
1496 2171 1666 2236 ipsum
1689 2176 1889 2220 tantum
1923 2165 2121 2218 dictum

533 2263 623 2329 sit,
656 2262 797 2333 quod
830 2273 912 2317 est
939 2271 1096 2331 caput
1125 2261 1378 2317 Ecclesia:
1425 2259 1642 2330 (Ep/tes.
1672 2275 1726 2320 v,
1756 2258 1882 2328 25);
1935 2274 2000 2311 an
2038 2273 2125 2311 se.

532 2354 767 2411 cundum
798 2355 1101 2409 universum
1122 2353 1414 2417 Christum,
1446 2359 1795 2404 annumerato
1818 2364 2042 2416 corpore
2069 2358 2125 2401 et

534 2447 792 2502 membris
809 2446 946 2515 ejus.
975 2443 1109 2498 Cum
1138 2445 1281 2498 enim
1317 2444 1402 2497 ait
1437 2443 1502 2496 ad
1532 2443 1767 2506 Galatas,
1809 2440 1933 2495 Non
1975 2442 2119 2507 dicit,

537 2539 606 2593 Et
628 2536 918 2602 seminibus,
958 2546 1197 2603 tanquam
1222 2537 1273 2588 in
1303 2534 1511 2599 multis;
1536 2533 1624 2588 sed
1661 2543 1898 2603 tanquam
1920 2532 1973 2586 in
1999 2549 2117 2597 uno,

536 2628 603 2683 Et
640 2627 819 2682 semini
852 2638 957 2692 tuo,
990 2626 1125 2697 quod
1166 2634 1238 2680 est
1279 2623 1544 2689 Christus;
1579 2638 1646 2678 ne
1664 2623 1846 2692 ipsum
1878 2622 1980 2676 hoc
1996 2622 2123 2676 luco

536 2721 710 2775 solum
742 2718 1166 2787 intelligeremus
1201 2716 1496 2779 Christum,
1515 2715 1615 2785 qui
1635 2714 1701 2769 de
1731 2713 1889 2767 Maria
1918 2713 2123 2782 virgine

533 2824 619 2870 est
644 2823 820 2877 natus,
851 2822 1032 2883 postea
1061 2811 1211 2877 dicit,
1245 2809 1433 2865 Omnes
1459 2812 1591 2864 enim
1622 2826 1708 2863 vos
1736 2825 1891 2861 unum
1917 2809 2033 2862 estis
2070 2808 2124 2861 in

535 2904 736 2959 Christo
763 2901 906 2957 Jesu.
934 2902 996 2958 Si
1023 2912 1190 2955 autem
1218 2918 1304 2955 vos
1332 2900 1537 2963 Christi,
1572 2917 1688 2971 ergo
1715 2899 1931 2952 Abi-aha:
1957 2914 2122 2953 semen

534 2994 652 3048 estis
685 2991 877 3064 (Colat.
910 3008 987 3059 tu,
1019 2993 1107 3059 I6,
1131 2993 1222 3056 28,
1250 2992 1365 3061 ΞΟ).
1399 2993 1465 3047 Ει
1489 2993 1555 3047 ad
1589 2992 1892 3047 Corinthios
1911 3007 2031 3046 cum
2056 2991 2125 3046 de

537 3083 799 3139 cbaritate
819 3083 1040 3147 diceret,
1063 3082 1131 3138 de
1160 3082 1411 3136 membris
1439 3082 1678 3151 corporis
1722 3081 2121 3135 similitudinem

534 3176 735 3231 ducens
764 3192 779 3227 :
806 3174 951 3230 Sicut
976 3176 1107 3229 enim
1130 3191 1313 3245 corpus
1340 3191 1494 3228 unum
1513 3184 1605 3242 est,
1634 3173 1820 3243 inquit,
1839 3182 1886 3227 et
1901 3173 2124 3227 membra

536 3266 685 3320 habet
714 3265 894 3329 multa,
937 3265 1108 3319 omnia
1135 3272 1304 3318 autem
1342 3264 1563 3318 membra
1603 3264 1827 3334 corporis
1865 3279 1980 3317 cum
2024 3263 2124 3317 sint

533 3360 717 3423 multa,
745 3374 907 3412 unum
935 3368 1006 3412 est
1033 3374 1254 3429 corpus;
1284 3360 1355 3411 ita
1379 3367 1424 3410 et
1446 3357 1693 3412 Christus.
1723 3356 1838 3412 Non
1867 3355 2019 3421 dixit,
2052 3355 2122 3410 ita

533 3461 589 3506 et
613 3449 841 3515 Christi;
891 3450 1005 3516 sed,
1051 3451 1121 3504 ita
1145 3460 1191 3504 et
1222 3449 1475 3518 Christus,
1515 3449 1804 3504 ostendens
1850 3446 2122 3503 Christum

534 3552 680 3598 recte
704 3542 960 3612 appellari
989 3542 1150 3598 etiam
1181 3542 1507 3605 universum,
1557 3540 1659 3597 hoc
1686 3550 1790 3604 est,
1821 3548 1978 3608 caput
1998 3554 2120 3594 cum

533 3649 758 3701 corpore
773 3650 893 3699 suo,
922 3634 1064 3703 quod
1099 3642 1185 3688 est
1211 3633 1471 3688 Ecclesia.
1512 3632 1580 3686 Et
1609 3632 1789 3686 multis
1817 3632 2121 3701 Scriptura-

532 3740 651 3778 rum
682 3724 814 3777 locis
857 3724 1161 3777 invenimus
1204 3723 1474 3778 Christum
1515 3724 1674 3778 etiam
1703 3723 1804 3778 hoc
1833 3722 1993 3778 modo
2020 3739 2120 3794 ap-

532 3814 743 3883 pellari,
789 3825 844 3867 ut
873 3828 993 3868 cum
1044 3813 1292 3868 omnibus
1326 3814 1439 3868 suis
1483 3814 1739 3869 membris
1778 3814 2117 3884 intelligatur.

534 3905 727 3975 quibus
754 3905 952 3960 dictum
983 3914 1085 3969 est,
1123 3903 1223 3959 Vos
1268 3906 1385 3959 estis
1419 3921 1600 3975 corpus
1625 3905 1813 3960 Christi
1831 3916 1879 3959 et
1902 3906 2121 3959 membra

533 3996 578 4063 (I
601 3995 720 4048 Cor.
746 4011 841 4060 xu,
863 3995 948 4056 l2.
966 3996 1081 4064 27).
1102 3995 1371 4065 Nunergo
1395 3996 1623 4052 absurde
1650 3997 1729 4052 sic
1757 3997 2116 4068 intelligimus.

532 4085 679 4140 Tunc
703 4096 749 4140 et
769 4086 878 4155 ipse
899 4086 946 4140 F
947 4088 1063 4142 ilius
1091 4087 1340 4157 subjectus
1368 4088 1457 4141 erit
1481 4089 1527 4142 ei
1553 4090 1640 4160 qui
1669 4089 1746 4143 illi
1769 4089 1977 4160 subjecit
2002 4107 2118 4144 om-

532 4176 656 4241 nia;
711 4184 769 4230 ut
815 4175 1005 4231 Filium
1055 4191 1161 4232 non
1210 4166 1386 4232 solum.
1431 4188 1591 4249 caput
1627 4178 1901 4246 Ecclesiae,
1932 4180 2026 4235 sed
2066 4189 2120 4235 et

531 4280 721 4319 omnes
768 4281 889 4321 eum
933 4281 1000 4321 eo
1038 4276 1251 4321 sanctos
1292 4267 1667 4338 intelligamus,
1690 4269 1780 4340 qui
1802 4278 1927 4324 sunt
1956 4287 2117 4325 unum

530 4357 584 4412 in
612 4355 847 4424 Christo,
890 4374 1051 4413 unum
1079 4373 1261 4413 semen
1298 4359 1563 4414 Abralne:
1606 4359 1902 4431 subjectum
1940 4371 2116 4418 autem

528 4448 824 4504 secundum
849 4449 1352 4519 contemplationem
1393 4443 1734 4519 sempiternae
1763 4453 2021 4518 veritatis,
2050 4453 2117 4508 ad

528 4539 875 4595 obtinendam
918 4540 1321 4604 beatitudinem,
1375 4542 1522 4595 nullo
1554 4551 1700 4596 motu
1742 4543 1941 4619 animi,
1972 4545 2115 4597 nulla

529 4644 681 4703 parte
696 4633 938 4702 corporis
957 4633 1237 4688 resistente
1257 4651 1271 4698 ;
1298 4643 1351 4685 ut
1369 4634 1419 4687 in
1442 4634 1529 4689 illa
1556 4635 1659 4688 vita
1678 4635 1889 4689 nemine
1904 4645 2117 4691 amante

531 4723 802 4792 prapriam
833 4732 1171 4793 potestatem,
1197 4724 1260 4776 sit
1289 4721 1426 4776 Deus
1454 4726 1624 4778 omnia
1646 4725 1700 4778 in
1724 4726 1970 4779 omnibus.

530 4844 694 4901 LXX.
742 4845 816 4900 De
843 4862 904 4901 eo
927 4846 1063 4917 quod
1098 4848 1365 4918 Apostolus
1390 4849 1511 4903 dicit
1543 4867 1562 4904 :
1584 4851 1843 4921 Absorpta
1866 4863 1946 4905 est
1972 4868 2116 4909 mors

603 4936 658 4990 in
680 4937 978 4991 victoriam.
1011 4937 1105 4993 Ubi
1132 4947 1231 5003 est,
1262 4955 1427 5004 mors,
1454 4944 1724 4996 contentio
1755 4945 1874 4997 tua?
1896 4945 1980 4998 ubi
2012 4957 2113 5011 est,

601 5044 748 5083 mors
768 5068 784 5092 ,
816 5029 1034 5083 aculeus
1064 5041 1183 5083 tuus
1214 5031 1491 5085 ?Aeuleus
1507 5043 1683 5087 autem
1715 5034 1902 5088 mortis
1931 5051 2118 5104 pecca-

604 5131 714 5173 tum
735 5159 753 5186 ,
781 5119 951 5173 virtus
981 5135 1107 5175 vero
1138 5123 1339 5191 peccati
1381 5123 1465 5177 lex
1498 5122 1542 5188 (I
1569 5123 1689 5182 Cor.
1722 5126 2041 5194 “,54-56).

603 5232 772 5288 Morte
796 5232 1083 5304 signiﬁcari
1113 5235 1344 5289 arbitror
1363 5236 1378 5267 ‘
1411 5235 1514 5291 hoc
1543 5237 1659 5293 loco
1699 5240 1964 5295 carnalem
1989 5256 2118 5295 eon-
2157 5244 2165 5249 ”

529 5325 890 5393 suetudinem,
919 5342 1039 5398 quae
1063 5328 1262 5384 resistit
1292 5327 1444 5384 bona:
1466 5329 1721 5384 voluntati
1740 5331 2116 5388 delectatioue'

596 5485 611 5547 ι
643 5487 691 5529 ιιι
736 5479 881 5547 editis
922 5482 1127 5547 quzrstio
1167 5482 1527 5547 septuagesima
1551 5484 1621 5547 sic
1643 5485 1931 5546 incipiebat:
1959 5488 2118 5547 outeri

531 5543 645 5617 solet
670 5542 789 5614 quid
811 5539 898 5613 sit,
1074 5539 1302 5617 ﬁetillud
1334 5539 1463 5617 quod
1493 5544 1635 5617 scrin.
1648 5539 1816 5617 antsest
1925 5539 2117 5610 biorpta

529 5614 599 5656 est
621 5603 747 5671 mors
771 5603 820 5654 in
842 5603 1116 5666 victoriam,
1134 5614 1229 5655 etc.
1256 5603 1455 5655 Mortem
1475 5603 1742 5671 signiﬁcari
1770 5608 1995 5669 arbitror,
2017 5603 2112 5661 etc.
2146 5638 2147 5641 η

511 5668 828 5729 .tastigantur
851 5680 914 5716 ex
939 5672 1045 5717 Mss.

589 5732 614 5761 ¹
643 5727 722 5778 llic
749 5730 863 5778 editi
887 5729 1093 5779 addunt.
1120 5727 1373 5783 bonorum.
1397 5742 1506 5783 (tute
1525 5743 1617 5780 vox
1641 5730 1779 5780 abest
1802 5745 1828 5780 a
1851 5739 1956 5783 Mss.

2227 429 2597 495 temporalium
2638 430 3001 489 l'ruendorum.
3053 435 3167 491 Non
3206 438 3348 493 enim
3375 438 3682 496 diceretur?
3713 442 3813 498 Ubi

2225 527 2315 581 est,
2336 536 2489 585 mors,
2519 526 2767 578 contcnn'o
2784 528 2915 580 tua?
2936 528 2979 581 si
3008 544 3112 583 non
3140 530 3422 585 restitisset
3442 542 3495 586 et
3516 549 3811 604 repugnas-

2225 618 2323 663 set.
2353 610 2522 680 Ipsius
2546 617 2818 671 contentio
2845 618 3005 672 etiam
3035 619 3125 673 illo
3152 621 3269 674 loco
3298 621 3617 685 describitur
3640 643 3657 679 :
3680 626 3812 679 Caro

2222 702 2532 771 concupiscit
2566 706 2803 761 adversus
2836 709 3089 779 spiritum,
3128 720 3174 764 et
3202 714 3409 777 spiritus
3430 716 3672 769 adversus
3697 734 3811 771 car-

2224 807 2355 845 nem.
2392 794 2516 848 llwc
2539 798 2669 849 enim
2696 800 2906 853 invicem
2930 803 3025 855 sibi
3042 802 3276 857 resistunt
3302 814 3347 857 et
3375 806 3701 861 adversantur
3720 849 3737 874 ,
3755 820 3813 862 ut

2224 898 2322 934 non
2347 900 2459 952 quae
2485 886 2636 939 vultis
2662 888 2753 941 illa
2779 890 2977 960 faciatis
2999 890 3193 961 (Colat.
3226 910 3276 955 v,
3312 895 3423 963 I7).
3455 894 3537 949 Fit
3560 912 3691 967 ergo
3714 912 3813 967 per

2224 974 2698 1031 sanetiticatiouem
2728 979 3036 1047 perfectam.
3064 993 3120 1036 ut
3146 984 3320 1038 omnis
3348 986 3577 1042 carnalis
3601 990 3811 1058 appeti-

2226 1071 2311 1114 tus
2356 1066 2560 1133 spiritui
2608 1079 2793 1123 nostro
2848 1071 3146 1140 illuminato
3195 1076 3556 1142 etvivilicato,
3608 1078 3661 1133 id
3702 1091 3809 1143 est,

2224 1152 2380 1207 bona:
2406 1156 2661 1212 voluntati
2708 1161 3035 1229 subjiciatur.
3090 1165 3152 1218 Et
3202 1165 3338 1219 sicut
3391 1168 3811 1223 nuncrvidemus

2226 1244 2410 1298 multis
2436 1249 2728 1317 puerilibus
2753 1250 3197 1310 delectationibus
3216 1272 3312 1310 nos
3337 1272 3541 1324 carere,
3561 1274 3682 1328 qua:
3711 1264 3811 1312 nus

2227 1349 2460 1403 pueros,
2504 1339 2549 1393 si
2578 1340 3001 1410 denegarentur,
3044 1345 3302 1401 acerrime
3343 1348 3652 1403 cruciabam
3688 1367 3704 1403 :
3734 1350 3808 1404 ita

2224 1429 2549 1485 credendum
2580 1443 2665 1489 est
2689 1433 2756 1489 de
2794 1436 2939 1489 omni
2965 1438 3163 1491 carnali
3187 1438 3543 1495 delectatione
3572 1439 3811 1496 futurum

2225 1535 2367 1585 esse,
2395 1536 2516 1576 cum
2542 1524 2771 1592 perfecta
2800 1526 3054 1599 sanctitas
3085 1537 3251 1583 totum
3281 1529 3552 1585 hominem
3589 1546 3811 1601 repara-

2225 1610 2380 1665 verit.
2406 1611 2559 1668 Nunc
2578 1624 2754 1669 autem
2782 1618 3032 1686 quamdiu
3054 1629 3135 1673 est
3165 1619 3216 1672 in
3248 1619 3401 1674 nobis
3425 1621 3565 1689 quod
3595 1623 3816 1678 resistat

2225 1699 2379 1756 bona:
2405 1705 2680 1770 voluntati,
2706 1708 2903 1762 auxilio
2934 1709 3024 1765 Dei
3052 1725 3146 1779 per
3174 1712 3341 1766 bonos
3369 1711 3609 1769 homines
3627 1726 3682 1770 et
3710 1714 3819 1769 bo;

2226 1807 2325 1846 nos
2354 1794 2590 1864 Angelos
2612 1796 2932 1867 indigemus,
2965 1802 3211 1855 utdouec
3232 1813 3448 1858 sanetur
3483 1804 3680 1859 vulnus
3714 1821 3815 1860 no-

2170 1884 2176 1888 ⁴
2226 1894 2416 1947 stram,
2451 1901 2554 1939 non
2584 1886 2652 1940 ita
2681 1888 2978 1965 moleslet',
3004 1902 3059 1944 ut
3081 1894 3298 1961 perimat
3329 1895 3485 1948 etiam
3503 1894 3695 1948 bonam
3718 1910 3816 1950 vo-

2226 1974 2502 2029 iuuentem.
2545 1978 2691 2033 IIauc
2730 1990 2905 2034 autem
2960 1996 3184 2037 mortem
3233 1996 3449 2053 peccato
3494 1990 3812 2049 meruimus.

2225 2066 2365 2134 quod
2387 2078 2664 2136 peccatum
2692 2081 2810 2125 erat
2838 2080 2961 2127 ante
3003 2077 3148 2127 omni
3176 2076 3335 2129 modo
3370 2077 3422 2130 in
3456 2076 3621 2131 libero
3658 2077 3811 2132 arbi-

2227 2158 2350 2220 trio,
2378 2174 2499 2212 eum
2529 2160 2583 2213 in
2613 2145 2856 2229 paradiso
2877 2164 3055 2219 nullus
3081 2165 3236 2219 dolur
3279 2166 3553 2236 denegata:
3572 2167 3813 2223 delecta-

2225 2250 2386 2305 tionis
2404 2251 2423 2281 ²
2444 2252 2697 2306 voluntati
2718 2253 2870 2308 bona:
2890 2257 3118 2310 hominis
3139 2257 3439 2319 resistebat,
3463 2257 3615 2312 sicuti
3641 2275 3811 2315 nunc.

2230 2342 2386 2397 Verbi
2430 2345 2634 2414 gratia,
2685 2346 2728 2399 si
2765 2348 3048 2417 quisquam
3097 2352 3292 2403 existat
3334 2367 3493 2420 quem
3537 2368 3811 2422 nunquam

2222 2433 2509 2491 delectavit
2534 2440 2767 2505 venatio,
2798 2441 2941 2494 omni
2966 2441 3126 2495 modo
3150 2442 3288 2497 liber
3320 2453 3404 2498 est
3431 2452 3607 2499 utrum
3626 2448 3814 2501 venari

2226 2529 2353 2582 velit
2375 2546 2452 2591 an
2473 2531 2623 2596 nolit,
2656 2548 2754 2586 nec
2773 2550 2897 2587 eum
2928 2535 3386 2605 cruciatquisquis
3406 2536 3511 2591 hoc
3538 2538 3813 2606 prohibet.

2227 2621 2295 2673 At
2319 2621 2363 2675 si
2393 2622 2490 2676 ista
2521 2623 2763 2679 libertate
2806 2626 2944 2680 male
2987 2643 3133 2689 usus,
3167 2638 3387 2682 venatus
3432 2628 3591 2683 fuerit
3622 2640 3816 2684 contra

2227 2712 2557 2779 prohibentis
2596 2716 2900 2785 imperium,
2926 2719 3178 2787 paulatim
3205 2721 3496 2789 subrepens
3524 2721 3816 2775 delectatio

2227 2802 2511 2857 mortificat
2555 2806 2807 2870 animam,
2834 2818 2895 2861 ut
2924 2810 2967 2863 si
2994 2824 3059 2863 se
3099 2809 3370 2865 abstinere
3416 2811 3563 2878 velit,
3607 2812 3817 2881 absque

2227 2894 2469 2948 molestia
2495 2904 2547 2949 et
2576 2897 2694 2952 sine
2713 2913 2911 2967 angore
2942 2916 3046 2954 non
3091 2903 3279 2970 possit,
3324 2917 3443 2958 cum
3472 2903 3523 2957 id
3549 2914 3674 2958 ante
3700 2914 3816 2959 tom

2225 2985 2453 3039 sanitate
2480 3000 2586 3040 non
2617 2998 2819 3057 ageret.
2843 2990 2983 3059 Ergo
3000 2993 3206 3045 aculeus
3225 2992 3400 3046 mortis
3423 3002 3681 3061 peccatum
3698 3004 3818 3059 est;

2225 3077 2347 3146 quia
2381 3088 2599 3146 peccato
2637 3080 2773 3133 facta
2809 3092 2891 3135 est
2910 3082 3215 3150 delectatio,
3245 3100 3364 3154 qua:
3388 3084 3497 3155 jam
3520 3086 3685 3155 possit
3725 3103 3819 3140 re-

2225 3169 2417 3223 sistere
2438 3169 2590 3223 bona:
2607 3171 2859 3227 voluntati
2880 3173 2919 3238 ³,
2945 3184 3132 3228 etcum
3156 3176 3343 3231 dolore
3361 3177 3618 3233 cohiberi.
3636 3178 3817 3244 Quam

2224 3258 2656 3327 delectationem,
2686 3263 2807 3331 quia
2837 3268 2889 3317 in
2936 3264 3143 3320 defectu
3184 3272 3266 3320 est
3310 3268 3501 3322 anima:
3525 3268 3820 3324 deterioris

2226 3351 2451 3417 elfectaa,
2477 3351 2598 3420 jure
2645 3364 2874 3407 mortem
2916 3370 3187 3409 vocamus.
3222 3355 3391 3411 Virtus
3427 3369 3595 3412 autem
3622 3361 3822 3427 percuti

2226 3443 2308 3496 lea:
2335 3452 2442 3509 est;
2468 3445 2589 3513 quia
2619 3446 2786 3499 multo
2810 3446 3125 3502 sceleratius
3153 3456 3207 3502 et
3232 3447 3538 3517 ﬂagitiosius
3561 3466 3679 3519 QUEP.
3723 3450 3818 3504 lex

2227 3534 2469 3603 prohibet
2514 3538 2937 3604 committuntur,
2990 3554 3145 3609 quain
3177 3541 3220 3595 si
3242 3542 3382 3595 nulla
3415 3542 3531 3611 lege
3557 3542 3818 3610 prohibe-

2226 3635 2429 3680 rentur.
2466 3627 2615 3683 Tunc
2642 3630 2817 3699 itaque
2848 3632 3096 3701 absorpta
3125 3635 3226 3687 erit
3252 3648 3395 3687 mors
3435 3635 3484 3688 in
3509 3634 3819 3701 victoriam,

2224 3733 2344 3771 cum
2360 3735 2458 3789 per
2481 3722 2949 3777 sanetilicationem
2978 3726 3029 3777 in
3058 3727 3199 3778 mnni
3239 3737 3388 3795 parte
3416 3725 3651 3781 hominis
3682 3743 3819 3797 per-

2224 3810 2361 3865 lecta
2409 3811 2760 3868 delectatione
2812 3814 3166 3884 spiritualium
3229 3816 3511 3871 delectatio
3575 3819 3823 3875 carnalis

2223 3902 2499 3956 obruetur.

2222 3993 2409 4049 LXXI.
2459 3993 2538 4047 De
2573 4011 2632 4049 eo
2668 3996 2803 4065 quod
2846 3996 3087 4066 scriptum
3115 4006 3186 4051 est
3218 4012 3236 4051 :
3264 3996 3490 4052 Invicem
3520 4014 3684 4056 onera
3716 4018 3824 4057 ve-

2293 4096 2404 4139 stra
2444 4095 2749 4161 portate,‘ct
2776 4086 2854 4141 sic
2877 4086 3236 4158 adimplebitis
3260 4089 3433 4160 legem
3450 4089 3649 4146 Christi
3681 4092 3824 4163 (Ga-

2292 4177 2386 4231 iat.
2422 4192 2496 4242 vt,
2518 4176 2600 4249 Ξ).

2294 4269 2345 4322 ι.
2374 4268 2506 4336 Quia
2532 4269 2735 4325 Veteris
2755 4268 3079 4325 Testamenti
3114 4270 3347 4325 custodia
3377 4273 3618 4328 timorem
3646 4273 3824 4331 habe-

2221 4359 2329 4425 bat,
2360 4379 2463 4415 non
2514 4362 2684 4432 potuit
2719 4363 2953 4433 apertius
2978 4363 3260 4433 signiﬁcari
3305 4363 3436 4439 Novi
3484 4366 3822 4424 Testam‘enti

2220 4454 2418 4508 donum
2447 4470 2570 4509 esse
2593 4456 2927 4520 charitatem,
2957 4471 3115 4525 quam
3154 4456 3252 4510 hoc
3292 4456 3429 4522 loco,
3463 4454 3549 4512 ubi
3576 4460 3820 4527 Aposto-

2223 4549 2301 4600 lus
2320 4546 2469 4612 dicit,
2501 4546 2724 4600 lnoicem
2746 4563 2898 4599 onera
2924 4558 3083 4600 vestra
3108 4559 3319 4617 portate,
3351 4561 3396 4602 et
3417 4550 3489 4604 sic
3513 4551 3822 4623 adimplebi-

2222 4639 2285 4691 tis
2320 4638 2477 4708 legem
2502 4637 2705 4693 Christi.
2737 4638 2885 4692 Ilauc
2912 4639 3053 4692 enim
3094 4638 3289 4694 Christi
3322 4640 3490 4711 legem
3516 4642 3694 4697 dicere
3727 4644 3819 4698 in-

2222 4731 2495 4801 telligitur,
2520 4746 2622 4800 qua
2660 4732 2774 4800 ipse
2805 4731 3057 4786 Dominus
3093 4734 3343 4802 praecepit
3368 4742 3423 4787 ut
3452 4751 3549 4788 nos
3580 4734 3817 4791 invicem

2219 4821 2518 4892 diligamus,
2561 4831 2765 4883 tantum
2809 4824 2860 4876 in
2907 4838 2970 4878 ea
3008 4825 3264 4878 sententia
3316 4826 3560 4894 praecepti
3603 4828 3819 4895 pondus

2219 4915 2550 4970 constituens
2569 4955 2583 4979 ,
2614 4914 2671 4969 tit
2707 4915 2911 4971 diceret
2950 4931 2962 4967 :
3004 4915 3070 4969 In
3097 4916 3191 4968 hoc
3223 4927 3546 4987 coguoscetur
3569 4920 3818 4986 quoniam

2220 5006 2458 5077 discipuli
2483 5007 2581 5060 mei
2607 5008 2742 5071 estis,
2777 5008 2820 5061 si
2854 5024 2939 5061 vos
2968 5007 3174 5061 invicem
3200 5009 3421 5079 diligatis
3446 5010 3463 5078 (
3486 5006 3644 5061 Joau.
3677 5026 3773 5063 xm
3797 5054 3813 5074 ,

2221 5099 2311 5162 δι,
2343 5099 2457 5170 55).
2481 5099 2647 5168 Hujus
2669 5110 2842 5153 autem
2868 5097 3168 5153 dilectionis
3197 5099 3426 5153 cilicium
3453 5109 3554 5166 est,
3579 5100 3813 5156 invicem

2221 5206 2383 5243 onera
2422 5198 2601 5244 nostra
2631 5201 2861 5258 portare.
2889 5188 2993 5245 Sed
3022 5191 3122 5243 hoc
3149 5190 3404 5255 ofﬁcium,
3445 5190 3585 5260 quod
3612 5195 3817 5263 sempi-

2224 5293 2432 5337 ternum
2461 5297 2567 5340 non
2594 5291 2695 5346 est,
2728 5281 2981 5351 perducet
3000 5296 3128 5335 sane
3154 5281 3218 5335 ad
3244 5282 3621 5337 beatitudinem
3648 5295 3817 5340 :rter-

2222 5390 2344 5431 nam
2366 5417 2382 5442 ,
2415 5373 2485 5429 in‘
2511 5388 2613 5445 qua
2640 5362 2783 5429 nulla
2808 5382 2964 5428 erunt
3004 5382 3181 5429 nostra
3210 5390 3369 5429 onera
3391 5416 3404 5440 ,
3435 5390 3553 5445 qua:
3580 5374 3815 5431 invicem

2286 5492 2302 5522 ¹
2327 5488 2583 5539 Sexdecim
2607 5496 2735 5546 Mss,
2758 5486 3052 5536 molestetur.

2286 5555 2307 5583 ι
2330 5551 2403 5599 sic
2418 5557 2515 5598 Rat.
2542 5556 2595 5598 et
2615 5545 2796 5598 sissit
2819 5555 2893 5597 Er.
2920 5555 2971 5597 et
2991 5555 3120 5609 Lov.,
3144 5545 3381 5611 denegna
3403 5546 3734 5599 delectatwne.
3752 5577 3814 5588 --

2220 5614 2293 5662 sic
2317 5614 2461 5663 etiam
2485 5611 2631 5673 Lugd.
2654 5618 2707 5660 et
2729 5618 2847 5658 Ven.
2916 5617 2973 5657 at.

2224 5675 2307 5786 ω’
2329 5682 2510 5723 Omnes
2541 5669 2693 5737 prope
2733 5678 2861 5733 uss,
2904 5669 3127 5722 resistere
3156 5669 3418 5733 voluntati;
3457 5674 3635 5741 omissa
3657 5685 3813 5735 voce,

2281 5748 2377 5785 mc.

2281 5748 2377 5785 mc.
