3942 6416
155 335 209 395 Si
1603 335 1753 391 ΗΒΕ

1863 334 2040 393 JNUS.
3377 351 3449 406 82

174 461 353 522 portare
370 448 679 521 intueamur.
711 449 890 505 Nunc
913 463 1054 503 vero
1076 462 1188 502 cum
1216 447 1264 501 in
1294 445 1392 500 hac
1419 445 1542 509 vita,
1576 445 1627 500 id
1652 455 1756 513 est,

187 549 232 601 in
251 545 343 600 hac
362 544 440 596 vi:
460 556 672 607 sumus,
708 557 888 595 onera
921 540 1150 594 invicem
1182 548 1352 593 nostra
1379 546 1670 605 portemus,
1700 545 1762 592 ut

189 638 374 691 adeam
394 635 548 687 vitam
575 617 704 702 qua:
730 641 891 688 caret
919 632 1068 686 omni
1091 645 1247 684 onere
1281 629 1560 699 pervenire
1585 627 1760 698 possi-

192 744 309 782 mus.
327 727 461 782 Sicut
477 727 624 779 enim
647 723 723 779 de
741 723 921 779 cet-vis
944 721 1181 776 nonnulli
1205 721 1382 775 talium
1399 720 1758 790 cognitionum

190 817 758 884 stiuﬁosiscripsernnt,
788 830 909 868 emn
937 814 1130 868 fretum
1152 812 1216 866 ad
1241 812 1463 866 insulani
1486 820 1761 867 transeunt

192 925 480 980 pasutomm
509 909 702 976 gratia,
731 908 809 960 sic
837 923 897 960 se
923 905 1206 969 ordinant,
1233 913 1290 958 ut
1323 920 1489 958 onera
1527 905 1757 974 capitum

191 1019 390 1078 simrqu
431 1017 546 1068 qua:
573 1009 788 1070 gestant
817 1000 868 1053 in
903 999 1153 1054 cornibus
1178 1013 1336 1065 super
1364 997 1588 1051 invicem
1630 1013 1757 1068 por-

192 1105 320 1157 tent,
349 1095 412 1146 ita
448 1102 505 1146 ut
527 1094 793 1160 posterior
819 1107 977 1160 super
1002 1091 1325 1144 anteriorem
1352 1087 1559 1142 cervice
1585 1087 1759 1156 proje-

188 1197 264 1236 cta
286 1193 430 1253 caput
456 1183 702 1236 collocet.
737 1183 802 1236 Et
827 1182 948 1251 quia
977 1195 1198 1258 necesse
1218 1188 1300 1234 est
1328 1195 1491 1232 unum
1520 1193 1641 1233 esse
1667 1177 1757 1248 qui

183 1287 400 1328 mth
421 1275 748 1344 prrecedeus,
779 1288 880 1327 non
912 1281 1038 1326 ante
1059 1288 1119 1325 se
1155 1271 1346 1324 haheat
1381 1270 1465 1324 cui
1493 1279 1650 1338 caput
1679 1270 1758 1324 in-

183 1365 360 1430 rﬁnet,
381 1365 582 1420 vicibus
610 1365 659 1418 id
688 1379 842 1434 agere
869 1363 1143 1427 dicuntur;
1169 1373 1222 1416 ιιι
1245 1362 1474 1416 lassatus
1502 1362 1580 1414 sui
1607 1359 1752 1430 capi-

184 1456 247 1506 tis
274 1469 438 1509 onere
464 1455 551 1507 ille
570 1455 656 1523 qui
684 1453 929 1523 praecedit
950 1493 968 1517 ,
1003 1461 1124 1522 post
1157 1467 1343 1506 omnes
1372 1451 1620 1505 reccdat'
1656 1491 1672 1515 ,
1702 1459 1758 1506 et

182 1548 235 1600 ei
257 1548 506 1603 succedat
524 1548 675 1616 enim
703 1546 901 1602 ferebat
923 1555 1099 1614 caput,
1129 1560 1248 1599 cum
1278 1545 1390 1613 ipse
1418 1541 1647 1613 praeiret.
1679 1543 1755 1597 Ita

184 1640 401 1693 invicem
423 1654 584 1693 onera
608 1654 701 1692 sua
728 1647 1020 1707 portantes,
1052 1637 1243 1690 fretum
1267 1644 1560 1700 transeunt,
1581 1634 1758 1688 donec

187 1732 398 1783 veniant
425 1730 492 1782 ad
523 1739 678 1783 terra:
703 1728 1039 1782 stabilitatem
1070 1725 1237 1799 (Plin.
1271 1725 1359 1786 lib.
1406 1725 1461 1792 8,
1490 1739 1606 1794 cap.
1638 1725 1753 1795 52).

183 1819 338 1873 istam
364 1821 581 1874 fortasse
601 1835 874 1874 cervorum
897 1829 1138 1873 naturam
1162 1816 1460 1872 intenderat
1481 1816 1753 1884 Salomon,

182 1926 300 1965 cum
345 1911 436 1973 ait,
467 1908 650 1965 Cereus
677 1911 907 1963 auiicitite
945 1919 994 1964 et
1037 1908 1211 1979 pullus
1237 1909 1515 1979 gratiarum
1557 1917 1757 1961 tuarum

181 2002 534 2068 rolloqnantur
573 2012 730 2053 tecum
772 2001 790 2068 ί
818 1999 966 2054 Prov.
999 2015 1030 2052 v
1049 2041 1066 2066 ,
1095 1999 1161 2054 19
1180 2040 1195 2062 ,
1225 2015 1326 2052 sec.
1368 1997 1512 2053 LXX
1616 1996 1753 2052 Nihil

181 2091 441 2145 enimsic
464 2089 650 2160 probat
671 2090 903 2156 amicum,
929 2089 1375 2161 quemadmodum
1402 2089 1581 2144 oneris
1599 2088 1755 2144 amici

184 2185 442 2253 portatio.
1224 2237 1231 2242 .

253 2275 308 2328 2.
348 2273 458 2331 Nec
483 2283 653 2328 tamen
683 2274 902 2329 ini-irem
928 2289 1092 2328 onera
1120 2280 1297 2328 nostra
1324 2283 1682 2344 portaremus,
1706 2271 1754 2327 si

177 2383 340 2421 mum
370 2377 572 2436 tempus
603 2375 745 2422 esset
773 2367 1092 2420 inﬁrmitatis
1134 2366 1410 2421 amborum
1430 2364 1561 2435 ,qui
1591 2378 1755 2418 onera

176 2474 268 2512 sua
309 2458 593 2523 sustinent,
625 2468 717 2511 aut
746 2473 908 2511 unum
937 2457 1260 2511 inﬁrmitatis
1301 2471 1471 2530 genus
1499 2473 1512 2508 :
1545 2455 1638 2510 scd
1669 2455 1753 2508 di-

179 2565 323 2603 versa
351 2559 582 2620 tempora
603 2558 659 2605 et
683 2549 892 2605 diversa
916 2565 1109 2620 genera
1138 2549 1458 2604 inﬁrmitatis
1483 2548 1678 2602 faciunt
1698 2555 1756 2601 nt

183 2656 334 2694 onera
355 2651 528 2696 nostra
557 2651 776 2710 portare
799 2639 1023 2695 invicem
1054 2639 1343 2695 valeamus.
1378 2639 1533 2694 Verbi
1560 2638 1750 2710 gratia,

189 2730 311 2783 iram
335 2730 502 2784 fratris
529 2732 603 2785 tui
635 2740 765 2785 ttmc
791 2731 1053 2800 portabis,
1077 2746 1197 2785 cum
1235 2739 1290 2784 tn
1330 2731 1586 2784 adversus
1629 2745 1751 2783 cum

188 2835 288 2875 non
311 2822 572 2887 irasceris;
597 2832 657 2876 ιιι
675 2815 869 2877 rursus
893 2837 960 2877 eo
987 2832 1224 2892 tempore
1248 2838 1353 2892 quo
1375 2830 1428 2877 te
1453 2823 1525 2875 ira
1552 2837 1755 2891 praeoc-

189 2917 455 2980 cupaverit,
486 2915 572 2970 ille
599 2926 652 2969 te
679 2915 899 2969 lenitate
924 2923 981 2968 et
1006 2915 1380 2984 tranquillitate
1400 2929 1493 2968 sua
1523 2928 1752 2982 suppor-

194 3012 288 3058 tet.
324 3005 420 3060 Hoc
443 3007 741 3075 exemplum
771 3006 843 3058 ad
883 3005 932 3060 id
961 3007 1220 3075 pertinet,
1248 3021 1377 3060 cum
1395 3007 1600 3061 diversa
1629 3013 1754 3059 sunt

193 3106 411 3164 tempora
439 3099 766 3166 portantium
793 3112 959 3152 onera
987 3113 1103 3162 sua,
1133 3097 1373 3167 quamvis
1403 3097 1520 3167 ipsa.
1545 3097 1751 3151 diversa

191 3203 290 3242 non
326 3188 390 3241 sit
413 3188 686 3242 inﬁrmitas
719 3207 732 3240 :
765 3189 816 3242 in
848 3188 1117 3244 ambobus.
1137 3189 1278 3242 enim
1321 3188 1390 3242 ab
1421 3188 1645 3242 invicem
1675 3189 1750 3242 ira

191 3288 427 3345 portatur.
453 3278 528 3332 Ad
556 3279 830 3333 diversum
869 3288 1047 3332 autem
1071 3279 1390 3332 inﬁrmitatis
1416 3294 1582 3348 genus
1608 3279 1750 3332 aliud

186 3372 464 3442 exeliiplum
501 3371 785 3425 videndum
814 3380 932 3424 est:
962 3370 1122 3424 veluti
1163 3369 1209 3423 si
1237 3371 1355 3440 quis
1383 3369 1750 3439 loquacitatem

186 3461 234 3513 in
256 3477 313 3514 se
334 3462 526 3528 vicerit,
543 3474 596 3516 et
615 3459 961 3530 pertinaciam
988 3461 1220 3515 nondum
1242 3460 1606 3524 vicerit,alius
1627 3475 1753 3514 vero

179 3552 346 3606 adhuc
371 3552 685 3622 loquax,sed
714 3552 822 3622 iam
849 3552 1090 3621 pertinax
1121 3566 1224 3604 non
1247 3550 1512 3615 sit;dcbet
1537 3551 1624 3605 ille
1652 3550 1749 3603 hn-

169 3645 258 3713 jus
285 3643 644 3713 loquacitatem
668 3653 725 3698 et
752 3644 849 3698 iste
880 3643 1017 3698 illius
1043 3642 1408 3712 pertinaciam,
1431 3641 1601 3696 donec
1624 3640 1751 3695 illud

171 3736 224 3788 in
249 3736 344 3788 illo
370 3736 537 3789 ethoc
578 3737 638 3790 in
676 3735 780 3789 isto
808 3734 1330 3798 sanctur,.charitatc
1374 3742 1604 3802 portare.
1651 3732 1754 3786 Par

166 3830 371 3897 quippe
382 3827 653 3882 inﬁrmitas
675 3826 950 3881 induobus
971 3827 1142 3880 siuno
1163 3825 1369 3880 accidat
1390 3834 1646 3895 tempore,
1673 3833 1754 3878 to-

165 3919 341 3973 lerare
362 3936 420 3974 se
441 3920 666 3973 invicem
695 3934 809 3972 non
831 3918 1026 3981 valent,
1051 3933 1170 3971 cum
1193 3919 1473 3971 adversum
1497 3933 1556 3972 se
1583 3917 1751 3971 inten-

161 4010 328 4063 ditur.
359 4009 484 4064 Nam
505 4010 771 4064 adversus
791 4009 1019 4087 aliquem
1042 4009 1277 4074 tertium,
1300 4018 1355 4064 et
1377 4009 1483 4063 duo
1510 4008 1625 4062 irati
1651 4009 1752 4062 sibi

161 4104 507 4170 mmeniunt,
526 4115 584 4160 et
608 4120 670 4158 se
697 4103 925 4158 tulerant
953 4121 965 4157 :
989 4095 1287 4172 quanquam
1318 4119 1417 4158 nec
1447 4105 1675 4158 tolerare
1695 4120 1754 4158 se

165 4195 390 4249 invicem
417 4195 631 4250 dicendi
660 4205 805 4258 sunt,
829 4195 922 4248 sed
949 4196 1122 4264 potius
1141 4211 1200 4249 sc
1221 4196 1444 4249 invicem
1467 4181 1751 4250 consolari.

161 4285 316 4338 Sicut
341 4297 392 4338 ct
417 4288 600 4340 tristes
630 4287 700 4341 de
736 4301 794 4340 re
819 4301 921 4339 una
943 4327 958 4352 ,
989 4285 1156 4354 magis
1188 4301 1248 4341 se
1284 4295 1497 4355 portant
1523 4296 1578 4342 et
1603 4289 1752 4358 quasi

161 4376 477 4432 incumbunt
517 4377 655 4441 sibi,
705 4393 864 4447 quam
905 4379 951 4432 si
994 4394 1130 4433 unus
1174 4379 1338 4435 tristis
1375 4389 1518 4436 esset
1542 4389 1597 4436 et
1619 4382 1754 4436 alius

159 4467 420 4534 gauderet
440 4486 452 4520 :
478 4469 523 4537 si
547 4480 729 4523 autem
757 4469 1012 4524 adversus
1029 4484 1089 4524 se
1114 4470 1291 4525 tristes
1309 4470 1436 4536 sint,
1460 4486 1677 4540 prorsus
1695 4487 1755 4528 se

165 4558 398 4613 tolerare
422 4576 524 4612 non
549 4568 792 4628 possunt.
821 4560 888 4614 Et
909 4560 1028 4616 ideo
1053 4561 1108 4614 in
1135 4561 1433 4632 bujusmodi
1460 4563 1754 4618 aﬁ'ectioui-

165 4649 268 4702 bus
296 4649 631 4720 suscipienda
673 4661 756 4705 est
782 4649 1164 4721 aliquantulum
1205 4653 1316 4720 ipsa
1357 4654 1646 4723 argritudo,
1685 4654 1754 4709 dc

164 4755 272 4806 qua
304 4741 386 4794 vis
420 4742 582 4795 alium
630 4756 725 4810 per
769 4750 821 4796 te
850 4741 1094 4807 liberari;
1122 4754 1179 4798 et
1205 4743 1283 4798 sic
1310 4744 1664 4813 suscipienda,
1695 4755 1753 4799 ut

170 4831 238 4880 ad
285 4833 567 4893 auxilium.
601 4848 710 4886 non
735 4832 821 4887 'ad
863 4834 1214 4903 a’qnalitatem
1260 4835 1491 4888 miseria:
1531 4836 1748 4890 valeat:

172 4923 615 4985 quernadmodutn
643 4940 705 4979 se
732 4924 967 4990 inclinat,
998 4925 1086 4992 qui
1125 4942 1338 4980 manutn
1357 4927 1555 4996 jacenti
1583 4929 1759 4996 porri-

177 5010 273 5076 git.
300 5012 409 5068 Non
433 5016 572 5069 enim
599 5031 658 5069 se
676 5015 908 5086 proiicit,
932 5025 988 5068 ut
1015 5015 1170 5071 ambo
1184 5016 1432 5086 iaceant;
1456 5019 1550 5074 sed
1576 5019 1755 5076 incur-

181 5114 266 5155 vat
291 5113 499 5172 tantum,
529 5118 587 5162 ut
599 5109 867 5176 jacentem
896 5109 1080 5178 erigat.

253 5195 308 5250 3.
345 5197 510 5269 Nain
540 5198 642 5253 ulla
672 5215 760 5255 res
778 5200 1077 5255 ofﬁciosum
1105 5201 1262 5256 istum
1285 5203 1522 5258 laborem
1542 5205 1755 5277 adpor-

188 5288 340 5340 tanth
363 5307 512 5345 oiiera
541 5292 766 5346 aliorum
801 5293 927 5347 facit
962 5292 1184 5347 libenter
1206 5294 1472 5364 impendi,
1505 5296 1602 5350 nisi
1627 5313 1758 5352 cum.

188 5381 460 5445 cogitamus
485 5395 676 5452 quanta
706 5399 804 5454 pro
829 5383 985 5437 nobis
1011 5387 1280 5452 pertulerit
1313 5387 1570 5443 Dominus
1621 5389 1752 5444 lliuc

189 5469 326 5521 uim
348 5473 626 5528 admonens
671 5475 965 5542 Apostolus
1003 5475 1072 5528 ait
1101 5494 1114 5529 :
1151 5476 1261 5531 Hoc
1295 5479 1472 5532 sentite
1500 5480 1552 5532 in
1581 5480 1714 5533 vobis
1733 5522 1748 5546 ,

187 5562 317 5624 quod
331 5572 373 5614 et
389 5565 436 5615 in
461 5565 655 5620 Christo
671 5565 824 5632 Iesu,
851 5565 944 5635 qui
971 5581 1080 5618 cum
1101 5567 1150 5621 in
1165 5572 1337 5638 forma
1365 5567 1457 5623 Dei
1482 5580 1626 5633 esset,
1651 5587 1753 5624 non

192 5653 401 5720 “pinam
421 5656 684 5714 arbitrata:
711 5670 786 5713 est
814 5672 928 5710 esse
949 5658 1150 5724 monilia
1164 5660 1293 5726 Deo;
1320 5661 1409 5715 sed
1431 5665 1751 5732 semctipswn

251 5767 266 5792 ⁸
368 5777 457 5824 ttat.
481 5781 530 5826 οι
550 5783 680 5836 ιιι,
705 5769 976 5822 redeat—
1000 5769 1067 5820 sic
1089 5775 1229 5825 etiam
1250 5774 1398 5837 Lugd.
1426 5782 1478 5827 ct
1501 5785 1618 5828 ten.
1686 5785 1744 5828 Μ.

1868 446 2142 500 exntanivit
2163 449 2378 518 formam
2392 448 2521 503 servi
2539 451 2808 519 arcipiens,
2821 453 2878 508 in
2885 454 3267 512 similitudinem
3283 459 3447 516 horni-

1867 551 1991 589 num
2011 540 2196 607 factus,
2211 548 2256 593 et
2267 537 2439 592 habitu
2451 540 2677 596 inventus
2689 553 2743 595 ut
2755 543 2904 599 homo
2919 560 2944 599 .'
2955 546 3237 603 humiliavit
3269 563 3442 605 cernet-

1864 629 2032 699 ipsum
2055 635 2218 701 [actus
2237 632 2471 688 obedienc
2492 634 2508 665 ¹
2531 651 2684 702 usque
2707 637 2776 698 ad
2797 649 3025 707 mortem,
3053 653 3264 698 mortem
3277 656 3445 700 autem

1864 721 2045 774 crucis.
2071 720 2325 790 Superius
2343 725 2483 779 enim
2513 724 2736 791 dixerat,
2771 728 2891 783 Non
2909 746 3023 803 quia
3039 749 3132 787 sua
3149 743 3268 789 sunt
3287 751 3446 791 unus-

1863 811 2069 882 quisque
2091 812 2372 877 intendens,
2397 816 2486 869 sed
2513 833 2570 870 ea
2589 832 2702 885 qua:
2719 807 2932 872 aliorum
2955 820 3214 894 (Philipp.
3233 808 3446 893 ιι,ἰ8).

1866 901 1999 957 lluie
2037 904 2314 958 sementim
2342 909 2612 961 contexuit
2654 909 2794 978 quod
2833 909 3032 975 dictum
3075 922 3190 977 est;
3220 930 3341 969 nam
3373 917 3443 971 ita

1863 993 2103 1064 sequitur
2137 1013 2150 1049 :
2185 994 2299 1049 Hoc
2318 998 2496 1051 sentite
2521 999 2573 1052 in
2598 1001 2752 1065 nobis,
2775 1001 2910 1069 quod
2929 1010 2976 1056 et
2999 1003 3052 1056 in
3074 1003 3272 1058 Christo
3297 1005 3444 1060 lem.

1862 1082 2074 1140 Advlioc
2100 1086 2375 1154 duntaxat,
2409 1099 2465 1142 ιιι
2500 1092 2944 1158 quemadmodum
2987 1093 3078 1151 ille
3121 1095 3174 1150 in
3201 1112 3267 1152 eo
3305 1099 3446 1168 quod

1864 1172 2094 1229 Verbum
2132 1191 2256 1231 caro
2284 1176 2478 1232 factum
2519 1191 2620 1241 est,
2647 1192 2702 1236 et
2731 1182 2984 1239 habitavit
3013 1185 3064 1239 in
3089 1186 3242 1242 nobis
3267 1186 3446 1259 (Joan.

1862 1278 1910 1347 ιη
1928 1265 2037 1332 lt),
2068 1275 2121 1321 et
2145 1267 2260 1322 sine
2295 1279 2511 1337 peccato
2537 1285 2655 1325 cum
2685 1281 2848 1347 esset,
2877 1284 3089 1344 peccata
3121 1288 3300 1331 nostra
3329 1294 3448 1334 sus-

1859 1331 2032 1427 cbpit,
2071 1373 2172 1412 non
2203 1362 2424 1415 attendit
2458 1377 2551 1417 sua
2573 1405 2587 1429 ,
2615 1363 2710 1420 sed
2737 1331 2950 1432 nosn-la;
2974 1367 3044 1422 ita
3069 1377 3124 1423 et
3148 1357 3244 1424 nos
3273 1369 3449 1426 liben-

1861 1456 1972 1516 ter,
2007 1449 2073 1505 ad
2110 1450 2224 1522 ejus
2254 1453 2598 1510 imitationem
2619 1497 2634 1522 ,
2665 1456 2890 1514 invicem
2921 1476 3080 1516 onera
3113 1471 3293 1517 nostra
3324 1478 3448 1533 por-

1863 1549 2053 1597 temus.
2094 1553 2097 1557 '
2340 1588 2344 1592 .

1931 1633 1984 1687 ι.
2012 1633 2141 1688 lluic
2165 1635 2472 1704 cogitationi
2495 1638 2696 1694 accedit
2727 1640 2895 1695 etiam.
2913 1642 2998 1697 illa
3026 1644 3450 1716 cogitatio,quia

1861 1723 1949 1777 ille
1974 1725 2205 1796 suscepit
2235 1726 2502 1782 hominem
2523 1769 2537 1790 ,
2570 1745 2668 1783 nos
2703 1739 2880 1786 autem
2929 1733 3169 1789 homines
3213 1750 3398 1790 sumus
3427 1754 3444 1791 :

1859 1823 1912 1866 ct
1932 1814 2271 1871 considerare
2291 1817 2549 1874 debemus
2572 1820 2710 1890 quod
2738 1822 3104 1891 aegritudinem
3125 1825 3238 1880 sive
3256 1825 3444 1887 animit

1857 1903 1971 1959 sive
2007 1906 2281 1974 corporis,
2314 1923 2470 1975 quam
2502 1909 2553 1962 in
2590 1910 2696 1965 alio
2734 1911 2950 1968 homine
2979 1913 3252 1980 videmus,
3283 1916 3445 1974 etiam

1860 2008 1958 2046 nos
1986 1993 2182 2048 habere
2223 1999 2522 2065 potuimus,
2549 2010 2639 2052 aut
2667 2015 2967 2068 possumus.
2993 2002 3106 2059 Hoc
3143 2019 3272 2076 ergo
3292 2006 3441 2062 exbi.

1859 2084 2176 2140 beamusilli
2205 2087 2358 2155 cujus
2390 2089 2746 2146 inﬁrmitatem
2774 2103 2985 2162 portare
3009 2095 3271 2164 volumus,
3302 2099 3444 2168 quod

1857 2175 2037 2230 abillo
2067 2177 2218 2230 nobis
2246 2179 2498 2234 rellcmus
2526 2182 2797 2248 exhiberi,
2839 2184 2884 2238 si
2911 2184 3047 2240 forte
3073 2201 3169 2242 nos
3191 2188 3242 2242 in
3271 2203 3331 2244 ea
3359 2204 3448 2243 cs-

1857 2284 2072 2329 scnms.
2097 2278 2152 2324 et
2187 2271 2299 2340 ipsc
2335 2289 2437 2350 non
2478 2284 2637 2328 esset.
2677 2276 2755 2329 Ad
2781 2277 2882 2330 hoc
2908 2279 3133 2346 pertth
3164 2281 3305 2350 quod
3332 2282 3448 2350 ipso

1857 2359 2144 2428 Apostolus
2160 2363 2253 2426 ait,
2280 2349 2526 2416 Onniibus
2550 2366 2716 2418 omnia
2747 2368 3059 2437 factitarunt,
3087 2378 3144 2423 ιιι
3173 2349 3448 2426 amnesin»

1857 2450 2147 2519 crifacerem
2170 2450 2224 2523 (Ι
2257 2452 2372 2505 Cor.
2399 2453 2595 2525 mit?)
2626 2473 2638 2509 :
2671 2455 2948 2526 cogitando
2969 2460 3172 2516 scilicet
3200 2461 3252 2515 in
3273 2476 3341 2518 eo
3365 2466 3446 2517 vi-

1860 2539 1931 2592 tio
1955 2540 2114 2594 etiam
2145 2558 2204 2596 se
2242 2558 2360 2597 esse
2390 2547 2655 2612 potuisse,
2681 2547 2820 2602 unde
2847 2549 3106 2617 cupiebat.
3119 2551 3278 2606 alium
3307 2552 3444 2608 libe-

1857 2645 1995 2684 rare.
2027 2632 2412 2702 Compatieodo
2443 2635 2583 2688 ιξιιίιη
2616 2638 2790 2706 potius
2814 2638 2865 2693 id
2890 2639 3126 2709 agebat,
3146 2659 3250 2698 non
3286 2659 3443 2700 men.-

1859 2722 2060 2788 Itcndo,
2089 2724 2225 2778 sicut
2265 2725 2477 2794 quidam
2505 2712 2860 2802 suspicantur,
2893 2739 2949 2786 et
2993 2730 3047 2785 hi
3094 2734 3324 2790 maxime
3350 2737 3448 2806 qui

1856 2817 1968 2869 Suis
2008 2817 2296 2872 mendaciis
2337 2819 2740 2888 defendendis,
2766 2838 2886 2892 qua:
2925 2839 3120 2895 negare
3162 2842 3280 2882 non.
3316 2843 3443 2898 pos.-

1856 2915 1981 2960 sunt
2001 2947 2016 2973 ,
2039 2907 2259 2978 alicujus
2285 2911 2458 2979 magni
2488 2912 2718 2980 exempli
2747 2914 3099 2981 patrocinium
3127 2927 3391 2986 quantm.

1926 2996 1978 3051 5.
2020 2995 2406 3052 Deindectiam
2434 3000 2562 3053 illud
2584 3001 2946 3070 cogitandum,
2972 3004 3175 3058 nullum
3202 3021 3324 3062 esse
3346 3008 3442 3062 ho-

1856 3088 2053 3142 minem
2080 3088 2502 3159 qui.non.pussit
2531 3091 2727 3147 habere
2752 3094 2965 3164 aliquod
2993 3095 3189 3150 bonum
3209 3097 3352 3168 quod
3382 3109 3442 3154 ιιι

1857 3177 2091 3231 nondum
2121 3179 2304 3245 habes,
2328 3183 2534 3235 etiamsi
2559 3183 2738 3244 lateat,
2759 3184 2813 3238 in
2833 3199 2939 3254 quo
2959 3185 3077 3240 sine
3092 3187 3253 3242 dubio
3275 3189 3443 3257 possit

1857 3278 1909 3323 te
1958 3285 2078 3323 esse
2124 3271 2384 3340 superior.
2437 3273 2566 3338 Qua:
2613 3275 2862 3343 cogitatio
2901 3275 2968 3330 ad
3012 3278 3439 3334 contundendam

1854 3360 2311 3433 edomandamque
2352 3365 2650 3432 superbiam
2683 3367 2851 3431 valet,
2894 3383 2961 3420 ne
3001 3367 3275 3424 arbitreris
3301 3386 3440 3440 quo-

1855 3453 1995 3506 niam
2025 3464 2111 3507 lua
2137 3455 2378 3523 quaedam
2410 3455 2544 3509 bona
2571 3456 2809 3510 eminent
2831 3466 2885 3511 et
2909 3468 3184 3526 apparent,
3215 3460 3334 3514 ideo
3362 3461 3442 3514 al-

1857 3553 2024 3600 terum
2051 3545 2193 3599 nulla
2223 3546 2418 3601 habere
2446 3562 2565 3617 qua:
2594 3547 2793 3602 lateant
2814 3589 2830 3614 ,
2861 3558 2915 3604 et
2953 3549 3193 3604 fortassis
3222 3551 3440 3621 majoris

1857 3636 2107 3706 ponderis
2151 3638 2284 3691 bona
2325 3638 2516 3708 quibus
2563 3647 2613 3693 te
2655 3649 2872 3709 superat
2920 3642 3268 3697 nescientem.
3321 3643 3440 3700 Non

1855 3742 1996 3782 enim
2025 3727 2169 3781 falli'
2195 3743 2325 3800 nos,
2355 3738 2448 3783 aut
2487 3729 2787 3785 adulatione
2829 3731 3003 3800 potius
3028 3735 3122 3800 uti,
3153 3735 3442 3804 Apostolus

1850 3817 2027 3888 jubet,
2055 3835 2175 3874 cum
2203 3820 2352 3886 dicit,
2387 3820 2533 3875 Nihil
2554 3838 2643 3892 per
2660 3825 3024 3879 contentionem
3043 3842 3199 3896 neque
3220 3844 3309 3896 per
3328 3827 3442 3881 inu-

1855 3929 1968 3967 nem
1991 3914 2226 3984 gloriam,
2249 3915 2337 3967 sed
2362 3916 2412 3967 in
2450 3915 2728 3968 humilitate
2754 3917 2930 3970 mentis
2949 3917 3077 3971 alter
3095 3919 3308 3972 alterunt
3325 3921 3441 3973 exi-

1855 3997 2114 4061 stimantes
2131 4010 2439 4076 superiorem
2468 4009 2562 4062 sibi
2593 4009 2849 4081 (Philipp.
2877 4027 2938 4075 It,
2969 4009 3058 4082 3).
3095 4011 3212 4067 Non
3240 4011 3338 4068 hoc
3368 4013 3440 4067 ita

1855 4099 2111 4155 debemus
2155 4101 2486 4168 existimare,
2520 4112 2572 4156 ut
2614 4119 2718 4156 non
2762 4103 3168 4169 existimemus,
3201 4104 3294 4160 sed
3343 4121 3444 4161 nos

1855 4191 2160 4246 existimare
2207 4193 2506 4262 ﬁngamus;
2537 4193 2633 4249 sed
2683 4209 2807 4249 vere
2852 4195 3216 4272 existimemus
3241 4197 3441 4268 aliquid

1857 4285 2123 4339 occultum
2151 4300 2270 4340 esse
2305 4300 2462 4354 posse
2501 4286 2554 4340 in
2581 4287 2721 4352 alio,
2748 4302 2854 4356 quo
2882 4287 3043 4342 nobis
3060 4288 3310 4358 superior
3331 4291 3402 4344 sit
3423 4332 3440 4354 ,

1856 4375 2062 4429 etiamsi
2102 4375 2295 4430 bonum
2323 4386 2588 4442 nostrum,
2613 4392 2720 4446 quo
2746 4377 2836 4432 illo
2873 4377 3116 4432 videmur
3139 4360 3446 4447 superiores

1857 4481 1998 4529 esse,
2027 4481 2131 4519 non
2162 4464 2232 4520 Sit
2257 4466 2544 4520 occultum.
2570 4465 2688 4521 Istae
2711 4467 3056 4536 cogitationes
3084 4467 3447 4537 deprimenles

1857 4559 2157 4629 superbiam
2182 4601 2196 4624 ,
2225 4569 2280 4613 ct
2317 4569 2572 4614 acuentes
2609 4559 2987 4625 cbar-itatem',
3031 4560 3230 4616 faciunt
3276 4577 3442 4618 onera

1859 4650 2088 4707 fraterna
2127 4653 2376 4718 invicem,
2410 4667 2514 4706 non
2541 4653 2712 4708 solum
2741 4669 2894 4722 teque
2923 4653 3124 4717 animo,
3154 4653 3250 4710 sed
3281 4655 3442 4710 etiam

1859 4743 2209 4798 libentissime
2234 4745 2503 4801 sustineri.
2532 4744 2692 4799 Nullo
2710 4745 2868 4800 modo
2884 4754 3060 4801 autem
3085 4745 3154 4801 de
3172 4761 3441 4816 quoquam

1859 4834 2075 4891 homine
2104 4836 2372 4905 incognito
2399 4834 2616 4891 ferenda
2643 4836 2904 4891 sententia
2933 4847 3016 4892 est
3038 4854 3058 4892 :
3078 4846 3133 4892 et
3156 4853 3318 4893 nemo
3341 4839 3444 4894 nisi

1859 4943 1954 4996 per
1975 4927 2259 4982 amicitiam
2279 4928 2634 4997 cognoscitur.
2666 4927 2732 4981 Et
2749 4927 2868 4983 ideo
2885 4927 3176 4983 amicorum
3198 4929 3334 4984 mala
3357 4931 3446 4982 tir-

1858 5019 1997 5072 mius
2019 5017 2365 5085 sustinemus,
2391 5016 2514 5088 quia
2536 5017 2674 5073 bona
2693 5032 2878 5073 eorum
2897 5033 2994 5074 nos
3015 5018 3348 5076 delectantet
3367 5028 3448 5075 te-

1930 5201 1983 5255 6.
2023 5200 2230 5256 Nullius
2251 5200 2426 5270 itaque
2450 5201 2772 5272 repudianda
2798 5212 2881 5257 est
2903 5202 3133 5258 amicitia
3153 5217 3273 5258 sese
3299 5204 3444 5274 inge-

1856 5293 2092 5362 gnrcntis
2119 5291 2186 5346 ad
2206 5292 2490 5347 amicitiam
2517 5292 2866 5361 copulandam
2887 5309 2902 5358 ;
2926 5308 3030 5348 non
3062 5302 3120 5348 ut
3145 5295 3322 5349 statim
3352 5309 3443 5350 re-

1856 5386 2101 5454 cipiatur,
2129 5385 2222 5440 sed
2245 5395 2302 5439 ut
2333 5385 2666 5456 recipiendus
2691 5395 2922 5456 optetur,
2951 5396 3110 5458 atque
3147 5387 3216 5442 ita
3243 5395 3441 5442 tracte-

1858 5487 1964 5546 tur,
1984 5487 2042 5533 ut
2057 5479 2220 5548 recipi
2246 5478 2433 5548 possit.
2455 5477 2603 5534 lllum
2628 5480 2769 5534 enim
2790 5489 3060 5550 receptum
3081 5481 3134 5534 in
3153 5480 3448 5535 amicitiam

1928 5657 1943 5688 ι
1973 5663 2104 5713 l.ov.,
2121 5655 2344 5707 obediens
2371 5653 2516 5706 Patri.
2539 5657 2704 5714 Abest,
2730 5654 2879 5715 Pani,
2892 5655 2952 5705 ab
2971 5655 3113 5706 editis
3136 5652 3246 5704 aliis.
3258 5660 3316 5702 et.
3331 5661 3439 5708 his.

1922 5721 1943 5749 ¹
1966 5719 2038 5766 δίε
2055 5719 2276 5781 plerique
2297 5725 2401 5767 Mss.
2425 5726 2479 5766 At
2494 5718 2610 5781 editi
2627 5752 2643 5781 ,
2669 5715 2809 5778 fallit.

1924 5781 1944 5812 ³
1965 5778 2079 5830 ms
2101 5778 2228 5839 Mssi,
2250 5789 2477 5844 augentes
2498 5778 2604 5830 C/lal
2617 5779 2797 5831 iuueni.
