3956 6548
617 430 687 486 83
1342 422 1428 478 οε
1467 417 1777 475 DIVERSIS
1814 411 2324 484 QUAZSTIONIBUS
2362 409 2648 480 Lxxxut,
2694 412 2753 469 s.
2800 413 3163 470 AUGUSTINI
3780 426 3831 483 ε,

620 556 904 613 possumus
928 540 1124 602 dicere,
1153 538 1237 594 eui
1272 537 1448 591 omnia
1474 534 1690 589 consilia
1716 541 1894 587 nostra
1921 529 2204 586 refundere

622 634 926 689 audeamus.
956 632 1020 686 Et
1054 631 1097 684 si
1136 631 1411 701 quisquam
1439 638 1520 682 est
1546 629 1632 699 qui
1662 642 1719 680 se
1745 640 1848 680 non
1875 625 2032 679 audet
2059 625 2205 693 inge-

625 741 744 780 rere
772 724 836 778 ad
865 722 1148 777 amicitiam
1180 720 1493 782 faciendam,
1522 734 1641 773 cum
1668 718 1843 787 aliquo
1864 725 2045 770 nostro
2076 724 2208 769 tem-

625 813 792 883 porali
816 814 1018 866 honore
1039 820 1128 865 aut
1156 810 1409 880 dignitate
1439 817 1718 863 revocetur
1737 851 1749 871 ,
1782 805 2206 861 descendendum

624 906 789 960 estad
812 920 955 969 cum,
979 913 1033 957 et
1052 903 1376 958 oﬂ'erendnnt
1406 902 1478 955 illi
1502 902 1726 971 quadam
1749 903 1999 955 comitate
2015 900 2209 954 etsub-

625 998 880 1050 missione
907 996 1103 1061 animi,
1137 995 1277 1063 quod
1323 1004 1503 1062 petere
1529 1008 1624 1062 per
1651 1006 1707 1046 se
1736 992 1850 1059 ipse
1889 1006 1992 1043 non
2029 989 2205 1043 audet.

624 1090 766 1144 Sane
792 1088 1031 1157 quamvis
1059 1088 1259 1149 rarius,
1285 1096 1461 1139 tamen
1485 1083 1761 1153 aliquoties
1798 1082 1986 1136 accidit
2014 1091 2069 1134 ut
2094 1081 2210 1148 ejus

627 1196 785 1247 quem
824 1178 1064 1231 vohnnus
1104 1178 1153 1230 in
1180 1177 1467 1229 amicitiam
1494 1176 1750 1244 recipere,
1782 1173 1925 1241 prius
1946 1173 2098 1226 nohis
2128 1172 2209 1225 in-

630 1280 908 1323 notescant
936 1268 1071 1321 mala
1100 1284 1254 1336 quam
1283 1267 1437 1328 bona,
1470 1266 1661 1335 quibus
1690 1264 1875 1318 offensi
1903 1273 1957 1317 et
1983 1263 2211 1330 quodam

630 1360 793 1414 modo
839 1360 1135 1430 repercussi
1166 1360 1511 1427 relinquimus
1552 1372 1705 1422 eum,
1737 1367 1790 1411 et
1832 1356 1899 1411 ad
1953 1356 2211 1409 bonorum

630 1452 808 1519 ejus‘,
854 1466 972 1521 qua:
1021 1452 1153 1505 forte
1182 1450 1468 1506 occultiora
1510 1456 1653 1516 sunt,
1695 1447 2081 1517 intlagationem
2110 1461 2212 1500 non

631 1544 991 1614 pervenimus.
1019 1544 1280 1597 Admouet
1302 1543 1477 1612 itaque
1506 1542 1756 1596 Dominus
1776 1540 1932 1594 .lesus
1950 1538 2209 1602 Christus,

629 1635 723 1703 qui
751 1649 847 1688 nos
866 1635 974 1688 vult
1000 1632 1137 1687 eftici
1160 1633 1451 1687 imitatores
1476 1647 1601 1686 suos
1620 1672 1635 1695 ,
1671 1641 1729 1685 ut
1756 1630 1870 1700 ejus
1901 1630 2105 1684 inﬁrma
2132 1638 2215 1682 to-

632 1724 887 1789 leremus,
919 1734 975 1778 ut
1004 1725 1067 1777 ad
1091 1723 1331 1793 qutcdam
1359 1738 1507 1788 sana,
1538 1722 1590 1774 in
1616 1736 1837 1791 quorum
1865 1719 2218 1774 delectatione

634 1817 1052 1886 acquiescamus,
1081 1831 1174 1885 per
1198 1816 1468 1870 charitatis
1489 1815 1817 1869 tolerantiam
1846 1812 2217 1886 perducantur.

635 1885 726 1962 Ait
748 1908 891 1963 enim
926 1927 939 1962 :
968 1907 1089 1961 Non
1119 1918 1188 1960 est
1216 1924 1340 1977 Opus
1366 1906 1502 1959 sanis
1532 1904 1772 1968 medicus,
1800 1904 1888 1957 sed
1923 1885 2217 1974 (egrotanti-

636 1999 726 2054 bus
748 1999 959 2069 (Matth.
985 2014 1066 2064 Ix,
1098 1997 1207 2067 12).
1240 1998 1485 2065 Ideoque,
1504 1996 1547 2050 si
1576 2004 1790 2066 propter
1818 1994 2010 2049 Christi
2042 1993 2219 2047 chari-

640 2101 800 2144 tatem
830 2091 989 2146 etiam
1034 2106 1154 2144 eum
1187 2089 1273 2157 qui
1313 2088 1458 2142 omni
1496 2103 1560 2142 ex
1593 2097 1740 2156 parte
1781 2085 2017 2140 fortassis
2044 2099 2218 2155 aegro-

638 2182 776 2243 tat‘,
808 2180 1066 2248 repellere
1092 2181 1158 2231 ab
1183 2180 1361 2231 animo
1404 2194 1509 2231 non
1539 2177 1814 2242 debemus,
1844 2178 2090 2246 quoniam
2129 2191 2218 2231 sa-

641 2275 750 2326 nari
786 2280 959 2340 potest
1000 2288 1093 2341 per
1126 2272 1352 2325 Verbum
1387 2270 1475 2323 Dei
1502 2287 1516 2333 ;
1548 2278 1750 2340 quanto
1778 2270 1954 2322 minus
1982 2285 2104 2323 eum
2131 2268 2219 2337 qtti

643 2375 917 2431 proluerea
967 2362 1118 2415 nobis
1166 2361 1334 2415 videri
1385 2370 1558 2428 potest
1603 2368 1743 2413 totus
1787 2370 2046 2428 a‘grotus,
2100 2359 2219 2427 quia

639 2454 878 2521 qna-dant
902 2454 1016 2519 ρῙιις
1044 2453 1220 2504 saucia
1250 2452 1298 2502 in
1339 2451 1510 2519 primo
1538 2452 1775 2519 ingressu
1836 2449 2084 2502 amicitia:
2118 2464 2221 2502 non

645 2543 908 2609 potuimus
933 2542 1195 2594 sustinere
1216 2583 1229 2605 ,
1262 2550 1317 2594 et
1344 2541 1487 2608 quod
1523 2550 1607 2593 est
1631 2538 1842 2609 gravius
1862 2579 1875 2601 ,
1904 2554 2025 2593 cum
2053 2537 2222 2591 offen-

644 2633 794 2686 sionc
835 2632 996 2684 animi
1042 2632 1107 2684 de
1135 2640 1242 2684 toto
1282 2629 1495 2685 homine
1536 2629 1647 2683 ausi
1676 2644 1858 2683 sumus
1889 2629 2221 2683 temerariam

644 2722 934 2793 przejudicii
982 2722 1117 2775 ferre
1153 2722 1506 2785 sententiam,
1539 2735 1641 2775 n0n
1674 2720 1919 2775 timentes
1958 2718 2099 2789 quod
2144 2718 2226 2771 tli-

644 2822 787 2866 ctutn
810 2822 909 2875 est,
943 2811 1114 2865 Nolite
1129 2813 1382 2881 judicare,
1408 2820 1460 2863 ut
1481 2826 1578 2864 non
1585 2810 1886 2879 judicemini
1900 2825 1917 2872 ;
1943 2817 2016 2873 ct,
2043 2806 2107 2861 In
2129 2825 2226 2877 qua

646 2920 877 2956 mensura
901 2904 1055 2956 triensi
1082 2904 1293 2973 fueritis,
1318 2905 1369 2955 in
1400 2903 1624 2955 eamdem
1644 2901 1925 2954 remetietur
1952 2900 2086 2953 vobis
2115 2898 2220 2971 (Id.

650 3012 742 3060 vti,
776 2998 823 3058 l,
847 2996 925 3067 2).
953 2997 1105 3063 Sa-pe
1150 3006 1323 3048 autem
1365 2995 1447 3047 iila
1474 3009 1592 3063 qua}
1619 2993 1755 3045 bona
1784 3000 1926 3058 sunt,
1956 2995 2099 3060 prius
2127 3006 2225 3058 ap-

649 3096 835 3153 parent
880 3104 891 3139 :
949 3088 997 3138 in
1029 3086 1220 3155 quibus
1269 3088 1428 3139 etiam
1462 3084 1799 3138 temerarium
1848 3081 2228 3136 benevolentiae

645 3176 899 3245 judicium
927 3176 1217 3229 cavendum
1248 3184 1361 3238 est,
1396 3188 1462 3228 ne
1496 3188 1615 3227 cum
1650 3181 1818 3226 totum
1850 3172 2045 3225 bonum
2075 3180 2227 3239 puta-

649 3267 822 3329 veris,
856 3281 916 3319 ea
955 3282 1073 3334 qua:
1112 3274 1289 3335 postea
1322 3264 1458 3318 mala
1489 3262 1861 3332 apparuerint,
1891 3276 2134 3316 securum
2176 3269 2229 3316 et

652 3360 968 3428 imparatum
1020 3369 1070 3413 te
1119 3360 1414 3420 inveniant,
1469 3367 1523 3413 et
1559 3358 1772 3426 gravius
1818 3355 2123 3420 oﬂ‘endant;
2172 3365 2231 3409 ut

648 3469 770 3506 eum
801 3470 957 3522 quem
1007 3462 1205 3506 temere
1250 3452 1512 3506 tlilexeras
1557 3450 1800 3506 acerbius
1838 3450 2051 3515 oderis,
2088 3447 2228 3518 quod

650 3542 798 3596 nefas
825 3553 926 3597 est.
955 3542 1086 3610 Quia
1116 3542 1322 3597 etiamsi
1354 3542 1495 3596 nulla
1527 3541 1641 3610 ejus
1669 3541 1804 3593 bona
1834 3539 2194 3608 praecederent
2213 3579 2228 3603 ,

649 3644 704 3688 et
736 3635 851 3688 hzec
887 3649 1005 3702 qum
1047 3644 1227 3701 postea
1265 3639 1624 3701 apparuerunt
1660 3630 1820 3695 mala,
1852 3628 1999 3698 prius
2027 3628 2229 3683 emine-

650 3733 804 3789 rent,
836 3724 1107 3778 toleranda
1150 3733 1323 3777 tamen
1350 3729 1538 3787 erant,
1575 3722 1745 3777 donec
1772 3722 1948 3775 omnia
1989 3737 2109 3775 cum
2142 3722 2234 3775 illo

650 3829 856 3884 ageres,
883 3813 1076 3883 quibus
1101 3813 1224 3866 talia
1250 3812 1425 3867 sanari
1454 3812 1629 3866 solent
1653 3830 1664 3866 :
1692 3822 1889 3881 quanto
1916 3813 2081 3879 magis
2111 3828 2230 3867 eum

648 3919 711 3959 ea
742 3904 877 3958 bona
906 3912 1313 3973 prtecesserunt,
1345 3918 1463 3971 qure
1491 3913 1738 3971 tanquam
1769 3902 1985 3971 pignora
2019 3917 2115 3955 nos
2139 3902 2227 3955 de-

651 3995 780 4050 bent
806 3994 872 4047 ad
896 3995 1189 4062 posteriora
1217 3991 1487 4046 toleranda
1519 3991 1922 4061 constringere?

722 4086 774 4138 7.
806 4085 922 4154 lpsa
938 4092 1021 4139 est
1046 4100 1171 4154 ergo
1197 4085 1279 4138 lex
1299 4083 1516 4149 Christi,
1546 4094 1602 4137 ut
1639 4083 1863 4137 invicem
1918 4098 2081 4137 onera
2127 4097 2233 4136 no-

650 4186 759 4231 stra
785 4182 1079 4245 portemus.
1106 4174 1375 4229 Christum
1405 4183 1582 4228 autem
1610 4173 1899 4242 diligendo,
1931 4172 2086 4228 facile
2109 4189 2229 4227 sus-

648 4268 885 4322 tinemus
935 4266 1295 4321 infirmitatem
1319 4266 1561 4332 alterius,
1586 4267 1745 4319 etiam
1781 4280 1937 4336 quem
1993 4266 2230 4320 nondum

648 4368 867 4427 propter
895 4361 1029 4413 bona
1055 4373 1147 4412 sua
1168 4358 1456 4428 diligimus.
1488 4356 1795 4428 Cogitamus
1812 4359 1952 4413 enim
1993 4360 2113 4429 quia
2143 4359 2231 4413 ille

646 4462 805 4518 quem
836 4448 1126 4518 diligimus,
1156 4448 1413 4502 Dominus
1440 4457 1657 4517 propter
1681 4464 1800 4502 eum
1833 4458 2075 4504 mortuus
2124 4459 2228 4505 est.

646 4540 814 4607 Quam
848 4540 1161 4595 charitatem
1207 4540 1479 4607 apostolus
1531 4539 1724 4593 Paulus
1769 4539 1922 4593 nobis
1977 4541 2225 4609 ingessit,

645 4644 766 4681 cum
789 4628 989 4682 diceret
1013 4646 1027 4680 :
1061 4627 1125 4680 Et
1152 4629 1327 4695 peribit
1357 4630 1591 4695 inﬁrmus
1606 4630 1659 4681 in
1679 4639 1764 4681 tua
1794 4630 2001 4682 scientia
2049 4635 2226 4700 frater,

649 4728 855 4784 propter
872 4733 1019 4784 quem
1045 4716 1274 4769 Christus
1291 4726 1517 4769 mortou
1536 4728 1605 4769 est
1644 4717 1703 4786 (l
1730 4716 1846 4770 Cor.
1893 4733 1987 4771 vni
2010 4759 2024 4783 ,
2073 4720 2131 4772 Η
2173 4720 2223 4788 )ε

650 4806 721 4859 Ut
740 4806 784 4858 si
813 4806 957 4859 illum
984 4805 1250 4859 infirmum
1273 4814 1489 4874 prOpter
1514 4807 1695 4860 vitium
1726 4823 1832 4876 quo
1852 4809 2091 4863 inﬁrmus
2124 4819 2226 4878 est,

650 4895 826 4949 minus
848 4896 1134 4965 diligimus,
1163 4896 1309 4949 illum
1338 4896 1389 4948 in
1417 4911 1481 4950 eo
1510 4895 1932 4960 consideremus,
1962 4899 2050 4967 qui
2083 4915 2227 4953 mor-

650 5000 771 5042 tuus
796 4996 879 5043 est
897 4996 1109 5055 propter
1137 4988 1303 5042 illum.
1332 4987 1600 5043 Christum
1631 5001 1807 5044 autem
1847 5005 1950 5045 non
1981 4992 2225 5062 diligere,

648 5094 755 5132 non
778 5077 1077 5141 inﬁrmitas,
1097 5078 1191 5132 sed
1212 5094 1358 5134 mors
1380 5088 1483 5133 est.
1508 5080 1844 5150 Quapropter
1888 5083 2085 5153 ingenti
2134 5100 2228 5139 cu-

648 5184 706 5222 ra
737 5177 789 5224 et
820 5168 1095 5235 implorata
1124 5168 1215 5222 Dei
1258 5169 1617 5224 misericordia
1663 5172 2002 5240 cogitandum
2027 5182 2130 5240 est,
2160 5190 2228 5230 ne

646 5256 914 5312 Christum
941 5257 1268 5326 negligamus
1303 5267 1518 5326 propter
1565 5259 1833 5314 infirmum
1863 5303 1879 5327 ,
1922 5276 2046 5318 cum
2076 5265 2226 5320 infir-

648 5364 792 5401 unum
814 5347 1106 5403 debeamus
1119 5348 1340 5419 diligere
1369 5360 1586 5419 propter
1610 5351 1903 5407 Christum.

643 5548 662 5590 t
710 5553 786 5589 ne.
1776 5548 1783 5549 ί
1883 5548 1891 5549 ί
2141 5548 2163 5556 ⁷

647 5555 1079 5686 fissurae
1102 5602 1329 5686 ηίινξεξςι
1350 5604 1539 5686 “enim
1560 5606 1775 5686 [ονεεδδίτς
1796 5616 1998 5672 α’θνοηιε
2024 5624 2041 5660 -‘
2066 5614 2225 5674 ν³υ¹ίν

642 5674 878 5755 si?
896 5665 1586 5755 iii“f£’3‘.‘.".2f£i?.§i’”lﬂl.1’.°§
1606 5668 1759 5717 ιίάενί
1778 5665 2222 5755 uelamine.

643 5728 1117 5847 ef’parte
1152 5728 1367 5790 fortassis
1388 5736 1689 5792 a'grotat....,
1715 5728 1794 5793 qui
1818 5741 2070 5795 prapterea
2094 5728 2225 5786 nobis

713 5480 949 5589 Leseptem
966 5485 1094 5538 Mss,
1120 5489 1163 5531 et
1188 5481 1251 5531 ad
1277 5480 1396 5530 bona
1433 5481 1538 5545 ejus
1566 5496 1583 5533 :
1609 5483 1849 5549 pauloque
1880 5494 2005 5549 post,
2025 5415 2285 5597 indaga?

2661 527 2869 582 LXXII.
2899 527 2978 583 De
2997 529 3295 599 temporibus
3311 533 3524 585 aeternis.

2390 618 2564 686 Qumri
2590 628 2763 687 potest
2796 619 3063 688 quomodo
3104 621 3170 673 ah
3199 620 3309 689 ipso
3338 623 3573 690 apostolo
3599 623 3744 681 Paulo
3766 630 3828 683 di-

2313 714 2453 765 elum
2482 710 2569 775 sit,
2621 711 2749 763 Ante
2795 719 3024 780 tempora
3060 720 3246 765 arterna
3274 711 3407 779 (Tit.
3438 730 3473 773 ι.
3503 714 3574 785 ‘2)
3637 716 3687 772 Si
3721 722 3829 773 enim

2316 810 2551 871 tempora
2576 842 2592 865 ,
2644 802 2917 871 quomodo
2959 804 3198 857 materna?
3233 804 3338 857 Nisi
3381 805 3512 859 forte
3558 816 3670 862 ante
3696 813 3833 864 omnia

2316 900 2553 962 tempora
2581 893 2799 962 intelligi
2829 893 3008 947 voluit.
3028 893 3161 961 Quia
3189 895 3231 947 si
3260 895 3498 956 dixisset,
3530 909 3639 950 ante
3680 908 3832 967 tempo-

2315 1002 2393 1047 ra,
2424 1001 2594 1053 neque
2612 985 2919 1049 addidisset,
2937 995 3155 1051 (eterna;
3186 997 3360 1054 posset
3382 987 3573 1055 accipi.
3601 998 3710 1042 ante
3724 1006 3836 1059 qum-

2316 1074 2437 1128 dam
2468 1085 2703 1144 tempora
2724 1116 2739 1140 ,
2766 1091 2884 1144 qua:
2906 1085 3029 1129 ante
3050 1090 3109 1131 sc
3163 1075 3415 1131 haberent
3472 1078 3569 1130 alia
3624 1088 3830 1148 tempora.

2319 1164 2539 1220 Eterna
2566 1176 2741 1220 autem
2773 1166 2956 1219 maluit
2990 1165 3171 1222 dicere
3198 1183 3358 1236 quam
3392 1168 3594 1233 omnia,
3644 1169 3835 1224 fortassis

2322 1257 2462 1321 ideo,
2486 1258 2605 1326 quia
2631 1267 2840 1325 tempus
2868 1273 2972 1310 non
2995 1259 3154 1326 ccepit
3179 1274 3243 1311 ex
3267 1267 3526 1328 tempore.
3551 1263 3621 1312 An
3648 1269 3834 1328 tempora

2320 1359 2513 1404 tetcrna
2543 1366 2711 1402 arvum
2734 1348 3077 1418 significavit;
3108 1350 3244 1402 inter
3267 1350 3407 1417 quod
3436 1358 3488 1402 et
3523 1360 3745 1419 tempus,
3764 1351 3837 1405 hoc

2320 1439 2663 1509 distat,qnod
2712 1439 2841 1493 illud
2895 1440 3085 1494 stabile
3114 1448 3230 1505 est,
3275 1450 3483 1510 tempus
3504 1450 3667 1495 autem
3703 1453 3834 1495 muta-

2322 1530 2427 1585 bile
2458 1533 2533 1601 (τι)
2551 1531 2576 1582 'i

2324 1620 2556 1677 LXXIII.
2582 1620 2660 1674 De
2679 1638 2735 1676 eo
2765 1622 2899 1686 quod
2924 1608 3165 1692 scriptum
3189 1631 3261 1675 est
3292 1639 3309 1675 :
3336 1622 3403 1677 Et
3432 1621 3605 1676 habitu
3641 1622 3836 1676 inventus

2746 1724 2802 1767 ιιι
2834 1715 2992 1769 homo
3024 1713 3288 1786 (Philipp.
3318 1730 3376 1778 tt,
3403 1712 3482 1785 7).

2394 1806 2445 1859 1.
2497 1805 2675 1859 Multis
2728 1805 2901 1859 modis
2952 1805 3191 1859 habitum
3238 1805 3610 1861 dicimuszvel
3653 1804 3837 1859 habitum

2323 1898 2507 1961 animi,
2539 1898 2676 1951 sicut
2706 1906 2790 1953 est
2837 1898 3217 1969 cujuscumque
3260 1898 3551 1967 disciplima
3591 1899 3837 1967 perceptio,

2325 2001 2424 2040 usu
2453 1972 2884 2056 roborata'atque
2913 1986 3151 2053 firmata;
3205 1989 3283 2042 vel
3339 1988 3570 2042 habiturn
3614 1988 3835 2055 corporis,

2324 2079 2612 2133 secundum
2645 2095 2800 2149 quem
2846 2080 3071 2135 dicimus
3124 2081 3284 2134 alium
3312 2081 3575 2135 alioresse
3616 2079 3838 2133 succulen-

2326 2175 2521 2229 tiorem
2545 2173 2938 2237 etvalidiorem,
2959 2190 3076 2243 qua:
3098 2174 3264 2241 magis
3286 2173 3503 2243 proprie
3530 2171 3749 2226 habitudo
3766 2169 3838 2223 dici

2326 2266 2495 2330 Solet;
2528 2264 2606 2318 vel
2629 2264 2865 2318 habitum
2901 2280 3085 2318 eorum
3114 2280 3230 2333 qua:
3285 2264 3537 2321 membris
3576 2264 3748 2316 nostris
3774 2274 3839 2313 ac-

2326 2354 2732 2407 commodantur
2762 2352 3094 2407 extrinsecus
3117 2394 3135 2418 ,
3162 2352 3453 2406 secundum
3478 2367 3625 2421 quem
3669 2350 3841 2403 dicimus

2327 2446 2599 2509 vestitum,
2626 2444 2943 2507 calceatum,
2991 2456 3274 2504 armatum.
3303 2454 3361 2498 et
3387 2446 3430 2498 si
3456 2444 3589 2515 quod
3638 2439 3841 2511 ejusmodi

2326 2546 2428 2592 est.
2452 2538 2509 2591 ln
2537 2537 2734 2606 quibus
2761 2538 3007 2590 omnibus
3030 2538 3313 2606 generibus
3362 2538 3432 2605 (si
3473 2536 3670 2606 quidem
3697 2547 3842 2587 nomen

2329 2628 2429 2682 hoc
2457 2628 2670 2683 ductum
2703 2636 2787 2682 est
2810 2628 2878 2682 ab
2905 2628 2994 2681 illo
3021 2629 3205 2693 verbo,
3238 2629 3384 2697 quod
3410 2639 3491 2684 est
3518 2625 3731 2697 habere)
3764 2639 3844 2678 ma-

2330 2720 2577 2774 nifestum
2605 2720 2755 2774 estin
2778 2735 2839 2773 ea
2889 2735 2947 2774 re
2976 2719 3077 2773 dici
3110 2720 3345 2774 habitum
3378 2762 3393 2784 ,
3424 2736 3540 2791 qua:
3583 2716 3747 2774 accidit
3778 2716 3844 2769 ali-

2329 2810 2434 2873 cui,
2459 2810 2527 2863 ita
2556 2818 2613 2863 ut
2640 2825 2756 2863 eam
2790 2814 2953 2878 possit
2980 2811 3137 2865 etiam
3168 2825 3271 2863 non
3322 2811 3540 2865 habere.
3570 2810 3687 2865 Nam
3709 2817 3753 2862 et
3774 2806 3844 2860 do-

2330 2900 2497 2952 ctrina
2526 2899 2717 2953 accidit
2747 2903 2946 2964 animo,
2975 2909 3026 2953 et
3066 2915 3253 2954 suemus
3288 2917 3351 2955 ac
3385 2903 3544 2958 robur
3580 2899 3785 2970 corpori;
3808 2904 3846 2950 et

2332 2990 2493 3043 vestis
2531 3000 2688 3059 atque
2735 3005 2881 3044 arma
2906 3032 2920 3053 ,
2976 3006 3079 3045 non
3119 2991 3335 3045 dubium
3380 3003 3462 3048 est
3498 2994 3613 3063 quin
3660 2991 3847 3047 accidant

2332 3081 2582 3134 membris
2610 3082 2839 3135 nostris:
2872 3084 2941 3134 ita
2967 3091 3021 3135 ut
3047 3083 3403 3150 etitnperitus
3429 3085 3585 3152 possit
3628 3097 3732 3138 esse
3771 3082 3848 3132 ani-

2333 3189 2472 3235 mus,
2502 3175 2544 3227 si
2572 3174 2619 3228 ei
2650 3174 2891 3229 doctrina
2924 3192 3024 3229 non
3054 3176 3349 3239 accideret;
3381 3188 3434 3229 et
3455 3177 3586 3231 exile
3606 3186 3744 3244 atque
3774 3174 3849 3226 lan-

2331 3264 2547 3334 guidum
2563 3279 2775 3334 corpus,
2795 3265 2910 3319 sine
2936 3279 3096 3319 succo
3113 3266 3374 3319 viscerum
3405 3277 3459 3321 et
3485 3267 3693 3327 robore;
3713 3274 3758 3318 et
3780 3278 3850 3316 nu-

2333 3358 2433 3411 dus
2456 3358 2570 3413 sine
2587 3366 2752 3420 veste,
2776 3367 2830 3411 et
2856 3358 3073 3411 inermis
3095 3357 3210 3412 sine
3240 3356 3431 3422 armis,
3484 3367 3533 3413 et
3585 3357 3703 3427 pede
3742 3353 3851 3410 nudo

2334 3449 2449 3503 sine
2477 3448 2851 3501 calceamentis
2880 3462 2999 3503 esse
3027 3448 3189 3501 homo
3228 3459 3425 3516 potest.
3467 3450 3672 3504 llabitus
3692 3462 3793 3515 ergo
3813 3445 3851 3497 in

2335 3557 2394 3595 ea
2425 3558 2484 3597 re
2510 3542 2722 3606 dicitur,
2746 3557 2863 3611 quae
2904 3542 3055 3595 nobis
3084 3551 3143 3596 ιιι
3174 3543 3434 3598 habeatur
3460 3542 3656 3599 accidit.
3679 3540 3853 3593 Verum-

2338 3642 2513 3687 tamen
2539 3632 2640 3687 hoc
2663 3633 2901 3695 interest,
2930 3633 3068 3702 quod
3099 3636 3340 3703 qttmtlatn
3387 3652 3567 3690 eorutn
3607 3648 3712 3703 qum
3742 3628 3852 3683 acci-

2335 3725 2466 3779 dttnt
2497 3725 2668 3788 nobis,
2690 3734 2747 3778 ιιι
2774 3725 3009 3779 habitum
3033 3725 3260 3791 faciant,
3308 3743 3417 3782 non
3450 3736 3746 3782 tnutantnra
3785 3735 3857 3773 no-

2336 3814 2434 3877 bis,
2466 3815 2559 3869 sed
2591 3816 2701 3883 ipsa
2727 3830 2824 3868 nos
2845 3824 3051 3868 mutant
3076 3816 3128 3868 in
3156 3831 3236 3880 se,
3256 3819 3366 3883 ipsa
3398 3820 3593 3885 integra
3634 3822 3682 3867 et
3714 3812 3856 3865 incon~

2335 3919 2489 3957 cussa
2514 3905 2780 3958 manentia
2812 3923 2824 3957 :
2858 3905 3011 3958 sicuti
3040 3906 3317 3975 sapientia,
3343 3923 3467 3962 cum
3516 3904 3693 3960 accidit
3729 3896 3859 3955 homi-

2338 3996 2387 4048 ni
2409 4036 2423 4059 ,
2453 4012 2555 4047 non
2580 3996 2690 4064 ipsa
2718 4004 2969 4059 mntatttr,
3002 3996 3095 4050 sed
3130 3995 3399 4050 hominem
3429 4007 3609 4061 mutat,
3654 4008 3788 4063 quem
3808 3987 3859 4041 de

2336 4087 2497 4139 stulto
2521 4088 2813 4156 sapientem
2837 4087 2979 4141 facit.
3005 4088 3255 4155 Quaedam
3276 4105 3408 4145 vero
3439 4091 3513 4145 sic
3540 4088 3791 4144 accidunt.
3818 4089 3859 4133 ut

2335 4186 2388 4229 et
2426 4185 2629 4230 mutent
2657 4186 2711 4232 et
2734 4187 3001 4233 mutentur
3040 4195 3054 4232 :
3098 4181 3253 4235 sicuti
3301 4182 3453 4236 eilms
3502 4182 3610 4250 ipse
3656 4177 3860 4232 amittens

2336 4269 2565 4336 speciem
2593 4283 2767 4334 suam,
2799 4270 2849 4322 in
2887 4285 3084 4340 corpus
3125 4281 3363 4325 nostrum
3413 4275 3660 4336 vertitur;
3705 4276 3752 4322 et
3788 4274 3861 4317 n05

2335 4358 2519 4414 refecti
2552 4360 2691 4424 cibo,
2710 4361 2777 4413 ab
2808 4362 3042 4417 exilitate
3071 4373 3228 4431 atque
3256 4364 3508 4432 languore
3544 4365 3592 4417 iu
3636 4361 3778 4415 robur
3798 4362 3860 4406 at-

2336 4466 2438 4519 que
2463 4451 2740 4503 volentiam
2768 4461 3175 4506 commutamur.
3209 4452 3444 4508 Tertium
3466 4470 3588 4507 vero
3612 4464 3761 4521 genus
3782 4451 3856 4503 est.

2334 4554 2453 4593 cum
2485 4540 2596 4608 ipsa
2624 4556 2739 4608 qua:
2767 4540 3031 4607 accidunt,
3050 4551 3317 4596 mutantur
3343 4552 3399 4595 ut
3429 4542 3656 4596 habitum
3685 4536 3861 4593 faciant.

2334 4640 2388 4686 et
2413 4632 2637 4700 quodam
2669 4633 2825 4684 modo
2853 4632 3143 4687 formantur
3188 4634 3254 4687 ab
3305 4634 3385 4689 eis
3431 4634 3619 4704 quibus
3670 4628 3863 4683 habitum

2336 4723 2550 4785 faciunt,
2604 4724 2756 4777 sicuti
2809 4732 2891 4778 est
2932 4726 3138 4778 vestis:
3172 4741 3292 4779 nam
3346 4741 3464 4779 cum
3518 4712 3864 4792 reposita't't'l

2336 4812 2565 4881 projeCta
2590 4822 2699 4875 est,
2734 4829 2839 4867 non
2869 4812 3023 4868 habet
3078 4830 3193 4868 eam
3240 4816 3495 4883 formam,
3539 4828 3686 4882 quam
3737 4804 3864 4860 sumi!

2332 4916 2451 4956 cum
2480 4902 2713 4957 induitur
2732 4913 2890 4973 atque
2926 4904 3191 4959 inducitur
3216 4907 3490 4961 membris.
3546 4905 3677 4973 Ergo
3720 4899 3864 4953 induta

2332 4990 2524 5061 accipit
2552 4991 2772 5047 formam
2800 5008 2955 5063 quam
3000 5009 3102 5048 non
3130 4994 3358 5050 habebat
3380 5004 3533 5049 exuta
3564 5010 3577 5056 ;
3624 5005 3734 5045 cum
3778 4984 3864 5053 ipsi

2332 5085 2593 5152 membra,
2620 5093 2673 5139 et
2699 5101 2818 5140 cum
2846 5096 3130 5153 exuuntur,
3154 5095 3344 5142 etcum
3378 5087 3678 5148 induuntur,
3709 5082 3755 5133 in
3790 5089 3864 5127 suo

2332 5183 2472 5229 statu
2498 5184 2767 5229 maneant.
2798 5176 2976 5231 Potest
3003 5192 3120 5231 esse
3136 5188 3186 5231 et
3213 5188 3455 5247 quartum
3483 5189 3666 5246 genus,
3693 5184 3798 5226 cum
3822 5176 3864 5215 6³

2332 5282 2451 5337 quae
2480 5268 2745 5333 accidunt,
2776 5268 2841 5322 ad
2861 5269 3153 5323 faciendum
3182 5270 3437 5333 habitum,
3470 5284 3567 5321 nec
3595 5281 3653 5319 ea
3697 5262 3864 5316 mutant

2332 5358 2524 5427 quibus
2549 5358 2813 5424 accidunt,
2840 5374 2938 5413 nec
2957 5359 3025 5412 ab
3045 5360 3124 5414 eis
3151 5361 3259 5430 ipsa
3285 5370 3551 5414 mutantur
3584 5375 3595 5410 :
3624 5353 3763 5410 sicuti
3791 5364 3864 5399 an-

2332 5447 2492 5501 nulus
2519 5447 2704 5517 digito,
2738 5448 2780 5501 si
2812 5464 2917 5502 non
2945 5450 3102 5504 nimis
3122 5451 3389 5505 subtiliter
3424 5446 3736 5503 attendatdr.
3786 5438 3864 5490 γε·

2332 5548 2628 5591 rumtamen
2658 5539 2757 5592 hoc
2784 5554 2951 5607 genus
2993 5550 3085 5593 aut
3137 5541 3338 5593 nullum
3383 5547 3484 5604 est,
3537 5538 3583 5591 si
3627 5534 3864 5604 diligente!

2334 5628 2605 5694 discutias,
2638 5637 2730 5681 aut
2754 5630 2969 5682 omnino
2983 5632 3337 5689 rarissimum.

2398 5803 2412 5832 ¹
2445 5799 3053 5863 Vagtstorsententiarum,
3080 5802 3307 5863 deposita.

2395 5862 2467 5921 (ιι)
2503 5862 2596 5907 Litt.
2630 5860 2684 5908 1:2
2708 5860 2769 5906 tle
2790 5860 2923 5908 civit.
2947 5866 3058 5924 Dei,
3080 5860 3185 5926 cap.
3215 5866 3289 5913 16.
