3942 6416
156 346 208 404 ω
912 376 917 385 .
1601 336 1725 391 Lllll

1844 336 2039 395 UNUS.
3348 341 3416 399 86

217 457 397 514 πω
424 470 552 526 ergo
576 455 904 525 Apostolus
931 453 1006 508 de
1049 452 1300 521 unigenito
1345 451 1437 506 Dei
1484 450 1619 506 Filio
1648 450 1731 505 lo-

180 565 399 627 queretur,
427 562 691 619 quantum
719 548 973 619 pertinet
1009 545 1076 600 ad
1101 545 1206 615 ejus
1232 543 1559 599 divinitatem
1590 583 1605 607 ,
1637 557 1730 596 se-

180 647 363 703 cundum
385 644 432 703 id
454 641 599 709 quod
630 640 963 695 verissimus
1016 638 1151 691 Deus
1178 645 1276 703 est,
1305 635 1551 705 aqualem
1593 632 1732 688 dixit

180 754 275 794 esse
298 736 443 796 Patri,
469 732 615 803 quod
636 748 745 785 non
769 732 820 785 ei
846 729 947 784 fuit
975 738 1219 797 tauquam
1253 726 1507 793 rapinam,
1541 723 1591 777 id
1617 732 1722 791 est,

178 829 300 898 quasi
323 828 547 880 alienum
589 832 891 893 appetere,
927 820 973 872 si
1025 833 1236 885 semper
1290 829 1512 869 niancns
1562 814 1614 868 in
1663 828 1728 867 ea

178 919 456 987 aqualitate,
476 915 644 971 nollet
664 912 879 966 homine
905 908 1074 972 indui,
1092 917 1143 961 et
1171 906 1467 960 hominibus
1489 913 1544 959 ut
1570 905 1728 959 homo

176 1005 558 1077 apparerezsed
600 1004 919 1071 semetipsum
968 999 1240 1053 exinanivit
1270 1039 1284 1061 ,
1339 1012 1445 1053 non
1501 995 1725 1049 formam

177 1116 307 1152 Suam
333 1106 549 1159 mutans,
580 1093 673 1148 sed
694 1097 912 1164 formam
929 1089 1059 1143 servi
1086 1087 1371 1156 accipiens;
1404 1101 1577 1156 neque
1594 1100 1737 1143 con-r

176 1206 334 1243 versus
358 1198 443 1242 aut
470 1191 849 1239 transmutatus
881 1183 931 1235 in
966 1180 1257 1240 hominem,
1289 1178 1484 1233 amissa
1522 1179 1725 1231 incom-

170 1281 385 1334 mutabili
406 1278 711 1341 stabilitate,
739 1273 833 1329 sed
858 1286 1155 1343 quanquam
1191 1271 1206 1300 ¹
1235 1285 1419 1324 verum
1452 1268 1724 1325 hominem

167 1372 504 1442 suscipiendo,
532 1371 645 1439 ipse
667 1375 955 1436 susceptor,
978 1366 1031 1418 in
1059 1362 1445 1418 similitudinem
1466 1361 1735 1415 hominum

165 1470 335 1533 factus,
368 1478 467 1514 non
497 1461 616 1521 sibi,
646 1458 735 1512 scd
764 1457 841 1511 eis
868 1454 1134 1526 quibusin
1177 1452 1393 1507 homine
1443 1451 1721 1520 apparuit,

165 1556 323 1608 habitu
342 1556 564 1613 iuratus
581 1561 654 1603 est
673 1559 725 1601 ut
741 1548 887 1601 homo
902 1545 1156 1617 (Philipp.
1174 1560 1233 1610 tt,
1254 1544 1308 1611 6,
1324 1545 1377 1612 7)
1398 1561 1411 1609 ;
1438 1544 1485 1595 id
1502 1552 1601 1608 est,
1614 1542 1724 1603 lia.-

165 1645 325 1700 beudo
354 1643 640 1704 honiincm,
670 1642 909 1694 inventus
929 1647 1013 1691 est
1033 1645 1090 1689 ut
1110 1634 1292 1691 homo.
1316 1632 1431 1687 Non
1458 1634 1599 1687 enim
1632 1648 1728 1701 po-

165 1747 290 1792 terat
313 1733 535 1790 inveniri
557 1733 691 1785 Deus
718 1732 737 1761 ²
766 1730 833 1782 ab
860 1728 922 1783 iis
947 1728 1035 1798 qui
1064 1741 1158 1781 cor
1200 1723 1530 1779 immundum
1560 1722 1725 1776 hahe-

162 1828 303 1891 bant,
330 1835 384 1879 et
415 1824 639 1878 Verbum
665 1820 798 1889 apud
833 1819 1042 1872 Patrem
1068 1815 1249 1869 videre
1292 1830 1399 1869 non
1438 1822 1683 1882 poterant
1707 1855 1722 1877 ,

159 1918 259 1972 nisi
286 1917 385 1970 hoc
402 1912 729 1983 suscipiendo
753 1910 891 1981 quod
908 1918 1129 1979 possent
1155 1907 1358 1974 videre,
1378 1915 1437 1963 et
1467 1922 1561 1976 per
1584 1906 1725 1974 quod

158 2010 226 2063 ad
249 2008 380 2062 illud
406 2008 581 2059 lumen
606 2004 817 2057 interius
845 2000 1188 2055 ducerentur.
1224 1997 1327 2052 Iste
1365 2006 1542 2051 autem
1568 1996 1723 2049 habi-

162 2110 252 2153 tus
271 2114 379 2152 non
407 2107 483 2151 est
510 2111 573 2149 ex
602 2095 764 2164 primo
786 2106 1002 2162 genere;
1036 2105 1139 2143 non
1164 2088 1303 2142 enim
1334 2087 1643 2142 manensin
1667 2102 1727 2141 se

163 2200 355 2245 natura
386 2187 609 2241 hominis
635 2194 860 2238 naturam
902 2184 997 2238 Dei
1036 2179 1387 2235 Commutavit
1410 2198 1422 2231 :
1446 2194 1616 2249 neque
1660 2194 1725 2232 ex

156 2282 427 2346 secundo;
455 2295 555 2334 non
581 2278 718 2333 enim
739 2287 790 2330 et
811 2277 1028 2330 mutavit
1052 2274 1210 2328 homo
1238 2275 1401 2326 Deum
1425 2313 1439 2335 ,
1470 2279 1523 2323 et
1550 2280 1726 2325 muta.

155 2383 239 2429 tus
262 2382 343 2429 est
381 2371 554 2427 abillo
582 2387 596 2422 :
630 2384 801 2440 neque
819 2384 887 2423 ex
912 2376 1141 2436 quarto;
1176 2380 1277 2418 non
1328 2363 1471 2418 enim
1526 2363 1603 2417 sic
1635 2378 1727 2417 as-

155 2475 384 2534 sumptus
410 2474 488 2518 est
513 2462 691 2528 homo,
717 2470 773 2513 ut
801 2474 974 2528 neque
995 2459 1108 2528 ipse
1130 2463 1360 2510 mutaret
1391 2455 1553 2509 Deum
1576 2495 1589 2517 ,
1624 2470 1723 2509 nec

158 2556 221 2609 ab
238 2556 325 2610 illo
341 2561 628 2608 mutaretur
659 2550 790 2604 :sed
822 2549 999 2617 potius
1042 2563 1106 2601 ex
1130 2547 1318 2609 tertio;
1342 2545 1421 2600 sic
1441 2544 1583 2599 enim
1632 2559 1723 2598 as-

164 2658 384 2717 sumptus
406 2655 505 2711 est,
540 2653 595 2698 ut
644 2639 1141 2696 commutareturiu
1167 2638 1350 2691 meliu<
1382 2679 1395 2702 ,
1446 2647 1499 2701 et
1545 2637 1613 2688 ab
1661 2650 1726 2689 eo

166 2739 459 2796 lotmaretur
507 2733 850 2790 ineliabiliter
892 2729 1462 2813 excellentiusqatque
1503 2726 1727 2799 conjun-

169 2836 295 2889 etius
321 2847 467 2902 quam
497 2830 680 2894 vestis,
701 2843 825 2882 cum
856 2826 923 2879 ab
950 2823 1166 2878 homine
1193 2821 1449 2877 induitur.
1481 2820 1591 2875 lloc
1634 2834 1723 2874 er-

167 2941 231 2993 go
245 2926 431 2977 habitus
452 2923 662 2977 nomine
687 2920 822 2973 satis
849 2916 1166 2986 signiﬁcavit
1194 2914 1480 2983 Apostolus
1528 2926 1722 2981 quem-

172 3015 424 3068 admodum
448 3015 658 3073 dixerit,
689 3008 1157 3064 in‘similitudiuem
1215 3005 1473 3057 hominum
1522 3007 1723 3073 factus;

167 3108 279 3176 quia
300 3123 392 3159 non
417 3103 877 3173 transﬁguratione
905 3102 955 3153 in
987 3098 1280 3162 hominem,
1311 3096 1404 3150 sed
1439 3094 1616 3149 habitu
1638 3094 1723 3147 fa-

168 3208 275 3251 ctus
298 3206 390 3261 est,
416 3212 529 3252 cum
556 3194 777 3247 indutus
803 3200 887 3245 est
914 3189 1155 3251 homine,
1175 3202 1332 3255 quem
1382 3185 1479 3237 sibi
1538 3183 1725 3237 unicus

168 3288 543 3357 quodammodo
568 3296 728 3354 atque
759 3282 1119 3345 cenl'ormans,
1146 3277 1528 3331 immortalitati
1570 3287 1724 3361 tuter-

167 3381 394 3449 limique
414 3379 657 3434 sociaret.
685 3374 794 3431 Sed
819 3374 968 3427 illum
997 3370 1374 3440 habitum,.qni
1401 3379 1484 3423 est
1514 3369 1564 3421 in
1598 3366 1727 3439 ρει-ὲκ

160 3472 390 3540 ceptiooe
416 3469 683 3540 sapientia:
704 3476 758 3521 et
787 3464 1112 3532 disciplima,
1138 3461 1309 3514 Cra-ci
1349 3470 1443 3527 ἔξω
1487 3468 1678 3533 vocant
1707 3477 1722 3513 :

158 3547 511 3623 bonc‘antem,
538 3556 833 3612 secundum
874 3567 1032 3621 quem
1075 3550 1301 3605 dicimus
1351 3549 1599 3603 vestitum
1640 3549 1722 3601 vel

149 3664 405 3707 armatum
430 3666 587 3719 sxw
606 3649 785 3719 potius
808 3655 1020 3698 vocant.
1078 3644 1152 3696 Ex
1188 3657 1293 3710 quo
1324 3640 1633 3710 intelligitur
1657 3639 1724 3693 de

148 3745 252 3797 isto
276 3759 460 3812 genere
486 3742 700 3795 habitus
724 3742 963 3793 locutum
997 3736 1347 3805 Apostolum;
1389 3733 1724 3803 quandoqui-

143 3836 267 3887 dem
303 3834 552 3903 iugrzecis
575 3829 981 3897 exemplaribus
1022 3838 1238 3893 σχήματι
1284 3824 1537 3891 scriptum
1596 3832 1720 3888 est,

143 3924 283 3993 quod
314 3939 408 3977 nos
458 3924 510 3976 in
539 3922 723 3975 latinis
781 3920 955 3972 habitu
1014 3916 1288 3970 habemus.
1339 3916 1455 3981 Quo
1508 3915 1724 3969 nomine

141 4014 589 4081 mrtetintelligi
632 4026 742 4065 non
778 4018 1042 4064 mutatura
1098 4021 1217 4061 esse
1254 4005 1487 4059 Verbum
1538 4020 1723 4058 susce-

141 4104 323 4170 ptione
345 4104 591 4166 hominis,
624 4100 784 4153 sicuti
827 4113 924 4152 nec
954 4096 1188 4151 membra
1215 4104 1361 4149 veste
1409 4094 1586 4147 induta
1609 4111 1726 4148 mn-

143 4202 322 4246 tantnr
351 4211 365 4245 :
391 4207 695 4263 quanquam
726 4191 810 4243 illa
852 4187 1119 4256 susceptio
1153 4184 1488 4239 inell‘abilitcr
1536 4200 1720 4239 susce-

138 4292 288 4350 ptum
318 4283 618 4353 suscipienti
644 4280 1002 4349 cepulaverit:
1035 4278 1130 4334 sed
1151 4286 1405 4347 quantum
1436 4279 1599 4332 verba
1626 4278 1725 4333 hu-

140 4391 299 4429 mana
332 4378 483 4430 rebus
502 4373 861 4429 inellabilihus
886 4370 1121 4441 coaptati
1160 4378 1382 4439 ansunt
1404 4411 1418 4433 ,
1452 4386 1519 4424 ue
1549 4379 1725 4424 muta-

140 4477 225 4521 tus
270 4469 594 4538 intelligatur
618 4466 758 4520 Deus
789 4465 1034 4518 humana:
1075 4462 1376 4532 fragilitatis
1403 4463 1725 4531 aSSumptio-

138 4572 208 4611 ne
230 4558 279 4622 ³,
312 4560 534 4613 electum
560 4564 644 4611 est
669 4566 725 4608 ut
752 4571 925 4625 grzecc
948 4569 1144 4623 σχῆμα,
1173 4561 1226 4606 et
1265 4552 1425 4605 latine
1450 4551 1723 4608 diceretur

142 4646 359 4701 habitus
382 4650 467 4702 illa
491 4646 779 4715 susceptio.

146 4735 385 4790 LXXIV-
415 4738 489 4791 De
515 4755 573 4791 eo

216 4807 534 4862 Coloneum
556 4828 574 4865 ;
594 4810 646 4860 lu
678 4824 782 4875 quo
814 4809 1066 4860 habemus
1105 4808 1528 4875 redemptionem
1559 4820 1611 4860 et
1637 4823 1728 4861 re-

222 4878 523 4948 missionem
576 4888 910 4946 peceatorum
930 4919 946 4940 ,
977 4879 1065 4947 q-li
1088 4889 1171 4933 est
1197 4880 1370 4948 inmgo
1400 4879 1493 4933 Dei
1544 4878 1728 4932 invisio

224 4945 351 5000 bilis
374 4945 595 5019 (Colon;
629 4964 666 5009 ι,
706 4949 786 5011 14,
822 4949 930 5017 15).

229 5033 402 5103 Imago
454 5047 507 5093 et
556 5038 830 5108 :rqualitas
882 5046 941 5092 et
992 5038 1284 5095 similitudo
1359 5037 1728 5109 distinguenda

160 5137 304 5178 sunt.
336 5130 453 5193 Quia
474 5129 560 5183 ubi
585 5130 779 5199 imago,
795 5130 1045 5183 continuo
1082 5130 1390 5194 similitudo,
1423 5146 1528 5184 non
1554 5130 1729 5186 conti-

166 5228 272 5266 uno
302 5220 557 5288 aequalitas
589 5237 603 5273 ;
634 5221 719 5275 ubi
742 5220 1040 5290 aequalitas,
1078 5222 1331 5276 continuo
1386 5221 1684 5275 similitudo
1710 5262 1724 5285 ,

166 5319 272 5357 Im
293 5314 525 5366 continuo
573 5314 793 5381 imago:
829 5312 917 5365 ubi
946 5312 1234 5367 similitudo
1261 5354 1278 5379 ,
1328 5329 1435 5367 non
1476 5314 1731 5367 continuo

168 5393 353 5469 iunge,
373 5419 470 5457 non
494 5406 746 5459 continuo
767 5403 1064 5472 aequalitas.
1098 5404 1196 5460 Ubi
1224 5405 1401 5476 imago
1431 5446 1446 5471 ,
1474 5407 1730 5461 continuo

229 5539 245 5601 ξ
270 5538 337 5585 sic
356 5546 452 5590 uss.
476 5550 596 5592 octo.
624 5550 679 5590 At
702 5542 841 5601 aliti,
870 5540 961 5589 sed
988 5546 1222 5601 tanquam.

226 5598 248 5626 ¹
268 5600 575 5667 (isterciensis
596 5605 749 5667 culex
771 5598 984 5659 omittit,
1018 5598 1162 5665 Deus;
1186 5606 1326 5667 cujus
1346 5604 1476 5653 vocis
1497 5603 1605 5654 loco
1628 5603 1733 5667 plu-

170 5666 252 5723 ἐξ
269 5667 366 5710 lis.
391 5665 583 5723 habent,
602 5673 650 5714 ut
673 5665 839 5714 homo.

172 5720 355 5829 ﬂ"tat.
382 5731 449 5829 ΓΕ
464 5737 507 5779 et
532 5720 759 5792 ιιιυι-ιιιιιε
786 5733 928 5778 3133.,
951 5735 1225 5781 assuumtor.
1244 5756 1304 5766 —-
1322 5729 1395 5778 Sic
1415 5730 1559 5778 etiam
1582 5728 1731 5789 Lugd.

268 5802 335 5829 tu.

268 5797 449 5839 ωκ.

593 4739 728 4807 quod
772 4737 1012 4802 scriptum
1035 4746 1104 4790 est
1132 4737 1182 4789 in
1209 4736 1442 4807 Epistula
1488 4736 1641 4790 Pauli
1660 4737 1729 4790 ad
1748 4760 1755 4763 η·

1838 452 2149 519 similitudo,
2178 466 2282 508 non
2313 456 2569 511 continuo
2587 455 2897 527 arqualitas:
2926 467 2983 512 ut
3008 457 3061 512 in
3086 457 3305 530 speculo
3331 464 3417 512 est

1839 542 2013 612 imago
2037 543 2294 609 hominis,
2326 545 2457 614 quia
2475 544 2543 599 de
2568 545 2659 599 illo
2674 561 2924 616 expressa
2952 556 3069 612 est;
3119 558 3203 604 est
3248 549 3412 603 etiam

1839 634 2140 689 necessztrio
2166 634 2457 690 similitudo
2490 676 2506 702 ,
2558 649 2664 690 non
2704 644 2880 693 tamen
2935 638 3246 707 aequalitas,
3287 639 3415 708 quia

1836 725 2001 780 multa
2021 724 2215 780 desunt
2236 724 2475 796 imagini,
2508 742 2626 796 qua:
2650 734 2824 781 tamen
2877 729 3056 783 insunt
3112 728 3188 784 illi
3230 730 3416 785 reide
3483 770 3491 776 ς

1834 831 1938 885 qua
1957 830 2219 885 expressa.
2236 824 2337 871 est.
2368 814 2470 873 [ibi
2499 817 2796 886 aequalitas,
2815 818 3069 871 continuo
3098 818 3423 881 similitudo,

1836 922 1942 961 non
1964 907 2218 960 continuo
2252 906 2459 976 imago:
2492 908 2638 962 velut
2667 908 2720 960 in
2756 907 2963 962 duobus
2986 908 3101 961 ovis
3150 910 3365 977 paribus
3395 952 3409 973 ,

1833 997 1957 1066 quia
1980 997 2119 1052 inest
2145 996 2437 1065 aequalitas,
2460 997 2669 1052 inestet
2687 997 3016 1063 similitudo;
3063 1012 3414 1067 qumcumque

1833 1089 1974 1143 enim
2000 1087 2193 1141 adsunt
2217 1088 2331 1152 uni,
2362 1088 2559 1143 adsunt
2579 1090 2796 1144 etalteri
2820 1106 2834 1153 ;
2869 1090 3044 1158 imago
3072 1097 3249 1144 tamen
3306 1105 3410 1143 non

1832 1180 2083 1249 est,.quia
2108 1190 2355 1235 neutrum
2377 1181 2443 1235 de
2467 1183 2637 1237 altero
2662 1196 2972 1252 expressum
2998 1193 3098 1237 est.
3137 1181 3238 1237 Ubi
3260 1183 3411 1236 simi-

1833 1270 2025 1337 litudo,
2050 1286 2156 1325 non
2209 1273 2462 1327 Continuo
2489 1273 2811 1342 imago,lnon
2833 1274 3091 1328 continuo
3107 1273 3409 1342 inqualitas:

1832 1364 2385 1433 omnequippeovum
2408 1364 2691 1428 omniovo,
2718 1365 2781 1417 in
2800 1372 3056 1433 quantum
3095 1377 3254 1417 ovum
3295 1373 3408 1425 est,

1831 1456 2005 1511 simile
2029 1465 2138 1520 est;
2168 1455 2261 1511 sed
2281 1471 2443 1510 ovum
2473 1456 2703 1525 perdicis
2722 1497 2738 1521 ,
2769 1457 3011 1525 quamvis
3054 1456 3107 1509 in
3154 1465 3409 1525 quantum

1829 1566 1986 1604 ovum
2014 1558 2115 1614 est,
2137 1550 2312 1605 simile
2359 1549 2427 1603 sit
2471 1564 2572 1604 ovo
2591 1549 2820 1617 gallinae,
2866 1564 2965 1603 nec
3006 1548 3184 1619 imago
3233 1557 3410 1602 tamen

1830 1641 1945 1711 ejus
1970 1650 2071 1706 est,
2093 1640 2310 1711 quia-de
2340 1642 2432 1696 illo
2456 1656 2765 1709 expressum
2819 1657 2925 1696 non
2954 1649 3069 1707 est;
3101 1656 3200 1696 nec
3227 1656 3411 1711 mqua-

1831 1732 1882 1787 le
1899 1775 1912 1795 ,
1937 1734 2057 1802 quia
2084 1733 2305 1788 brevius.
2322 1742 2407 1787 est
2430 1773 2443 1795 ,
2464 1740 2519 1788 ct
2543 1733 2761 1787 alterius
2795 1733 3408 1803 generis-animantium.

1830 1824 1935 1879 Sed
1959 1826 2043 1879 ubi
2071 1825 2281 1890 dicitur,
2306 1826 2419 1880 Non
2448 1827 2721 1889 continuo,
2752 1827 2931 1895 utique
2957 1825 3268 1896 intelligitur
3283 1826 3409 1897 quia
3439 1884 3443 1888 ,

1829 1932 1948 1971 esse
1972 1917 2255 1987 aliquando
2285 1926 2477 1987 potest.
2512 1918 2695 1972 Potest
2717 1932 2844 1987 ergo
2869 1932 2988 1973 esse
3032 1918 3204 1989 aliqua
3235 1918 3416 1987 imago

1832 2009 1887 2063 in
1914 2026 2019 2078 quo
2036 2011 2107 2064 sit
2130 2011 2291 2063 etiam
2316 2010 2594 2079 :equalitas
2617 2025 2631 2061 :
2656 2020 2714 2064 ut
2756 2011 2809 2064 in
2863 2010 3168 2079 pereuntibus
3207 2020 3263 2066 et
3289 2010 3411 2065 liliis

1832 2101 2156 2154 inveniretur
2177 2101 2352 2170 imago
2370 2109 2425 2154 et
2443 2101 2719 2170 arqualitas
2738 2111 2792 2155 et
2814 2101 3106 2155 similitudo
3124 2142 3138 2163 ,
3164 2102 3211 2157 si
3241 2103 3409 2156 inter—

1830 2192 2026 2245 vallum
2057 2191 2308 2259 ιριηιιοιίε
2328 2190 2617 2254 defuisset;
2660 2207 2782 2245 nam
2832 2200 2886 2246 et
2934 2193 3001 2247 de
3051 2204 3272 2263 parente
3316 2210 3412 2248 ex-

1830 2297 2013 2352 pressa
2040 2291 2122 2336 est
2145 2281 2436 2335 similitudo
2463 2281 2575 2344 lilii,
2600 2290 2659 2336 nt
2678 2290 2825 2336 recte
2871 2281 3083 2336 dicatur
3128 2285 3325 2354 imago,
3352 2294 3409 2339 et

1832 2382 2005 2441 potest
2039 2386 2159 2426 esse
2207 2380 2351 2425 tanta
2376 2412 2391 2435 ,
2434 2382 2491 2424 ut
2521 2382 2665 2427 recte
2684 2373 2843 2426 etiam
2874 2372 3081 2427 dicatur
3106 2374 3403 2444 aequalitas,

1832 2462 1931 2515 nisi
1958 2461 2096 2529 quod
2125 2476 2314 2529 parem
2336 2470 2573 2529 tempore
2594 2462 2887 2530 praecessit.
2918 2462 2992 2516 Ex
3017 2478 3121 2531 quo
3161 2463 3412 2532 intelligi-

1833 2562 1920 2605 tur
1944 2562 1997 2607 et
2026 2550 2307 2620 aliquando
2330 2553 2685 2620 aequalitatem
2718 2567 2823 2605 non
2875 2553 3047 2606 solum
3097 2553 3405 2608 similitudi-

1831 2660 1950 2699 nem
1971 2645 2187 2707 habere,
2222 2644 2313 2697 sed
2336 2645 2495 2698 etiam
2527 2644 2808 2713 imaginem
2833 2661 2848 2709 ;
2872 2647 3010 2713 quod
3063 2646 3114 2698 in
3146 2647 3409 2714 superiori

1830 2737 2075 2806 exemplo
2100 2735 2435 2791 manifestum
2465 2745 2564 2792 est.
2596 2737 2775 2791 Potest
2802 2737 2963 2791 etiam
3002 2737 3285 2806 aliquando
3336 2738 3411 2791 si-

1832 2827 2073 2882 militudo
2098 2842 2217 2881 esse
2237 2835 2293 2881 et
2336 2828 2633 2896 aequalitas,
2665 2828 2907 2896 quamvis
2933 2844 3036 2883 non
3079 2830 3149 2882 sit
3195 2829 3406 2898 imago;

1832 2928 1889 2971 nt
1915 2918 2210 3000 dednqbus
2229 2918 2342 2971 ovis
2379 2917 2594 2987 paribus
2622 2918 2821 2974 dictum
2865 2929 2967 2974 est.
3025 2916 3204 2976 Petest
3249 2921 3411 2975 etiam

1829 3008 2197 3064 similitntio'et
2226 3010 2398 3078 imago
2426 3022 2567 3073 esse,
2591 3013 2833 3078 quamvis
2870 3025 2976 3065 non
3005 3012 3365 3082 sitaequalitas
3389 3027 3407 3073 ;

1832 3108 1888 3154 ιιι
1913 3099 1965 3153 in
1990 3100 2206 3167 speculo
2225 3098 2574 3154 ostendimus.
2620 3101 2801 3156 Potest
2847 3110 2903 3156 et
2928 3101 3220 3159 similitudo
3243 3117 3363 3158 esse
3389 3144 3407 3169 ,

1830 3190 1918 3243 ubi
1948 3200 2003 3244 et
2030 3190 2300 3258 aequalitas
2319 3198 2374 3243 et
2403 3189 2576 3257 imago
2603 3191 2704 3255 sit;
2735 3192 2873 3246 sicut
2914 3192 2982 3247 de
3028 3193 3146 3247 ﬁliis
3171 3208 3409 3249 comme—

1830 3280 2173 3344 moravimus,
2200 3291 2421 3348 excepto
2451 3288 2713 3348 tempore,
2740 3297 2847 3350 quo
2876 3284 3182 3350 prarcedunt
3214 3300 3407 3354 paren-

1833 3382 1932 3428 tes.
1961 3372 2220 3428 Sioenim
2252 3372 2513 3441 aequalem
2568 3374 2826 3444 syllabam
2878 3376 3097 3446 syllaba:
3143 3377 3408 3444 dicimus;

1831 3463 2070 3530 quamvis
2095 3462 2261 3517 altera
2294 3462 2589 3530 prtecedat,
2614 3464 2779 3518 altera
2824 3466 3192 3534 subsequatur.
3217 3465 3271 3520 In
3300 3468 3411 3521 Deo

1829 3564 2027 3619 autem,
2055 3555 2175 3624 quia
2203 3554 2438 3609 conditio
2464 3555 2718 3623 temporis
2746 3567 2931 3621 vacat;
2974 3572 3076 3611 non
3123 3560 3263 3614 enim
3307 3577 3408 3630 po.

1833 3654 1935 3700 test
1950 3653 2094 3699 recte
2120 3644 2286 3699 videri
2306 3646 2447 3699 Deus
2475 3645 2526 3699 in
2555 3654 2795 3716 tempore
2828 3664 3114 3716 generasse
3170 3648 3362 3705 Filium
3390 3692 3406 3715 ,

1829 3753 1923 3806 per
1946 3752 2102 3807 quem
2126 3736 2362 3791 condidit
2409 3750 2644 3809 tempora
2676 3757 2689 3791 :
2721 3754 3053 3810 consequens
3107 3751 3188 3797 est
3217 3750 3275 3797 ut
3301 3760 3405 3798 non

1828 3827 2001 3882 solum
2029 3828 2099 3882 sit
2121 3827 2295 3896 imago
2322 3827 2458 3894 ejus.
2499 3828 2623 3897 quia
2643 3828 2712 3883 de
2740 3830 2830 3885 illo
2857 3841 2959 3894 est,
2992 3841 3047 3886 et
3088 3831 3402 3895 similitudo,

1827 3920 1947 3989 quia
1970 3917 2376 3988 imago(Colass.
2396 3935 2433 3980 ι,
2467 3918 2553 3988 15)
2578 3936 2593 3983 ;
2623 3919 2717 3974 sed
2751 3922 2909 3976 etiam
2941 3924 3213 3993 inqualitas
3239 3931 3408 3988 tanta,

1829 4024 1929 4064 nec
1947 4008 2199 4077 temporis
2226 4008 2440 4075 quidem
2474 4009 2807 4085 intervallum
2834 4013 3215 4081 impedimento
3242 4014 3333 4069 sit.

2233 4100 2444 4155 LXXV.
2474 4101 2553 4155 De
2580 4103 2869 4158 kwreditate
2888 4105 3002 4159 Dei.

1901 4193 1953 4246 l.
1976 4191 2124 4247 Sicut
2153 4192 2442 4259 Apostolus
2466 4192 2530 4246 ad
2577 4193 2830 4249 "clara-os
2847 4195 3007 4260 dicit,
3041 4196 3410 4253 Testamentum

1830 4282 2079 4337 (astatoria
2119 4290 2279 4334 morte
2328 4282 2558 4350 ﬁrmatur
2592 4282 2792 4355 (Hebr.
2839 4302 2913 4346 ιχ,
2942 4288 3004 4341 17
3029 4288 3088 4357 );
3130 4300 3410 4358 propterea

1831 4384 2040 4427 mortuo
2071 4388 2165 4441 pro
2195 4372 2348 4426 nobis
2368 4373 2599 4437 Christo,
2640 4375 2844 4429 Novum
2876 4376 3274 4434 Testamentum
3322 4384 3413 4434 tir-

1833 4473 2034 4519 matnm
2066 4478 2185 4518 esse
2236 4464 2462 4517 asserit:
2492 4466 2646 4533 cujus
2675 4466 2964 4521 similitudo
3010 4468 3172 4523 Vetus
3214 4471 3408 4524 Testa-

1831 4566 2225 4618 mentumerat,
2256 4556 2307 4609 in
2343 4572 2449 4624 quo
2494 4573 2638 4613 mors
2690 4561 2956 4615 testatoris
3001 4576 3096 4630 per
3142 4564 3408 4620 victimam

1833 4646 2290 4717 praeﬁgurabatur.
2322 4646 2376 4701 Si
2399 4661 2528 4717 ergo
2564 4658 2832 4717 qturratur
2883 4653 3152 4720 quomodo
3195 4656 3362 4711 simus
3392 4700 3409 4722 ,

1832 4738 2120 4793 secundum
2151 4738 2386 4803 ejusdem
2414 4740 2653 4805 Apostoli
2684 4741 2863 4802 verba,
2896 4743 3180 4799 conanda:
3201 4746 3410 4813 Christi,

1832 4839 1883 4883 et
1910 4831 2005 4898 ﬁlii
2026 4840 2187 4897 atque
2215 4830 2437 4882 heredes
2460 4829 2589 4899 Dei(
2612 4831 2759 4884 Horn.
2792 4848 2904 4893 vui,
2932 4835 2996 4888 l7
3017 4836 3068 4903 );
3101 4852 3221 4891 cum
3244 4839 3406 4892 etiam

1834 4920 2630 4976 luureditasmortedecessoris
2665 4922 2816 4977 ﬁrma
2840 4932 3101 4992 teneatur,
3152 4943 3250 4983 nec
3302 4931 3415 4985 ullo

1831 5014 1937 5068 alio
1974 5011 2133 5067 modo
2188 5012 2354 5081 possit
2401 5012 2687 5084 hau-editas
2731 5015 2949 5088 intelligi
2976 5037 2988 5073 :
3018 5023 3414 5091 respondetur,

1833 5105 1949 5173 ipso
1973 5102 2187 5172 quidem
2220 5112 2429 5159 mortuo
2459 5103 2626 5157 factos
2672 5121 2769 5160 nos
2813 5122 2933 5162 esse
2981 5109 3248 5178 hmredes,
3283 5129 3417 5182 quo-

1834 5196 1974 5251 niam
2021 5194 2114 5248 lilii
2163 5193 2279 5263 ejus
2309 5194 2470 5248 etiam
2496 5195 2623 5250 dicti
2650 5212 2853 5252 sumus.
2884 5198 3007 5254 Non
3029 5202 3291 5272 jcjunaut,
3329 5206 3414 5258 in.
3446 5212 3452 5237 ί

1834 5288 1966 5356 quit,
1997 5285 2091 5353 ﬁlii
2111 5285 2306 5354 sponsi,
2332 5285 2571 5349 quamdiu
2592 5304 2705 5340 cum
2731 5289 2834 5343 illis
2857 5299 3159 5360 estsponsus
3185 5294 3203 5365 (
3227 5295 3415 5350 Matth.

1834 5393 1914 5443 ιχ,
1958 5376 2070 5448 lii).
2099 5376 2350 5429 llzeredcs
2405 5391 2532 5448 ergo
2571 5379 2723 5448 ejus‘
2749 5380 2997 5451 dicimur,
3036 5388 3157 5455 quia
3202 5388 3417 5457 reliquit

1834 5470 1991 5525 nobis
2019 5470 2161 5537 pacis
2186 5466 2564 5524 ecclesiastica:
2582 5475 2974 5539 possessionem
3004 5493 3096 5545 per
3113 5478 3268 5532 ﬁdem
3291 5488 3421 5532 tem-

1836 5560 2036 5633 poralis
2064 5560 2491 5627 dispensationis,
2521 5578 2679 5631 quam
2709 5565 2759 5617 in
2780 5566 2877 5619 hac
2903 5567 3005 5619 vita
3034 5568 3366 5636 possidemus
3399 5609 3413 5631 ,

1836 5654 1979 5724 quod
2004 5661 2225 5708 testatus
2245 5661 2327 5707 est
2350 5652 2555 5720 dicens,
2576 5654 2765 5709 Pacem
2778 5673 2937 5709 ηιραυι
2969 5660 3031 5710 do
3074 5658 3228 5718 vobis,
3245 5676 3418 5729 pacem

1948 5793 2062 5845 \‘ox,
2087 5786 2208 5849 ejus,
2234 5790 2372 5838 abest
2403 5803 2430 5837 a
2455 5795 2553 5836 nat.
2579 5797 2625 5837 et
2654 5787 2869 5850 pluribus
2891 5795 2994 5838 uss.
