3942 6416
530 408 598 467 87
1249 401 1334 456 DE
1376 398 1684 487 [ιινειιειδ
1721 393 2239 466 ΟΟᾹΞΞΤΙΟΝΙΒΗΒ
2278 391 2563 461 LXXXIII,
2602 393 2657 450 S.
2699 390 3067 451 AUGUSTINI
3735 405 3797 462 δε

530 522 764 591 relinquo
814 518 951 574 vobis
988 516 1175 589 (Joan.
1231 528 1355 579 xw,
1393 510 1518 581 27).
1573 509 1892 565 Cohaeredes
1935 514 2112 561 autem

531 616 649 683 ejus
668 613 980 676 elliciemur,
1011 624 1133 664 cum
1160 607 1211 661 in
1236 606 1338 660 line
1362 605 1545 660 smeuh
1568 618 1712 657 mors
1740 599 2112 655 absorbebitur

534 707 586 759 in
632 704 906 759 victoriam
959 701 1021 772 (l
1053 700 1171 755 Cor.
1201 714 1294 761 xv,
1320 698 1433 765 5t).
1463 696 1613 750 Tunc
1639 695 1780 748 enim
1821 692 2025 746 similes
2064 691 2113 744 ei

533 797 762 860 erimus,
788 793 1000 864 quando
1030 792 1320 847 videbimus
1357 804 1481 844 eum
1529 787 1682 842 siculi
1730 793 1812 840 est
1857 783 1911 853 (Ι
1953 782 2110 836 Joan.

534 904 610 951 ιιι,
634 888 712 955 2).
734 887 901 954 Quam
932 883 1293 939 bazreditatem
1319 898 1421 936 non
1448 880 1562 949 ejus
1586 878 1754 931 Patris
1789 885 1960 929 morte
2001 873 2116 927 adi-

537 980 812 1047 piscimur,
843 976 932 1046 qui
959 974 1093 1031 mori
1127 990 1231 1028 non
1267 980 1475 1042 potest;
1528 956 1955 1040 quandoquidem
2007 965 2120 1033 ipse

535 1072 592 1123 ιιι
624 1068 908 1123 bzereditas
935 1078 1144 1129 nostra,
1178 1063 1467 1120 secundum
1516 1060 1641 1115 illud
1682 1059 1823 1128 quod
1864 1056 2118 1125 scriptum

536 1170 641 1224 est,
674 1158 927 1212 Dominus
945 1174 1063 1227 pars
1094 1154 1400 1211 ltwreditatis
1429 1168 1553 1206 mea:
1579 1152 1597 1221 (
1624 1148 1764 1203 Psal.
1786 1164 1877 1214 xv,
1904 1148 1958 1216 5)
1989 1146 2119 1200 :sed

534 1252 807 1323 quoniam,
835 1267 955 1307 cum
984 1251 1150 1304 vocati
1172 1263 1357 1304 sumus
1379 1246 1553 1300 adhuc
1581 1243 1802 1312 parvuli,
1826 1250 1881 1295 ct
1909 1239 1976 1293 ad
2013 1238 2121 1307 spi-

535 1344 742 1399 rituaiia
767 1342 1174 1413 contemplanda
1205 1341 1378 1394 minus
1415 1337 1613 1402 idonei,
1642 1350 1808 1403 usque
1831 1331 1898 1385 ad
1926 1328 2121 1384 humil-

538 1436 690 1490 limas
713 1444 922 1490 nostras
942 1433 1291 1505 cogitationes
1313 1447 1373 1485 se
1390 1429 1570 1484 divina
1615 1424 1887 1480 miseratio
1931 1435 2121 1490 porre-

539 1526 636 1590 xit,
657 1534 715 1581 ut
734 1525 1233 1597 quomodocumque
1258 1534 1480 1576 cernere
1506 1518 1818 1580 niteremur,
1844 1511 1985 1583 quod
2017 1525 2120 1563 non

501 1626 511 1667 ι
542 1619 814 1675 evidenter
833 1628 990 1688 atque
1019 1616 1296 1685 perSpicue
1315 1610 1685 1672 cernebamus,
1737 1606 1965 1671 idipsum
2010 1616 2122 1656 mo-

540 1711 674 1764 ritur
703 1709 909 1778 quodin
933 1708 1213 1777 senigmate
1232 1703 1613 1761 cernebamus.
1643 1713 1761 1753 cum
1794 1696 1924 1750 l'acie
1947 1693 2012 1747 ad
2039 1691 2122 1745 fa-

539 1801 676 1857 ciem
706 1814 928 1855 eernere
969 1797 1309 1867 coeperimus.
1360 1792 1750 1848 Convenienter
1778 1798 1907 1857 ergo
1933 1784 2125 1839 dicitur

546 1890 863 1944 moriturum
888 1903 1010 1943 esse
1052 1885 1191 1957 quod
1238 1880 1691 1939 anl‘eretur:Cum
1729 1888 1894 1961 autem
1938 1874 2125 1929 venerit

540 1981 676 2050 quod
704 1984 976 2050 perfectum
1003 1988 1096 2043 est,
1126 1976 1381 2045 auferetur
1402 1973 1536 2043 quod
1556 1987 1618 2026 ea:
1659 1979 1801 2041 parte
1829 1977 1898 2021 est
1926 1966 1978 2037 (1
2003 1964 2121 2019 Cor.

542 2088 658 2139 xm,
689 2071 802 2143 10).
832 2072 905 2126 Ita
938 2070 1092 2124 nobis
1126 2068 1355 2139 quodam
1400 2064 1559 2119 modo
1608 2062 1831 2115 moritur
1867 2060 2024 2113 Pater
2070 2057 2124 2111 in

540 2165 823 2233 :euigmate
849 2202 865 2228 ,
897 2170 952 2216 et
986 2159 1127 2215 idem
1160 2159 1272 2228 ipse
1307 2157 1365 2211 lit
1389 2155 1672 2211 luere-ditas
1693 2194 1706 2217 ,
1749 2168 1868 2207 cum
1899 2151 2028 2204 faeie
2058 2149 2123 2203 ad

542 2257 731 2311 faciem
766 2254 974 2309 videtur
1007 2255 1059 2319 ¹;
1091 2269 1195 2307 non
1218 2252 1340 2321 quia
1372 2251 1485 2318 ipse
1525 2247 1767 2309 moritur,
1806 2243 1898 2298 sed
1928 2244 2125 2311 imper-
2176 2236 2187 2251 ⁸

542 2349 679 2402 lecta
709 2348 760 2400 in
783 2362 905 2402 eum
940 2355 1117 2398 nostra
1142 2344 1277 2396 visio
1303 2340 1539 2411 perlecta
1567 2340 1771 2391 visione
1802 2337 2077 2405 perimitur
2107 2352 2121 2387 :

540 2450 595 2496 et
617 2451 794 2495 tamen
816 2439 916 2493 nisi
947 2438 1033 2491 illa
1072 2434 1217 2505 prior
1248 2447 1345 2487 nos
1378 2431 1626 2495 nutriret,
1652 2429 1716 2483 ad
1743 2430 1899 2481 aliam
1938 2428 2127 2497 plenis-

542 2532 733 2585 simam
761 2538 815 2583 et
842 2525 1295 2581 evidentissimam
1316 2536 1419 2575 non
1447 2520 1782 2574 ellict-remur
1809 2516 2006 2571 idonei.

610 2620 667 2673 2.
707 2616 858 2687 Quod
906 2616 953 2672 si
994 2616 1154 2674 etiam
1200 2614 1269 2668 de
1312 2612 1536 2668 Domino
1565 2610 1692 2666 Jesu
1730 2608 1967 2679 Christo,
2018 2622 2125 2662 non

541 2710 835 2764 secundum
867 2706 1100 2762 Verbum
1148 2705 1199 2759 in
1251 2702 1510 2774 principio
1563 2701 1730 2755 Deum
1779 2697 1916 2768 apud
1960 2698 2125 2751 Deum

542 2799 726 2869 (Joan.
758 2814 796 2864 ι,
828 2798 905 2868 1),
934 2795 1027 2851 sed
1074 2794 1365 2849 secundum
1416 2807 1658 2862 puerum,
1690 2789 1779 2860 qui
1819 2788 2128 2858 proliciebat

542 2897 699 2945 aetate
725 2904 790 2944 ac
836 2887 1094 2957 sapientia
1123 2885 1282 2958 (Luc.
1313 2901 1371 2950 ιι,
1400 2882 1516 2954 40),
1550 2883 1666 2953 pius
1694 2880 1995 2949 intellectus
2034 2879 2129 2933 ad-

542 2982 738 3044 mittit,
791 2979 1001 3050 propria
1046 2977 1133 3031 illa
1180 2975 1518 3045 susceptione
1558 2980 1787 3037 servata,
1816 2986 1934 3039 qua:
1976 2983 2127 3023 com-

545 3073 721 3129 munis
749 3072 796 3126 ei
824 3086 943 3127 cum
968 3068 1181 3124 cazteris
1207 3065 1509 3120 hominibus
1543 3078 1649 3117 non
1690 3071 1791 3127 est,
1824 3057 1978 3128 cujds
2014 3070 2132 3113 tan-

546 3179 705 3234 quam
733 3171 901 3217 morte
940 3159 1211 3232 possideant
1247 3155 1634 3220 bmrcditatem,
1663 3150 1999 3207 manifestum
2025 3159 2127 3205 est.

544 3257 660 3312 Non
692 3257 834 3312 enim
861 3268 960 3309 nos
978 3250 1286 3308 colueredes
1318 3249 1433 3320 ejus
1459 3262 1579 3304 esse
1616 3261 1918 3317 possumus,
1949 3246 2049 3299 nisi
2076 3253 2131 3297 et

547 3352 663 3421 ipse
701 3349 872 3404 lueres
898 3348 987 3402 sit.
1028 3346 1083 3399 Si
1110 3354 1285 3399 autem
1317 3343 1485 3412 pietas
1523 3340 1623 3395 hoc
1660 3355 1763 3394 non
1791 3338 2042 3400 admittit,
2076 3346 2132 3390 ut

545 3444 718 3513 primo
744 3456 809 3495 ex
853 3448 1000 3510 parte
1040 3437 1243 3491 videret
1287 3434 1447 3489 homo
1479 3433 1783 3487 Dominicus
1808 3429 1904 3501 (τι),
1938 3427 2132 3483 deinde

545 3552 611 3591 ex
640 3544 751 3589 toto
771 3546 1069 3602 quanquam
1100 3530 1151 3583 in
1178 3527 1436 3597 sapientia
1464 3524 1722 3595 prolicere
1751 3521 1924 3575 dictus
1948 3521 2045 3583 sit;
2076 3519 2128 3573 in

546 3640 773 3694 corpore
801 3638 900 3677 suo
928 3620 1249 3691 intelligatur
1280 3619 1471 3679 meres,
1505 3614 1557 3669 id
1583 3624 1665 3668 est
1693 3612 1952 3679 Ecclesia,
1980 3611 2132 3679 cujus

547 3716 855 3773 colueredes
892 3730 1077 3769 sumus
1117 3730 1132 3766 :
1179 3707 1624 3781 quemadmodum
1652 3706 1743 3761 lilii
1787 3705 1903 3776 ejus
1948 3704 2133 3759 matris

548 3809 800 3873 dicimur,
832 3807 1073 3877 quamvis
1097 3821 1161 3859 ex
1190 3804 1345 3858 nobis
1369 3810 1598 3857 constet.

621 3903 674 3957 5.
714 3899 821 3955 Sed
850 3914 1059 3953 rursum
1086 3896 1248 3965 qna'ri
1291 3901 1483 3963 potest,
1514 3892 1667 3958 cujus
1696 3897 1867 3945 morte
1903 3888 2020 3965 facti
2061 3888 2133 3942 si-

548 4007 670 4046 mus
698 3991 857 4045 etiam
895 4004 990 4040 nos
1021 3985 1301 4041 lia-reditas
1332 3983 1444 4049 Dei,
1472 3980 1761 4037 secundum
1798 3979 1947 4042 illud,
1988 3977 2131 4031 Dabo

549 4082 641 4135 tibi
659 4088 826 4150 gentes
855 4076 1195 4131 [nereditatem
1225 4074 1395 4135 tuam”
1442 4070 1610 4143 (Psal.
1652 4086 1710 4135 ll,
1737 4068 1792 4143 8)
1819 4086 1830 4121 :
1868 4069 1965 4122 nisi
1998 4068 2132 4122 forte

549 4172 709 4242 hujus
735 4169 936 4235 mundi,
966 4182 1073 4238 quo
1114 4166 1257 4235 prius
1296 4172 1543 4234 tanquam
1574 4162 1880 4217 dominante
1919 4161 2135 4215 teneba-

548 4277 692 4318 mur.
719 4261 847 4315 Post
864 4270 1040 4313 autem
1066 4271 1186 4311 cum
1208 4255 1452 4320 dicimus,
1473 4252 1604 4307 Mihi
1623 4252 1841 4305 mundus
1861 4250 2133 4319 cruciﬁxus

548 4365 644 4421 est,
676 4361 723 4407 et
749 4368 840 4424 ego
874 4348 1062 4405 mundo
1089 4346 1283 4421 (Colat.
1315 4362 1389 4411 v1,
1431 4345 1555 4413 14);
1587 4343 1824 4415 possidet
1860 4356 1956 4395 nos
1982 4340 2136 4395 Chri-

546 4454 683 4509 stus,
716 4452 927 4498 mortuo
952 4441 1043 4495 illo
1079 4439 1168 4510 qui
1195 4451 1293 4492 nos
1319 4436 1628 4508 possidebat
1654 4452 1667 4487 :
1699 4449 1820 4489 cum
1851 4433 1899 4487 ei
1937 4448 2136 4487 remm-

549 4536 747 4592 tiamus
769 4534 1029 4589 morimur
1054 4531 1149 4594 illi,
1173 4539 1228 4584 et
1252 4532 1365 4600 ipse
1393 4527 1568 4582 nobis.

549 4625 785 4681 LXXVI.
834 4623 913 4678 De
956 4640 1014 4676 eo
1064 4622 1198 4691 quod
1245 4619 1506 4688 apostolus
1555 4615 1778 4670 Iacobus
1822 4615 1943 4668 dicit
1983 4629 2003 4668 :
2044 4614 2134 4668 Vis

619 4725 797 4771 autem
828 4715 983 4777 scire.
1013 4728 1049 4766 ο
1086 4712 1247 4766 homo
1279 4710 1470 4774 inanis,
1501 4709 1625 4777 quia
1669 4706 1801 4761 ﬁdes
1847 4707 1962 4760 sine
2001 4719 2133 4775 ope-

622 4806 966 4862 ribusrotiosa
994 4811 1077 4857 est
1106 4800 1308 4873 (Jacobi
1337 4815 1393 4864 ιι,
1424 4796 1557 4870 20)?

623 4899 677 4952 1.
717 4897 977 4963 Quoniam
1010 4894 1202 4947 Paulus
1227 4889 1502 4960 apostolus
1537 4886 1830 4958 prmdieans
1855 4884 2133 4955 justilicari

553 4989 825 5045 hominem
874 5002 969 5057 per
996 4984 1151 5039 lidem
1196 4983 1311 5037 sine
1348 4981 1619 5051 operibus,
1645 4995 1750 5032 non
1797 4979 1932 5032 bene
1976 4977 2135 5031 intel-

553 5085 725 5139 lectus
750 5089 833 5135 est
861 5079 929 5134 ab
961 5077 1041 5133 eis
1077 5076 1166 5147 qui
1196 5075 1274 5129 sic
1298 5080 1618 5142 acceperunt
1657 5071 1874 5134 dictum,
1899 5079 1957 5124 ut
1987 5078 2135 5139 puta-

554 5182 691 5236 rent,
735 5186 857 5243 cum
898 5169 1062 5226 semel
1111 5167 1165 5220 in
1190 5165 1460 5221 Christum
1508 5161 1888 5227 credidissent,
1927 5159 2135 5215 etiamsi

555 5264 694 5320 male
739 5269 1108 5332 operarcntur,
1151 5267 1200 5312 et
1248 5255 1542 5309 facinorose
1589 5250 1952 5321 ﬂagitioseque
1994 5250 2136 5303 vive-

552 5363 695 5423 rent,
723 5355 897 5408 salvos
916 5368 976 5407 se
1003 5366 1121 5407 esse
1144 5362 1300 5420 posse
1321 5361 1415 5417 per
1442 5343 1598 5399 lidem
1632 5360 1646 5397 :
1678 5343 1825 5398 locus
1854 5341 1955 5396 iste
1976 5340 2134 5410 hujus

617 5490 760 5573 quat.
887 5491 940 5535 et
960 5483 1127 5546 viginti
1149 5489 1279 5543 Mss,
1312 5477 1601 5545 possidetur.
1620 5504 1681 5514 —
1704 5477 1777 5527 sic
1810 5475 1957 5525 etiam
1979 5473 2127 5537 Lugd.

557 5557 804 5661 θῑίκὲιῗᾎι
966 5615 1091 5671 post,
1110 5603 1439 5671 Iiwreditatem
1463 5608 1613 5663 tuam,
1630 5600 1943 5671 repetebant,
1974 5605 2135 5671 rit-tare:

553 5660 751 5724 dilutem
772 5679 931 5722 autent
953 5660 1115 5729 {nam}
1138 5667 1265 5731 quod
1289 5668 1431 5731 abest
1451 5677 1480 5712 a
1503 5660 1884 5731 ttat.;_et‘alss.u—-
1909 5660 2055 5731 Lugd.
2086 5666 2138 5706 et

553 5745 672 5807 ven.
700 5737 881 5807 habent
925 5725 1168 5783 eamdem
1189 5730 1446 5779 lectionem
1470 5739 1526 5777 ac
1551 5725 1793 5774 editiones
1816 5728 1888 5769 Er.
1916 5726 1967 5770 et
1990 5726 2137 5769 Leva-

557 5804 812 5846 niensium.
854 5804 905 5843 Μ.

614 5860 685 5920 (ιι)
720 5867 732 5907 I
761 5864 961 5907 :tetraet.
987 5869 1074 5917 cap
1122 5854 1196 5913 19,
1222 5867 1271 5900 ιι.
1296 5852 1343 5899 8.

2221 506 2471 577 Epistula:
2494 506 2738 562 eumdem
2762 521 2978 561 sensum
3004 506 3148 561 Pauli
3176 508 3421 575 apostoli,
3441 512 3704 578 quomodo
3721 517 3782 572 sit

2224 598 2612 667 intelligendus,
2634 599 2851 667 exponit
2877 596 3082 670 (Jacobi
3112 615 3167 664 ιι,
3200 598 3409 672 17-24).
3437 600 3658 672 Ideoque
3682 622 3782 661 ma-
3864 602 3867 603 ⁷

2222 690 2302 758 gis
2343 689 2570 744 Abrahae
2596 689 2763 744 utitur
2798 691 3065 760 exemplo,
3098 707 3316 745 vacuam
3368 707 3485 748 esse
3534 694 3705 760 ﬁdem,
3742 698 3784 752 oi

2225 795 2329 834 non
2357 780 2491 835 bene
2515 780 2826 849 operetur’;
2855 782 3102 851 quoniam
3132 781 3311 836 Abrah
3330 798 3357 833 υ
3377 785 3619 851 exemplo
3639 786 3784 842 etiam

2225 872 2421 927 Paulus
2458 873 2728 943 apostolus
2756 888 2882 928 usus
2910 883 3012 939 est,
3039 884 3095 927 ut
3127 875 3374 944 probaret
3397 876 3666 944 justilicari
3702 878 3789 932 lio-

2225 969 2421 1021 miuem
2460 983 2556 1038 per
2584 967 2739 1021 lidem
2784 968 2899 1022 sine
2926 967 3176 1037 operibus
3220 967 3375 1037 chis
3419 967 3589 1038 (Rom.
3621 985 3687 1035 Iv,
3713 970 3781 1042 ἓ).

2225 1057 2355 1114 Cum
2396 1060 2537 1114 enim
2580 1060 2716 1114 bona
2759 1075 2918 1130 opera
2963 1070 3348 1115 commemorat
3392 1060 3638 1127 Abrahae,
3681 1077 3785 1131 qua:

2225 1150 2343 1221 ejus
2369 1149 2524 1205 lidem
2551 1151 2798 1205 comitata
2827 1158 2971 1213 sunt,
3004 1152 3133 1204 satis
3173 1151 3403 1205 ostendit
3429 1151 3643 1205 Paulum
3674 1168 3788 1221 apo-

2226 1242 2420 1298 stolum
2452 1259 2554 1298 non
2592 1242 2662 1298 ita
2696 1260 2789 1313 per
2812 1243 3077 1296 Abraham
3100 1242 3297 1298 docere
3319 1244 3591 1312 justilicari
3631 1244 3786 1298 homi-

2231 1351 2350 1390 nem
2390 1349 2486 1404 per
2513 1334 2668 1389 lidem
2708 1336 2823 1389 sine
2850 1335 3121 1404 Operibus,
3155 1346 3210 1387 ut
3251 1334 3296 1388 si
3335 1335 3451 1405 quis
3496 1336 3787 1400 crediderit,

2229 1443 2332 1481 non
2360 1426 2425 1481 ad
2455 1444 2574 1483 eum
2606 1428 2870 1498 pertineat
2911 1428 3046 1482 bene
3076 1428 3319 1496 operari;
3365 1428 3456 1482 sed
3483 1427 3552 1481 ad
3583 1427 3680 1482 hoc
3707 1444 3787 1499 po-

2229 1520 2354 1584 tius,
2382 1530 2440 1574 ut
2466 1536 2623 1575 nemo
2648 1521 2848 1575 meritis
2875 1520 3145 1590 priorum‘
3183 1536 3403 1590 cperum
3442 1521 3791 1577 arbitreturse

2227 1612 2535 1681 pervenisse
2561 1612 2626 1665 ad
2668 1611 2864 1665 donum
2890 1612 3302 1681 justilieationis,
3331 1627 3448 1680 qua:
3477 1621 3562 1667 est
3592 1612 3641 1664 in
3679 1611 3789 1666 lide.

2229 1700 2284 1756 lu
2332 1700 2436 1757 hoc
2478 1701 2617 1755 enim
2666 1716 2724 1756 se
2754 1700 3014 1757 Gentibus
3061 1702 3112 1756 in
3156 1700 3425 1756 Christum
3471 1700 3794 1757 credentibus

2227 1795 2396 1850 Juda-i
2436 1795 2688 1865 przel'erre
2717 1795 3023 1865 cupiebant,
3055 1794 3194 1864 quod
3220 1794 3467 1849 dicebant
3511 1810 3571 1849 se
3610 1794 3795 1848 meritis

2228 1887 2490 1942 bonorum
2537 1902 2756 1956 operum
2788 1880 2907 1957 quae
2938 1888 2989 1941 in
3021 1888 3157 1957 Lege
3186 1896 3330 1951 sunt,
3358 1885 3422 1940 ad
3451 1885 3795 1954 evangeliram

2228 1979 2456 2049 gratiam
2488 1978 2833 2049 pervenisse:
2865 1978 3089 2048 idquue
3114 1977 3612 2031 scandalizabantur
3638 1975 3793 2041 multi,
3864 2004 3867 2011 τ

2229 2069 2317 2140 qui
2360 2085 2427 2124 ex
2470 2070 2547 2124 eis
2573 2069 2929 2132 crediderant,
2957 2068 3097 2138 quod
3139 2067 3527 2123 iucircumcisis
3561 2066 3797 2122 Gentibus

2229 2160 2426 2215 Christi
2454 2161 2620 2231 gratia
2650 2159 2969 2215 traderetur.
2996 2158 3143 2215 Unde
3171 2158 3443 2228 apostolus
3467 2158 3663 2213 Paulus
3686 2157 3799 2210 dicit

2231 2267 2389 2322 posse
2443 2254 2712 2307 hominem
2754 2253 2870 2307 sine
2909 2251 3181 2322 Operibus,
3227 2250 3322 2305 sed
3362 2249 3796 2320 princedentibus,

2224 2344 2499 2415 justilicari
2528 2360 2623 2415 per
2653 2343 2830 2398 lidem.
2858 2342 2989 2397 Nam
3014 2343 3332 2411 justilicatus
3364 2357 3457 2410 per
3485 2341 3646 2395 lidem
3679 2355 3798 2410 quo-

2230 2436 2392 2492 modo
2447 2444 2621 2506 potest
2671 2435 2770 2489 nisi
2818 2424 2961 2504 juste
3002 2434 3252 2502 deinceps
3297 2432 3532 2502 operari,
3580 2433 3802 2502 quamvis

2230 2536 2387 2581 antea
2427 2526 2558 2580 nihil
2597 2532 2849 2595 operatus
2896 2524 3058 2593 juste,
3091 2523 3158 2577 ad
3213 2521 3333 2577 lidei
3368 2521 3801 2591 'justilicationem

2233 2616 2553 2687 pervenerit,
2579 2632 2685 2670 non
2716 2616 2908 2670 merito
2942 2615 3205 2669 bonorum
3242 2628 3483 2682 operum,
3525 2613 3617 2668 sed
3650 2615 3801 2685 gratia

2233 2706 2351 2773 Dei,
2397 2723 2516 2778 qua:
2559 2708 2609 2762 in
2654 2708 2744 2762 illo
2777 2708 2887 2777 jam
2928 2722 3092 2762 vacua
3121 2722 3241 2761 esse
3289 2723 3391 2759 non
3440 2707 3654 2775 potesta
3694 2722 3801 2761 cum

2226 2798 2336 2869 jam
2382 2815 2476 2869 per
2516 2799 2853 2853 dilectionem
2903 2798 3040 2854 bene
3086 2796 3373 2866 operatur?
3402 2796 3559 2865 Quod
3606 2797 3649 2853 si
3694 2812 3801 2851 cum

2231 2891 2537 2957 crediderit,
2579 2907 2702 2945 mox
2733 2891 2800 2945 de
2845 2891 2944 2946 hac
2984 2891 3089 2944 vita
3119 2889 3466 2951 decesserit‘.
3510 2889 3805 2960 justilicatio

2232 2982 2355 3037 lidei
2382 2992 2561 3037 manet
2586 2996 2706 3036 cum
2746 2982 2857 3047 illo,
2881 2995 2981 3035 nec
3007 2979 3428 3050 prun-edentibus
3461 2979 3619 3034 bonis
3643 2977 3804 3048 operi-

2233 3074 2353 3140 bus,
2382 3075 2503 3144 quia
2536 3090 2640 3129 non
2674 3074 2865 3129 merito
2892 3073 2957 3127 ad
2983 3075 3147 3136 illam,
3194 3073 3286 3128 sed
3326 3075 3495 3144 gratia
3543 3072 3801 3144 pervenit;

2234 3184 2333 3223 nec
2357 3168 2827 3237 consequentibus,
2857 3168 2978 3236 quia
3016 3167 3066 3221 in
3101 3167 3199 3220 hac
3238 3166 3341 3218 vita
3377 3181 3498 3221 esse
3540 3183 3641 3221 non
3679 3165 3801 3219 sini-

2236 3268 2341 3313 tur.
2372 3258 2524 3315 Unde
2550 3258 2887 3313 manil‘estum
2914 3267 3015 3321 est,
3045 3257 3185 3327 quod
3214 3257 3407 3311 Paulus
3436 3258 3707 3326 apostolus
3732 3256 3803 3312 di-

2234 3354 2326 3419 cit,
2351 3352 2670 3405 Arbitramur
2695 3352 2826 3404 enim
2852 3351 3099 3404 hominem
3127 3350 3396 3418 iustiﬁcari
3421 3367 3510 3418 per
3535 3349 3682 3418 ﬁdem
3709 3350 3805 3403 sine

2235 3444 2468 3515 aperibus
2511 3443 2623 3513 (Id.
2674 3459 2750 3509 ιιι,
2796 3443 2911 3512 28),
2941 3458 3045 3497 non
3070 3442 3138 3496 ita
3176 3442 3572 3509 intelligendum
3600 3457 3734 3508 esse,
3754 3449 3804 3493 ut

2236 3543 2451 3604 accepta
2486 3534 2611 3601 lide,
2636 3534 2680 3589 si
2704 3534 2918 3599 vixerit,
2949 3532 3189 3587 dicamus
3219 3549 3339 3586 eum
3358 3518 3583 3602 justum,
3611 3529 3805 3587 etiamsi

2226 3626 2374 3706 'male
2394 3626 2610 3682 vixerit.
2642 3625 2765 3680 Ideo
2790 3625 3036 3695 exemplo
3065 3623 3293 3679 Abrahae
3313 3633 3365 3679 et
3391 3623 3663 3692 apostolus
3682 3621 3806 3694 Pau-

2236 3720 2319 3775 lus
2340 3724 2523 3785 utitur,
2546 3719 2668 3788 quia
2706 3719 2820 3773 sine
2846 3717 3096 3789 operibus
3134 3716 3284 3786 legis,
3316 3730 3471 3783 quam
3513 3730 3617 3768 non
3662 3726 3806 3767 acce-

2238 3818 2406 3880 perat,
2436 3824 2531 3878 per
2571 3808 2726 3863 lidem
2776 3807 3096 3876 justilicatus
3136 3814 3251 3870 est;
3304 3814 3358 3857 et
3402 3803 3651 3865 Jacobus,
3696 3800 3805 3871 quia

2238 3903 2395 3959 lidem
2438 3903 2603 3971 ipsius
2628 3902 2856 3955 Abrahm
2883 3914 3042 3968 opera
3073 3899 3207 3951 bona
3249 3908 3531 3951 consecuta
3559 3912 3683 3952 esse
3719 3895 3806 3951 de-

2236 4002 2517 4059 monstrat,
2535 3992 2822 4048 osteudens
2848 3987 3290 4059 quemadmodum
3322 3986 3723 4058 intelligendum
3748 3985 3809 4041 sit

2237 4085 2377 4157 quod
2412 4084 2604 4137 Paulus
2631 4081 2902 4153 apostolus
2929 4078 3251 4150 pradieavit.
3738 4062 3743 4067 ”

2307 4177 2362 4231 2.
2386 4175 2518 4230 Nam
2540 4175 2627 4245 qui
2659 4181 2844 4243 putant
2868 4171 3025 4226 istam
3051 4170 3231 4226 Jacobi
3253 4169 3475 4239 apostoli
3504 4169 3807 4224 sententiam

2237 4270 2558 4327 contrariam
2586 4284 2708 4323 esse
2744 4266 2823 4322 illi
2848 4266 2993 4321 Pauli
3023 4263 3245 4336 apostoli
3275 4263 3573 4328 sententiae,
3604 4269 3811 4332 possunt

2238 4364 2481 4419 arbitrari
2521 4363 2682 4419 etiam
2712 4362 2883 4431 ipsum
2911 4360 3127 4413 Paulum
3173 4357 3273 4413 sibi
3321 4372 3438 4412 esse
3472 4357 3809 4419 contrarium,

2239 4457 2361 4528 quia
2392 4455 2520 4510 dicit
2547 4454 2652 4508 alio
2678 4452 2842 4507 loco:
2894 4449 3016 4503 Non
3058 4449 3191 4503 enim
3237 4440 3491 4501 auditores
3535 4447 3658 4516 legis
3692 4444 3812 4517 justi

2239 4554 2356 4600 sunt
2389 4544 2529 4615 apud
2564 4543 2747 4606 Deum,
2770 4541 2859 4595 sed
2882 4541 3097 4609 {actores
3126 4540 3249 4610 legis
3264 4539 3683 4608 justi/icabuntur
3707 4534 3810 4606 (Id.

2240 4653 2298 4702 ιι,
2328 4634 2437 4707 15).
2472 4635 2535 4688 Ει
2565 4634 2668 4687 alio
2706 4633 2868 4686 loco:
2911 4630 3017 4685 Sed
3062 4629 3186 4697 fides
3224 4644 3338 4699 qua:
3377 4646 3465 4697 per
3510 4628 3813 4682 dilectionem

2240 4734 2479 4795 operatur
2504 4722 2701 4793 (Galat.
2733 4739 2786 4788 v,
2814 4720 2891 4791 6).
2926 4721 2989 4774 Et
3017 4721 3206 4773 iterum
3237 4738 3248 4772 :
3285 4718 3346 4773 Si
3383 4718 3513 4771 enim
3553 4719 3812 4773 secundum

2241 4832 2445 4871 carnem
2490 4814 2711 4869 vixeritis
2736 4854 2750 4879 ,
2808 4812 3122 4875 moriemini;
3158 4812 3202 4863 si
3244 4820 3411 4864 autent
3460 4809 3641 4879 spiritu
3689 4811 3815 4879 facta

2242 4910 2411 4964 carnis
2459 4906 2910 4975 mortiﬁcaveritis,
2949 4906 3119 4960 viceris
3163 4903 3338 4978 (Rom.
3383 4919 3495 4967 vnl,
3542 4903 3656 4973 15).
3696 4900 3814 4967 Quae

2242 5002 2350 5056 sint
2377 5010 2553 5055 autem
2599 4998 2735 5053 facta
2781 4997 2979 5061 carnis,
3012 5013 3131 5066 qua:
3175 4995 3426 5067 operibus
3465 4993 3814 5063 spiritualibus

2243 5090 2609 5149 mortiﬁcanda
2631 5100 2774 5156 sunt,
2808 5090 2912 5145 alio
2939 5090 3055 5144 loco
3074 5088 3423 5153 demonstrat,
3450 5087 3634 5141 dicens
3659 5104 3671 5140 :
3705 5084 3813 5139 Ma-

2244 5186 2428 5257 nifesta
2456 5194 2621 5238 autent
2649 5191 2765 5237 sunt
2790 5198 2945 5251 opera
2963 5182 3153 5242 carnis,
3171 5194 3284 5248 qute
3306 5188 3421 5233 sunt
3449 5180 3813 5250 fornicationes,

2244 5276 2595 5340 immunditite,
2628 5274 2962 5342 impudicitia,
3006 5272 3254 5325 idolorum
3300 5272 3530 5333 servitus,
3566 5268 3812 5338 veneﬁcia,

2246 5367 2545 5433 inimiciticr,
2568 5365 2920 5427 contentiones,
2945 5362 3306 5425 mmulationes,
3332 5360 3694 5424 animositates,
3722 5358 3818 5411 dis-

2247 5462 2523 5527 sensiones,
2554 5460 2787 5524 haereses,
2815 5457 3036 5523 invidite,
3061 5456 3342 5521 ebrietates,
3372 5452 3814 5509 commessationes,

2313 5596 2327 5627 ¹
2357 5602 2453 5643 Duo
2475 5599 2581 5643 Mss.
2608 5604 2716 5640 eum
2737 5598 2857 5648 Bat.,
2883 5586 3038 5652 ﬁdem
3068 5587 3168 5637 sine
3191 5586 3430 5652 operibus,
3457 5581 3677 5649 quoniam
3693 5617 3708 5641 ,
3729 5589 3816 5631 etc.

2311 5659 2332 5690 ι
2356 5655 2472 5704 illiti
2496 5667 2605 5703 cum
2620 5653 2801 5713 aliquot
2824 5647 2926 5713 Mss,
2954 5650 3134 5713 addunt
3157 5647 3249 5707 hic,
3274 5647 3514 5699 bonoriun.

2313 5718 2334 5749 ³
2357 5702 2451 5765 sex
2496 5702 2604 5763 Mss.
2625 5748 2638 5772 ,
2662 5702 2745 5764 sed
2796 5712 2956 5776 gratia
3016 5710 3103 5763 Dei
3122 5746 3135 5772 ,
3170 5702 3279 5775 qua:
3324 5722 3493 5761 vacare
3535 5706 3585 5759 in
3616 5702 3701 5757 illo
3734 5714 3819 5753 non

2248 5785 2577 5889 poﬁpfill‘otidem
2598 5844 2688 5888 διεδ
2711 5871 2726 5897 ,
2750 5834 3037 5886 ιίὶςεοδςεισὶι.
