3942 6416
240 366 309 423 π
1270 366 1273 367 ν
1540 300 1546 309 ’
1610 344 1813 401 unum
1854 343 2051 402 unus.
3393 369 3465 428 9‘

234 494 321 533 eos
343 487 507 539 autem,
526 473 604 543 qui
628 470 749 525 estis
769 469 914 540 (Act.
937 482 1059 532 ιιι,
1094 465 1177 531 ﬂ,
1207 462 1298 536 15)
1314 463 1340 517 2
1368 462 1452 518 vel
1480 460 1548 516 ad
1590 460 1774 514 admo-

234 570 422 624 nendos
439 568 602 623 bonos.
634 569 694 616 ut
724 559 1014 628 proﬁciant
1039 558 1090 611 in
1130 555 1265 620 tide,
1317 556 1476 624 atque
1518 554 1616 607 ista
1664 566 1774 605 non

222 664 460 731 jactautcr
481 699 495 721 ,
539 655 629 709 sed
680 654 889 707 utiliter
946 649 1189 719 possint“:
1215 648 1303 702 vel
1330 646 1396 700 ad
1425 643 1775 700 discernenda

221 753 348 805 dona
392 747 739 802 membrorum
790 740 1078 806 Ecclesize;
1124 740 1257 793 sicut
1326 737 1612 806 Apostolus
1666 735 1771 801 ait,

213 839 455 905 Numquid
480 852 650 889 omnes
677 834 887 886 virtutes
906 833 932 886 ?
955 829 1201 901 numquid
1224 844 1395 881 omnes
1424 826 1605 880 habent
1640 825 1777 878 dona

204 931 499 983 curationum
529 925 571 999 (1
592 925 714 980 Cor.
744 940 845 989 xu,
870 922 961 994 50)
979 923 1004 975 ?
1032 921 1257 988 Propter
1276 919 1373 972 has
1394 918 1552 988 igitur
1586 929 1775 970 causas

205 1023 516 1089 plerumque,
562 1026 625 1070 ut
663 1016 869 1069 dictum
918 1019 1023 1077 est,
1066 1008 1428 1065 nescientibus
1468 1006 1775 1061 hominibus

204 1111 406 1179 jnhetur
422 1107 692 1171 divinitus,
725 1104 779 1158 id
806 1111 912 1167 est,
932 1109 993 1156 ut
1019 1102 1100 1155 his
1125 1099 1290 1169 signis
1318 1097 1570 1152 adhibitis
1590 1095 1775 1165 hujus-

206 1199 340 1253 modi
370 1204 657 1269 potestates
688 1194 951 1248 voluntati
974 1191 1246 1246 hominum
1265 1204 1368 1243 non
1381 1188 1769 1256 obtemperent.

265 1294 315 1345 5.
350 1291 414 1345 Ut
434 1302 606 1344 autem
636 1290 765 1343 ntali
794 1288 949 1342 bonis
974 1301 1116 1356 saepe
1144 1284 1502 1353 temporaliter
1524 1290 1769 1348 noceant,

199 1390 502 1454 potestatem
542 1381 593 1434 in
632 1394 728 1433 eos
756 1378 1058 1446 accipiunt,
1102 1376 1168 1430 ad
1212 1375 1467 1445 majorem
1509 1375 1771 1429 bonorum

201 1471 525 1533 utilitatem‘,
555 1480 775 1537 propter
807 1466 1244 1522 exercitationem
1276 1465 1561 1534 patientiae.
1594 1463 1774 1534 Itaque

201 1564 369 1614 anima
398 1561 679 1615 christiana
722 1574 940 1627 semper
984 1557 1216 1627 invigilet
1256 1557 1313 1611 in
1350 1555 1773 1611 tribulationibus

200 1652 307 1705 suis
327 1652 472 1720 sequi
502 1652 828 1705 voluntatem
860 1649 1067 1703 Domini
1095 1649 1204 1712 sui,
1232 1662 1300 1702 ne
1329 1646 1648 1702 ordinationi
1678 1648 1771 1701 Dei

198 1743 494 1797 resistendo
516 1743 754 1813 acquirat
781 1741 884 1795 sibi
912 1742 1125 1811 gravius
1149 1740 1426 1809 judicium.
1455 1739 1604 1807 Quod
1631 1740 1772 1792 enim

200 1835 314 1904 ipse
339 1836 587 1889 Dominus
603 1850 765 1905 agens
789 1834 1058 1888 hominem
1084 1834 1270 1887 Pontio
1299 1832 1465 1887 Pilato
1489 1832 1641 1897 dixit,
1673 1831 1775 1885 hoc

198 1936 251 1980 et
278 1928 380 1981 Job
400 1928 607 1981 diabolo
633 1936 809 1996 posset
834 1926 1012 1980 dicere
1046 1945 1058 1979 :
1096 1924 1218 1978 Non
1249 1924 1451 1979 haberes
1484 1926 1541 1978 in
1566 1940 1645 1979 me
1677 1941 1774 1993 po-

205 2028 431 2071 testatem
450 2061 465 2081 ,
500 2020 597 2071 nisi
632 2020 749 2070 data
773 2026 893 2070 esset
918 2016 1008 2069 tibi
1036 2016 1249 2086 desuper
1272 2014 1461 2087 (Joan.
1500 2031 1610 2077 nx,
1640 2015 1699 2069 ll

210 2110 332 2165 Non
358 2126 483 2180 ergo
508 2110 622 2177 ejus
645 2109 875 2162 voluntas
896 2110 1048 2175 cujus
1086 2108 1299 2161 malitia:
1330 2115 1562 2176 potestas
1591 2107 1644 2159 in
1678 2106 1775 2159 bo-

214 2218 315 2255 nos
345 2202 524 2265 datur,
570 2200 662 2253 sed
697 2200 808 2268 ejus
829 2200 1074 2253 voluntas
1098 2215 1124 2250 a
1154 2214 1257 2267 quo
1280 2197 1395 2251 hmc
1421 2205 1652 2266 potestas
1677 2196 1772 2248 da-

206 2301 313 2351 tur.
340 2292 491 2345 debet
518 2291 667 2345 nobis
701 2304 818 2343 esse
853 2289 1188 2343 charissima.
1229 2288 1482 2355 Quoniam
1521 2285 1772 2339 tribulatio

201 2384 492 2451 patientiam
526 2389 791 2451 aperatur,
848 2380 1091 2448 patientia
1140 2378 1502 2446 probationem,
1547 2374 1773 2444 probatio

199 2489 310 2526 tero
342 2488 510 2540 span,
556 2486 668 2539 spes
709 2480 878 2522 autem
912 2485 1015 2521 non
1049 2466 1353 2543 confundit;
1396 2466 1514 2535 quia
1556 2465 1774 2516 Charitas

204 2562 291 2614 Dei
312 2561 495 2626 diﬂ'nsa
514 2571 587 2613 es:
616 2561 669 2612 in
688 2559 925 2613 cordibus
944 2559 1130 2610 nostris
1159 2574 1248 2627 per
1267 2555 1518 2626 Spiritum
1546 2564 1773 2609 sanctum

202 2658 281 2726 qui
310 2656 452 2709 datus
479 2664 551 2707 est
575 2652 718 2706 nobis
750 2651 939 2721 (Rom.
962 2666 1013 2709 γ,
1047 2650 1197 2720 5-5).
1452 2710 1461 2721 κ

501 2743 718 2798 LXXX.
761 2734 1012 2795 Aduersus
1050 2739 1456 2812 Apolb‘naristas.

274 2838 319 2891 ί.
343 2837 466 2890 Cum
488 2836 707 2904 quidam
742 2834 995 2896 bzeretici,
1012 2835 1099 2902 qui
1126 2831 1506 2900 Apollinaristze
1528 2845 1590 2884 ex
1615 2829 1778 2898 Apol-

210 2930 351 2983 linari
371 2928 592 2999 quodam
614 2934 836 2980 auctore
859 2940 957 2980 suo
989 2925 1114 2979 dicti
1142 2939 1259 2978 esse
1284 2923 1655 2992 perhibentur,
1686 2935 1774 2973 as-

218 3030 429 3072 sererem
447 3018 732 3072 Dominum
755 3021 994 3070 nostrum
1016 3014 1194 3069 Iesum
1221 3014 1509 3076 Christum,
1531 3013 1585 3065 in
1610 3027 1778 3081 quan-

219 3120 318 3162 tum
344 3112 488 3164 homo
512 3110 630 3163 ﬁeri
662 3108 909 3178 dignatus
933 3115 1017 3160 est
1040 3146 1057 3170 ,
1085 3121 1186 3158 nan
1216 3105 1461 3159 habuisse
1492 3105 1773 3157 humanam

215 3213 449 3264 mentem,
469 3201 796 3253 inhterentes
822 3198 899 3252 eis
923 3197 1191 3260 nonnulli,
1216 3206 1269 3249 et
1296 3210 1387 3249 eos
1416 3193 1650 3248 studiose
1676 3209 1774 3247 au-

211 3292 437 3357 dientes,
462 3290 710 3347 delectati
737 3302 861 3346 sunt
904 3291 1115 3359 quidem
1145 3304 1205 3343 ea
1247 3288 1587 3357 perversitate
1612 3329 1627 3353 ,
1674 3301 1774 3356 qua

216 3385 297 3437 ille
323 3385 578 3438 hominem
617 3388 673 3438 in
699 3378 811 3437 Deo
847 3381 1147 3441 minuebat,
1180 3380 1363 3433 dicens
1391 3395 1509 3432 eum
1548 3394 1653 3431 non
1685 3377 1778 3429 ha-

216 3476 387 3529 buisse
424 3482 648 3529 mentem
674 3516 689 3539 ,
742 3472 847 3528 hoc
901 3480 986 3527 est
1020 3470 1327 3524 rationalem
1370 3470 1630 3533 animum,
1674 3484 1776 3538 qua

217 3562 374 3617 homo
391 3581 418 3616 a
448 3565 716 3632 pecoribus
734 3562 1024 3618 secundum
1049 3562 1282 3615 animum
1305 3560 1499 3614 diﬂ'ert.
1532 3558 1635 3614 Sed
1655 3573 1776 3612 cum

222 3669 397 3708 secum
419 3655 509 3722 ipsi
528 3656 852 3723 cogitarent,
881 3652 1153 3706 fatendum
1184 3666 1337 3715 esse,
1360 3651 1404 3705 si
1443 3652 1513 3703 ita
1557 3660 1639 3703 est
1662 3691 1677 3717 ,
1723 3659 1780 3703 ut

228 3744 510 3811 unigenitus
529 3744 621 3798 Dei
644 3742 830 3809 Filius,
852 3742 1119 3811 Sapientia
1145 3748 1200 3795 et
1217 3739 1448 3795 Verbum
1468 3739 1662 3805 Patris,
1684 3755 1780 3806 per

226 3832 368 3899 quod
392 3831 513 3886 facta
536 3841 659 3887 sunt
692 3833 868 3887 omnia
887 3873 902 3897 ,
934 3831 1159 3885 bellnam
1186 3830 1464 3900 quamdam
1494 3844 1619 3883 cum
1645 3830 1779 3899 ligu-

230 3936 284 3973 ra
351 3922 547 3977 humani
603 3924 840 3994 corporis
898 3924 1198 3992 suscepisse
1254 3921 1527 3986 credatur;
1591 3920 1777 3990 displi-
1822 3922 1823 3925 “

232 4022 441 4103 exierunt
457 4015 553 4068 sibi
572 4056 588 4078 ,
610 4030 715 4069 non
735 4024 910 4069 tamen
929 4015 996 4069 ad
1022 4014 1404 4068 correctionem
1425 4055 1438 4077 ,
1469 4024 1524 4067 ut
1543 4013 1781 4067 redirent

237 4101 298 4155 ad
314 4101 527 4160 veritatis
551 4107 712 4172 viam,
737 4115 1012 4176 totumque
1036 4105 1306 4160 hominem
1332 4121 1360 4158 a
1388 4104 1657 4173 Sapientia
1688 4104 1780 4159 Dei

242 4203 510 4262 susceptum
533 4211 651 4251 esse
677 4196 1076 4261 conﬁterentur,
1124 4196 1267 4249 nulla
1307 4195 1656 4249 diminutione
1684 4208 1782 4247 na-

244 4290 389 4337 tura:
412 4288 494 4342 sed
517 4287 772 4356 ampliore
801 4290 878 4342 usi
905 4287 1148 4354 audacia,
1175 4288 1340 4356 ipsam
1368 4285 1525 4341 etiam
1552 4286 1780 4339 animam

246 4380 480 4445 "namque
508 4380 635 4433 utile
659 4378 893 4433 hominis
922 4378 1212 4431 alienantes
1232 4378 1299 4430 ab
1318 4377 1437 4443 eo’,
1465 4376 1630 4429 solam
1661 4390 1781 4429 car-

233 4477 344 4517 nem
375 4464 644 4523 humanam
674 4483 803 4523 eum
833 4466 1439 4535 suscepissedixcrunt,
1473 4464 1783 4518 adhibentes

221 4555 363 4611 etiam
387 4561 745 4615 testimonium
770 4560 851 4613 ex
878 4556 1204 4627 Evangelio;
1244 4557 1357 4609 imo
1390 4556 1530 4610 illam
1570 4562 1785 4608 senten-
1830 4550 1831 4553 “

209 4648 322 4704 tiam
344 4666 447 4707 non
469 4650 832 4722 intelligendo
856 4691 871 4716 ,
896 4648 1136 4718 perversi
1163 4646 1448 4716 conﬂigere
1467 4644 1662 4699 audent
1686 4643 1783 4698 ad-

192 4762 362 4804 versus
381 4746 713 4802 catholicam
742 4740 1035 4795 veritatem
1055 4779 1070 4800 ,
1097 4737 1335 4793 dicentes
1358 4737 1611 4805 scriptum
1640 4750 1791 4798 esse,

195 4839 400 4893 Verbum
417 4855 539 4894 eam
569 4838 783 4906 factum
804 4840 915 4895 est,
939 4838 991 4882 et
1018 4827 1252 4882 habitavit
1276 4832 1329 4880 in
1356 4828 1497 4880 nobis
1527 4826 1715 4895 (Joan.
1740 4840 1781 4889 ι,

192 4932 307 5001 Η).
342 4931 456 4987 Sub
496 4930 586 4982 his
631 4924 792 4981 enim
829 4920 1011 4975 verbis
1046 4919 1115 4972 ita
1154 4918 1385 4973 Verbum
1420 4917 1604 4970 volunt
1638 4912 1821 4971 carni'

92 5029 115 5065 τ
199 5035 307 5075 esse
344 5021 655 5087 copulatum
686 5022 856 5082 atque
893 5017 1203 5064 concretum
1228 5047 1245 5073 ,
1292 5016 1351 5060 ut
1394 5007 1537 5060 nulla
1577 5006 1648 5059 ibi
1678 5021 1785 5061 non

212 5110 364 5163 solum
386 5106 678 5171 mens,sed
711 5118 816 5157 nec
836 5102 1014 5156 anima
1046 5099 1272 5152 humana
1302 5098 1609 5152 intersistat.

282 5200 332 5252 2.
354 5200 552 5263 Quibus
582 5197 764 5267 primo
792 5191 1226 5260 respondendum
1268 5199 1349 5244 est
1372 5232 1386 5254 ,
1428 5190 1547 5244 ideo
1568 5190 1644 5244 sic
1670 5205 1788 5245 csse

237 5288 343 5343 illud
361 5292 410 5344 in
437 5288 731 5357 Evangelio
758 5286 993 5356 positum
1017 5325 1033 5347 ,
1062 5284 1184 5353 quia
1215 5298 1380 5351 usque
1422 5282 1488 5335 ad
1525 5281 1786 5335 visibilem

294 5399 441 5457 ‘Editi,
465 5402 743 5460 potestatem
764 5394 817 5445 in
841 5405 921 5445 eos
942 5391 1243 5460 accipientes,
1269 5390 1595 5460 adnmajorem
1622 5387 1677 5455 ﬁt
1714 5391 1793 5460 bo-

705 5466 759 5527 Αι
782 5464 896 5527 uss.
912 5450 1084 5504 went
1115 5450 1283 5514 verbo,
1322 5450 1412 5518 ﬁt;
1436 5450 1490 5502 et
1519 5450 1642 5514 loco,
1665 5455 1794 5504 acci-

242 5521 407 5581 ji’ntes,
428 5521 627 5578 habent,
650 5521 914 5579 accim'unt.

294 5584 310 5612 ⁸
325 5581 685 5650 pleriqucnuss,
697 5582 786 5650 sed
817 5574 1052 5650 ampliore
1064 5575 1157 5640 ipsi
1168 5577 1381 5650 audacia
1412 5576 1553 5650 etiam
1574 5576 1793 5650 animum

239 5640 806 5709 ισιτριηυςζιιιϋε,ζιᾳιιέιιῇδ
838 5640 1100 5709 alienatae:
1129 5640 1189 5709 ob
1211 5654 1281 5689 eo.
1321 5642 1613 5689 Fossatensis
1636 5640 1761 5709 liber
1779 5676 1792 5696 ,

237 5707 309 5752 sed
327 5702 541 5765 ampliore
552 5702 644 5754 sibi
662 5702 1049 5765 tmdaciaetiam
1064 5702 1267 5751 intimam
1282 5709 1442 5755 totum.
1461 5714 1603 5756 (mam
1627 5702 1794 5751 Italum

236 5766 307 5816 alii
325 5762 529 5828 habites,
551 5765 824 5816 alicame
846 5762 908 5810 ab
934 5774 1003 5809 co.

1883 477 2097 518 carnem
2120 466 2414 537 assumptio
2435 468 2521 523 illa
2540 469 2785 528 humana:
2804 482 3007 530 naturae
3027 492 3057 531 a
3081 477 3313 537 Domino
3329 480 3467 540 faeta

1885 564 1965 609 est
1984 597 1999 619 ,
2031 565 2190 625 atque
2216 558 2266 611 in
2295 568 2400 613 tota
2435 560 2519 614 illa
2551 564 2752 620 unitate
2777 569 3127 637 susceptionis
3155 568 3464 645 principali-

1886 654 1967 699 ter
2010 646 2235 701 Verbum
2265 658 2377 713 est,
2407 661 2644 707 extrema
2684 663 2857 711 autem
2895 668 3051 729 atque
3094 663 3274 717 ultima
3314 680 3463 721 caro.

1884 736 2081 791 Volens
2108 739 2285 808 itaque
2314 741 2641 811 Evangelism
2669 748 3041 803 commendare
3067 767 3163 820 pro
3190 755 3339 808 nobis
3362 755 3463 810 de-

1878 828 2165 898 jectionem
2187 832 2203 861 ί
2226 831 2536 915 humilitatis
2566 835 2693 900 Dei,
2720 837 2809 906 qui
2839 853 2957 893 sese
2998 839 3383 910 hntniliaverit,
3409 858 3465 902 et

1883 934 2158 988 quousque
2187 919 2547 977 humiliaverit
2570 928 2905 994 exprimens,
2945 930 3174 985 Verbum
3215 950 3464 991 carnem-

1880 1026 1984 1079 que
2013 1012 2334 1079 nominavit,
2366 1017 2772 1081 prmtermittens
2809 1019 2999 1073 animm
3056 1030 3315 1089 naturam,
3344 1042 3463 1095 qua:

1881 1104 2057 1159 Verbo
2109 1103 2327 1159 inferior
2358 1116 2475 1174 est,
2518 1122 2677 1163 carne
2721 1126 2848 1165 vero
2896 1113 3248 1181 prmswtitior.
3299 1115 3464 1188 Magis

1880 1196 2021 1250 enim
2049 1196 2385 1251 commendat
2411 1196 2757 1253 humilitatem
2778 1242 2791 1263 ,
2818 1202 2935 1270 quia
2963 1202 3161 1257 dictum
3188 1213 3293 1270 est,
3333 1204 3461 1261 Ver-

1878 1285 1995 1338 bum
2012 1301 2128 1339 caro
2150 1290 2337 1357 factum
2363 1298 2465 1352 est;
2489 1304 2645 1358 quam
2668 1290 2710 1343 si
2727 1290 3009 1358 diceretur,
3038 1293 3269 1347 Verbum
3302 1295 3462 1352 homo

1880 1377 2072 1432 factum
2099 1390 2200 1433 est.
2228 1379 2360 1434 Nam
2387 1381 2430 1434 si
2453 1382 2647 1436 nimis’
2673 1382 2787 1437 hazc
2816 1385 3084 1439 intuentur
3115 1387 3270 1442 verba
3296 1428 3312 1453 ,
3362 1404 3463 1458 po-
3506 1364 3507 1367 Ἴ

1879 1479 1983 1523 test
2012 1470 2146 1524 alius
2168 1486 2270 1524 non
2302 1473 2475 1526 minus
2503 1488 2780 1541 perversus
2807 1490 2869 1529 ex
2900 1475 3014 1530 istis
3053 1477 3228 1530 verbis
3268 1478 3336 1531 ita
3365 1494 3461 1533 ca—

1878 1564 2120 1617 lumniari
2152 1563 2271 1619 fidei
2303 1573 2533 1631 nostrm,
2564 1575 2620 1619 ut
2661 1567 2803 1620 dicat
2848 1568 3019 1636 ipsum
3063 1568 3293 1623 Verbum
3329 1584 3460 1624 con-

1877 1670 2087 1709 versum
2117 1664 2172 1709 ct
2202 1665 2581 1709 commutatum
2624 1672 2742 1710 esse
2769 1659 2819 1711 in
2849 1673 3061 1712 carnem
3087 1701 3102 1725 ,
3144 1670 3197 1713 et
3228 1659 3460 1714 Verbum

1877 1762 1995 1802 esse
2022 1747 2320 1811 destitisse;
2367 1749 2486 1818 quia
2532 1749 2784 1817 scriptum
2815 1760 2896 1803 est
2917 1791 2932 1814 ,
2986 1749 3200 1803 Verbum
3228 1764 3351 1807 care
3374 1751 3459 1821 [a-

1877 1850 2009 1892 ctum
2037 1849 2110 1891 est
2139 1856 2158 1892 :
2195 1841 2329 1894 sicut
2361 1855 2486 1894 caro
2516 1841 2740 1894 humana
2762 1883 2778 1907 ,
2806 1855 2926 1895 cum
2963 1840 3021 1895 (lt
3045 1843 3178 1895 cinis
3198 1883 3213 1907 ,
3242 1857 3346 1897 non
3376 1836 3462 1899 est
3510 1842 3513 1845 ’

1877 1948 2000 1987 caro
2020 1944 2073 1987 et
2090 1934 2244 1998 cinis,
2265 1934 2356 1987 sed
2378 1950 2443 1987 ex
2467 1950 2626 1989 earne
2642 1935 2792 1989 cinis.
2817 1934 2883 1988 Et
2898 1934 3188 1990 secundum
3210 1935 3459 2003 loquendi

1876 2022 2093 2077 modum
2134 2024 2676 2093 consuetmlinemquc
2714 2024 3057 2078 celebriorem
3078 2066 3092 2087 ,
3123 2024 3374 2094 quidquid
3401 2024 3462 2079 ﬁt

1877 2114 2016 2182 quod
2048 2128 2150 2166 non
2180 2122 2322 2176 erat,
2349 2113 2543 2166 desinit
2569 2129 2689 2169 esse
2713 2114 2851 2183 quod
2877 2124 3010 2169 erat.
3043 2115 3152 2169 Nec
3181 2124 3357 2169 tamen
3386 2115 3460 2169 ita

1863 2208 1994 2289 ‘habc
2028 2208 2187 2258 verba
2220 2205 2585 2271 intelligimus;
2624 2204 2716 2259 sed
2748 2206 2905 2259 etiam
2938 2206 3036 2275 ipsi
3073 2205 3345 2283 nobiscum
3385 2206 3460 2260 ita

1879 2296 2177 2364 intelligunt
2201 2337 2215 2361 ,
2250 2305 2306 2347 ut
2342 2304 2589 2349 manente
2628 2294 2801 2347 Verbo
2828 2295 2968 2362 quod
2995 2304 3106 2358 est,
3134 2310 3197 2348 ex
3225 2310 3292 2350 eo
3318 2295 3460 2364 quod

1878 2386 2078 2455 accepit
2121 2386 2342 2439 formam
2374 2384 2515 2437 servi
2543 2425 2556 2447 ,
2601 2400 2705 2437 non
2736 2400 2800 2437 ex
2843 2399 2907 2438 eo
2933 2384 3072 2452 quod
3101 2383 3151 2437 in
3183 2383 3323 2437 illam
3354 2383 3463 2437 for-

1879 2493 2017 2531 mam
2047 2477 2219 2546 aliqua
2250 2476 2541 2528 mutatione
2583 2488 2898 2528 conversum
2945 2481 3028 2527 est
3056 2514 3071 2536 ,
3113 2473 3310 2527 dictum
3352 2472 3460 2537 sit,

1889 2566 2100 2620 Verbum
2147 2582 2264 2619 caro
2303 2568 2491 2635 factum
2531 2574 2623 2618 est.
2667 2562 2864 2618 Deinde
2908 2564 2949 2616 si
2990 2563 3307 2631 ubicumque
3333 2578 3460 2617 caro

1878 2658 2035 2712 fuerit
2051 2658 2315 2710 nominata
2343 2666 2395 2709 et
2409 2657 2581 2710 anima
2602 2657 2777 2721 tacita,
2791 2656 2867 2709 sic
2883 2650 3278 2723 intelligendum
3297 2664 3377 2709 est
3400 2664 3463 2710 ut

1877 2750 2050 2803 anima
2073 2749 2143 2802 ibi
2161 2764 2264 2802 non
2288 2763 2406 2802 esse
2420 2748 2687 2813 credatur,
2710 2762 2806 2801 nec
2824 2744 2899 2800 illi
2920 2745 3190 2801 habebunt
3207 2747 3461 2814 animam,

1878 2840 1945 2895 de
1968 2841 2157 2910 quibus
2186 2840 2382 2893 dictum
2411 2846 2492 2892 est
2516 2880 2532 2905 ,
2576 2838 2639 2891 Et
2677 2837 2857 2891 videbit
2890 2838 3050 2889 omnis
3088 2853 3207 2890 caro
3240 2837 3467 2890 salutare

1880 2931 1976 2984 Dei
2012 2929 2179 3002 (lsai.
2209 2945 2295 2993 XL,
2320 2930 2384 2992 5;
2412 2927 2537 2980 Luc.
2583 2944 2661 2992 ιιι,
2693 2927 2798 2994 6);
2844 2937 2896 2981 et
2948 2927 3072 2981 illud
3117 2927 3169 2980 in
3219 2927 3465 2993 Psalmo,

1880 3022 2086 3075 Exaudi
2128 3038 2297 3089 preces
2335 3036 2508 3085 meas;
2548 3018 2615 3072 ad
2664 3029 2709 3071 te
2746 3019 2906 3071 omnis
2935 3035 3051 3070 caro
3093 3019 3250 3071 veniet
3278 3016 3464 3089 (Psal.

1881 3129 2020 3176 LXIV,
2056 3114 2154 3180 5);
2180 3122 2233 3165 et
2260 3112 2384 3164 illud
2425 3112 2476 3164 in
2518 3110 2836 3179 Evangelia.
2882 3109 3026 3164 Sicut
3066 3110 3247 3163 dedisti
3283 3112 3327 3164 ei
3370 3127 3465 3180 po-

1880 3212 2105 3256 testatem
2149 3202 2309 3253 onmis
2343 3203 2542 3267 carnis,
2583 3208 2639 3253 ut
2674 3217 2821 3253 omne
2858 3200 2994 3270 quod
3026 3200 3206 3253 dedisti
3239 3200 3321 3263 ei,
3364 3217 3467 3253 non

1881 3300 2071 3361 pereat,
2096 3290 2184 3344 sed
2203 3289 2381 3343 habeat
2406 3290 2558 3342 vitam
2582 3298 2819 3343 wternam
2850 3289 2868 3359 ί
2887 3288 3042 3342 Joan.
3073 3305 3199 3352 xvn,
3231 3288 3267 3341 2
3286 3296 3324 3356 ).
3352 3288 3468 3343 Un-

1880 3384 1947 3437 de
1966 3381 2308 3450 intelligitur,
2340 3382 2515 3435 solere
2544 3380 2785 3434 homines
2809 3396 2903 3450 per
2933 3381 3346 3435 nominationem
3375 3395 3467 3434 so-

1881 3477 1981 3531 lius
2006 3475 2181 3530 carnis
2228 3471 2535 3542 signiﬁcari,
2577 3482 2635 3526 ut
2662 3473 2948 3526 secundum
2983 3474 3119 3527 hanc
3144 3472 3466 3527 locutionem

1880 3566 2038 3618 etiam
2071 3562 2196 3617 illud
2220 3563 2385 3631 possit
2413 3560 2668 3628 intelligi;
2700 3569 2755 3614 ut
2782 3560 2922 3631 quod
2948 3560 3145 3631 dictum
3186 3570 3300 3627 est,
3344 3559 3468 3615 Ver-

1882 3655 1997 3708 bum
2025 3669 2142 3705 caro
2167 3656 2357 3722 factum
2380 3661 2482 3713 est,
2516 3651 2647 3704 nihil
2681 3651 2750 3703 sit
2788 3650 2986 3704 dictum
3007 3690 3021 3711 ,
3064 3650 3202 3716 nisi,
3226 3648 3468 3705 Verbum

1882 3743 2043 3797 homo
2070 3743 2260 3796 factum
2282 3750 2383 3795 est.
2409 3741 2558 3795 Sicut
2576 3740 2715 3794 enim
2738 3755 2767 3793 a
2788 3750 2934 3808 parte
2961 3751 3130 3794 totum
3156 3742 3469 3812 plerumque

1882 3835 2147 3889 nominata
2168 3833 2278 3887 sola
2308 3832 2482 3886 anima
2504 3831 2664 3885 homo
2692 3831 3019 3900 intelligitur,
3052 3832 3188 3887 sicut
3212 3841 3295 3888 est
3316 3832 3468 3900 illud,

1886 3924 1981 3977 Tot
2008 3925 2190 3976 anima:
2216 3921 2581 3975 descenderunt
2611 3922 2664 3974 in
2689 3919 2976 3992 ﬁgyptum
3001 3920 3167 3995 (Gen.
3199 3939 3345 3990 XLVI,
3374 3923 3465 3991 22,

1882 4014 1988 4079 27)
2015 4032 2029 4068 :
2056 4015 2134 4069 sic
2165 4027 2351 4068 rursus
2375 4028 2402 4063 a
2435 4021 2584 4080 parte
2611 4021 2775 4066 totum
2796 4054 2810 4077 ,
2852 4012 3010 4066 etiam
3056 4014 3327 4069 nominata
3357 4015 3471 4070 sola

1884 4120 2044 4160 carne
2066 4106 2226 4159 homo
2253 4104 2560 4171 intelligitur
2577 4144 2591 4167 ,
2614 4103 2749 4156 sicut
2768 4112 2890 4157 sunt
2912 4103 3010 4157 ista
3035 4122 3152 4173 qua:
3175 4106 3470 4176 posuimus.

1957 4200 2007 4253 5.
2058 4196 2318 4259 Proinde,
2384 4194 2826 4266 quemadmodum
2880 4211 2978 4250 nos
3025 4195 3148 4252 huic
3188 4196 3473 4266 objectioni

1886 4308 2094 4353 eorum,
2115 4306 2271 4360 quam
2299 4305 2363 4344 ex
2395 4288 2683 4358 Evangelio
2720 4298 3019 4357 pr0ponunt
3038 4330 3052 4352 ,
3083 4290 3151 4344 ita
3178 4289 3475 4358 responde-

1886 4396 2024 4443 mus,
2049 4388 2107 4433 ut
2132 4379 2302 4432 nullus
2327 4378 2595 4430 hominum
2619 4378 2686 4430 ita
2719 4377 2942 4445 desipiat
2961 4418 2974 4440 ,
3004 4388 3061 4430 ut
3088 4388 3232 4446 putet
3254 4392 3352 4431 nos
3380 4393 3477 4445 pr-r

1888 4473 2001 4527 lucc
2028 4471 2184 4523 verba
2214 4469 2330 4538 cogi
2370 4468 2434 4522 ad
2477 4467 2797 4521 credendum
2822 4475 2881 4520 ‘et
2907 4467 3262 4520 conlitendum
3282 4507 3300 4529 ,
3333 4468 3474 4533 quod

1888 4563 2143 4618 Medialor
2164 4563 2254 4615 Dei
2281 4568 2332 4615 et
2351 4559 2620 4613 hominum
2646 4558 2804 4611 homo
2820 4555 3062 4612 Christus
3082 4558 3237 4613 Iesus
3261 4558 3279 4627 (
3292 4556 3311 4610 l
3336 4556 3473 4610 Tim.

1888 4670 1947 4719 tt,
1978 4655 2047 4721 5)
2078 4650 2307 4705 animam
2337 4651 2620 4704 humanam
2647 4664 2752 4703 non
2782 4648 2996 4713 habuit;
3025 4649 3102 4702 sic
3130 4664 3310 4718 quzuro
3338 4664 3475 4717 quo-

1889 4746 2048 4800 modo
2075 4746 2170 4815 ipsi
2210 4743 2565 4811 respondeant
2606 4751 2709 4794 tam
2756 4739 3049 4795 manifestis
3090 4739 3478 4809 objectionibus

1890 4837 2120 4899 nostris,
2160 4834 2350 4905 quibus
2375 4832 2704 4887 ostendimus
2742 4845 2840 4901 per
2875 4830 3287 4884 innumerabiles
3328 4830 3477 4885 locos

1888 4926 2206 4997 evangelica:
2249 4923 2536 4991 Scriptura:
2578 4930 2847 4975 narratum
2874 4919 2941 4974 de
2987 4919 3077 4973 illo
3104 4918 3172 4972 ab
3196 4919 3477 4987 Evangeli-

1890 5020 2006 5082 stis,
2039 5017 2178 5087 quod
2202 5018 2253 5070 in
2284 5014 2365 5070 his
2390 5013 2758 5068 all'ectionibus
2785 5011 2973 5075 fuerit,
3005 5025 3122 5079 qua:
3147 5011 3261 5063 sine
3301 5011 3474 5065 anima

1840 5118 1843 5119 ⁷
1892 5130 2009 5169 esse
2029 5129 2131 5166 non
2153 5120 2390 5182 possunt.
2408 5112 2518 5166 Non
2536 5110 2677 5166 enim
2695 5126 2754 5163 ea
2778 5110 3009 5180 profero,
3028 5125 3146 5178 qnzc
3163 5110 3272 5177 ipse
3292 5107 3480 5161 Domi—

1895 5220 1991 5258 nus
2013 5213 2117 5256 tam
2147 5203 2309 5255 multa
2335 5209 2714 5256 commemorat
2753 5196 2780 5253 ε’
2809 5198 2991 5253 Tristis
3036 5209 3108 5252 est
3154 5201 3325 5251 anima
3368 5212 3481 5249 mea

1894 5312 2049 5366 usque
2073 5294 2140 5346 ad
2168 5302 2375 5346 mortem
2407 5291 2617 5365 (Matth.
2652 5308 2798 5353 xxvr,
2824 5290 2937 5361 38);
2957 5299 3030 5355 et,
3056 5289 3362 5343 Potestatem
3387 5289 3481 5342 ha-

1894 5386 1984 5440 beo
2039 5384 2254 5453 ponendi
2298 5384 2519 5435 animam
2569 5399 2751 5445 meam,
2798 5391 2845 5435 et
2885 5381 3063 5433 iterant
3103 5379 3333 5434 sumendi
3368 5395 3478 5431 eam

1902 5476 2093 5547 (Joan.
2126 5491 2181 5539 χ,
2216 5474 2315 5545 18)
2343 5490 2358 5539 ;
2403 5482 2482 5539 et,
2516 5473 2766 5543 Majorem
2797 5473 3108 5527 dilectionem
3135 5488 3277 5525 nemo
3298 5470 3479 5539 habet,

1954 5640 1977 5706 ,ι
2015 5635 2203 5691 Excusi,
2241 5630 2575 5690 dilectionem;
2600 5643 2684 5692 [ro
2719 5643 2814 5694 quo
2851 5627 3027 5677 melius
3066 5632 3167 5674 tres
3184 5632 3308 5683 Mss,
3348 5622 3475 5687 dare

1898 5708 1942 5750 01
1946 5710 2097 5746 ιωιιτηι
2105 5732 2115 5742 .

1967 5764 1985 5792 ²
2011 5769 2085 5819 se;
2105 5764 2202 5806 tem
2228 5763 2355 5805 Mss"
2377 5756 2417 5803 ελ
2439 5756 2592 5803 mutus
