3956 6524
514 349 585 406 95

514 477 667 528 quam
683 468 739 513 at
757 460 979 514 animum
1004 475 1149 512 suam
1169 467 1323 528 ponat
1350 460 1462 529 quis
1479 476 1575 528 pro
1597 458 1772 510 amicis
1797 457 1901 510 suis
1919 454 2095 527 (Joan.

517 564 609 617 xv,
655 550 761 619 l3)
790 566 805 601 :
835 565 952 619 quae
979 547 1105 603 mihi
1137 550 1385 616 pervicax
1412 547 1771 602 contradictnr
1801 555 1972 615 potest
2012 544 2097 598 di-

514 654 637 693 cere
662 638 887 719 ﬁgurate
905 655 935 692 a
964 638 1188 693 Domino
1207 638 1380 704 dicta;
1408 640 1543 693 sicut
1568 639 1729 693 multa
1754 639 1808 691 in
1838 637 2098 725 parabolis

512 745 637 784 eum
661 713 890 785 locutum
916 745 1037 785 esse
1066 730 1403 786 manifestum
1430 738 1529 787 est.
1558 730 1690 785 Nam
1719 731 1818 784 etsi
1846 731 1944 784 ista
1964 722 1967 725 ’
1985 744 2096 784 non

514 824 589 873 ita
614 829 770 887 sunt,
813 835 917 874 non
953 832 1126 875 tamen
1156 837 1289 891 opus
1326 831 1408 877 est
1444 824 1749 893 pugnaciter
1786 838 1977 892 agere,
2009 822 2095 875 ubi

511 908 768 964 habemus
797 911 1249 980 Evangefistarum
1276 914 1634 979 narratienes,
1678 929 1771 982 per
1806 929 1938 983 quas
1973 929 2099 968 eum

507 1009 560 1053 et
608 1008 790 1054 natum
820 1000 886 1055 de
918 1002 1076 1055 Maria
1105 1002 1305 1072 virgine
1334 1004 1710 1073 cognovimus,
1756 1012 1810 1057 et
1849 1019 2095 1071 Compre-

403 1130 411 1138 .
511 1092 737 1146 hensum
769 1109 797 1145 a
824 1093 1041 1159 Iudaeis,
1071 1102 1125 1148 et
1148 1094 1464 1164 ﬁagcllatum
1482 1135 1498 1157 ,
1524 1103 1578 1150 et
1604 1095 1912 1150 cruciﬁxum
1938 1104 2095 1163 atque

509 1182 926 1249 interfectum,et
942 1186 1202 1254 sepultum
1218 1186 1268 1239 in
1284 1195 1647 1250 monumento;
1661 1202 1776 1256 quae
1789 1187 1962 1240 omnia
1981 1188 2095 1241 sine

507 1289 731 1343 corpore
759 1275 1049 1346 intelligere
1071 1277 1201 1330 facta
1232 1292 1389 1331 nemo
1412 1284 1606 1346 potest.
1630 1275 1739 1331 Nec
1766 1276 1884 1330 ﬁcte
1908 1286 1999 1329 ant
2029 1276 2090 1328 ﬁ-

506 1377 692 1435 gurate
724 1367 1031 1438 accipienda
1059 1370 1335 1440 quisquam
1371 1370 1456 1425 vel
1492 1369 1919 1425 dementissimns
1942 1370 2092 1424 dixe-

508 1461 609 1525 rit;
648 1474 768 1513 cum
790 1457 931 1515 dicta
961 1464 1067 1515 sint
1091 1460 1158 1515 ab
1178 1462 1255 1517 eis
1281 1462 1369 1531 qui
1408 1476 1494 1517 res
1520 1471 1696 1531 gestas
1714 1501 1729 1527 ,
1755 1469 1811 1514 ut
1835 1461 2091 1517 memine-

507 1562 649 1613 rant,
674 1562 1039 1607 narraverunt.
1062 1553 1206 1609 Sicut
1227 1570 1354 1623 ergo
1376 1555 1471 1607 ista
1493 1556 1689 1624 corpus
1706 1569 1825 1607 cum
1848 1554 2093 1607 habuisse

511 1654 792 1711 testantur,
816 1647 894 1701 sic
919 1662 1048 1701 eum
1068 1648 1300 1702 indicant
1330 1647 1576 1701 habuisse
1601 1646 1831 1700 animam
1860 1646 2092 1700 achctio-

509 1752 607 1799 nes
638 1737 739 1791 illae
759 1779 777 1803 ,
806 1755 925 1806 quae
958 1756 1060 1792 non
1107 1749 1327 1809 possunt
1350 1755 1470 1793 esse
1500 1739 1597 1793 nisi
1628 1740 1681 1792 in
1713 1740 1885 1793 anima
1918 1756 1931 1791 :
1962 1753 2093 1806 quas

505 1827 848 1882 nihilominus
867 1830 1067 1885 eisdem
1098 1830 1450 1901 Evangelistis
1490 1831 1825 1885 narrantibus
1848 1829 2091 1898 legimus.

506 1918 574 1972 Et
594 1920 816 1974 miratus
836 1932 918 1975 est
936 1922 1092 1976 Iesus
1112 1920 1133 1993 (
1153 1921 1337 1975 Matth.
1362 1937 1470 1981 vnt.
1499 1919 1622 1990 10),
1643 1930 1696 1975 et
1718 1921 1880 1973 iratus
1912 1918 2089 1988 (191m.

504 2025 579 2073 XI,
609 2011 752 2078 15),
779 2022 833 2067 et
856 2014 1197 2068 contristatus
1226 2013 1429 2085 (Marc.
1452 2029 1532 2079 ut,
1560 2012 1627 2081 5)
1651 2054 1664 2073 ,
1696 2021 1751 2067 et
1768 2012 2093 2066 exhilaratus

506 2097 699 2166 (Joau.
732 2116 804 2162 at.
849 2102 972 2170 15).
1018 2111 1073 2156 et
1098 2103 1260 2156 multa
1293 2104 1417 2156 talia
1468 2102 1890 2156 innumerabilia.
1942 2102 2092 2156 Sicut

503 2188 663 2243 etiam
692 2190 781 2245 illa
807 2208 924 2259 quae
951 2193 1230 2261 conjuncta
1271 2194 1427 2248 simul
1457 2194 1627 2248 ofﬁcia
1678 2201 1733 2248 et
1772 2194 2010 2263 corporis
2038 2204 2091 2248 ct

502 2282 695 2335 animae
720 2284 1051 2339 ostendunt:
1094 2286 1230 2340 sicut
1257 2295 1381 2339 sunt
1417 2286 1557 2355 quod
1602 2287 1823 2341 esurivit
1866 2287 2086 2356 (Matth.

500 2386 576 2431 tv,
608 2371 698 2435 2),
726 2374 871 2441 quod
896 2374 1284 2446 tlormivit(ld.
1328 2392 1452 2440 vut,
1483 2375 1586 2444 24)
1611 2417 1625 2437 ,
1662 2376 1803 2445 quod
1845 2376 2088 2445 fatigatus

500 2459 568 2529 ah
607 2459 795 2514 itinere
843 2462 983 2515 sedit
1028 2462 1214 2533 (Jaau.
1265 2479 1339 2527 iv,
1368 2464 1459 2533 ϐ).
1487 2473 1542 2519 et
1566 2465 1667 2518 alia
1703 2464 2086 2531 hujuscemodi.

501 2548 618 2602 Non
647 2550 791 2603 enim
812 2562 1033 2619 possunt
1055 2553 1268 2617 dicere,
1313 2556 1471 2609 etiam
1519 2554 1571 2607 in
1612 2554 1881 2609 veteribus
1915 2555 2089 2611 Libris

500 2642 700 2695 dictam
722 2658 845 2698 esse
876 2644 1008 2698 iram
1038 2645 1133 2700 Dei
1168 2654 1223 2700 et
1254 2646 1491 2701 laetitiam
1511 2688 1526 2711 ,
1553 2656 1607 2703 et
1628 2648 1909 2702 nonnullos
1931 2648 2088 2718 hujus

492 2732 714 2798 generis
734 2744 951 2797 motus,
996 2750 1096 2790 nec
1133 2736 1252 2790 ideo
1281 2745 1454 2790 mmen
1500 2753 1620 2793 esse
1655 2754 1989 2808 consequens
2033 2748 2090 2794 ut

498 2820 666 2876 Deum
717 2821 967 2879 habuisse
1014 2826 1244 2879 animam
1288 2826 1611 2882 credendum
1654 2828 1743 2883 sit.
1790 2829 1935 2884 Dicta
1964 2838 2090 2885 sunt

500 2911 644 2965 enim
681 2911 773 2966 illa
813 2914 1135 2983 propheticis
1176 2916 1673 2987 imaginationibus,
1704 2935 1808 2975 non
1840 2932 2084 2976 narrato-

496 3000 576 3056 ria
605 3001 1048 3059 manifestatione.
1077 3006 1209 3061 Nam
1237 3017 1291 3062 et
1319 3009 1554 3063 membra
1585 3010 1675 3065 Dei
1696 3010 1837 3067 dicta
1862 3021 2006 3078 sunt,
2032 3023 2087 3068 et

496 3105 720 3153 manus,
753 3102 802 3161 et
827 3094 1018 3161 pedes,
1053 3104 1108 3150 et
1134 3098 1273 3152 oculi
1296 3138 1311 3160 ,
1354 3106 1411 3153 et
1437 3099 1626 3166 facies,
1666 3110 1720 3155 et
1760 3101 1951 3156 similia
1984 3120 1997 3155 :
2029 3115 2083 3160 et

496 3181 942 3246 quemadmodum
967 3184 1065 3239 ista
1091 3202 1195 3241 non
1228 3188 1459 3247 indicant
1483 3205 1604 3244 eum
1638 3190 1832 3247 habere
1861 3208 2079 3264 corpus,

493 3269 570 3324 sic
597 3286 693 3325 nec
720 3272 803 3325 illa
834 3274 1085 3329 animam.
1114 3276 1566 3344 Quemadmodum
1596 3290 1773 3336 autem
1806 3295 2076 3339 narratum

494 3360 714 3430 aliquid,
749 3364 833 3418 ubi
866 3366 1131 3421 nominata
1163 3378 1287 3423 sunt
1316 3386 1501 3424 manus
1526 3370 1722 3426 Christi
1744 3383 1799 3428 et
1823 3384 2000 3443 caput,
2024 3387 2078 3430 et

488 3460 681 3506 Caetera
710 3468 828 3522 qua:
855 3455 1087 3512 indicant
1132 3458 1247 3526 ejus
1289 3472 1517 3529 corpus;
1566 3462 1634 3515 ita
1677 3464 1836 3516 etiam
1866 3481 1984 3535 quae
2010 3466 2077 3521 de

488 3541 680 3597 animae
716 3543 1084 3601 aﬁ’ectionibns
1107 3549 1296 3605 eodem
1347 3551 1666 3605 narrationis
1692 3563 1875 3607 tenore
1906 3556 2072 3610 nomi-

488 3640 611 3685 nata
639 3642 800 3697 sunt,
846 3635 1083 3690 indicant
1109 3638 1223 3705 ejus
1246 3640 1496 3693 animam.
1530 3639 1760 3696 Stultum
1786 3651 1870 3698 est
1893 3654 2072 3700 autem

487 3721 712 3774 credere
739 3726 975 3779 narranti
1000 3728 1337 3795 evangelista:
1365 3729 1505 3798 quod
1552 3730 1983 3799 manduCaverit,
2020 3744 2074 3789 et
2118 3768 2119 3771 η

485 3823 593 3862 non
623 3810 671 3864 ei
695 3811 916 3867 credere
942 3814 1081 3883 quod
1104 3816 1367 3871 esui-ierit.
1399 3818 1508 3874 Etsi
1531 3821 1672 3874 enim
1695 3837 1800 3875 non
1830 3831 1913 3877 est
1938 3840 2069 3879 con-

486 3914 716 3971 sequens
744 3913 801 3956 ut
825 3905 998 3958 omnis
1025 3907 1114 3975 qui
1141 3908 1425 3964 manducet
1453 3912 1679 3976 esuriat;
1732 3929 1854 3968 nam
1894 3924 1950 3970 et
1976 3930 2071 3969 an-

483 3989 659 4059 gelum
688 3990 911 4062 legimus
935 3995 1282 4052 manducasse
1310 3997 1474 4069 (Gen.
1508 4017 1655 4066 xvnt,
1683 4004 1737 4065 8.
1769 4005 1825 4067 9,
1854 4014 1900 4060 et
1938 4005 2066 4062 Tob.

482 4093 577 4143 an,
614 4079 739 4149 l9),
770 4081 862 4135 sed
893 4084 1126 4141 esurisse
1155 4101 1259 4141 non
1302 4088 1526 4157 legimus
1554 4108 1566 4144 :
1600 4108 1770 4161 neque
1800 4106 1856 4150 ut
1894 4098 2068 4153 omnis

479 4169 570 4237 qui
596 4172 762 4225 esurit
782 4174 1085 4241 manducet,
1126 4177 1170 4229 si
1198 4188 1287 4232 aut
1324 4180 1501 4235 officio
1528 4183 1701 4252 aliquo
1720 4201 1778 4240 se
1798 4186 2063 4251 cohibeat,

481 4269 574 4311 aut
615 4259 755 4315 desit
788 4262 837 4317 ei
876 4264 1026 4320 cibus
1070 4265 1397 4339 facultasque
1440 4273 1790 4331 manducandi
1834 4293 1846 4328 a
1885 4285 2063 4333 tamen

477 4364 598 4403 cum
630 4359 910 4423 utrumque
940 4369 1119 4413 narrat
1164 4360 1486 4431 evangelista
1539 4363 1766 4431 (Matth.
1799 4383 1871 4431 tv,
1912 4368 1966 4429 ἰ,
2016 4378 2064 4423 et

476 4456 559 4507 ix,
588 4443 698 4512 ll),
729 4457 1012 4520 utrumque
1040 4452 1365 4509 credendum
1384 4464 1489 4521 est;
1509 4458 1629 4527 quia
1650 4463 2059 4530 utrumquesic-

474 4543 535 4588 ut
550 4551 724 4591 rerum
747 4551 1013 4608 gestarum
1054 4544 1208 4600 index
1252 4548 1448 4602 factum
1479 4560 1793 4620 gestumque
1817 4555 2059 4607 conscri-

473 4627 597 4693 psit.
612 4628 758 4682 Sicut
772 4643 948 4687 autem
969 4635 1088 4704 quia
1102 4638 1460 4709 manducavit,
1475 4641 1588 4695 sine
1599 4658 1822 4710 corpore
1840 4644 2058 4711 intelligi
2078 4688 2109 4716 ,ν

469 4729 575 4767 non
596 4728 788 4785 potest;
806 4722 880 4775 sic
892 4724 1013 4790 quia
1030 4728 1268 4789 esurivit,
1286 4729 1400 4782 sine
1414 4733 1591 4785 anima
1612 4734 1723 4786 ﬁeri
1742 4749 1843 4787 non
1866 4736 2054 4803 potuit.

539 4806 592 4860 4.
625 4804 734 4861 Nec
762 4809 846 4865 illa
876 4828 971 4867 nos
991 4822 1152 4870 terret
1182 4817 1351 4873 inanis
1381 4830 1537 4890 atque
1568 4823 1741 4892 inepta
1767 4825 2054 4896 calumnia,

465 4911 569 4963 qua
598 4896 860 4957 invidiose
879 4905 1189 4963 resistentes
1213 4910 1364 4965 aiunt
1392 4930 1405 4965 a
1444 4914 1581 4984 Ergo
1618 4916 1719 4971 sub
1740 4922 2054 4978 necessitate

463 4986 671 5055 positus
699 4989 814 5051 fuit,
855 4992 901 5046 si
948 4993 1045 5048 has
1089 4998 1399 5056 affectiones
1436 5006 1599 5059 animi
1645 5022 1801 5063 veras
1844 5010 2048 5067 habuit.

465 5074 644 5130 Facile
696 5081 893 5152 quippe
939 5088 1320 5154 respondemus
1352 5110 1364 5145 :
1395 5092 1535 5163 Ergo
1584 5096 1683 5149 sub
1735 5102 2051 5158 necessitate

462 5170 664 5235 positus
691 5170 809 5237 fuit,
839 5176 959 5244 quia
984 5181 1433 5250 comprehensus,
1464 5188 1802 5259 llagellatus,
1832 5196 2048 5251 cruciﬁ-

462 5272 561 5312 xus
592 5270 644 5313 et
671 5276 912 5327 mortuus
932 5278 1013 5322 est
1042 5284 1056 5323 :
1089 5281 1145 5325 ut
1166 5273 1376 5329 tandem
1405 5278 1519 5333 sine
1550 5283 1855 5350 pertinacia,
1890 5289 1933 5341 si
1961 5306 2047 5344 vo-

458 5346 605 5413 lunt,
638 5350 933 5423 intelligant
959 5358 1036 5427 sic
1061 5376 1184 5416 eum
1213 5367 1487 5432 passiones
1513 5372 1697 5439 animi,
1729 5374 1829 5431 hoc
1854 5388 1937 5433 est
1959 5379 2073 5442 ιη’-κ

459 5437 737 5505 lectiones,
771 5446 1040 5505 voluntate
1076 5452 1487 5523 dispensationis
1512 5462 1550 5527 ¹,
1579 5437 1729 5519 veras
1756 5474 1949 5534 tamen,
1988 5482 2044 5527 ut

457 5528 672 5595 placuit,
703 5536 1035 5606 suscepisse,
1067 5545 1516 5611 quemadmodum
1547 5554 1819 5621 passiones
1848 5573 2039 5632 corpo-

498 5744 507 5755 .
534 5685 633 5733 'sic
653 5688 826 5757 decem
848 5700 954 5746 Mss.
978 5697 1096 5750 Editi
1118 5708 1279 5753 autem
1303 5702 1393 5756 hoc
1419 5714 1604 5759 tantum
1640 5710 1765 5774 loco,
1790 5713 2038 5770 voluntatis

451 5744 817 5804 όιςνεηδιιιιοιιε.

1241 343 1331 398 DE
1367 340 1673 398 DIVEBSIS
1708 340 2229 408 QUIESTIUNIBUS
2268 340 2552 411 LXXXIII,
2594 346 2651 400 S.
2693 345 3057 402 AUGUSTINI

3727 354 3815 410 96

2205 453 2279 511 ris
2304 454 2488 510 eadem
2514 457 2925 527 dispensationis
2954 460 3223 517 voluntate
3264 462 3379 517 sine
3418 464 3521 520 ulla
3547 469 3815 522 necessi-

2205 552 2313 600 tate
2326 548 2576 617 suscepit.
2592 548 3045 616 Quemadmodum
3072 568 3171 607 nos
3194 569 3296 608 non
3325 555 3596 613 voluntate
3624 561 3813 613 muri-

2205 651 2343 701 mur,
2373 639 2450 693 sic
2473 648 2527 694 et
2552 656 2656 694 non
2687 644 2953 719 volitante
2998 645 3300 700 nascimur:
3331 648 3414 702 ille
3463 658 3648 725 autem
3705 666 3814 705 vo-

2207 726 2405 783 luntate
2431 739 2710 800 utrumque
2729 773 2743 795 ,
2774 728 2835 784 ut”
2853 734 3187 802 opportebatt,
3214 736 3457 799 exhibuit
3475 780 3490 804 ,
3521 748 3580 817 et.
3608 751 3819 801 tatnen

2207 818 2482 874 verissime
2501 821 2918 877 exhibuit.Sicut
2946 840 3071 894 ergo
3103 827 3429 883 necessitatis
3451 832 3678 885 nomine
3700 848 3814 887 nec

2203 921 2299 959 nos
2317 922 2413 963 nec
2427 908 2545 963 illos
2560 910 2834 981 quisquam
2848 913 3062 967 avellita
3083 914 3184 970 ﬁde
3200 917 3489 973 verissime
3502 920 3814 991 passionis,

2206 1013 2299 1065 per
2326 1015 2482 1068 quam
2510 1015 2706 1070 corpus
2732 1002 2850 1071 ejus
2872 1004 3198 1079 ostenditur:
3222 1008 3299 1062 sic
3331 1017 3386 1063 et
3414 1025 3514 1083 nos
3536 1010 3663 1080 ipso
3699 1027 3815 1065 no-

2201 1089 2344 1143 mine
2366 1091 2696 1145 necessitatis
2716 1108 2870 1146 nemo
2888 1094 3123 1149 deterret
3150 1111 3178 1148 a
3216 1095 3320 1151 ﬁde
3346 1100 3645 1156 verissimae
3668 1100 3811 1157 aﬁ‘e-

2200 1183 2416 1249 ctionis,
2439 1199 2532 1253 per
2550 1200 2713 1255 quam
2729 1188 2957 1243 animam
2979 1188 3094 1258 ejus
3116 1191 3481 1259 agnoscimus;
3515 1209 3620 1248 nec
3646 1194 3814 1263 ipsos

2199 1273 2361 1330 debet
2377 1274 2649 1332 deterrere
2665 1293 2694 1332 a
2717 1280 3100 1337 consentiendo
3125 1282 3398 1338 catholicae
3424 1284 3569 1351 ﬁdei,
3594 1287 3640 1341 si
3691 1302 3812 1342 non

2199 1366 2539 1424 eosdeterret
2553 1369 2837 1426 exitiabilis
2856 1372 3026 1443 pudor
3042 1375 3586 1445 umtanda:,quamvis
3613 1378 3814 1446 falsae,

2198 1456 2288 1512 diu
2318 1467 2492 1513 tamen
2521 1468 2575 1514 et
2599 1474 2720 1516 cum
2765 1464 3062 1519 temeritate
3085 1464 3318 1521 defensae
3343 1469 3657 1525 sententiae.

2306 1547 2538 1608 LXXXI.
2582 1548 2660 1605 De
2704 1550 3103 1623 Quadragesima
3128 1566 3176 1609 et
3208 1556 3666 1629 Quiaquagesima.

2270 1640 2322 1694 1.
2360 1640 2545 1695 Omnis
2565 1644 2838 1712 sapientiae
2857 1645 3159 1717 disciplina,
3177 1664 3295 1717 quae
3315 1649 3387 1703 ad
3403 1649 3652 1708 homines
3675 1668 3810 1708 eru-

2198 1729 2422 1787 diendos
2446 1735 2692 1803 pertinet,
2720 1746 2802 1793 est
2828 1737 3135 1793 Creatorem
3162 1735 3569 1814 creatnratnque
3591 1744 3810 1816 digno-

2197 1833 2367 1885 scere,
2399 1830 2454 1875 et
2493 1822 2638 1877 illum
2666 1825 2841 1881 colere
2865 1828 3224 1884 dominantem
3249 1871 3264 1894 ,
3291 1832 3443 1886 istam
3483 1834 3813 1903 subjecm

2198 1908 2369 1966 fateri.
2400 1911 2496 1967 Est
2539 1923 2713 1970 autem
2753 1925 2962 1985 creator
2992 1919 3162 1984 Deus,
3190 1936 3253 1975 ex
3292 1938 3398 1991 quo
3430 1925 3610 1979 omnia
3630 1968 3660 1992 ,-
3700 1942 3811 1996 per

2195 2016 2355 2071 quem
2395 2005 2606 2070 omnia,
2651 2007 2703 2061 in
2746 2024 2852 2075 quo
2888 2012 3064 2065 omnia
3094 2011 3276 2081 (Rom.
3316 2030 3402 2081 XI,
3434 2016 3549 2086 '56),
3573 2028 3631 2073 et
3664 2020 3806 2076 ideo

2198 2092 2449 2170 Trinitas,
2472 2095 2631 2151 Pater
2644 2107 2698 2152 et
2726 2097 2891 2154 Filius
2924 2109 2977 2155 et
3002 2101 3229 2170 Spiritus
3254 2115 3490 2160 sanctus.
3516 2107 3804 2167 Creatura

2194 2185 2323 2265 vero
2351 2185 2543 2253 partim
2569 2195 2655 2242 est
2680 2189 2958 2245 invisibilis
2978 2233 2993 2255 ,
3020 2192 3157 2247 sicut
3182 2195 3397 2262 anima;
3424 2198 3619 2265 partim
3650 2201 3803 2256 visi-

2234 2272 2335 2340 ilis,
2365 2273 2499 2328 sicut
2537 2290 2753 2347 corpus.
2788 2279 3036 2335 lnvisibili
3075 2285 3340 2339 lernarius
3384 2302 3642 2343 muneras
3690 2293 3805 2346 tri-

2234 2365 2410 2427 uitnr;
2440 2382 2604 2435 quare
2639 2369 2860 2439 diligere
2900 2372 3064 2427 Deum
3115 2376 3393 2445 tripliciter
3415 2378 3697 2447 jnbemur,
3732 2401 3807 2438 ea:

2134 2468 2139 2475 '
2149 2456 2297 2541 [toto
2320 2456 2490 2520 corde,
2517 2474 2579 2511 ex
2598 2468 2702 2512 tota
2726 2460 2919 2528 anima,
2944 2472 2991 2516 et
3014 2479 3077 2517 ea:
3094 2473 3198 2517 tota
3221 2476 3382 2521 mente
3406 2466 3618 2540 (Matth.
3649 2489 3801 2541 xxii,

2193 2542 2287 2613 57)
2317 2562 2331 2598 :
2357 2547 2566 2615 corpori
2591 2551 2959 2617 qualernarius
2987 2569 3275 2621 numerus,
3304 2568 3519 2628 propter
3556 2562 3803 2621 eviden-

2195 2634 2452 2690 tissimam
2478 2643 2721 2694 naturain
2750 2641 2867 2711 ejus
2886 2684 2902 2707 ,
2935 2642 2987 2698 id
3012 2636 3124 2711 est,
3150 2646 3374 2702 calidam
3403 2659 3458 2703 et
3483 2650 3750 2722 frigidam
3777 2699 3797 2723 ,

2194 2723 2463 2781 humidam
2481 2736 2536 2783 et
2551 2730 2769 2785 siccam.
2796 2732 3070 2791 Universae
3099 2752 3224 2807 ergo
3240 2749 3494 2808 creaturae
3523 2744 3799 2803 tribuitur

2192 2821 2543 2887 septenarius.
2576 2824 2910 2895 Quapmpter
2942 2830 3116 2883 omnis
3138 2830 3413 2901 disciplina
3452 2834 3800 2905 dignescens

2190 2918 2244 2963 et
2266 2910 2574 2968 discernens
2592 2914 2902 2973 Creatorem
2918 2928 3076 2989 atque
3090 2933 3404 2991 creaturam,
3426 2926 3652 2984 denario
3679 2948 3798 2989 nu-

2190 3014 2339 3055 mero
2367 3002 2661 3058 insinuatur
2691 3022 2704 3060 a
2737 3022 2859 3076 quae
2884 3008 3183 3079 disciplina,
3213 3014 3464 3082 quamdiu
3493 3018 3814 3088 corporeis‘

2190 3090 2422 3145 motibus
2447 3096 2811 3163 temporaliter
2844 3098 3200 3168 signiﬁcatur,
3236 3103 3502 3161 credendo
3535 3120 3797 3181 constat,

2187 3192 2242 3237 et
2261 3199 2437 3239 rerum
2459 3196 2726 3256 gestarum
2747 3190 3071 3246 venientium
3090 3201 3249 3262 atque
3265 3199 3653 3254 transeuntium
3685 3218 3799 3259 au-

2185 3279 2430 3331 ctoritate
2453 3280 2603 3347 quasi
2631 3280 2765 3335 lacte
2792 3283 3037 3349 parvulos
3065 3287 3266 3351 nutrit;
3296 3296 3354 3341 nt
3378 3288 3800 3353 idoneosfaciat

2185 3365 2637 3436 contemplationi,
2656 3386 2774 3440 qua:
2792 3387 2897 3426 non
2934 3374 3074 3428 venit
3106 3383 3160 3430 et
3197 3378 3403 3444 transit,
3432 3380 3524 3433 sed
3553 3396 3795 3454 semper

2185 3467 2361 3510 manet
2388 3475 2399 3509 :
2431 3458 2482 3512 in
2512 3475 2614 3528 qua
2638 3462 2869 3533 quisque
2902 3467 3128 3521 narratis
3163 3468 3263 3535 sibi
3304 3470 3463 3526 rebus
3509 3472 3800 3537 divinitus

2184 3548 2547 3615 temporaliter
2565 3566 2660 3619 pro
2684 3553 2854 3608 salute
2881 3548 3151 3611 hominum
3179 3560 3361 3629 gestis,
3378 3561 3491 3617 sive
3513 3568 3791 3634 gerendis

2179 3650 2299 3703 quae
2326 3636 2499 3692 adhuc
2526 3639 2695 3695 futura
2728 3644 3100 3712 praedicantur,
3124 3648 3168 3703 si
3192 3654 3546 3718 permanserit
3569 3659 3622 3709 in
3658 3657 3793 3716 ﬁde

2178 3736 2230 3780 et
2255 3729 2511 3796 promissa
2541 3735 2852 3802 speraverit,
2883 3744 2935 3791 et
2961 3752 3081 3807 quae
3109 3738 3287 3795 divina
3315 3745 3605 3800 auctoritas
3632 3763 3793 3816 pran—

2176 3818 2305 3888 cipit
2343 3820 2652 3893 infatigabili
2698 3825 2957 3883 charitate
2991 3829 3217 3901 implere
3269 3836 3580 3903 curaverit,
3621 3851 3795 3900 recte

2175 3918 2295 3975 aget
2312 3911 2470 3966 vitam
2494 3913 2648 3982 hujus
2669 3919 3004 3974 necessitatis
3022 3931 3077 3976 et
3099 3925 3508 3996 temporis,quae
3535 3944 3796 3989 numero

2172 4002 2592 4073 quadragenario
2616 4011 3039 4067 commendatur.
3070 4014 3335 4081 Quoniam
3377 4019 3631 4077 denarius
3662 4040 3790 4081 mt-

2174 4107 2373 4159 merus,
2397 4095 2485 4164 qui
2514 4104 2677 4151 totam
2704 4099 2933 4167 insinuat
2950 4103 3309 4175 disciplinam,
3327 4120 3520 4180 quater
3540 4101 3784 4189 dﬁctus,

2172 4179 2225 4235 id
2259 4190 2364 4249 est,
2412 4200 2637 4241 numero
2681 4191 2768 4258 qui
2813 4195 3023 4262 corpori
3062 4198 3313 4254 tribuitur
3353 4179 3783 4279 multiplicatus,

2170 4272 2291 4340 quia
2349 4289 2441 4342 per
2480 4286 2679 4332 motum
2719 4284 3011 4352 corporalis
3039 4287 3055 4317 ί
3085 4288 3472 4350 administratio
3506 4272 3775 4365 geritur,

2169 4377 2273 4430 qua
2299 4363 2495 4421 dictum
2520 4376 2605 4422 est
2633 4369 2792 4426 ﬁdem
2821 4383 3070 4431 constare
3089 4418 3105 4444 ,
3135 4363 3616 4453 quadragenarium
3658 4363 3778 4447 nu;

2167 4468 2372 4508 merum
2400 4458 2634 4514 conﬁcit.
2664 4460 2736 4514 Ita
2768 4461 3018 4532 impetrat
3048 4469 3211 4525 etiam
3251 4473 3498 4530 stabilem
3543 4487 3601 4532 et
3634 4484 3777 4537 nu}-

2169 4544 2269 4599 lius
2316 4550 2571 4616 temporis
2614 4552 2939 4621 indigentem
2964 4562 3319 4632 sapientiam,
3362 4583 3482 4635 quae
3531 4570 3775 4630 denario

2165 4649 2386 4692 ntimero
2410 4643 2837 4714 commendatur,
2854 4660 2913 4703 ut
2932 4650 2998 4705 ad
3015 4655 3359 4728 quadraginta
3380 4659 3653 4719 addantur
3668 4667 3774 4725 de-

2162 4740 2278 4819 cem
2295 4730 2459 4819 ;ﬁquia
2486 4741 2542 4787 et
2568 4746 2746 4803 partes
2771 4742 3004 4809 aequales
3027 4747 3433 4819 quadragenarii
3454 4759 3664 4811 numeri
3692 4762 3772 4814 si-

2162 4817 2273 4871 mul
2293 4818 2465 4875 ductae
2493 4823 2559 4878 ad
2579 4828 2955 4901 quinquaginta
2986 4817 3317 4904 perveniunt.
3350 4842 3535 4900 Partes
3565 4858 3766 4907 alllelll

2160 4908 2392 5008 aequales
2422 4911 2580 4968 habet
2613 4919 3062 5008 quadrageurius
3099 4944 3369 4999 utimerus,
3400 4935 3572 5002 primo
3610 4954 3766 5008 qua-

2160 4939 2392 4977 malua-es
2422 4939 2580 4968 nauci
2613 4939 2879 4991 quaurage
2952 4941 3062 4981 rius
3099 4944 3369 4999 numerus,
3400 4939 3572 5002 primo
3610 4954 3757 5008 qua-

2157 4996 2397 5069 draginta
2430 5002 2481 5057 in
2504 4939 2965 5077 singulis,deii'e
2995 5017 3175 5086 viginti
3203 5020 3254 5074 in
3286 5021 3443 5087 binis,
3470 5024 3660 5082 decem
3697 5031 3757 5085 in

2155 5095 2451 5158 quaternis,
2473 5106 2594 5151 octo
2622 5097 2680 5153 in
2704 5102 2899 5170 quinis,
2921 5108 3155 5177 quintum
3181 5110 3237 5165 in.
3254 5116 3482 5181 octonis,
3510 5129 3760 5188 quatuor

2155 5176 2209 5231 in
2230 5178 2402 5245 denis,
2425 5184 2565 5241 duas
2598 5188 2649 5259 in
2691 5191 2908 5248 vicenis.
2946 5176 3119 5253 Unum
3160 5218 3291 5272 ergo
3317 5215 3371 5258 et
3392 5176 3499 5261 duo
3529 5176 3587 5264 et
3613 5228 3759 5278 qua-

2156 5276 2276 5324 tuor
2292 5281 2346 5326 et
2370 5275 2601 5345 quinque
2626 5290 2681 5335 et
2701 5294 2820 5336 octo
2840 5295 2893 5339 et
2915 5286 3099 5344 decem
3118 5302 3175 5347 et
3194 5293 3374 5363 viginti
3397 5296 3555 5354 simul
3579 5275 3757 5362 ducta

2151 5361 2384 5464 efﬁciunt
2409 5369 2806 5441 quinquaginta.
2831 5376 3164 5451 Quapropter
3190 5361 3335 5442 sicut
3362 5390 3753 5464 quadragenae-

2150 5454 2261 5510 rius
2326 5473 2576 5517 numerus
2632 5468 2922 5535 aequalibus
2964 5475 3075 5529 suis
3122 5454 3761 5554 partibus-conmqu

2148 5547 2286 5613 parit
2309 5551 2538 5619 amplius
2572 5554 2881 5623 denarium,
2914 5572 2967 5619 et
3004 5564 3062 5619 ﬁt
3090 5547 3574 5643 quimpiagenarius
3610 5597 3625 5633 :
3661 5584 3755 5641 sie

2211 5660 2624 5743 ::_1_Tes_a_tss:,_per
2646 5675 2796 5743 motus
2814 5676 3102 5743 corporales.
3122 5678 3265 5730 Paulo
3287 5692 3396 5743 post
3414 5692 3511 5734 ttat.
3536 5691 3752 5741 ειόυυ-

2144 5720 2300 5809 deciin
2326 5731 2447 5782 Vss,
2471 5720 2613 5809 quam
2637 5730 2817 5803 dictum
2847 5720 2917 5806 esi
2933 5720 3759 5809 ﬁtié‘éipiéii'rl».’i$f,';iib7553;

2143 5789 2214 5832 est
2236 5790 2378 5833 vitam
2400 5794 2698 5839 constare.-—-
2720 5794 2791 5843 :ic
2815 5789 2960 5845 etiam
2982 5802 3125 5861 lugd.
3154 5810 3204 5853 et
3233 5789 3477 5858 {cura}.
