3942 6416
136 2312 141 2315 ‘
198 2298 435 2347 surrexit
458 2313 485 2345 a
514 2296 760 2354 mor-uis,
798 2294 1141 2363 quadraginta
1181 2293 1366 2346 diebus
1395 2294 1620 2361 peractis
1648 2308 1770 2347 cum
1807 2342 1810 2345 .

72 5258 79 5303 t

90 5428 149 5547 lt

234 494 431 553 tempus
447 476 555 535 “ei
575 490 755 532 rerum
780 489 880 545 pro
904 474 1079 530 salute
1107 483 1283 530 nostra
1310 482 1578 543 gestarum
1604 484 1657 528 et
1683 489 1777 543 ge-

234 576 491 635 rendarum
512 584 624 626 cum
648 572 907 638 aequitate
937 568 1060 621 vita:
1089 575 1262 622 actum
1301 567 1549 641 impetrat
1572 566 1780 621 intelle-

223 682 363 726 ctum
387 664 573 721 stabilis
599 661 918 730 sapientiat;
945 668 1003 713 ut
1033 673 1140 713 non
1161 659 1331 713 solqu
1361 658 1650 724 credendo,
1682 654 1774 712 sed

217 760 367 815 etiam
386 752 717 823 uitelligendo
744 752 1019 821 disciplina
1045 751 1301 803 ﬁrmetur.

280 850 325 902 2.
366 846 426 901 Et
450 845 570 900 ideo
599 858 663 898 ea
695 858 819 913 qua:
851 858 991 897 nunc
1016 851 1098 894 est
1127 841 1383 905 Ecclesia,
1414 839 1657 910 quamvis
1683 837 1772 895 ﬁlii

206 939 294 993 Dei
320 938 492 998 sinitis,
533 945 661 989 ante
685 946 864 988 tamen
903 949 1060 1002 quam
1097 942 1349 1001 appareat
1383 931 1507 1000 quid
1553 932 1774 995 erimus,

206 1032 260 1084 in
289 1028 537 1082 laboribus
556 1036 610 1079 et
637 1026 1017 1081 aﬂlictionibus
1047 1026 1153 1093 agit
1180 1067 1192 1085 .
1215 1034 1269 1079 et
1299 1026 1348 1077 in
1392 1040 1453 1077 ea
1494 1025 1665 1092 justus
1711 1039 1777 1078 ex

215 1120 315 1173 ﬁde
339 1119 451 1171 vivit
474 1116 655 1185 (Rom.
688 1133 724 1180 t,
754 1117 860 1182 l7).
892 1113 1004 1168 Nisi
1028 1116 1170 1167 enitn
1204 1114 1538 1175 credideritis,
1588 1113 1773 1181 inquit,

206 1207 776 1277 mufutelligetistlsai.
808 1224 903 1271 vu,
929 1206 1007 1274 9).
1040 1206 1098 1259 Et
1146 1207 1244 1259 hoc
1291 1214 1375 1258 est
1417 1215 1622 1273 tempus
1668 1219 1774 1273 quo

198 1302 584 1370 ingemiscimls
596 1311 651 1353 et
671 1301 942 1363 delenitis,
962 1306 1333 1367 exspectantes
1357 1295 1774 1363 redemptionem

197 1392 433 1457 Corporis
460 1391 630 1444 nostri
662 1396 676 1456 (
706 1389 857 1442 Rat».
880 1402 996 1449 \tu,
1019 1389 1089 1439 9.3
1108 1390 1149 1453 ).
1180 1386 1318 1454 quod
1362 1386 1781 1453 Quadragesima'

202 1482 511 1534 celebratur.
542 1481 743 1534 Scimus
769 1491 938 1532 autem
954 1479 1187 1546 quoniam
1208 1494 1318 1529 cum
1345 1485 1636 1546 apparuerit
1653 1516 1667 1539 ,
1696 1475 1771 1529 εἰ·

203 1570 343 1624 νήια
380 1570 424 1623 ἀ
461 1570 645 1624 erimus
670 1612 683 1627 .
731 1571 974 1637 quoniam
1020 1568 1294 1620 ridebimus
1338 1582 1451 1627 eum
1501 1565 1648 1619 sicuti
1702 1573 1775 1618 est

202 1660 245 1729 (1
267 1658 421 1713 locu.
452 1676 528 1721 III.
553 1660 611 1731 Ξ)
630 1680 639 1710 ;
660 1678 782 1713 cum
801 1659 1029 1713 addetur
1049 1660 1299 1711 denarius
1328 1655 1770 1725 quadtagenario,

196 1763 257 1806 ut
286 1767 392 1807 non
421 1754 589 1806 solum
621 1754 841 1806 credere
879 1768 996 1818 ιιυςιε
1043 1752 1306 1817 pertinent
1342 1749 1406 1801 ad
1452 1748 1639 1811 ﬁdem,
1669 1746 1765 1801 sed

198 1845 360 1898 etiam
413 1844 736 1915 perspicuam
795 1845 1071 1901 veritatmn
1114 1842 1407 1909 intelligere
1447 1852 1770 1893 mereamur.

198 1934 347 1988 Talis
372 1936 627 2005 Ecclesia,
659 1936 713 1988 in
748 1949 850 2001 qua
882 1933 1060 1985 nullus
1090 1934 1190 1984 erit
1230 1945 1445 2001 meror,
1478 1930 1619 1983 nulla
1650 1944 1773 1997 per-

204 2026 394 2077 mixtio
417 2027 668 2078 nudorum
690 2025 982 2079 limuinutu.
1010 2023 1149 2074 nulla
1180 2022 1441 2089 iniquitas.
1472 2019 1563 2073 sed
1595 2019 1797 2077 Iustitia.

206 2124 275 2167 ct
298 2130 399 2182 pax
419 2122 472 2167 et
492 2116 749 2180 gaudium,
773 2113 1227 2181 Quinqttagesiutze
1254 2110 1610 2165 celebratione
1639 2125 1773 2178 prte-

214 2204 488 2273 liguratur.
521 2206 815 2273 PrOpk’l‘tBSI,
845 2214 1184 2270 posteaquam
1211 2203 1463 2255 Dominus
1489 2211 1671 2255 noster
1693 2216 1770 2255 re-

195 2386 473 2451 discipulis
495 2388 621 2449 suis,
638 2387 823 2439 eadem
852 2385 959 2452 ipsa
980 2384 1182 2441 scilicet
1207 2400 1299 2452 per
1326 2384 1463 2437 hunc
1492 2400 1769 2438 numerum

205 2476 463 2527 insinuata
495 2475 768 2545 temporali
787 2475 1201 2542 dispensatione,
1234 2490 1352 2543 qua:
1374 2473 1445 2528 ad
1461 2474 1617 2527 Iidem
1648 2474 1772 2544 per-

194 2566 350 2631 tinet,
373 2567 605 2620 ascendit
625 2568 678 2620 in
707 2566 903 2632 celum
935 2566 1070 2636 (Λα.
1102 2580 1140 2628 t,
1164 2566 1218 2629 Ξ,
1252 2562 1340 2635 9),
1364 2572 1418 2618 et
1443 2565 1629 2619 decem
1655 2564 1771 2619 aliis

201 2658 381 2711 diebus
405 2659 630 2728 peractis
650 2658 801 2712 misit
829 2657 1084 2725 Spiritum
1112 2665 1351 2709 sanctum
1376 2656 1487 2725 (Id.
1519 2672 1551 2709 ιι
1570 2698 1584 2718 .
1614 2656 1725 2726 l-t)
1752 2672 1768 2709 :

200 2748 373 2813 idest,
396 2762 445 2801 ut
468 2766 570 2803 nim
595 2748 667 2803 ad
692 2746 926 2803 humana
947 2756 1002 2801 et
1028 2747 1351 2815 temporalia,
1392 2746 1483 2799 Sed
1504 2746 1569 2798 ad
1594 2745 1771 2799 divina

202 2849 258 2892 et
280 2850 465 2895 uerna
490 2839 795 2896 contuenda
823 2838 1050 2908 qundam
1078 2838 1272 2891 amoris
1293 2850 1344 2891 et
1365 2838 1641 2891 cbaritatis
1665 2838 1773 2913 spi-

209 2944 436 2986 nurento
454 2943 506 2986 et
535 2931 811 2996 incendio,
834 2929 1168 2999 quadragena
1178 2929 1255 2981 rio
1275 2928 1524 2982 denarius
1544 2928 1771 2983 addere-

218 3030 319 3074 tur.
341 3024 396 3075 Et
418 3024 530 3077 ideo
546 3022 661 3091 jam
690 3023 796 3075 hoc
832 3029 993 3073 totum
1017 3061 1031 3083 ,
1062 3018 1112 3073 id
1148 3028 1228 3073 cst
1249 3060 1263 3085 ,
1291 3020 1772 3088 quinquagenarius

217 3126 450 3167 numerus
475 3114 710 3177 dierum,
727 3110 929 3165 laetitia:
942 3110 1306 3182 celebratione
1322 3150 1335 3171 ,
1362 3111 1648 3178 signandus
1667 3118 1769 3164 est.

278 3202 332 3254 3.
370 3201 481 3255 lla~c
494 3212 672 3255 autem
691 3200 801 3253 duo
826 3208 1081 3267 tempora,
1106 3197 1156 3251 id
1179 3206 1281 3264 est,
1304 3214 1468 3251 unum
1500 3198 1695 3252 laboris
1719 3207 1773 3252 et

208 3292 582 3355 sollicitudinis,
605 3292 834 3346 alterum
858 3288 1031 3357 gaudii
1057 3297 1111 3341 et
1130 3288 1424 3342 securitatis
1448 3329 1464 3352 ,
1492 3290 1650 3341 etiam
1683 3302 1772 3342 re-

213 3382 350 3436 tibus
388 3384 555 3435 missis
580 3383 632 3435 in
662 3393 812 3435 mare
840 3378 1089 3432 Dominus
1122 3387 1303 3433 noster
1329 3379 1606 3448 signiﬁcat.
1638 3378 1770 3432 Nam

211 3483 335 3525 ante
368 3472 650 3541 passionem
686 3470 763 3525 de
796 3468 1039 3523 reticulo‘
1058 3468 1250 3521 dicitur
1280 3466 1442 3521 misso
1490 3467 1541 3520 in
1585 3483 1731 3521 mare
1751 3506 1771 3534 ,

216 3563 335 3630 quia
364 3572 553 3614 tantum
577 3561 795 3629 pia-dum
816 3568 1105 3628 ceperunt,
1149 3568 1206 3612 ut
1233 3560 1316 3612 vix
1363 3559 1427 3611 ad
1473 3560 1623 3612 littus
1662 3568 1771 3613 tta-

220 3652 391 3705 bendo
417 3654 769 3720 perducerent,
792 3659 853 3705 et
882 3660 938 3703 ut
967 3652 1094 3703 retia
1126 3651 1533 3720 rumperentur(
1560 3650 1682 3703 Luc.
1716 3667 1771 3717 v,

224 3746 282 3803 ti.
311 3742 387 3811 Ἰ).
412 3741 512 3795 Non
534 3743 672 3796 enim
695 3741 855 3795 missa
884 3749 1008 3794 sunt
1032 3740 1081 3793 in
1104 3740 1375 3795 dexteram
1416 3750 1653 3810 partem;
1676 3740 1774 3795 ba-

224 3832 320 3884 bet
340 3833 469 3909 enim
486 3832 681 3887 multus
704 3832 874 3887 malos
899 3831 1131 3886 Ecclesia
1159 3832 1315 3900 hujus
1345 3833 1599 3902 temporis
1623 3850 1637 3886 :
1677 3849 1773 3887 ne-

229 3938 332 3992 que
358 3925 404 3977 iu
422 3925 708 3985 sinistram;
736 3924 893 3978 habet
918 3923 1059 3977 enim
1100 3923 1259 3977 etiam
1286 3918 1492 3977 bonos':
1532 3922 1626 3979 sed
1654 3939 1775 3993 pas-

233 4018 348 4080 sint,
374 4027 425 4067 ut
448 4017 842 4086 permixtionem
863 4014 1123 4071 bonorum
1164 4005 1532 4086 malorumque
1572 4016 1775 4086 signiﬁ-

236 4118 388 4161 caret.
406 4108 544 4174 Quod
564 4119 734 4163 autem
760 4118 913 4178 rupta
936 4115 1063 4161 sunt
1094 4108 1227 4162 retia
1252 4149 1267 4170 ,
1292 4107 1552 4163 ‘charitate
1580 4110 1775 4162 violata

243 4198 415 4253 multas
430 4201 649 4254 bareses
665 4200 857 4254 csiisse
873 4199 1154 4269 signiﬁcat.
1180 4198 1305 4252 Post
1330 4201 1775 4253 resurrectionem

247 4306 377 4356 rm,
404 4308 511 4346 cum
542 4293 697 4347 vellet
720 4291 1013 4346 Ecclesium
1040 4290 1199 4343 l'uturi
1228 4292 1483 4359 temporis
1513 4306 1777 4359 prasmon-

247 4392 419 4451 altare,
453 4386 532 4439 ubi
569 4400 755 4440 omnes
798 4383 1017 4451 perfecti
1057 4390 1215 4451 atque
1241 4384 1408 4437 sancti
1439 4384 1597 4437 futuri
1628 4395 1772 4449 sunt,

226 4476 370 4545 insit
406 4477 530 4533 mitti
568 4478 702 4532 retia
732 4476 791 4529 in
833 4474 1110 4528 dexteram
1142 4482 1379 4541 partem;
1403 4484 1463 4528 et
1489 4475 1627 4543 capti
1655 4482 1780 4529 sunt

221 4568 435 4638 umentes
456 4569 629 4640 pisces
650 4573 872 4621 centum
900 4563 1282 4633 quinquaginta
1313 4573 1440 4628 tres,
1465 4564 1781 4618 mirantibus

204 4660 454 4730 discipulis
479 4658 623 4731 quod
647 4670 782 4712 cum
808 4663 910 4707 tam
940 4652 1119 4721 magni
1138 4661 1338 4718 essent,
1367 4655 1499 4707 retia
1526 4668 1629 4707 non
1657 4664 1781 4709 suat

188 4755 410 4826 disrupta
426 4754 607 4825 (1m.
635 4762 761 4811 ιιι,
799 4746 850 4808 6.
880 4746 997 4813 ll).
1028 4744 1226 4799 llorum
1252 4745 1558 4815 magnitudo
1579 4747 1781 4816 magni-

185 4848 408 4900 tndiimn
459 4841 754 4915 sapientiae
811 4835 1134 4903 iustitimque
1178 4836 1472 4905 signiﬁcat;
1527 4851 1781 4892 numerus

190 4952 329 5000 γεω,
352 4938 517 5003 nam
538 4926 901 4997 disciplinam
929 4933 986 4976 et
1008 4927 1280 4992 temporali
1306 4926 1703 4994 dispensatione
1727 4936 1780 4982 et

197 5043 378 5082 uerus
408 5021 829 5097 regeneratione
857 5014 1171 5085 perlectam,
1198 5031 1354 5085 quain
1377 5016 1607 5081 diximus
1634 5018 1784 5100 quin-

212 5120 504 5188 quagenario
532 5125 769 5170 nutriero
787 5104 1326 5174 commendari.Quia
1356 5109 1497 5162 enim
1527 5117 1651 5163 tunc
1675 5124 1778 5165 non

225 5209 452 5283 aitpr
474 5200 853 5274 eorwtralibos
876 5193 1221 5264 adjumentis,
1253 5204 1308 5251 et
1330 5198 1509 5252 animo
1536 5199 1780 5254 contine-

234 5298 352 5352 bitur
371 5301 493 5353 lides
517 5310 678 5365 atque
702 5287 1006 5362 sapientia;
1036 5285 1159 5355 quia
1179 5286 1358 5340 animo
1384 5289 1671 5342 ternarium
1693 5305 1783 5343 nu-

224 5396 408 5446 ‘Inerant
434 5392 688 5445 tributum
719 5385 976 5444 diximus,
1000 5380 1377 5451 quinquaginta
1407 5379 1652 5434 ducimus
1678 5389 1777 5446 ter,

240 5491 287 5536 et
316 5481 428 5536 lunt
463 5488 679 5535 centum
722 5473 1144 5545 quinquaginta;
1182 5471 1267 5524 cui
1311 5484 1532 5524 numero
1578 5470 1782 5524 trinitas

239 5572 437 5639 additur,
458 5573 577 5642 quia
603 5572 778 5626 omnis
805 5566 895 5619 illa
926 5563 1179 5633 perfectio
1209 5563 1258 5616 in
1290 5562 1501 5616 nomine
1532 5561 1703 5616 Patris
1729 5569 1785 5615 et

239 5661 647 5736 ﬁliietSpiritus
681 5657 859 5717 sancti
887 5662 1198 5709 consecrata
1236 5662 1318 5708 est
1344 5671 1357 5705 :
1388 5655 1455 5707 ita
1494 5652 1625 5705 ﬁunt
1658 5666 1785 5707 cen-

239 5767 330 5812 tun
351 5757 711 5831 quinquaginta
745 5761 888 5819 tres,
912 5743 1011 5819 qui
1036 5760 1280 5807 numerus
1307 5744 1526 5817 piscium
1549 5743 1613 5797 ad
1654 5742 1784 5798 dex-

1605 360 1812 417 LIBER
1849 359 2049 420 UNUS.

3392 373 3470 433 98

1898 482 2065 529 teram
2089 482 2291 545 partem
2316 486 2591 547 captorum
2623 478 2903 537 invenitur.

1891 564 2149 622 LXXXII.
2190 566 2271 622 De
2288 584 2345 622 eo
2361 570 2497 639 quod
2517 572 2755 642 scriptum
2778 584 2851 628 est
2875 590 2895 630 :
2925 572 3095 643 Quem
3129 578 3272 634 enim
3294 578 3469 652 diligit

1957 658 2225 722 Dominus,
2255 660 2511 727 corripit;
2555 660 2782 730 flagellat
2821 674 2999 721 autem
3039 682 3254 724 omnem
3298 671 3465 728 lilium

1953 764 2110 816 quem
2142 749 2329 819 recipit
2354 750 2537 819 (Hebr.
2562 768 2657 818 xu,
2682 754 2758 824 6).
2997 806 3015 815 _

1957 839 2007 893 Ι.
2047 838 2191 894 Multi
2222 852 2610 898 murmurantes
2630 846 2729 899 sub
2756 845 3034 916 disciplina
3065 849 3183 915 Dei,
3212 855 3464 922 qumstio-
3521 907 3531 915 ,

1883 944 2003 982 nem
2032 939 2266 995 movent,
2289 946 2409 985 cum
2440 934 2619 988 vident
2634 934 2807 1021 justus
2827 952 2968 1005 szrpe
2987 953 3175 1008 graves
3193 944 3465 998 molestias

1880 1021 2175 1073 secundum
2206 1020 2341 1076 hanc
2368 1023 2528 1077 vitam
2552 1025 2657 1092 pati
2688 1020 2701 1076 ὲ
2737 1028 2887 1096 quasi
2918 1037 3195 1098 propterea
3226 1032 3356 1087 nihil
3381 1036 3463 1089 eis

1880 1110 2209 1178 prosit'quod
2232 1112 2337 1165 Deo
2365 1115 2618 1177 serviunt,
2637 1116 2757 1181 quia
2780 1118 2860 1171 vel
2880 1132 3194 1175 communes
3220 1122 3459 1189 labores,

1879 1208 2038 1269 atquc
2060 1200 2418 1258 indiﬂ‘erenter
2438 1220 2720 1275 corporum
2741 1220 2898 1278 atque
2922 1210 3238 1268 damnorum
3259 1224 3314 1270 et
3339 1231 3464 1272 con-

1881 1292 2214 1345 tumeliarunt
2241 1302 2663 1366 casteroruntque
2686 1300 2921 1353 onmium
2943 1342 2957 1363 ,
2984 1316 3103 1370 quae
3132 1304 3270 1357 mala
3320 1320 3465 1359 mor-

1880 1383 2014 1435 tales
2053 1392 2256 1452 putant,
2283 1385 2369 1439 vel
2414 1387 2571 1440 etiam
2614 1390 2825 1444 catteris
2867 1393 3154 1461 ampliores
3193 1386 3463 1463 patiuntur

1879 1484 2097 1543 propter
2137 1478 2354 1531 verbum
2412 1478 2502 1531 Dei
2551 1488 2709 1549 atque
2743 1480 2999 1551 justitiam
3025 1500 3191 1554 ,_qua:
3233 1502 3458 1541 onerosa

1880 1568 2223 1636 peccantibus
2245 1569 2295 1621 iu
2325 1569 2442 1639 ejus
2470 1572 2842 1639 praedicatores
2872 1578 3219 1630 tumultuosus
3244 1577 3457 1631 seditio-

1878 1673 1974 1711 nes
2010 1667 2101 1712 aut
2128 1659 2342 1714 insidias
2362 1671 2460 1715 aut
2493 1661 2610 1715 odia
2644 1664 2893 1718 concitat.
2935 1665 3136 1733 Quibus
3164 1667 3455 1735 responde-

1879 1760 1984 1813 tur,
2009 1751 2132 1818 quia
2163 1751 2207 1804 si
2249 1751 2353 1805 vita
2376 1750 2479 1805 ista
2524 1754 2635 1808 sola
2677 1764 2819 1809 esset
2863 1755 3164 1821 hmnimnn,
3192 1765 3283 1811 aut
3319 1757 3488 1813 nihil'

1879 1840 2152 1909 prodesse,
2172 1849 2263 1894 aut
2287 1842 2447 1895 etiam
2472 1857 2663 1897 nocere
2674 1842 2812 1911 justa
2832 1845 2936 1898 vita
2954 1860 3061 1899 non
3081 1860 3459 1917 usquequaque
3499 1864 3511 1879 ί

1876 1931 2425 2009 absurdevideretur.
2452 1933 2763 2004 Quanquam
2793 1952 2897 1990 non
2944 1939 3205 1992 defuerint
3246 1940 3335 2009 qui
3365 1941 3455 2009 ju-

1877 2022 2034 2074 stitiae
2059 2023 2371 2076 suavitatem
2395 2032 2449 2077 et
2487 2024 2751 2079 internum
2778 2027 2893 2095 ejus
2919 2029 3169 2097 gaudium
3195 2044 3314 2083 cum
3333 2046 3458 2083 cor-

1878 2112 2145 2181 poralibus
2170 2113 2417 2167 omnibus
2444 2114 2711 2170 laboribus
2732 2125 2785 2170 et
2807 2118 3066 2171 molestiis
3089 2160 3103 2182 ,
3129 2132 3261 2188 quas
3289 2134 3459 2188 genus

1878 2204 2166 2257 humanum
2208 2219 2304 2273 pro
2350 2205 2655 2260 conditione
2697 2222 2810 2261 sua:
2851 2209 3190 2263 mortalitatis
3236 2211 3450 2278 patitur,

1869 2308 1998 2356 cum
2025 2294 2271 2347 omnibus
2298 2294 2461 2349 etiam
2499 2310 2618 2364 qua:
2641 2306 2857 2364 propter
2882 2297 3050 2365 ipsam
3075 2299 3376 2365 justititiam
3400 2300 3453 2354 in

1872 2399 1970 2439 eos
2004 2386 2092 2454 qui
2131 2384 2513 2454 justevivunt,
2558 2386 2969 2455 injuriosissime
2995 2390 3291 2459 cogitantur
3314 2391 3354 2456 ',
3386 2390 3456 2446 ita

1871 2484 2305 2544 compensarem,
2333 2484 2390 2529 ut
2426 2484 2755 2545 sequestrata
2783 2491 2877 2545 spe
2904 2475 3095 2532 futura:
3122 2475 3458 2548 viuejucun-

1874 2565 1993 2619 dius
2013 2574 2069 2619 et
2094 2566 2262 2620 hetius
2289 2582 2396 2636 prae
2419 2581 2602 2622 amore
2620 2568 2853 2622 veritatis
2872 2576 3270 2639 torquerentur,
3293 2586 3453 2641 quam

1875 2655 2128 2709 luxuriosi
2153 2672 2260 2724 pra:
2287 2656 2579 2726 cupiditate
2602 2657 2875 2713 ebrietatis
2902 2659 3205 2728 epulentur.

1943 2745 1998 2799 2.
2042 2744 2144 2800 Sed
2168 2746 2232 2801 iis
2262 2755 2441 2802 tamen
2480 2748 2568 2817 qui
2599 2757 2785 2816 putant
2810 2750 3066 2818 injustam
3100 2752 3263 2804 Deum
3289 2792 3304 2815 ,
3334 2768 3457 2809 cum

1870 2834 2112 2904 justosin
2142 2835 2415 2889 doloribus
2457 2846 2509 2890 et
2543 2837 2810 2892 laboribus
2848 2839 3057 2903 vident,
3094 2850 3186 2893 aut
3228 2850 3372 2896 certe
3409 2843 3455 2897 si

1874 2939 1981 2978 non
2005 2923 2470 2993 audentinjustum
2501 2926 2663 2980 Deum
2690 2927 2888 2994 dicere,
2938 2930 3021 2984 vel
3064 2944 3152 2984 res
3197 2930 3458 2988 humanas

1875 3028 2188 3069 noncurare
2214 3016 2555 3081 arbitrantur,
2588 3018 2669 3072 vel
2696 3020 2861 3073 semel
2890 3021 3139 3076 statuisse
3166 3025 3458 3078 necessita-

1871 3114 1958 3159 tes
1984 3105 2236 3171 latorum,
2262 3118 2445 3161 contra
2467 3124 2597 3177 quas
2619 3126 2715 3164 nec
2741 3110 2852 3179 ipse
2869 3112 3070 3181 aliquid
3102 3113 3244 3177 facit,
3275 3131 3339 3169 ne
3371 3116 3459 3170 or-

1874 3196 2053 3249 dinem
2096 3211 2277 3251 rerum
2317 3214 2346 3250 a
2396 3214 2455 3252 se
2490 3200 2804 3268 dispositum
2843 3202 3191 3256 inconstantia
3244 3205 3457 3259 turbare

1873 3287 2153 3350 credatur;
2198 3295 2289 3340 aut
2322 3288 2517 3356 aliquid
2545 3290 2684 3341 aliud
2711 3292 3015 3359 opinantur,
3042 3294 3182 3362 quod
3225 3296 3364 3348 Deus
3402 3296 3455 3349 in

1874 3378 2051 3447 aliquo
2085 3378 2346 3431 invalidus
2389 3394 2493 3431 non
2537 3380 2702 3447 possit
2723 3397 2751 3431 a
2788 3383 2944 3447 justis
2972 3384 3069 3452 ista
3104 3386 3239 3438 mala
3274 3387 3456 3455 prohi-

1875 3466 2005 3522 bere
2036 3485 2049 3518 :
2080 3465 2364 3520 dicendum
2394 3475 2476 3521 est
2506 3468 2700 3521 nullam
2728 3467 2893 3525 fuisse
2928 3470 3158 3524 futuram
3196 3468 3453 3540 justitiam

1876 3559 1929 3612 in
1962 3558 2283 3621 hominibus,
2310 3558 2353 3611 si
2377 3557 2743 3612 reshmnanas
2772 3574 2876 3611 non
2898 3570 3110 3614 curaret
3144 3563 3295 3614 Dens.
3321 3564 3453 3629 Quia

1876 3652 2053 3706 omnis
2086 3651 2184 3705 ista
2209 3651 2482 3704 hominum
2510 3650 2733 3719 justitia,
2761 3665 2917 3720 quam
2945 3661 2998 3705 et
3038 3660 3219 3705 tenere
3251 3652 3462 3707 animus

1880 3740 2144 3796 humanus
2169 3751 2311 3795 recte
2332 3738 2574 3795 faciendo
2594 3749 2787 3811 potest,
2815 3749 2869 3795 et
2895 3744 3163 3809 peccando
3190 3745 3459 3807 amittere.

1879 3848 1985 3887 non
2012 3831 2409 3903 imprimeretur
2431 3831 2645 3897 animae,
2669 3830 2769 3884 nisi
2798 3840 2942 3885 esset
2968 3832 3140 3903 aliqua
3172 3832 3465 3888 incommué

1881 3924 2058 3978 labilis
2076 3922 2278 3993 justitia
2299 3963 2315 3989 ,
2346 3937 2464 3991 qua:
2492 3922 2693 3992 integra
2724 3921 3051 3978 inveniretur
3075 3943 3104 3977 a
3126 3925 3284 3995 justis
3301 3968 3317 3992 ,
3339 3942 3460 3981 cum

1879 4015 1946 4069 ad
1972 4030 2090 4069 eam
2119 4021 2591 4080 converterentur;
2620 4014 2821 4083 integra
2860 4014 3249 4085 relinqueretur
3274 4034 3302 4071 a
3340 4034 3465 4086 pec-

1880 4107 2138 4165 Cantihus.
2168 4120 2290 4159 cum
2322 4106 2389 4158 ab
2409 4105 2525 4171 ejus
2561 4105 2763 4160 lumine
2800 4116 3187 4163 averterentur.
3219 4109 3347 4177 Qua:
3380 4110 3467 4176 ju-

1882 4198 2021 4250 stitia
2050 4196 2497 4251 incommutabilis
2528 4196 2708 4266 utique
2757 4197 2846 4250 Dei
2871 4206 2956 4252 est
2975 4200 3018 4264 ',
3051 4215 3150 4255 nec
3178 4216 3294 4254 eam
3337 4217 3460 4269 por-

1883 4270 2078 4355 rigeret
2105 4286 2170 4338 ad
2197 4285 2535 4339 illustrandos
2560 4286 2623 4339 ad
2654 4302 2711 4340 se
2731 4288 3041 4354 conversos,
3066 4291 3108 4342 si
3150 4306 3237 4345 res
3254 4291 3467 4358 ,buma-

1883 4395 1979 4433 nas
2019 4394 2122 4430 non
2160 4388 2391 4431 curaret.
2418 4377 2473 4432 Si
2530 4393 2659 4431 vero
2700 4387 2977 4446 propterea
3031 4382 3209 4447 gravia
3265 4385 3464 4450 perpi-ti

1879 4468 2051 4537 justas
2081 4467 2282 4520 sineret
2306 4466 2348 4532 ³,
2372 4467 2494 4535 quia
2522 4475 2705 4519 contra
2736 4467 2978 4520 ordinem
3009 4483 3185 4521 rerum
3217 4485 3244 4521 a
3276 4486 3334 4523 se
3360 4471 3469 4523 dis-

1888 4558 2117 4628 positum
2166 4557 2331 4612 nollet
2365 4558 2574 4619 venire,
2618 4570 2719 4611 nec
2762 4558 2879 4626 ipse
2913 4558 3092 4626 justus
3135 4558 3325 4623 esset;
3363 4575 3467 4613 non

1884 4649 2004 4719 quia
2031 4649 2438 4718 dispositionem
2465 4663 2616 4703 suam
2645 4662 2859 4702 servare
2904 4648 3053 4713 vult,
3091 4651 3183 4704 sed
3232 4651 3351 4719 quia
3399 4652 3467 4705 ita

1883 4740 2145 4810 disposuit
2165 4742 2334 4810 ipsum
2363 4740 2604 4795 ordinem
2628 4755 2806 4795 rerum
2833 4780 2848 4806 ,
2887 4749 2947 4795 ut
2992 4741 3269 4797 immeritis
3300 4744 3471 4811 prunis

1879 4831 2342 4900 justial'lligantur.
2367 4830 2421 4884 ln
2449 4830 2627 4899 aliquo
2652 4841 2826 4884 autem
2855 4833 3016 4885 Deum
3037 4847 3156 4885 esse
3181 4834 3463 4888 invalidum

1884 4922 1950 4975 ad
1965 4923 2269 4991 repellenda
2288 4924 2423 4975 ntala
2440 4922 2697 4991 quaajusti
2721 4924 3010 4991 patiuntur,
3030 4924 3267 4992 quisquis
3286 4926 3471 4991 Opina-

1885 5026 1992 5080 tur,
2012 5014 2131 5068 ideo
2144 5012 2358 5081 desipit.
2377 5013 2498 5083 quia
2517 5028 2624 5066 non
2643 5012 2903 5083 intelligit,
2923 5013 3059 5067 sicut
3077 5012 3221 5067 nefas
3237 5023 3317 5067 est
3336 5014 3472 5082 inju—

1883 5116 2025 5163 stum
2045 5106 2209 5159 Deum
2225 5104 2421 5170 dicere,
2440 5106 2510 5159 ita
2528 5103 2674 5159 nefas
2689 5118 2807 5158 esse
2824 5106 3236 5174 omnipotentem
3256 5122 3469 5175 negare.

1957 5200 2011 5253 5.
2050 5197 2253 5264 Quibus
2281 5209 2376 5265 pro
2401 5204 2639 5264 tempore
2679 5203 2938 5265 suscepta:
2966 5196 3274 5264 qua'stionis
3304 5196 3471 5250 brevi-

1887 5299 1971 5345 ter
1998 5287 2320 5352 constitutis,
2349 5287 2472 5356 quia
2507 5295 2562 5341 et
2588 5286 2757 5355 ipsum
2807 5286 2971 5341 Deum
3009 5296 3059 5341 et
3082 5286 3285 5355 justum
3314 5295 3474 5356 atque

1888 5382 2307 5451 omnipotentem
2354 5392 2495 5444 esse,
2542 5375 3005 5447 perniciosissima:
3051 5376 3341 5446 iniquitatis
3392 5385 3476 5433 est

1950 5482 1967 5513 ι
1993 5488 2113 5529 'n-es
2131 5484 2261 5536 uss,
2284 5477 2600 5527 concitantur.

1948 5544 1969 5574 ¹
1992 5549 2113 5590 'I‘res
2131 5548 2219 5588 Mss
2242 5573 2258 5598 ,
2286 5547 2415 5589 Deus
2436 5545 2522 5588 est.
3073 5567 3079 5573 ι
3271 5595 3278 5598 _
3492 5560 3495 5567 ε

1950 5604 1972 5635 ³
1996 5609 2069 5651 Er.
2084 5609 2136 5650 et
2152 5595 2261 5649 nov.
2281 5612 2375 5649 non
2396 5600 2603 5659 sineret;
2620 5607 2670 5648 et
2707 5598 2843 5658 intra,
2868 5611 3059 5649 servare
3077 5610 3170 5646 non
3202 5595 3297 5645 vult
3325 5598 3473 5657 :qui-

1887 5668 1980 5716 bus
2000 5665 2189 5714 duobus
2208 5662 2329 5713 locis
2350 5662 2581 5724 particula
2601 5674 2788 5723 negans
2813 5674 2837 5709 a
2862 5659 3027 5724 multis
3062 5659 3330 5707 Mssabest
3360 5664 3414 5706 et
3445 5671 3479 5706 at

1888 5736 1986 5777 ttat.
2018 5752 2078 5765 ——
2112 5733 2259 5784 Quam
2302 5721 2483 5775 habent
2524 5731 2596 5771 Er.
2632 5721 2738 5772 ter.
2767 5721 2911 5783 Lugd.
2954 5728 3007 5769 et
3044 5729 3189 5779 νειμ,
3234 5727 3283 5769 ut
3324 5725 3396 5767 l-Lr.
3422 5726 3476 5770 et
3568 5764 3575 5772 .

1888 5798 1997 5842 Iov.
2060 5794 2138 5837 ιι·
