1971 3208
253 165 289 192 π
472 160 517 188 DE
536 156 691 187 DIVERSIS
709 154 968 191 QUASSTIONIBUS
987 155 1127 189 LXXXIII,
1147 155 1176 183 S.
1198 155 1381 184 AUGUSTINI
1402 156 1503 183 LIBER
1523 155 1622 184 UNUS.

252 219 393 250 dubitare;
405 216 476 245 nulla
494 223 573 242 causa
587 213 750 249 probabilior
768 213 899 244 occurrit,
916 220 964 238 cur
976 211 1041 246 justi

255 265 377 292 homines
394 262 514 289 laborent
534 260 691 295 plerumque
710 259 736 285 in
751 258 807 285 .hac
826 257 879 284 vita
891 277 899 290 ,
915 257 965 283 nisi
980 257 1040 291 quia

255 310 307 337 hoc
319 309 358 335 eis
368 306 483 341 expedit.
498 305 557 332 Alia
570 310 611 331 est
627 304 697 331 cnim
717 311 775 337 qua:
798 309 868 329 nunc
887 307 927 328 est
941 302 1042 335 jnstitia

255 355 391 381 hominum
404 352 436 378 ad
451 350 630 385 recipiendam
643 349 831 383 sempiternam
844 347 957 375 salutem
969 368 977 379 ,
991 347 1042 373 alia

255 405 319 426 tunc
330 399 354 424 in
365 396 488 431 paradiso
499 394 634 423 constituti
651 394 765 421 hominis
780 401 838 420 esse
853 392 943 420 debuit
958 393 990 419 ad
1005 400 1043 419 re-

255 443 391 471 tinendam
408 447 436 469 et
453 449 505 468 non
524 440 695 468 amittendam
716 439 836 466 eamdetn
856 439 1042 472 sempiternam

253 489 377 517 salutem.
389 487 462 515 Sicut
478 486 548 513 enim
561 483 663 520 justitia
679 485 725 512 Dei
737 488 778 511 est
791 484 864 511 utilia
879 484 1023 518 principere
1034 504 1041 515 ,

254 539 283 562 et
294 532 507 561 inobetlientibus
520 538 621 566 pinnas,
633 530 819 557 obcdientibus
831 534 920 556 autem
936 530 1043 564 pra-mia

254 577 480 610 distribuere;ita
490 576 592 611 justitia
611 580 653 603 est
673 575 798 607 hominis,
814 575 956 609 praeceptis
971 574 1044 601 utili-

255 624 306 651 bus
317 624 437 651 obedire.
451 621 502 649 Sed
518 621 642 656 quoniam
655 621 695 647 sic
707 624 748 647 est
760 620 785 646 in
795 620 885 646 animo
900 619 1043 648 beatitudo.

255 675 285 697 ut
297 670 323 696 in
337 676 449 703 corpore
461 668 560 694 sanitas
573 675 580 693 :
591 665 814 701 quemadmodum
827 665 853 692 in
867 665 924 699 ipso
934 672 1046 699 corpore

255 716 306 742 alia
321 714 473 750 pnecipitur
483 712 623 744 medicina,
636 720 670 738 ne
681 711 749 738 bona
761 711 886 738 valetudo
898 711 1044 742 amittatur,

256 762 308 789 alia
323 768 387 788 vero
399 780 407 794 ,
422 764 452 787 ut
473 759 570 786 amissa
584 763 772 793 recuperatur;
795 758 834 784 sic
852 757 879 783 in
898 762 953 783 toto
975 760 1045 784 statu

257 806 384 838 hominis,
400 805 451 831 alia
467 809 529 831 tunc
539 808 671 838 praecepta
684 802 747 829 data
766 806 829 829 sunt
842 822 849 833 ,
864 809 898 829 ne
911 802 1047 828 amitteret

257 850 486 878 immortalitatem
502 869 511 882 ,
534 848 585 875 alia
606 855 676 875 nunc
704 847 912 882 prtecipiuntur,
937 853 965 874 ut
986 854 1045 874 eam

256 895 377 931 recipiat.
405 894 439 921 Et
464 895 532 921 sicut
554 894 581 920 in
608 893 759 920 Valetudine
781 893 921 927 corporis,
941 893 1047 927 si»quis

256 940 397 976 praeceptis
419 940 515 967 medici
529 960 537 972 ,
554 939 649 973 quibus
662 938 755 966 eadem
771 938 839 966 bona
863 937 986 964 valetudo
999 946 1047 964 cu-

257 986 395 1014 stodienda
409 990 460 1018 est,
473 993 525 1012 non
537 983 744 1018 obtemperando
758 984 783 1010 in
797 979 1046 1018 aliquem'morhnm

258 1031 399 1063 inciderit,
413 1031 509 1065 accipit
521 1031 571 1057 alia
587 1033 715 1064 praecepta
730 1033 758 1055 ut
772 1029 858 1056 sanari
874 1029 972 1063 possit;
988 1036 1048 1063 qua:

259 1087 333 1113 saepe
352 1087 404 1105 non
423 1078 575 1109 sufﬁciunt,
588 1077 609 1103 si
628 1076 687 1102 talis
707 1080 748 1102 est
770 1076 894 1107 morbus,
909 1075 957 1101 nisi
973 1075 1048 1101 adhi-

256 1124 371 1152 beantur
380 1132 395 1151 a
404 1123 507 1150 medico
515 1122 634 1157 qmedam
643 1120 782 1155 adjutoria.
792 1121 946 1155 plerumque
954 1127 1047 1153 aspera

256 1175 284 1198 et
296 1170 403 1197 dolores
418 1168 585 1202 importantia
597 1187 605 1198 ,
619 1174 679 1201 qua:
695 1172 784 1193 tamen
798 1166 886 1193 valent
896 1166 929 1191 ad
943 1172 1050 1198 recupe-

257 1215 368 1242 randam
384 1215 495 1241 salutem
506 1221 514 1242 ;
526 1212 595 1238 unde
609 1211 637 1238 Iit
651 1216 679 1237 ut
693 1212 788 1243 homo,
803 1211 922 1245 quamvis
933 1210 988 1244 jam
1002 1210 1050 1236 ob-

258 1265 410 1294 temperans
433 1257 551 1289 medico,
577 1257 691 1290 patiatur
713 1260 800 1282 tamen
820 1255 907 1282 adhuc
925 1254 1047 1286 dolores,

257 1312 311 1331 non
332 1303 418 1331 solum
441 1302 474 1329 de
498 1302 555 1336 ipso
578 1301 671 1327 morbo
692 1300 808 1327 nondum
829 1304 932 1330 sanato,
955 1307 1048 1326 verum

257 1349 339 1376 etiam
353 1349 386 1376 de
396 1348 527 1381 adjutorio
542 1346 680 1373 medicina:
694 1355 701 1371 :
714 1346 748 1372 ita
763 1345 842 1371 homo
854 1352 901 1379 per
912 1348 1048 1379 peccatum

259 1394 352 1428 lapsus
367 1394 392 1420 in
407 1393 485 1427 hujus
501 1392 561 1418 vitae
581 1391 728 1417 morbidam
741 1395 767 1417 et
782 1390 963 1417 calamitosam
980 1397 1051 1417 mor-

259 1441 387 1467 talitatem
397 1459 404 1470 ,
419 1438 480 1473 quia
499 1438 583 1471 primo
603 1440 736 1470 praecepto
751 1435 935 1469 obtemperare
950 1434 1049 1466 noluit,

258 1493 311 1520 quo
326 1484 513 1518 sempiternam
536 1481 681 1508 custodiret
694 1488 724 1507 ac
739 1486 841 1507 teneret
859 1480 970 1506 salutem
983 1500 991 1512 ,
1009 1488 1051 1506 sc-

259 1529 346 1558 cunda
370 1533 500 1563 praecepta
520 1535 590 1561 aeger
603 1526 724 1560 accepit,
744 1525 842 1560 quibus
862 1526 1051 1559 obtemperans

257 1577 313 1611 jam
337 1575 442 1609 quidem
464 1581 516 1601 non
540 1573 655 1600 absurde
675 1572 770 1599 dicitur
789 1572 860 1605 juste
881 1571 986 1604 vivere,
1002 1571 1051 1599 sed

259 1626 349 1648 tamen
366 1619 500 1647 molestias
514 1626 581 1654 quas
597 1618 703 1652 patitur,
714 1618 755 1644 vel
766 1617 799 1644 de
812 1618 870 1652 ipso
885 1618 978 1644 morbo
989 1626 1052 1644 non-

259 1666 323 1693 dum
336 1669 428 1692 sanato
442 1664 549 1697 patitur,
574 1662 618 1690 vol
637 1662 670 1690 de
692 1662 823 1696 adjutorio
839 1661 988 1689 medicinae.
1002 1662 1050 1690 Cui

257 1711 391 1746 adjutorio
407 1710 549 1745 deputatur
565 1708 636 1744 quod
656 1708 784 1741 scriptum
806 1712 862 1740 est,
883 1707 963 1741 Quem
984 1708 1049 1734 enim

259 1756 342 1791 diligit
358 1755 491 1786 Dominus,
505 1753 629 1786 corripit;
639 1752 753 1787 ﬂagellat
766 1756 849 1779 autem
862 1760 958 1778 omnem
970 1752 1050 1785 [ilium

257 1809 330 1836 quem
343 1800 441 1834 recipit.
460 1799 510 1831 Qui
528 1806 593 1825 vero
607 1805 659 1824 non
680 1797 893 1830 obtemperantes
910 1797 1050 1831 prazceptis

258 1844 440 1872 saluberrimis
453 1844 542 1877 inique
558 1843 658 1874 vivunt,
676 1847 773 1876 augent
784 1841 863 1869 etiam
875 1846 956 1875 atque
968 1841 1048 1868 etiam

257 1890 367 1917 morbos
377 1896 440 1916 suos
453 1897 459 1914 :
472 1892 499 1915 et
513 1892 559 1914 aut
570 1895 602 1913 ex
616 1887 680 1920 ipsis
694 1887 828 1920 patiuntur
841 1886 1049 1913 innumerabiles

258 1936 425 1963 miseriarum
445 1934 550 1960 labores
574 1932 734 1966 doloresque
754 1932 834 1958 etiam
860 1931 885 1958 in
909 1931 958 1957 hac
977 1931 1048 1963 vita;

258 1986 305 2008 aut
319 1980 403 2015 pinnis
418 1987 523 2014 quoque
538 1977 674 2009 adhibitis,
690 1981 718 2003 ut
730 1977 800 2011 quod
813 1984 907 2003 sanum
923 1984 975 2003 non
991 1981 1048 2009 est,

258 2030 381 2061 tangatur
394 2030 421 2052 et
434 2025 535 2054 doleat,
550 2023 575 2049 it.
596 2030 648 2056 quo
668 2023 738 2049 tnalo
758 2022 826 2053 sint,
841 2021 1050 2048 tnisericorditcr

258 2071 445 2100 admonentur,
469 2073 497 2095 ut
516 2068 549 2095 ad
566 2066 724 2094 medicinam
744 2067 865 2094 conversi
880 2075 925 2101 per
937 2067 1048 2101 gratiam

262 2115 309 2142 Dei
330 2114 387 2141 sani
403 2114 475 2140 ﬁant.
487 2113 551 2146 Qua:
574 2112 661 2138 omnia
685 2112 706 2138 si
728 2111 955 2145 contempserint,
970 2111 996 2139 id
1009 2116 1050 2138 est

259 2163 390 2195 praecepta
403 2158 543 2185 verborum
561 2158 568 2172 '
584 2161 611 2184 et
629 2157 764 2189 dolorum,
773 2156 871 2190 justam
898 2160 958 2190 post
981 2156 1050 2183 hanc

258 2207 338 2232 vitam
353 2205 541 2239 sempiternam
555 2202 753 2229 damnationem
772 2202 956 2229 merebuntur.
972 2200 1048 2228 Ideo-

258 2258 311 2285 que
325 2250 366 2277 ille
380 2252 466 2284 potest
480 2248 569 2275 dicere
582 2247 679 2281 injuste
696 2246 745 2274 ista
760 2246 815 2273 ﬁeri
826 2266 833 2277 ,
848 2246 892 2280 qui
907 2245 992 2272 solam
1007 2246 1048 2272 vi-

258 2301 312 2323 tam
328 2295 478 2324 mortalem,
493 2301 571 2327 quatit
586 2300 655 2319 nunc
667 2292 770 2326 agimus
781 2312 787 2322 ,
803 2299 862 2318 esse
875 2291 1047 2324 existimans,

258 2350 316 2376 qum
331 2341 455 2366 divinitus
472 2339 595 2373 pr:l:(IICl.'t
610 2343 671 2363 sunt
686 2337 773 2363 futura
795 2345 847 2363 non
866 2337 967 2369 credit,
984 2344 1047 2371 pen.

290 2398 298 2411 ¹
311 2396 343 2419 Ad
353 2396 486 2426 marginem
499 2399 557 2423 Itat.,
566 2393 698 2418 verberum.

261 2438 1883 2468 HW
455 2441 579 2464 :’
592 2440 710 2443 ’“’“”“⁷
855 2439 865 2441 ”
883 2439 890 2441 ⁷
917 2440 922 2441 ⁷
1031 2438 1090 2441 ωψ
1123 2439 1657 2462 -ζέᾲζῖζζξέῖζῖμμέῖζῖζ-μ

484 2439 1095 2564 sesumam

1833 159 1886 187 100

1094 219 1172 238 surus
1186 213 1338 246 gravissima
1353 212 1479 247 supplicia
1495 213 1698 248 perseverantitn
1712 219 1886 248 peccatorum

1095 261 1175 291 atque
1191 257 1353 285 inﬁdelitatis
1367 265 1433 284 suze.

1094 303 1235 331 LXXXIII.
1257 303 1295 330 De
1316 304 1447 338 conjugio,
1463 304 1488 330 in
1507 311 1536 330 eo
1557 302 1624 339 quod
1641 302 1761 331 Dominus
1783 305 1819 331 ait
1833 312 1843 331 :
1858 305 1886 332 Si

1129 350 1189 383 quis
1206 349 1336 377 dimiserit
1356 356 1465 376 uxorem
1480 356 1554 376 suam
1565 369 1572 378 .
1586 352 1694 384 excepta
1709 357 1789 377 causa
1803 350 1889 377 l'orni-

1129 394 1250 426 cationis,
1265 400 1312 421 etc.
1328 395 1434 429 (Matth.
1450 403 1477 426 ν,
1489 395 1545 429 52).

1130 439 1158 466 Si
1173 440 1302 467 Dominus
1312 440 1475 467 dimittenda:
1488 440 1608 474 conjugis
1618 440 1699 467 solatn
1711 448 1819 468 causam
1836 440 1891 467 t‘or-

1096 484 1235 512 nicationis
1258 485 1389 518 admittit,
1411 490 1438 513 et
1461 493 1590 519 paganum
1614 486 1764 520 conjugium
1789 486 1891 513 dimitti

1096 537 1148 555 non
1164 529 1301 564 prohibet,
1313 537 1478 564 consequens
1492 535 1533 557 est
1546 534 1574 557 ut
1588 531 1757 564 paganismus
1769 530 1890 557 fornica-

1097 575 1133 602 tio
1154 575 1296 609 deputetur
1318 576 1337 601 ¹.
1353 575 1442 602 Solam
1465 580 1551 602 autem
1575 576 1755 602 fornicationis
1779 583 1890 602 causam

1097 624 1234 653 exceptam
1249 619 1335 647 facere
1348 620 1487 647 Dominum
1498 640 1505 651 ,
1521 627 1580 647 cum
1599 619 1631 647 de
1648 619 1803 647 dimittenda
1823 627 1891 647 con-

1094 664 1158 699 juge
1180 665 1296 699 loquitur
1316 665 1342 691 in
1366 665 1524 699 Evangelia,
1540 664 1710 691 manifestum
1732 670 1784 692 cst.
1801 664 1890 700 Paga-

1098 717 1160 736 num
1176 717 1239 736 vero
1259 710 1409 744 conjngium
1436 710 1497 737 hinc
1519 718 1570 736 non
1595 709 1751 744 prohibetur
1773 710 1889 742 dimitti.

1097 756 1158 791 quia
1180 763 1240 783 cum
1265 757 1407 790 Apostolus
1428 756 1462 783 de
1482 756 1531 782 hac
1551 764 1579 783 re
1596 756 1733 782 consilium
1754 755 1848 788 daret,
1864 762 1893 783 ut

1099 802 1184 829 ﬁdelis
1197 802 1328 829 volentem
1342 810 1432 830 secum
1445 809 1505 829 esse
1519 802 1658 834 coniugem
1671 801 1821 833 inﬁdelem,
1839 810 1891 829 nun

1097 847 1227 880 dimittat,
1251 848 1304 880 ait,
1320 847 1377 882 Ego
1397 849 1469 879 dico,
1483 856 1534 874 non
1556 847 1680 874 Dominus
1693 852 1741 874 :nt
1761 848 1893 875 Dominus

1099 893 1267 928 intelligatur,
1284 902 1335 921 non
1347 894 1451 928 quidem
1462 894 1556 927 jubere
1571 898 1599 919 ut
1609 893 1767 925 dimittatur,
1782 900 1818 920 ne
1829 900 1893 920 con-

1100 944 1139 966 tra
1159 940 1261 973 jussum
1279 939 1337 973 ejus
1358 939 1495 965 consilium
1511 939 1574 966 dare
1596 938 1717 965 videatur
1730 938 1891 972 Ap0stolus,

1099 983 1146 1010 sed
1160 989 1246 1010 tamen
1261 984 1427 1017 permittere;
1440 987 1469 1009 ut
1484 991 1561 1010 nemo
1573 983 1598 1009 in
1613 990 1643 1009 ea
1657 990 1687 1009 re
1699 982 1830 1017 jussionis
1845 991 1893 1009 ne-

1100 1029 1223 1055 cessitate
1235 1033 1364 1060 teneatur,
1381 1028 1426 1055 sed
1437 1028 1539 1055 consilii
1554 1028 1689 1055 voluntate
1702 1028 1785 1055 libere
1800 1027 1893 1054 faciat.

1102 1073 1286 1101 Verumtamen
1303 1075 1324 1100 si
1335 1074 1472 1108 quisquam
1484 1079 1583 1100 asserat
1596 1074 1678 1100 solam
1692 1074 1762 1100 illam
1777 1073 1895 1100 fornica-

1102 1119 1199 1146 tionem
1223 1119 1361 1146 Dominum
1384 1119 1524 1146 admittere
1543 1119 1574 1145 ad
1589 1127 1695 1146 causam
1711 1120 1894 1154 rellnqucndm

1101 1164 1236 1199 conjugis,
1258 1173 1317 1199 qm:
1335 1166 1414 1199 vulgo
1435 1165 1531 1191 dicitur
1552 1166 1707 1198 fornicatio,
1722 1165 1748 1192 id
1767 1171 1809 1192 est
1837 1174 1895 1200 qua:

1101 1211 1241 1238 concubitu
1258 1211 1347 1238 illicito
1361 1214 1528 1245 perpetratur‘
1542 1220 1548 1236 :
1562 1211 1611 1238 hoc
1624 1216 1711 1246 potest
1726 1211 1827 1244 dicere,
1843 1212 1894 1238 Dn-

1102 1257 1218 1288 mimnn,
1232 1264 1291 1283 cum
1311 1256 1344 1283 de
1357 1256 1406 1283 hac
1424 1264 1454 1283 re
1469 1256 1633 1291 loqueretur,
1649 1256 1682 1283 de
1696 1251 1808 1292 utroque
1825 1258 1894 1284 tichi

1101 1302 1215 1333 dixisse,
1229 1307 1255 1329 ct
1268 1302 1362 1329 marito
1374 1306 1402 1328 et
1416 1310 1498 1328 uxore
1508 1322 1515 1334 ,
1531 1307 1560 1328 ut
1581 1303 1602 1329 si
1624 1302 1703 1330 ambo
1717 1303 1807 1330 tideles
1823 1304 1893 1333 sint,

1103 1348 1189 1374 neutri
1205 1347 1282 1374 liccat
1296 1348 1407 1374 alterum
1428 1347 1578 1381 relinquere
1589 1368 1595 1378 ,
1611 1347 1660 1374 nisi
1681 1354 1759 1374 causa
1780 1347 1895 1375 fornica-

1104 1393 1198 1424 tionis;
1211 1393 1253 1419 ubi
1269 1401 1320 1419 non
1333 1397 1418 1425 potest
1426 1393 1596 1427 paganismus
1609 1392 1720 1426 intelligi
1730 1413 1736 1424 ,
1748 1393 1807 1426 quia
1820 1398 1895 1419 liter-

1102 1446 1154 1472 que
1167 1438 1251 1465 ﬁdelis
1263 1444 1313 1465 est.
1329 1438 1373 1465 Sic
1387 1438 1456 1464 enim
1477 1443 1503 1464 et
1519 1438 1662 1471 Apostolus
1676 1437 1778 1464 videtur
1797 1438 1895 1464 distin-

1101 1491 1183 1517 guere
1195 1503 1202 1516 ,
1217 1491 1277 1510 cum
1289 1483 1326 1509 ait
1340 1491 1346 1508 :
1360 1482 1408 1508 llis
1418 1488 1500 1509 autem
1515 1483 1557 1517 qui
1576 1483 1601 1508 in
1621 1483 1738 1517 conjugio
1755 1487 1813 1508 sunt
1829 1491 1896 1516 pra:-

1102 1529 1168 1564 cipio
1177 1549 1185 1561 ,
1200 1537 1250 1555 non
1264 1537 1308 1564 ego
1318 1549 1326 1562 ,
1340 1529 1383 1555 ml
1397 1528 1520 1555 Dominus
1529 1549 1537 1561 ,
1549 1536 1652 1555 uxorem
1661 1536 1677 1554 ιι
1686 1529 1739 1555 viro
1751 1536 1801 1554 non
1811 1529 1895 1555 disce-

1103 1575 1176 1605 dere;
1187 1574 1254 1609 quod
1266 1575 1287 1601 si
1301 1574 1444 1605 recesserit,
1460 1582 1561 1600 manere
1572 1575 1705 1608 innuptam
1714 1595 1720 1605 ,
1733 1578 1777 1599 aut
1787 1574 1842 1600 viro
1852 1583 1896 1600 suo

1103 1619 1271 1646 reconciliari.
1287 1619 1335 1647 Ubi
1352 1619 1431 1646 etiam
1457 1618 1611 1653 intelligitur
1632 1618 1703 1653 quod
1727 1619 1750 1645 si
1774 1626 1828 1645 una
1852 1619 1895 1646 illa

1103 1672 1253 1699 causa,qua
1270 1665 1325 1692 sola
1341 1665 1448 1692 relectio
1461 1664 1575 1699 conjugii
1591 1663 1761 1698 permittiturl
1775 1656 1894 1691 muliera

1103 1711 1162 1737 viro
1185 1710 1341 1742 recesserit,
1365 1710 1474 1744 innupta
1496 1716 1667 1743 perseverare
1694 1709 1854 1736 debetzaut
1873 1710 1894 1736 si

1103 1764 1132 1782 se
1148 1764 1199 1782 non
1214 1756 1347 1788 continet,
1364 1755 1420 1782 viro
1433 1756 1520 1789 potius
1534 1754 1698 1782 reconciliari
1713 1755 1753 1782 vel
1771 1760 1895 1782 correcto

1103 1801 1143 1828 vel
1168 1805 1240 1827 certe
1264 1800 1416 1832 tolerando,
1432 1808 1510 1834 quam
1535 1800 1610 1826 alteri
1634 1800 1743 1827 nubere.
1767 1800 1896 1834 Sequitur

1103 1851 1207 1877 autent,
1222 1850 1249 1872 et
1260 1845 1337 1877 dicit,
1354 1845 1387 1872 Et
1407 1846 1443 1872 uir
1460 1853 1564 1872 uxorem
1574 1853 1623 1871 non
1636 1845 1766 1871 dimittat:
1779 1845 1896 1872 breviter

1103 1892 1224 1918 eamdem
1241 1892 1351 1924 formam
1367 1892 1492 1919 iutimans
1506 1892 1530 1918 in
1545 1892 1600 1918 viro
1610 1912 1617 1924 ,
1633 1899 1711 1926 quam
1724 1892 1896 1926 przecipiebat

1104 1936 1130 1963 in
1146 1928 1259 1963 femina:
1268 1937 1368 1969 Quibus
1387 1944 1419 1963 ex
1432 1941 1565 1970 pra-cepto
1588 1937 1690 1963 Domini
1705 1937 1848 1964 insinuatis
1861 1937 1894 1964 ita

1103 1983 1222 2017 sequitur
1236 1991 1243 2009 :
1258 1983 1360 2009 (laeteris
1378 1988 1461 2009 autem
1482 1991 1527 2017 ego
1548 1983 1604 2008 diro
1614 2003 1621 2013 ,
1636 1991 1685 2009 non
1708 1982 1832 2009 Dominus
1842 2004 1849 2014 ,
1865 1983 1896 2009 Si

1103 2028 1157 2062 quis
1168 2029 1246 2062 frater
1257 2028 1330 2054 habet
1344 2036 1448 2054 uxorem
1460 2027 1586 2061 inﬁdelem
1596 2048 1603 2059 ,
1618 2033 1640 2054 et
1651 2029 1703 2054 [nec
1716 2028 1838 2054 consentit
1850 2028 1892 2053 Ita~

1103 2072 1182 2099 ln'tare
1196 2081 1251 2098 cum
1271 2073 1315 2099 illo
1325 2093 1332 2105 ,
1348 2080 1398 2099 non
1417 2073 1526 2098 dimittat
1540 2073 1611 2098 illum
1623 2081 1632 2099 :
1642 2077 1666 2098 et
1684 2072 1774 2099 mulier
1788 2073 1809 2099 si
1818 2073 1894 2099 habet

1103 2117 1184 2144 cirum
1196 2117 1339 2152 inﬁdelem,
1352 2122 1374 2144 et
1388 2118 1428 2143 hic
1442 2118 1563 2143 consentit
1576 2117 1688 2143 habitare
1699 2125 1755 2143 cum
1767 2117 1828 2149 illa,
1843 2124 1893 2144 non

1103 2163 1212 2191 dimittat
1222 2164 1301 2190 virum
1311 2163 1333 2197 (I
1344 2162 1402 2190 Cor.
1419 2171 1454 2189 vn
1462 2183 1468 2193 .
1486 2163 1589 2196 10-15).
1600 2162 1650 2190 Ubi
1664 2163 1709 2189 dat
1721 2162 1831 2197 intelligi
1843 2163 1891 2189 Do-

1063 2239 1067 2242 η
1102 2209 1203 2236 minum
1213 2209 1247 2236 de
1259 2209 1301 2235 his
1313 2209 1427 2236 locutum
1441 2229 1446 2239 ,
1461 2213 1489 2235 ut
1509 2213 1602 2235 neuter
1613 2208 1723 2235 altentm
1734 2208 1891 2241 dimitteret,

1101 2254 1124 2282 si
1138 2255 1231 2283 ﬁdeles
1244 2255 1323 2282 ambo
1331 2259 1429 2282 essent.

1134 2300 1143 2316 ί
1156 2300 1224 2335 aditi,
1234 2299 1322 2335 (limati
1329 2298 1448 2335 prohibet,
1458 2306 1601 2335 comeun
1608 2301 1644 2324 est
1651 2301 1677 2323 ut
1684 2298 1837 2335 pugnatorius
1847 2300 1895 2335 for-

1102 2329 1188 2362 nicatio
1200 2330 1259 2361 (vel,
1272 2329 1431 2362 funtiqatioui)
1444 2337 1488 2354 non
1505 2332 1640 2362 deputetur.
1655 2329 1699 2362 sed
1713 2329 1807 2354 nitidior
1826 2329 1892 2362 uitli-

1102 2368 1155 2385 cum
1166 2361 1256 2391 aliquot
1272 2364 1323 2385 Mss.
1342 2361 1413 2385 lectio
1423 2379 1429 2390 ,
1445 2366 1550 2391 negante
1562 2361 1677 2392 jarticula
1695 2362 1769 2385 verbo
1785 2361 1893 2391 prohibit

1101 2392 1207 2422 pra‘tixa,
1218 2399 1265 2416 noti
1276 2393 1351 2416 vet-ho
1359 2392 1492 2422 deputetur.

1102 2439 1766 2546 ιῖῐιῇἷῶζ

265 2568 341 2599 Vide
357 2572 379 2597 t.
394 2566 423 2603 1,
442 2567 496 2598 lib.
510 2567 541 2603 2,
559 2566 843 2599 Retractationum,
864 2574 930 2603 cap.
993 2574 1012 2593 α
1030 2564 1141 2597 verbis,
1158 2564 1327 2594 Librorum
1343 2573 1424 2602 quos
1438 2565 1620 2603 episcopus,
1637 2565 1696 2595 col.
1710 2564 1781 2599 629,
1796 2573 1895 2604 usque

698 2605 737 2634 ad
755 2604 857 2637 verba,
874 2604 1096 2634 Gratissimum
1112 2604 1218 2641 plane,
1237 2604 1296 2634 col.
1313 2604 1382 2633 631.
1412 2604 1454 2636 M.

708 2663 740 2681 ΕΧ
757 2663 831 2681 ωηιιο
845 2663 877 2681 DE
893 2661 1140 2681 PR/EDESTINATIOXE
1154 2661 1320 2686 SANCTORUH,
1337 2662 1395 2681 CAP.
1411 2662 1445 2681 ιν.

301 2713 310 2730 t
325 2703 426 2730 Videtis
437 2707 509 2729 certe
524 2701 586 2737 quid
602 2705 663 2728 tunc
681 2700 714 2728 de
728 2701 779 2728 tide
793 2705 872 2735 atque
891 2700 1017 2735 operibus
1030 2700 1177 2727 sentiebam
1187 2720 1194 2732 ,
1217 2701 1340 2735 quamvis
1361 2701 1395 2729 de
1407 2701 1615 2729 commendanda
1629 2701 1713 2737 gratia
1728 2701 1773 2728 Dei
1787 2700 1891 2727 labora-

263 2759 318 2779 rem
333 2751 372 2785 (l1)
385 2759 392 2776 :
409 2750 434 2777 in
447 2757 497 2784 qua
511 2748 642 2775 sententia
655 2747 720 2774 istos
735 2747 830 2774 irati-es
847 2751 953 2773 nostros
965 2753 1025 2773 esse
1038 2753 1109 2773 nunc
1122 2745 1215 2779 video;
1230 2747 1290 2781 quia
1306 2755 1359 2773 non
1378 2747 1448 2774 sicut
1462 2747 1550 2782 legere
1565 2747 1646 2774 libros
1660 2753 1749 2779 meos,
1765 2746 1799 2772 ita
1813 2745 1891 2772 etiam

291 2818 328 2848 (η)
346 2818 508 2848 Episcopatum
526 2815 629 2845 sumpsit
646 2814 792 2848 Augustinus
809 2812 907 2837 labente
926 2818 990 2836 anno
1067 2812 1204 2848 Ambrosius
1215 2816 1295 2836 autem
1318 2813 1377 2848 obiit
1394 2813 1435 2848 die
1447 2813 1462 2836 4
1473 2813 1553 2844 aprilis
1563 2814 1617 2848 anni
1628 2813 1687 2848 59⁸7ἶ
1696 2817 1729 2838 tta
1739 2813 1893 2848 sumta}th

260 2857 283 2881 οῖ
292 2842 323 2873 iis
338 2842 368 2872 ad
381 2842 434 2878 simi
444 2847 555 2881 licianum
569 2842 691 2881 Ambrosii
700 2850 927 2881 successorqan
937 2842 1046 2881 exterrito
1057 2844 1209 2881 episcopatus
1228 2844 1351 2881 Augustipi
1374 2842 1503 2875 scriptum,
1533 2846 1642 2875 pertinet
1658 2845 1689 2869 ad
1707 2849 1798 2870 annum
1806 2842 1861 2868 597.

294 2880 332 2910 (ὁ)
349 2883 373 2904 ιιι
384 2873 534 2910 Expositione
545 2876 701 2908 quarumdam
709 2879 760 2906 l'rOj
768 2874 896 2899 ositionum
905 2880 936 2898 ex
949 2873 1051 2905 Epistula
1067 2874 1096 2898 ad
1109 2877 1223 2898 Itomanos
1231 2892 1238 2904 ,
1250 2878 1308 2898 tom.
1321 2874 1344 2898 5.
