3942 6416
239 339 315 392 nu
600 332 691 388 as
730 331 1053 390 DlVERSlS
1090 331 1608 399 QUIES‘HONIBUS
1644 334 1734 389 AD
1770 334 2270 404 smrucnuuu,
2310 334 2370 391 s.
2411 338 2775 396 mensum
2813 342 2943 397 LIB.
2985 343 3024 396 ι.
3348 350 3452 405 ωε»,

235 428 278 479 in
300 426 368 479 eis
389 432 680 478 wnvemnt
704 423 975 491 prolicere
995 438 1217 479 mecum.
1245 423 1377 478 Nam
1399 427 1441 478 si
1467 434 1760 489 curassent,
1791 428 2117 483 invenissent
2142 428 2295 482 istam
2320 432 2663 499 quaastionem
2685 435 2974 491 secundum
3001 437 3275 495 veritatem
3303 441 3448 495 divi-

233 532 394 570 narum
418 515 794 583 Scripturarum
824 514 1057 567 solutam
1092 514 1142 567 in
1167 513 1341 586 primo
1364 515 1498 571 libro
1523 516 1746 571 duorum
1766 560 1781 583 ,
1813 534 1945 588 quos
1977 518 2041 573 ad
2070 519 2233 574 beata:
2261 521 2528 575 memoria:
2559 523 2953 591 Simplicianum
2983 529 3205 598 scripsi,
3244 532 3453 601 episco-

232 625 339 677 pum
358 605 742 661 Mediolanensis
768 604 1051 670 Ecclesiar,
1076 606 1243 660 sancti
1273 606 1539 661 Ambrosii
1564 623 1945 673 successorem,
1977 611 2027 663 in
2058 612 2173 679 ipso
2197 611 2417 665 exordio
2434 612 2777 683 episcopatus
2801 617 2926 671 mei.
2955 635 2977 670 ι

284 698 400 751 Ibid.
426 698 552 767 infra
573 712 593 749 :
619 727 694 736 —
729 715 749 748 ι
782 696 923 751 Ecce
947 713 1112 765 quare
1156 696 1264 752 dixi
1306 700 1583 767 superius,
1631 699 1732 754 hoc
1769 700 2060 768 apostolico
2099 702 2362 770 praecipue
2405 703 2711 760 testimonio
2745 705 2785 776 (l
2810 704 2927 777 Cor.
2960 723 3032 774 tv,
3063 707 3117 779 7)
3162 710 3321 767 etiam
3367 729 3453 768 me

218 790 365 858 ipsum
389 787 539 841 fuisse
564 787 898 854 convictum,
926 803 1047 843 cum
1077 787 1143 843 de
1170 787 1273 843 hac
1297 804 1356 843 re
1388 789 1544 843 aliter
1571 804 1847 857 saperem;
1876 806 2032 860 quam
2063 791 2191 845 mihi
2221 792 2363 847 Deus
2389 795 2442 847 in
2467 793 2566 849 hac
2590 796 2884 863 quzestionc
2909 798 3190 867 solvenda,
3221 817 3341 857 cum
3382 803 3450 858 ad

215 884 487 951 episcopum
508 879 944 949 Simplicianum,
970 880 1108 934 sicut
1127 878 1257 944 dixi,
1284 880 1594 947 scriberem,
1628 882 1896 936 revelavit.
1922 901 1943 936 ι

1190 986 1259 1024 ει
1287 985 1438 1024 ιιιιιιο
1464 986 1531 1024 οε
1557 984 1693 1026 υοκο
1721 987 2186 1039 Ριςιιεενειιλητιλε,
2217 987 2335 1028 CAP.
2363 989 2436 1028 XX

280 1062 524 1116 cPlenius
569 1077 766 1131 sapere
808 1062 949 1132 coepi
998 1061 1050 1116 in
1099 1077 1163 1117 ea
1205 1062 1563 1131 diSputatione
1602 1079 1760 1131 quam
1800 1064 1987 1133 scripsi
2028 1064 2095 1118 ad
2140 1064 2310 1120 beatae
2352 1066 2624 1121 memoria:
2665 1065 3102 1137 Simplicianum,
3144 1072 3450 1141 episc0pum

212 1156 585 1210 Mediolanensis
625 1155 922 1221 Ecclesiae,
968 1155 1021 1209 in
1051 1155 1155 1211 mei
1193 1154 1530 1224 episcopatus
1570 1155 1821 1222 exordio,
1866 1156 2078 1227 quando
2107 1165 2162 1212 ct
2199 1157 2406 1213 initium
2438 1158 2556 1214 ﬁdei
2595 1159 2797 1216 donum
2836 1162 2931 1217 Dei
2970 1176 3089 1218 esse
3130 1166 3352 1235 cognovi
3398 1175 3453 1221 et

201 1264 402 1303 3358"“.
432 1265 453 1299 ι

260 1336 390 1393 Ibid.
420 1354 531 1407 cap.
556 1336 623 1391 2t
650 1356 666 1392 :
691 1367 764 1378 —
794 1355 815 1389 ι
838 1336 1073 1391 Videant
1109 1345 1284 1392 utrum
1314 1336 1364 1389 in
1405 1339 1557 1407 primi
1590 1338 1708 1393 libri
1752 1339 2135 1409 posterioribus
2164 1340 2397 1410 partibus
2416 1382 2432 1408 ,
2462 1356 2647 1397 eorqu
2676 1343 2900 1401 duorum
2943 1362 3076 1416 quos
3115 1348 3221 1403 mei
3245 1350 3454 1419 episco-

192 1448 344 1505 patus
370 1437 531 1499 initio,
559 1445 853 1505 antequam
886 1434 1175 1504 Pelagiana
1204 1433 1423 1489 haeresis
1449 1445 1746 1504 appareret,
1778 1435 1844 1489 ad
1872 1434 2271 1504 Simpliciannm
2300 1434 2748 1492 Mediolaneusem
2773 1438 3082 1508 episcopum
3111 1442 3297 1509 scripsi
3322 1483 3338 1507 ,
3368 1458 3457 1497 re-

190 1532 439 1586 manserit
465 1529 660 1599 aliquid
685 1544 798 1599 quo
820 1536 1039 1582 vocetur
1065 1528 1116 1580 in
1146 1527 1364 1581 dubium
1385 1568 1401 1591 ,
1446 1529 1665 1595 gratiam
1714 1528 1805 1605 Dei
1832 1543 1938 1583 non
1975 1527 2266 1583 secundum
2291 1527 2478 1582 merita
2509 1539 2688 1585 nostra
2729 1531 2842 1585 dari
2871 1548 2885 1586 :
2910 1540 2966 1586 et
3012 1540 3186 1587 utrum
3231 1533 3301 1588 ibi
3350 1551 3454 1590 non

186 1623 315 1677 satis
340 1622 552 1692 egerim,
581 1621 743 1675 etiam
770 1620 979 1674 initium
1012 1618 1135 1673 ﬁdei
1171 1632 1293 1673 esse
1318 1619 1514 1672 donum
1542 1619 1670 1684 Dei;
1698 1629 1755 1675 et
1784 1629 1956 1674 utrum
1991 1635 2054 1673 ex
2081 1619 2147 1673 iis
2170 1635 2287 1688 qua:
2317 1620 2387 1674 ibi
2422 1620 2560 1675 dicta
2603 1616 2755 1687 sunt,
2786 1638 2892 1679 non
2919 1635 3307 1695 consequenter
3336 1628 3455 1681 elu-

184 1720 321 1776 ceat,
347 1710 442 1765 etsi
462 1726 568 1765 non
596 1710 667 1764 sit
685 1724 1026 1780 expressum,
1055 1708 1216 1763 etiam
1241 1724 1409 1778 usque
1430 1709 1481 1762 in
1510 1709 1668 1763 linem
1699 1710 2146 1785 perseverantiam
2168 1711 2391 1789 nonnisi,
2407 1712 2476 1766 ab
2500 1727 2566 1767 eo
2585 1712 2790 1781 donari,
2813 1716 2902 1785 qui
2932 1730 3033 1770 nos
3052 1717 3455 1785 praedestinavit

182 1801 245 1855 -in
270 1816 419 1856 suum
440 1818 660 1872 regnum
685 1810 741 1855 et
763 1797 1009 1871 gloriam.
1042 1818 1064 1853 ι
1838 1866 1843 1871 ἢ

1416 1885 1481 1924 EX
1512 1884 1548 1922 11
1579 1882 1721 1923 ἸὍΙΟ
1752 1884 2004 1924 EPISTOLA
2029 1886 2231 1926 XXXVII.

184 1980 220 2015 ιε
248 1961 465 2016 Domino
490 1961 794 2017 beatissimo
832 1969 887 2015 et
920 1959 1303 2016 venerabiliter
1347 1961 1706 2015 sincerissima
1736 1960 1994 2016 charitate
2034 1961 2402 2032 amplectende
2444 1963 2582 2034 patri
2611 1963 2949 2021 Smpucuao
2991 1966 3356 2035 AUGUSTINUS,
3397 1968 3449 2022 in

186 2053 418 2108 Domino
442 2056 685 2109 salutem.
1302 2113 1307 2119 ,
1714 2040 1717 2043 “

275 2148 331 2200 1.
368 2164 386 2197 ‹
410 2147 596 2200 Plenas
617 2147 861 2200 bonorum
888 2144 1203 2215 gaudiorum
1234 2144 1455 2211 litteras,
1478 2145 1616 2214 quod
1638 2145 1711 2199 sis
1734 2142 1940 2199 metitur
1960 2145 2094 2209 mei,
2126 2161 2337 2215 meque,
2369 2155 2427 2200 ut
2449 2146 2613 2210 soles,
2641 2146 2859 2215 diligas,
2886 2163 3192 2218 magn-mque
3219 2149 3453 2219 gratula-

190 2239 333 2292 tioni
370 2240 459 2292 tibi
500 2240 567 2293 sit
607 2239 848 2310 quidquid
878 2241 928 2292 in
968 2255 1055 2292 me
1084 2238 1344 2291 donorum
1384 2254 1599 2292 suorum
1639 2239 1898 2311 Dominus
1922 2237 2165 2291 conferre
2190 2237 2434 2305 dignatus
2462 2246 2544 2291 est
2569 2238 2929 2311 misericordia
2957 2255 3073 2306 sua,
3103 2257 3205 2294 non
3247 2242 3451 2296 meritis

176 2333 345 2394 meis,
378 2333 560 2386 missas
587 2348 803 2385 munere
830 2331 1137 2387 Sanctitatis
1164 2341 1267 2385 tute
1291 2332 1469 2401 accepi
1500 2349 1513 2385 :
1556 2332 1606 2385 in
1634 2330 1827 2400 quibus
1863 2329 2109 2385 allectum
2150 2332 2200 2384 in
2231 2346 2315 2384 me
2354 2341 2629 2398 paternum
2659 2331 2726 2385 de
2765 2341 2856 2385 tuo
2881 2332 3261 2402 benignissimo
3290 2338 3451 2389 corde

188 2438 291 2477 non
315 2425 639 2491 repentinum
665 2432 720 2477 et
743 2439 938 2477 novum
968 2422 1142 2484 hausi,
1168 2423 1261 2477 sed
1288 2435 1562 2491 expertum
1593 2427 1747 2491 plane
1769 2408 2145 2499 cognitumque
2170 2422 2411 2492 repetivi,
2437 2422 2648 2476 domine
2670 2422 2975 2477 beatissime
3002 2434 3054 2476 et
3077 2424 3451 2480 venerabiliter

181 2514 531 2567 sincerissima
558 2513 820 2585 cbaritate
846 2511 1234 2582 amplectende.
1720 2586 1727 2593 μ

247 2603 299 2656 2.
338 2624 355 2656 ι
383 2604 530 2660 Unde
559 2614 742 2660 autem
770 2613 914 2658 tanta
940 2613 1123 2658 exorta
1149 2613 1232 2659 cst
1273 2602 1497 2657 felicitas
1540 2602 1798 2656 litterario
1836 2602 2004 2683 labori
2049 2610 2235 2656 nostro
2255 2644 2268 2660 .
2297 2618 2403 2673 quo
2432 2603 2484 2657 in
2516 2603 2770 2656 librorum
2812 2602 3165 2672 quorumdam
3208 2606 3448 2659 conscri-

182 2698 355 2763 ptione
394 2696 701 2751 sudavimus
722 2739 740 2761 ,
768 2706 829 2750 ut
854 2711 882 2749 a
910 2705 999 2750 tua
1032 2696 1343 2765 Dignationc
1371 2694 1710 2763 legerentur?
1740 2695 1837 2746 nisi
1868 2699 1985 2761 quia
2027 2695 2278 2747 Dominus
2300 2737 2315 2758 ,
2345 2696 2429 2748 cui
2461 2695 2668 2749 subdita
2699 2705 2782 2749 est
2806 2696 2981 2748 anima
3012 2710 3145 2759 mea,
3180 2698 3445 2751 conSolari

186 2789 347 2842 voluit
376 2804 527 2842 curas
557 2802 739 2852 meas,
772 2796 827 2843 et
850 2803 882 2841 a
921 2788 1111 2842 timore
1140 2782 1387 2842 recreare
1407 2828 1421 2849 ,
1451 2796 1555 2855 Quo
1587 2801 1670 2838 me
1698 2786 1749 2837 in
1784 2785 1975 2838 talibus
1999 2787 2247 2853 operibus
2271 2786 2489 2840 necesse
2511 2796 2593 2840 est
2616 2801 2737 2840 esse
2764 2787 3069 2854 sollicitum,
3096 2788 3282 2841 necubi
3312 2788 3448 2843 forte

174 2881 432 2936 indoctior
452 2883 530 2936 vel
566 2881 853 2945 incautior,
880 2880 1121 2950 quamvis
1147 2880 1199 2932 in
1234 2879 1543 2948 planissimo
1572 2892 1760 2944 campo
1790 2877 2058 2940 veritatis,
2094 2876 2378 2930 alleluiam.
2417 2875 2545 2929 Cum
2577 2879 2718 2929 enim
2744 2877 2837 2930 tibi
2865 2877 3037 2944 placet
3064 2877 3206 2947 quod
3235 2878 3435 2943 scribo,

188 2972 305 3023 noti
324 2972 395 3023 cui
417 2972 654 3037 placeat;
688 2970 938 3039 quoniam
961 2969 1080 3037 quis
1103 2979 1151 3023 te
1174 2968 1431 3022 inhabitet
1452 2968 1592 3021 novi.
1617 2966 1759 3020 idem
1783 2967 1975 3037 quippe
2005 2970 2242 3021 omnium
2276 2983 2551 3020 munerum
2574 2968 2921 3035 spiritualium
2945 2968 3255 3023 distributor
3283 2979 3444 3039 atque

184 3060 387 3129 largitor
407 3076 496 3129 per
519 3069 667 3114 tuam
688 3060 1008 3115 sententiam
1031 3059 1365 3114 conﬁrmabit
1384 3058 1736 3112 obedientiam
1761 3074 1953 3112 meam.
1978 3058 2240 3128 Quidquid
2262 3059 2402 3112 enim
2427 3058 2620 3113 habent
2645 3060 2728 3113 illa
2757 3061 2950 3129 scripta
2976 3060 3327 3117 delectatione
3355 3073 3442 3117 tua

184 3148 411 3217 dignum,
435 3150 486 3203 in
516 3163 641 3203 meo
666 3148 970 3203 ministerio
990 3149 1124 3203 dixit
1146 3150 1301 3209 Deus,
1326 3148 1459 3211 Fiat,
1483 3158 1537 3201 et
1557 3147 1751 3202 factum
1778 3157 1886 3225 est;
1907 3148 1958 3201 in
1988 3157 2073 3201 tua
2104 3164 2230 3203 vero
2258 3150 2637 3217 approbatione
2659 3149 2787 3203 vidit
2807 3151 2947 3205 Deus
2966 3151 3087 3221 quia
3112 3151 3306 3206 bonum
3329 3162 3434 3212 est.

253 3240 305 3293 5.
339 3258 356 3290 ι
379 3240 804 3308 Quaestiunculas
834 3255 983 3308 sane,
1014 3257 1143 3310 quas
1171 3240 1299 3295 mihi
1326 3239 1631 3294 enodandas
1657 3240 2117 3310 jnberediguatus
2136 3254 2225 3305 es,
2248 3241 2345 3293 etsi
2371 3255 2485 3294 mea
2515 3242 2762 3296 tarditate
2787 3242 3086 3311 implicatus
3111 3260 3215 3297 non
3243 3245 3446 3298 intelli-

178 3346 376 3400 κεκτη,
394 3334 493 3388 tuis
513 3334 719 3387 meritis
739 3332 952 3402 adjutus
972 3335 1252 3401 aperirem.
1273 3333 1499 3386 Tantum
1524 3332 1649 3385 illud
1672 3347 1873 3402 quamn,
1898 3342 1954 3385 ut
1976 3347 2070 3398 pro
2091 3346 2206 3384 mea
2232 3330 2532 3385 infirmitate
2551 3333 2853 3402 depreceris
2870 3336 3067 3400 Deum;
3088 3344 3145 3391 et
3165 3336 3277 3391 sive
3299 3336 3350 3389 in
3377 3337 3441 3390 iis

186 3424 372 3491 quibus
398 3440 478 3480 me
499 3440 757 3480 exercere
778 3426 1005 3495 benigne
1035 3434 1356 3495 paterneque
1378 3424 1587 3479 voluisti
1606 3465 1619 3487 ,
1652 3425 1764 3478 sive
1804 3424 1855 3477 in
1893 3423 2009 3478 aliis
2048 3437 2398 3492 quaecumque
2422 3432 2598 3478 nostra
2622 3425 2682 3477 in
2710 3433 2827 3478 tuas
2852 3435 3061 3480 sanctas
3088 3442 3274 3481 manus
3303 3427 3441 3482 forte

185 3518 539 3584 pervenerint,
568 3520 693 3588 quia
721 3519 857 3573 sicut
895 3518 985 3572 Dei
1016 3517 1170 3584 data,
1199 3517 1276 3571 sic
1301 3517 1459 3571 etiam
1491 3532 1605 3571 mea
1634 3526 1806 3571 errata
1837 3529 2134 3585 cognosco,
2164 3529 2273 3569 non
2310 3515 2481 3569 solum
2524 3530 2705 3569 curam
2746 3517 2969 3586 legentis
3008 3517 3320 3587 impendas,
3348 3518 3445 3573 sed

192 3608 352 3659 etiam
380 3622 643 3662 censuram
668 3608 983 3678 corrigentis
1006 3623 1269 3662 assumas.
1292 3607 1443 3662 Vale.
1476 3626 1494 3659 ι

260 3708 271 3713 -
580 3705 2844 3716 --........-,..-.-..μπ..-.-.-..-.....-..η,.....-,....-,.-,-.
3343 3709 3411 3719 _

192 3706 3417 3759 Μ

2534 3707 2547 3714 ρ

526 3705 2941 3947 λῖἮέίῙῖῧρᾝὲἱπῖῊ

1161 3991 1916 4076 HIPPONENSIS
1968 3990 2495 4073 EPISCOPI

886 4115 1090 4240 ἴθι
1136 4097 1708 4243 name
1754 4095 2717 4241 attastiouibus’

542 4315 896 4482 ΑΙ)
1059 4309 2099 4474 SIMPLH

1508 4305 3065 4473 QPLICIANUM

1185 4551 1700 4662 LIBRI
1758 4549 2128 4662 Ι)Πο
2207 4532 2240 4593 ¹
2283 4531 2425 4656 (α).

1601 4698 2023 4755 W

1214 4779 1695 4888 LIBER
1785 4774 2441 4884 PRIMUS.

787 4958 837 5001 In
859 4945 1259 5014 quoSmipliciani
1283 4945 1581 5006 quaestiones
1604 4953 1670 4990 ex
1694 4938 1895 5002 Epistula
1919 4936 2048 4987 Pauli
2071 4937 2129 4986 ad
2154 4945 2387 4988 Romanos
2399 4938 2511 4991 dum
2530 4945 2813 4990 tractantur.

235 5057 1008 5125 l‘auano.——Gratissimam
1030 5052 1187 5122 plane
1204 5058 1360 5118 atque
1380 5047 1747 5103 suavissimam
1854 5043 2323 5110 interrogationum
2355 5052 2559 5097 tuarum
2590 5044 2944 5113 dignationem
2974 5046 3279 5115 mihi,pater
3304 5050 3443 5104 Sim-

242 5182 258 5210 ι
280 5179 449 5229 “unus
475 5180 528 5228 in
568 5170 922 5235 antiquissima
951 5165 1230 5216 Corbeiensi
1266 5162 1392 5214 mm
1430 5169 1508 5213 est
1531 5177 1545 5213 ε
1572 5158 1753 5212 mem
1859 5133 2105 5221 plicianc,
2128 5132 2316 5187 misisti
2345 5132 2574 5203 :quibus
2593 5134 2693 5187 nisi
2716 5134 3037 5204 respondere
3062 5151 3306 5200 ennarer,
3336 5158 3438 5193 non

209 5223 844 5297 αἶ’
1857 5223 2030 5279 solum
2052 5229 2356 5291 contumax,
2386 5238 2570 5278 verum
2595 5224 2753 5278 etiam
2780 5224 3015 5295 ingratus
3040 5227 3342 5281 existerem.
3378 5230 3447 5286 Et

259 5309 999 5382 (αδωφύὼάια-ιωοὸσῖ.
1324 5326 1327 5327 ⁷

1402 3706 1617 3714 τ--α-

820 3708 960 3715 ε--ι-ο
974 3708 1237 3715 “*—
1255 3708 1391 3715 —.—._.

1044 3708 1237 3716 *—

192 3718 1982 3757 Μ

1342 5403 1629 5444 ΑΒὶΙΟΝΙΤΙΟ
1664 5403 1748 5442 PP.
1788 5398 1886 5443 BEN
1894 5400 2270 5442 EDICTINORUI.

261 5493 459 5555 enim,
484 5498 594 5539 sunt
618 5489 692 5555 (hi
713 5487 812 5537 duo
832 5482 973 5555 liba)
995 5483 1054 5533 ad
1076 5483 1421 5555 ςυιδεξειιξθσι
1454 5481 1675 5555 codicem
1700 5492 1944 5555 rem":
1962 5478 2227 5555 satagis?!
2261 5484 2388 5555 ante.
2410 5476 3099 5555 ,e'il'ssnwdeseirwz
3122 5478 3181 5555 ad
3221 5487 3445 5555 vetare!!!
3484 5526 3487 5527 κ

205 5540 1004 5615 Μῖὼεςενεξιδίεβρειεεὶεὲ,
1039 5545 1095 5615 ad
1124 5544 1549 5615 Geuoveliasanum,
1582 5540 1897 5615 Victorinum,
1921 5540 2249 5615 sorbouicum,
2270 5540 2481 5615 iadtres
2513 5542 2785 5615 yatimnos,
2831 5541 2892 5588 ad
2928 5540 3446 5615 lectiones

204 5615 328 5664 trium
349 5601 634 5678 reliquamor
656 5601 1213 5683 Belgicofmujcollcc‘tas
1248 5618 1338 5678 per
1370 5606 1691 5683 tpvauienses
1706 5604 1991 5683 .Tbeqlpgols
2013 5615 2024 5648 :
2048 5613 2242 5683 {conon
2262 5602 2644 5683 aii-antiquiores
2666 5602 3043 5683 editionesznam.
3071 5607 3142 5647 Et'.
3170 5608 3223 5648 et
3244 5607 3376 5659 Lov.,
3398 5601 3445 5650 id

201 5663 269 5727 est
286 5663 468 5725 mn;
478 5663 804 5730 Amalnchii,
838 5666 1078 5717 Desiderii
1120 5663 1293 5718 Erasini
1311 5701 1326 5725 ,
1356 5674 1410 5717 et
1437 5665 1804 5717 wvauiensium
1830 5663 2182 5725 Theologorum
2215 5675 2364 5724 opera
2385 5663 2641 5726 studioque
2663 5666 2982 5710 concinnatas.
3238 5698 3241 5702 .

265 5758 754 5839 Camparam’mus
782 5757 1095 5832 prwtcrea
1118 5769 1215 5811 eas
1244 5768 1446 5816 omnes
1474 5747 1776 5809 editiones
1799 5746 1989 5808 initio
2020 5746 2592 5819 Retractationum,
2623 5753 2767 5804 tom.
2798 5745 2855 5817 1,
2884 5750 3270 5835 memoratas.
3313 5742 3400 5803 Μ.
