3942 6416
514 341 621 398 103

510 459 603 514 illa
614 454 834 528 quidem
861 466 982 525 qua:
1011 450 1078 506 de
1099 450 1262 506 Paulo
1282 448 1524 519 apostolo
1543 445 1881 501 dissolveuda
1907 461 2099 515 propo-

509 550 695 616 suisti,
717 550 823 617 jam
853 560 883 598 a
910 543 1064 599 nobis
1101 551 1253 596 erant
1294 549 1580 607 utcumque
1619 536 1854 590 discussa
1887 536 2103 589 litteris-
2135 594 2138 597 ,

509 655 618 712 que
649 637 895 693 mandata
923 636 962 688 ¹.
988 632 1092 688 Sed
1122 641 1296 685 utttten
1331 628 1515 711 eadem
1561 627 1673 696 ipsa
1702 625 1861 680 verba
1890 635 2104 695 aposto-

512 733 612 787 lica
635 742 983 796 tenerentque
1005 722 1424 781 sententiarum,
1458 734 1561 772 non
1606 726 1892 771 contentus
1922 715 2097 785 inqui-

510 821 705 876 sitione
749 827 908 886 atque
932 813 1282 883 explicatione
1327 809 1626 880 praeterita,
1672 823 1738 861 ne
1776 806 1899 875 quid
1949 806 2000 859 in
2037 820 2100 858 ea

514 910 867 983 negligentius
909 905 1262 976 praeterissem
1285 942 1300 963 ,
1328 901 1532 956 cautius
1557 900 1915 966 attentiusque
1937 898 2099 950 ritua-

513 1016 599 1060 tus
637 1019 776 1059 sum.
819 999 934 1055 Non
965 998 1106 1053 enim
1137 1007 1190 1048 tu
1231 1011 1292 1049 ea
1339 991 1696 1062 percontanda
1745 1005 2027 1056 censeres,
2055 989 2100 1043 si

511 1108 696 1149 eorum
729 1090 1026 1145 intellectus
1055 1085 1223 1140 facilis
1248 1092 1404 1153 atque
1433 1080 1712 1152 expeditus
1741 1082 1894 1134 foret.

583 1182 856 1253 QUIEST.
898 1178 1129 1235 PRIMA.
1170 1205 1244 1216 —
1269 1178 1319 1231 l.
1361 1175 1468 1228 Lex
1492 1175 1560 1227 ad
1585 1173 1706 1245 quid
1731 1173 1871 1226 data.
1901 1171 2100 1227 Concu-

515 1277 759 1348 piscentia
787 1283 938 1328 aucta
959 1289 1048 1342 per
1068 1271 1246 1342 legem.
1275 1267 1549 1322 Peccatum
1575 1267 1823 1337 quomodo
1845 1273 2099 1318 mortuum

512 1378 620 1423 erat
646 1369 755 1423 sine
775 1368 898 1437 lege.
939 1363 1206 1432 Quomodo
1241 1361 1440 1416 revixit.
1467 1359 1600 1430 Lege
1625 1359 1736 1428 quis
1764 1359 1896 1411 male
1922 1357 2099 1411 utitur.

513 1461 624 1517 Lex
640 1461 841 1515 nonnisi
863 1476 894 1511 α
919 1453 1266 1527 spiritualibus
1289 1453 1544 1522 impletur.
1567 1449 1805 1504 Carnutes
1833 1448 2104 1517 dupliciter

517 1553 659 1606 dicti.
690 1549 966 1620 Originalis
1003 1545 1194 1616 peccati
1232 1559 1397 1613 pmna.
1430 1540 1538 1595 Lex
1575 1539 1762 1611 peccati
1793 1539 1844 1592 in
1870 1537 2103 1592 membris

513 1643 657 1715 quid.
697 1641 821 1694 Loci
841 1640 894 1693 in
921 1638 1101 1706 quibus
1131 1635 1212 1688 lea:
1243 1633 1401 1687 videri
1427 1631 1583 1702 possit
1609 1630 1711 1683 dici
1734 1629 1887 1682 mala.
1919 1627 2104 1698 Legem

511 1753 620 1792 esse
652 1735 852 1789 bonam.
887 1729 1287 1786 .llaniclucorum
1312 1741 1452 1780 error
1489 1723 1552 1776 de
1580 1723 1728 1776 veteri
1757 1721 1880 1791 lege.
1912 1719 2098 1788 Expli-

513 1836 697 1881 cantur
733 1821 1014 1878 testintonia
1035 1863 1049 1886 ,
1075 1819 1256 1890 quibus
1298 1816 1380 1870 lea:
1417 1813 1575 1868 videri
1604 1813 1759 1882 possit
1803 1828 1904 1864 non
1952 1812 2102 1865 bona.

435 1919 438 1922 ⁴
512 1917 647 1974 Nam
671 1933 737 1971 ex
766 1930 831 1970 eo
852 1914 970 1968 loco
1000 1911 1086 1964 uhi
1107 1909 1362 1978 scriptum
1389 1913 1504 1969 est,
1535 1902 1671 1969 Quid
1695 1891 1818 1972 ergo
1841 1901 2104 1955 dicemus?

516 2007 628 2062 Lex
669 2014 926 2076 peccatum
963 2001 1073 2055 est?
1103 1999 1276 2060 Absit;
1304 2011 1470 2065 usque
1513 1993 1578 2048 ad
1609 2007 1730 2047 eum
1777 1991 1985 2056 locum,
2014 1989 2105 2044 ubi

515 2100 626 2165 ait,
670 2097 839 2168 Igitur
882 2095 964 2149 lea:
1007 2091 1190 2146 volenti
1236 2088 1359 2142 milii
1405 2086 1586 2140 bonum
1636 2094 1743 2145 est;
1769 2084 1820 2138 et
1875 2091 2101 2148 emtera,

514 2187 679 2243 credo
705 2199 873 2255 usque
896 2181 964 2236 ad
989 2180 1114 2236 illud
1131 2221 1146 2245 ,
1179 2179 1336 2231 Miser
1360 2193 1450 2245 ego
1478 2176 1626 2228 homo
1647 2216 1662 2238 ,
1684 2174 1794 2243 quis
1822 2189 1901 2226 me
1925 2173 2107 2225 libera-

514 2277 584 2331 bit
604 2276 668 2331 de
691 2289 899 2346 corpore
920 2271 1092 2326 mortis
1115 2270 1266 2338 hujus
1283 2270 1308 2322 2’
1329 2265 1503 2321 Gratia
1523 2263 1614 2319 Dei
1643 2282 1731 2333 per
1753 2264 1929 2318 Jesum
1951 2262 2105 2317 Citri-

512 2377 648 2422 stum
672 2365 947 2418 Dominum
969 2372 1194 2415 nostrum
1221 2359 1396 2428 (Rom.
1420 2372 1512 2419 vn,
1542 2354 1688 2423 7-9.5)
1719 2372 1730 2406 :
1756 2355 1980 2423 primam
2008 2368 2104 2407 nos

512 2457 731 2514 voluisti
769 2453 1005 2511 enodare
1044 2449 1412 2520 quazstionem.
1441 2445 1567 2513 Quo-
1587 2445 1703 2499 loco
1730 2444 1940 2498 videtur
1972 2443 2104 2498 mihi

513 2547 802 2618 Apostolus
851 2543 1260 2610 transligurasse
1309 2539 1370 2591 in.
1410 2553 1472 2592 se
1519 2536 1786 2591 hominem
1835 2535 1936 2590 sub
1985 2535 2104 2605 lege

514 2638 779 2711 positum,
807 2633 967 2704 cujus.
993 2630 1169 2685 verbis
1209 2645 1275 2707 ex
1323 2642 1547 2697 persona
1594 2640 1688 2679 sua
1733 2625 1996 2695 loquitur.
2039 2624 2107 2679 Et

515 2729 645 2800 quia
675 2726 831 2797 paulo
870 2730 994 2777 ante
1032 2719 1270 2784 dixerat,
1306 2716 1553 2772 Evacnati
1579 2731 1750 2768 sumus
1778 2731 1808 2766 a
1839 2715 1945 2785 lege
1970 2730 2107 2767 mor-

515 2821 610 2883 tis,
641 2819 822 2887 inqua
865 2807 1228 2874 detinebantur,
1271 2808 1344 2860 ita
1383 2817 1436 2859 ut
1481 2805 1753 2886 serviamus
1795 2805 1848 2856 in
1891 2804 2107 2858 novitate

514 2882 755 2980 spiritus,
783 2917 828 2961 et
857 2922 959 2959 non
988 2904 1040 2956 in
1070 2909 1308 2955 vetustate
1335 2899 1544 2960 littcrw,
1570 2882 1729 2965 atque
1768 2895 1836 2949 ita
1875 2909 1969 2964 per
1992 2893 2106 2949 lucc

515 3002 674 3057 verba
703 2998 854 3070 quasi
882 2993 1285 3065 reprehendisse
1311 2991 1497 3060 legem
1547 2998 1726 3057 posset
1752 2987 1948 3051 videri;
1981 2987 2107 3040 sub-

514 3095 644 3165 iecit.
666 3093 874 3154 statim,
915 3087 1052 3153 Quid
1094 3102 1211 3156 ergo
1253 3082 1515 3137 dicemus?
1540 3079 1646 3134 Lex
1687 3087 1946 3150 peccatum
1991 3078 2107 3132 est!

516 3185 678 3240 Absit.
713 3182 818 3238 Sed
838 3189 1097 3251 peccatum
1127 3193 1227 3229 non
1269 3173 1476 3244 cognovi
1504 3171 1601 3225 nisi
1642 3187 1733 3239 per
1758 3171 1936 3240 legem.
1969 3168 2106 3221 Nam

517 3273 971 3341 concupiscentiam
1000 3267 1280 3323 nesciebam
1304 3306 1320 3333 ,
1348 3265 1443 3318 nisi
1472 3262 1554 3316 lex
1595 3262 1777 3343 diceret
1794 3301 1810 3326 ,
1839 3258 1957 3313 Non
1984 3275 2106 3313 con-

517 3387 577 3423 cu
583 3370 762 3438 pisces.

587 3460 642 3512 ‘2.
686 3457 781 3512 llic
806 3469 992 3509 rursus
1016 3458 1222 3516 movet,
1252 3448 1306 3504 Si
1332 3447 1414 3502 lex
1445 3463 1548 3500 non
1578 3453 1660 3500 est
1689 3453 1982 3513 peccatum,
2011 3441 2105 3496 sed

516 3549 829 3606 insinuatrix
854 3547 875 3578 ³
903 3543 1126 3614 peccati,
1151 3538 1493 3595 nihilominus
1513 3536 1595 3589 his
1614 3534 1792 3589 verbis
1817 3535 2108 3602 reprehen-

518 3643 682 3695 ditur.
713 3637 886 3702 Quare
915 3629 1314 3702 intelligendutn
1352 3637 1462 3690 est,
1493 3627 1664 3696 legem
1702 3625 1768 3680 ad
1805 3619 1906 3679 hoc
1929 3624 2104 3678 datam

519 3744 662 3794 esse,
683 3743 786 3782 non
815 3733 871 3778 ut
898 3732 1172 3792 peccatum
1191 3719 1534 3780 insereretur,
1563 3731 1734 3785 neque
1761 3724 1818 3768 ιιι
1842 3714 2106 3783 exstirpa-

517 3830 692 3885 retur,
721 3817 814 3872 sed
865 3825 1069 3870 tantum
1102 3820 1160 3866 ut
1206 3810 1681 3872 demonstrantur,
1727 3823 1834 3876 quo
1877 3807 2105 3861 animam

521 3911 808 3966 humanam
833 3905 985 3976 quasi
1029 3904 1098 3956 de
1137 3899 1439 3954 innocentia
1481 3912 1722 3953 securam
1767 3897 1880 3966 ipsa
1909 3887 2106 3965 peccati

519 3997 973 4056 demonstratione
1000 4008 1144 4049 ream
1171 3990 1372 4044 faceret
1399 4003 1414 4042 :
1443 3999 1501 4042 ut
1528 3987 1648 4058 quia
1689 3994 1962 4056 peccatum
1993 3987 2109 4041 sine

518 4094 688 4163 gratia
723 4089 814 4143 Dei
842 4085 979 4140 vinci
1007 4100 1108 4138 non
1140 4090 1350 4150 posset,
1381 4080 1491 4148 ipsa
1529 4086 1708 4132 reatus
1753 4075 2110 4132 sollicitudine

521 4183 587 4237 ad
619 4172 1008 4251 percipiendam
1057 4171 1278 4248 gratiam
1322 4177 1743 4224 converteretur.
1793 4166 1974 4235 Itaque
2002 4180 2108 4220 non

427 4334 432 4338 ,
521 4247 632 4336 ait,
666 4250 944 4324 recentum
974 4282 1078 4319 non
1104 4247 1246 4326 feci,
1276 4261 1372 4314 nisi
1406 4274 1500 4329 per
1530 4247 1734 4326 legem;
1763 4255 1858 4310 sed
1877 4297 1891 4320 ,
1920 4254 2109 4310 Pecca-

475 4365 478 4368 ”
520 4377 626 4419 tum
671 4379 768 4415 non
798 4358 1035 4429 cognovi,
1077 4356 1173 4408 nisi
1209 4369 1296 4422 per
1336 4352 1514 4422 legem.
1551 4349 1738 4418 Neque
1771 4363 1960 4402 rursus
1998 4347 2106 4415 ait,

521 4458 653 4512 Nam
682 4448 1162 4520 concupiscentiam
1192 4460 1297 4498 non
1326 4442 1581 4498 habebam
1599 4479 1615 4506 ,
1648 4440 1748 4494 nisi
1780 4439 1865 4493 lex
1886 4439 2108 4503 diceret,

523 4549 637 4602 Non
665 4546 1046 4611 coocupisces;
1075 4537 1168 4591 sed
1197 4535 1299 4597 ait,
1331 4531 1795 4602 Concupiscentiam
1833 4529 2110 4583 nesciebam

525 4640 622 4691 nisi
650 4639 730 4689 lca:
757 4635 976 4696 diceret,
1024 4629 1142 4682 Non
1172 4626 1509 4693 concupisces.
1546 4623 1694 4677 Unde
1734 4631 1954 4690 apparet
1981 4635 2111 4675 con-

523 4725 905 4796 rupiscentiam
956 4735 1051 4790 per
1099 4719 1270 4786 legem
1318 4731 1423 4769 non
1473 4713 1721 4778 insitam,
1749 4712 1842 4767 sed
1891 4712 2112 4766 demon-

525 4825 768 4874 stratam.

596 4909 652 4962 5.
691 4906 1036 4970 Consequens
1062 4907 1237 4950 autem
1265 4901 1457 4949 eratut
1479 4891 1730 4962 quoniam
1763 4889 1996 4945 nondum
2017 4904 2110 4944 ac-

525 5010 678 5070 cepta
707 4997 875 5067 gratia
897 4987 1362 5071 .Concupiscentim
1401 4984 1574 5040 resisti
1614 5001 1717 5039 non
1747 4991 1987 5053 poterat,
2012 4997 2110 5036 an-

524 5098 740 5162 geretur
758 5087 948 5147 etiam;
971 5083 1093 5152 quia
1122 5080 1351 5147 majores
1370 5077 1515 5145 “vires
1543 5075 1702 5129 habet
1728 5074 2113 5143 concupiscen-

527 5183 598 5237 tia
648 5176 872 5233 crimine
925 5166 1373 5242 pnnvaricationis
1435 5167 1729 5234 adjuncto,
1780 5180 1898 5219 cum
1950 5164 2110 5218 etiam

531 5280 716 5327 contra
759 5268 930 5337 legem
960 5263 1083 5318 facit
1102 5301 1118 5325 ,
1147 5275 1304 5330 quam
1331 5257 1374 5312 si
1403 5257 1541 5311 nulla
1573 5257 1688 5325 lege
1717 5255 2108 5326 prohiberetur.

526 5365 926 5432 Censequenter
956 5359 1133 5426 itaque
1179 5351 1481 5423 subjungit,
1517 5349 1791 5404 Occasione
1816 5357 1983 5400 autem
2017 5361 2108 5398 ac-

591 5481 610 5512 ι
637 5482 768 5534 Post.
794 5468 1056 5534 litterisque
1083 5465 1334 5534 ηιαηάαιίμς
1362 5463 1626 5534 Ὺῖίοωΐίθυδ
1660 5457 2111 5534 ορθθξὲοξξὲδιβὲίὲ
2159 5460 2164 5465 ’

527 5517 660 5592 addit
669 5517 773 5588 “fit:
789 5517 1192 5592 Wmdum
1213 5517 1441 5592 exposita
1460 5524 1552 5592 sint
1587 5527 1764 5592 prtpter
1789 5517 1945 5592 libelli
1967 5517 2111 5592 hqjus

527 5583 878 5660 ῖῖἱίᾶιὶιξξιὶἓυι
891 5593 997 5656 jam
1013 5595 1187 5660 parata
1207 5583 1344 5637 erunt
1356 5585 1485 5660 ,φὶδὶ
1501 5622 1522 5660 ,γ
1536 5583 1887 5660 consideranda
1901 5583 2113 5644 pruden-

528 5648 1250 5719 uitali.’mn'proséqviwrs
1277 5648 1563 5719 sedum
1586 5652 1681 5719 εειίξ·
1765 5707 1774 5717 .

595 5707 742 5772 illa:
766 5707 818 5771 et
840 5707 919 5767 Er:
937 5707 1285 5775 inseniinattv'x.
1313 5716 1464 5775 ‘l-‘avet
1499 5707 1806 5756 corbeiensis
1836 5707 2110 5775 vetustissi-

531 5798 641 5839 mus
659 5771 834 5844 codex,
859 5781 943 5844 qui
967 5779 1132 5836 habet,
1153 5771 1501 5825 iusemiratrix.

1103 334 1190 391 DE
1230 330 1540 416 DIVERSIS
1577 328 2098 400 QUASSTIONIBUS
2135 330 2226 386 AD
2263 327 2759 396 SIMPLICIANUM,
2801 330 2858 386 S.
2901 329 3261 387 AUGUSTI.“

3682 329 3787 387 ιοι

2208 458 2353 514 cepta
2371 488 2386 512 ,
2437 457 2692 516 peccatum
2741 464 2830 516 per
2870 447 3160 500 mandatum
3204 457 3465 515 operatum
3506 455 3580 499 est
3621 446 3675 499 in
3705 464 3786 500 nte

2208 553 2404 591 onmem
2429 539 2905 609 concupiscentiam.
2933 539 3057 591 Erat
3074 539 3215 591 enim
3245 515 3444 590 etantc
3474 536 3668 608 legem,
3693 537 3791 592 sed

2210 643 2315 684 non
2333 629 2504 682 omnis
2528 639 2662 699 erat,
2682 629 2893 698 quando
2918 629 3116 683 crimen
3144 628 3589 695 praevaricationis
3615 626 3793 684 adhuc

2209 719 2416 775 deerat.
2450 721 2601 776 Unde
2629 723 2733 777 alio
2777 723 2892 776 loco
2927 717 3095 774 'dicit:
3129 720 3225 774 Ubi
3249 720 3382 774 enim
3427 737 3529 774 non
3572 729 3643 773 est
3673 720 3791 788 lex,

2209 827 2299 864 nec
2319 813 2665 880 prtrvaricatio
2689 810 2867 884 (Rom.
2900 808 2979 876 iv,
3010 811 3112 879 I5).
3430 871 3442 877 ε

2278 902 2331 956 4.
2372 902 2522 969 Quod
2568 910 2742 956 autem
2789 902 3052 971 adjungit,
3085 901 3211 956 Sine
3231 901 3338 969 lege
3362 900 3493 953 enim
3525 908 3789 969 peccatum

2209 1001 2459 1045 mortuum
2479 1002 2586 1052 est;
2613 1008 2707 1062 pro
2729 1008 2793 1046 eo
2816 991 3041 1062 positum
3072 1000 3184 1051 est,
3213 1006 3276 1045 ac
3303 991 3344 1044 si
3371 991 3589 1054 diceret,
3612 971 3790 1050 Latet.

2210 1082 2310 1136 hoc
2335 1091 2446 1148 est,
2481 1093 2747 1137 mortuum
2780 1094 2990 1153 putatur
3019 1101 3031 1136 :
3059 1064 3199 1152 quod
3243 1083 3396 1151 paulo
3429 1092 3547 1151 post
3572 1082 3796 1136 eviden-

2209 1175 2315 1229 tius
2360 1175 2598 1228 dieturus
2642 1185 2744 1229 est.
2791 1173 2904 1246 Ego
2943 1185 3142 1240 autent,
3175 1175 3376 1244 inquit,
3410 1173 3629 1228 vivi-bam
3683 1175 3793 1229 sine

2210 1267 2317 1338 lege
2343 1268 2658 1337 aliquando:
2681 1267 2731 1321 id
2760 1276 2874 1334 est,
2903 1268 3044 1322 nulla
3072 1284 3136 1322 ex
3161 1273 3378 1338 peccato
3414 1278 3584 1324 morte
3615 1277 3793 1324 terre-

2209 1357 2306 1412 bar
2335 1359 2383 1424 ¹;
2414 1358 2535 1429 quia
2562 1375 2667 1412 non
2706 1359 3020 1428 apparebat,
3054 1374 3173 1412 cum
3213 1359 3299 1412 lex
3330 1373 3434 1411 non
3473 1368 3650 1423 esset,
3685 1359 3796 1411 Ad—

2208 1453 2433 1508 veniente
2469 1461 2637 1505 autem
2685 1450 2955 1516 mandato,
2999 1461 3260 1518 peccatum
3299 1450 3513 1513 revixit;
3539 1449 3641 1504 hoc
3672 1459 3756 1504 est
3774 1490 3792 1514 ,

2208 1541 2469 1613 apparuit.
2500 1540 2612 1612 Ego
2655 1553 2820 1596 autem
2862 1551 3086 1595 mortuus
3123 1558 3230 1595 sum
3253 1558 3273 1596 :
3294 1540 3345 1595 id
3375 1549 3488 1608 est,
3521 1551 3794 1596 mortuum

2211 1651 2297 1689 me
2341 1650 2462 1690 esse
2510 1634 2768 1703 cognovi;
2801 1633 2884 1688 vel
2935 1632 3058 1702 quia
3092 1619 3290 1688 reatus
3336 1632 3794 1702 praevaricationis

2209 1733 2416 1781 certum
2463 1726 2651 1782 mortis
2690 1725 3004 1794 supplicium
3047 1725 3420 1780 comminatur.
3465 1725 3606 1780 Sane
3646 1725 3796 1795 quod

2209 1817 2320 1883 ait,
2352 1816 2623 1872 Peccatum
2648 1816 2826 1870 revixit
2854 1816 3144 1868 adveniente
3171 1815 3411 1868 ntandato
3427 1857 3442 1879 ,
3466 1815 3597 1869 satis
3620 1801 3795 1886 Signi-

2211 1908 2385 1963 licavit
2425 1908 2526 1964 hoc
2553 1908 2711 1962 modo
2748 1907 3030 1976 aliquando
3057 1894 3249 1960 vixisse
3288 1915 3562 1977 pectattum
3581 1947 3596 1972 ,
3629 1907 3684 1960 id
3711 1914 3800 1961 est

2211 2011 2396 2054 notum
2415 1999 2634 2064 fuisse”,
2657 1999 2800 2054 sient
2821 1999 3066 2060 arbitror,
3097 1998 3148 2052 in
3179 1997 3612 2068 przevarieatione
3635 1998 3795 2067 primi

2211 2090 2474 2154 hominis,
2503 2090 2624 2159 quia
2652 2097 2706 2142 et
2741 2089 2853 2156 ipse
2882 2083 3186 2140 mandatum
3227 2095 3504 2156 acceperat
3527 2086 3686 2157 (Gen.
3722 2103 3795 2153 ιι,

2213 2184 2324 2254 17).
2356 2181 2486 2237 Nam
2517 2180 2698 2236 etalio
2741 2172 2859 2234 loco
2889 2179 3014 2233 dicit
3034 2219 3048 2240 ,
3081 2177 3268 2232 Mulier
3301 2189 3470 2230 autem
3503 2178 3715 2232 seducta
3744 2179 3801 2233 in

2212 2274 2780 2350 prevaricationefacta
2801 2280 2871 2324 est
2892 2271 2913 2301 ³
2943 2269 2990 2336 (1
3009 2268 3144 2322 Tim.
3170 2285 3235 2335 It,
3267 2266 3355 2340 Η)
3375 2285 3388 2321 :
3409 2277 3462 2324 et
3490 2268 3702 2334 iterum,
3729 2267 3800 2323 In

2210 2365 2538 2422 similitudine
2560 2362 2984 2434 pravaricationis
3025 2360 3178 2427 Adin,
3203 2363 3289 2430 qui
3326 2369 3395 2414 est
3427 2364 3592 2432 [anno
3635 2361 3800 2430 futuri

2213 2459 2387 2530 (Rom.
2419 2475 2472 2522 ν,
2499 2458 2607 2525 ll).
2633 2455 2747 2510 Non
2774 2453 2916 2509 enim
2939 2462 3112 2522 potest
3142 2452 3492 2516 reviviscere,
3522 2451 3624 2506 nisi
3653 2451 3800 2522 quod

2209 2551 2344 2607 visit
2361 2548 2668 2620 aliquando.
2700 2544 2807 2602 Sed
2844 2555 3110 2599 mortuum
3143 2545 3339 2609 fuerat,
3372 2543 3422 2598 id
3453 2552 3535 2596 est
3559 2543 3804 2598 occulta-

2211 2651 2322 2696 tum
2343 2682 2359 2708 ,
2387 2655 2508 2696 cum
2537 2637 2786 2694 mortales
2824 2635 2932 2689 nati
2959 2634 3075 2689 sine
3113 2631 3363 2687 mandato
3394 2632 3525 2702 legis
3552 2631 3802 2689 homines

2210 2733 2482 2796 viverent,
2511 2737 2796 2799 sequentes
2834 2723 3295 2793 concupiscentias
3337 2722 3520 2777 carnis
3540 2721 3656 2778 sine
3687 2722 3798 2778 ulla

2211 2824 2512 2895 cognitione
2534 2863 2550 2887 ,
2581 2821 2702 2890 quia
2739 2820 2858 2872 sine
2888 2817 2992 2871 ulla
3037 2813 3417 2886 prohibitione.
3447 2814 3618 2884 Ergo,
3649 2813 3800 2885 Ego,

2212 2916 2411 2984 inquit,
2440 2913 2663 2966 vivebam
2690 2911 2798 2964 sine
2829 2909 2939 2979 lege
2956 2906 3252 2977 aliquando.
3283 2903 3438 2961 Unde
3459 2903 3800 2972 manifestat,

2193 3023 2320 3061 non
2356 3022 2422 3060 ex
2453 3017 2677 3074 persona
2713 3017 2806 3054 sua
2835 3004 3076 3070 proprie.
3107 2989 3201 3054 sed
3237 2998 3559 3068 generaliter
3581 3012 3651 3052 ex
3677 3014 3803 3068 per-

2212 3112 2343 3152 sona
2394 3094 2592 3150 veteris
2621 3093 2642 3124 ⁸
2675 3092 2910 3147 hominis
2960 3106 3019 3145 se
3063 3089 3230 3160 loqui.
3279 3088 3583 3143 Adveniente
3629 3099 3805 3144 auum

2212 3187 2455 3242 mandato
2479 3193 2737 3256 peccatum
2764 3184 2962 3237 revixit.
2990 3181 3102 3254 Ego
3127 3191 3295 3235 autem
3331 3190 3555 3234 mortuus
3574 3196 3724 3244 sum;
3754 3192 3804 3236 et

2211 3281 2470 3334 inventum
2507 3286 2578 3331 est
2607 3277 2730 3330 mihi
2758 3275 3052 3329 mandatum
3085 3274 3220 3342 quod
3250 3283 3358 3328 erat
3397 3274 3452 3328 in
3487 3274 3669 3339 vitam,
3701 3275 3803 3329 hoc

2213 3388 2320 3426 esse
2362 3371 2415 3424 in
2457 3378 2687 3423 mortem.
2731 3366 2976 3420 Mandato
3017 3366 3159 3421 enim
3203 3365 3247 3419 si
3289 3365 3587 3428 obediatur,
3615 3365 3804 3436 utique

2212 3463 2319 3516 vita
2355 3470 2458 3516 est.
2501 3459 2606 3514 Sed
2651 3459 2920 3512 inventum
2947 3466 3030 3511 est
3065 3471 3185 3511 esse
3213 3458 3265 3510 in
3293 3467 3520 3510 mortem
3540 3494 3556 3518 ,
3581 3455 3709 3510 dum
3741 3458 3807 3512 fit

2213 3561 2398 3606 contra
2424 3549 2730 3604 mandatum
2750 3589 2765 3610 ,
2798 3558 2852 3602 ut
2879 3563 2982 3600 non
3010 3547 3179 3600 solum
3209 3553 3483 3614 peceatum
3508 3544 3619 3608 fiat,
3653 3545 3804 3616 quod

2213 3647 2376 3699 etiam
2425 3652 2550 3696 ante
2591 3640 2899 3696 mandatum
2949 3639 3137 3705 ﬁebat,
3165 3637 3261 3692 sed
3307 3644 3412 3716 hoc,
3440 3638 3806 3694 abundantius

2215 3747 2270 3794 et
2294 3734 2674 3807 perniciosius,
2703 3743 2764 3787 ut
2781 3733 2890 3802 jam
2919 3746 2950 3785 a
2973 3733 3176 3785 sciente
3194 3739 3249 3785 et
3267 3729 3651 3800 praevaricante
3670 3743 3805 3798 pec-

2215 3837 2386 3885 cetur.

2287 3919 2343 3974 5.
2385 3916 2661 3970 Peccatum
2703 3915 2868 3981 enim,
2913 3913 3112 3984 inquit,
3153 3912 3416 3967 occasione
3459 3919 3666 3982 accepta
3708 3929 3807 3982 per

2216 4008 2540 4075 mandatum,
2573 4004 2755 4076 fefellit
2774 4021 2888 4069 me,
2915 4013 2961 4058 et
3000 4020 3088 4074 per
3121 4002 3252 4057 illud
3284 4002 3482 4056 occidit.
3514 4001 3804 4058 Peccatum

2216 4117 2323 4156 non
2370 4099 2601 4168 legitime
2648 4106 2800 4152 utens
2829 4095 2906 4166 (a)
2943 4094 3090 4164 lege,
3138 4108 3208 4148 ex
3247 4092 3602 4162 prohibitione
3639 4102 3806 4148 aucto

2216 4190 2516 4253 desiderio,
2538 4187 2745 4242 dulcius
2779 4185 2972 4240 factum
3003 4192 3114 4248 est,
3143 4191 3198 4237 et
3230 4182 3350 4238 ideo
3383 4181 3584 4236 fefellit.
3613 4180 3804 4237 Fallax

2216 4283 2358 4337 enim
2387 4279 2618 4335 dulcedo
2643 4285 2726 4332 est
2749 4317 2764 4342 ,
2798 4290 2954 4345 quam
2985 4273 3166 4342 plures
3207 4282 3366 4342 atque
3410 4270 3641 4339 majores
3678 4286 3805 4340 pa:-

2216 4391 2406 4431 narum
2435 4369 2822 4427 amaritudines
2849 4363 3264 4440 consequuntur.
3295 4363 3428 4431 Quia
3456 4377 3585 4433 ergo
3608 4362 3677 4418 ab
3701 4362 3806 4418 bo-

2216 4467 2448 4522 minihus
2488 4464 2720 4517 nondum
2750 4457 3079 4529 spiritualem
3118 4456 3360 4526 gratiam.
3384 4454 3805 4527 percipientibns

2217 4558 2432 4614 suavius
2456 4553 2754 4608 admittitur
2775 4548 2916 4619 quod
2942 4559 3174 4614 velatur,
3203 4547 3335 4601 fallit
3359 4556 3633 4616 peceatum
3665 4545 3802 4602 falsa

2215 4628 2526 4702 dulcedine.
2548 4643 2678 4709 Quia
2709 4654 2838 4695 vero
2862 4639 3022 4693 etiam
3048 4637 3254 4694 accedit
3275 4647 3454 4692 reatus
3483 4637 3805 4706 praevarica-

2217 4739 2377 4796 tionis
2395 4778 2410 4802 ,
2441 4735 2658 4790 occidit.

2288 4829 2342 4885 6.
2385 4827 2565 4894 Itaque
2589 4825 2670 4879 lea:
2687 4821 2889 4893 quidem
2908 4829 3082 4875 sancta
3100 4861 3115 4884 ,
3138 4829 3186 4873 et
3215 4819 3510 4872 mandatum
3534 4828 3767 4872 sanctum
3784 4859 3802 4880 ,

2217 4933 2262 4978 et
2279 4924 2510 4994 justum,
2537 4927 2584 4971 et
2614 4919 2818 4971 bonum.
2855 4914 3095 4969 Jubenda
3129 4913 3272 4966 enim
3313 4912 3464 4981 jubet
3483 4952 3498 4976 ,
3531 4920 3587 4966 et
3611 4911 3803 4980 prohi-

2218 5014 2390 5071 benda
2418 5010 2682 5081 prohibet.
2718 5007 2866 5075 Quod
2881 5022 3000 5076 ergo
3020 5007 3204 5058 bonum
3230 5014 3332 5069 est,
3364 5003 3488 5057 mihi
3517 5007 3708 5074 factum
3729 5013 3807 5056 est

2218 5106 2395 5162 mors?
2422 5103 2580 5158 Absit.
2613 5102 2668 5156 ln
2696 5101 2835 5156 male
2873 5108 3055 5152 ntente
3096 5098 3291 5168 quippe
3327 5097 3511 5150 vitium
3541 5105 3659 5161 est,
3693 5112 3804 5151 non

2219 5203 2272 5257 in
2300 5198 2548 5255 mandato
2578 5186 2726 5267 ipso,
2753 5191 3121 5264 quod‘bonum
3143 5198 3244 5246 est.
3266 5188 3529 5258 Quoniam
3551 5187 3692 5244 bona
3720 5197 3807 5257 est

2283 5389 2302 5420 ι
2325 5394 2419 5435 sex
2443 5377 2813 5449 Mss.,‘tenebar.
2849 5447 2856 5449 _
2910 5407 2916 5412 -
2972 5440 2992 5449 _
3023 5437 3036 5449 ο

2281 5452 2302 5482 ³
2325 5440 2630 5497 CorbeienSis
2651 5450 2755 5503 Ms.,
2777 5447 2942 5492 natum
2961 5440 3128 5503 fuisse.

2283 5513 2531 5575 "namss.
2568 5507 2705 5575 juxta
2742 5497 2974 5575 graecum;
3009 5509 3074 5552 Αι.
3088 5500 3224 5563 editi,
3243 5497 3585 5552 nulierautem
3603 5501 3656 5549 tn
3675 5503 3813 5562 pras-

2218 5569 2504 5624 varicatione
2525 5568 2724 5617 seducta
2745 5568 2853 5624 fuit.

2219 5621 2304 5747 Lf
2328 5633 2492 5704 Abest,
2515 5625 2716 5689 veteris,
2737 5621 3030 5700 avictorino
3063 5623 3232 5687 codice
3270 5631 3324 5676 et
3344 5621 3672 5676 veuntissimo
3685 5625 3808 5672 Oor-

2255 5707 2430 5745 eleusr.
2645 5708 2649 5713 ”

2255 5707 2430 5745 6181181.
2645 5708 2649 5713 ”

2285 5759 2358 5820 (a)
2380 5760 2542 5814 Forte,
2562 5747 2727 5802 utenti.
2792 5813 2796 5817 ι
2857 5777 2870 5784 -
