3956 6520
595 401 699 459 107

598 520 940 669 dlcii‘fri’elle
964 605 1117 672 enim,
1150 602 1339 673 inquit,
1368 600 1566 670 adjacet
1587 596 1731 661 mihi,
1757 595 1996 666 perﬁcere
2016 602 2187 648 autem

600 709 784 764 bonum
811 719 913 757 non
937 697 1134 754 invenio
1166 698 1206 749 ι.
1236 694 1331 750 His
1356 693 1535 750 verbis
1562 690 1772 745 videtur
1799 703 1908 744 non
1931 694 2082 744 recte
2104 686 2189 741 in-

599 796 958 870 telligentibus
1002 792 1149 849 velut
1204 788 1418 845 auferre
1461 786 1690 842 liberum
1741 784 2043 840 arbitrium.
2076 780 2187 837 Sed

599 888 870 965 quomodo
898 886 1095 955 aufert,
1117 898 1242 941 cum
1268 882 1432 947 dicat,
1462 878 1604 935 Velle
1621 877 1821 950 adjacet
1846 877 2012 931 mihi?
2031 875 2191 931 Certe

599 987 744 1043 enim
782 984 960 1054 ipsum
984 977 1130 1036 velle
1166 976 1221 1032 in
1252 979 1522 1047 potestate.
1543 980 1656 1038 est,
1705 970 1958 1041 quoniam
1984 968 2193 1040 adjacet

600 1079 761 1137 nobis
790 1094 803 1131 :
837 1074 933 1132 sed
959 1071 1100 1144 quod
1128 1068 1389 1142 perﬁcere
1414 1066 1618 1123 bonum
1660 1080 1767 1120 non
1811 1070 1893 1120 est
1933 1062 1988 1118 in
2035 1069 2190 1133 pote-

601 1178 777 1237 state,
824 1168 891 1224 ad
932 1167 1181 1223 meritum
1217 1162 1449 1234 pertinet
1487 1157 1764 1230 originalis
1804 1152 2028 1227 peccati.
2076 1153 2191 1209 Non

604 1265 748 1323 enim
776 1269 859 1319 est
877 1262 993 1317 haec
1018 1260 1185 1331 prima
1208 1266 1395 1312 natura
1418 1252 1672 1317 hominis,
1694 1249 1787 1306 sed
1809 1248 1986 1305 delicti
2010 1261 2190 1319 poena,

599 1373 702 1430 per
729 1371 887 1427 quam
919 1353 1055 1408 facta
1086 1358 1167 1406 est
1192 1350 1307 1418 ipsa
1332 1345 1646 1407 mortalitas,
1670 1342 1821 1412 quasi
1842 1340 2075 1395 secunda
2098 1354 2195 1393 na-

601 1429 722 1505 iura
740 1490 755 1515 ,
787 1445 929 1501 unde
959 1458 1054 1498 nos
1079 1440 1249 1511 gratia
1276 1438 1467 1492 liberat
1495 1432 1797 1489 Conditoris
1823 1431 2062 1487 subditos
2092 1429 2197 1485 sibi

601 1556 702 1613 per
727 1538 907 1594 fidem.
933 1534 1041 1591 Sed
1065 1534 1181 1588 istae
1211 1544 1350 1584 nunc
1381 1540 1540 1582 voces
1567 1533 1693 1581 sunt
1721 1523 1821 1579 sub
1861 1524 1978 1593 lege
2023 1522 2196 1577 homi-

602 1633 691 1691 nis
715 1627 1029 1694 constituti,
1075 1622 1310 1680 nondum
1356 1619 1458 1675 sub
1495 1618 1682 1689 gratia.
1727 1615 1847 1671 Non
1885 1616 2028 1671 enim
2054 1614 2197 1686 quod

602 1728 719 1784 vult
765 1725 889 1780 facit
924 1723 1123 1777 bonum
1148 1760 1163 1787 ,
1196 1716 1288 1787 qui
1323 1713 1560 1769 nondum
1596 1717 1678 1767 est
1714 1711 1814 1765 sub
1852 1710 2051 1780 gratia;
2100 1710 2197 1765 sed

604 1818 750 1891 quod
774 1831 882 1872 non
912 1814 1026 1869 vult
1052 1810 1249 1867 malum
1272 1852 1287 1874 ,
1311 1807 1416 1862 hoc
1441 1805 1580 1876 agit,
1614 1812 1898 1873 superante
1939 1801 2194 1871 concupi-

606 1909 831 1974 scentia,
876 1920 985 1961 non
1031 1904 1204 1958 solum
1247 1899 1462 1954 vinculo
1506 1895 1867 1962 mortalitatis,
1916 1894 2012 1950 sed
2056 1894 2197 1950 mole

605 1997 1006 2058 consuetudinis
1033 1998 1055 2028 ²
1098 1993 1366 2049 roborata.
1394 1989 1453 2046 Si
1496 1996 1677 2043 autem
1715 1986 1858 2056 quod
1896 2000 2003 2041 non
2043 1986 2193 2055 vult,

602 2094 713 2151 hoc
737 2091 895 2157 facit;
921 2090 1029 2160 jam
1058 2080 1166 2142 non
1193 2085 1308 2154 ipse
1336 2087 1587 2152 operatur
1613 2077 1765 2146 illud,
1794 2076 1890 2133 sed
1929 2076 2070 2147 quod
2096 2077 2195 2132 ha-

604 2187 741 2243 bitat
781 2185 838 2239 in
874 2197 940 2239 eo
979 2185 1259 2251 peccatum
1287 2192 1303 2232 :
1329 2174 1469 2231 sicut
1507 2171 1754 2243 superius
1795 2169 1995 2226 dictum
2036 2178 2119 2226 est
2144 2177 2199 2225 et

606 2276 933 2349 expositum.

675 2370 766 2425 12.
796 2367 1009 2423 Invenio
1033 2380 1186 2437 ergo,
1214 2361 1423 2431 inquit,
1461 2358 1621 2430 legem
1655 2356 1783 2412 mihi
1811 2356 2002 2412 volenti
2030 2360 2199 2428 facere

604 2464 812 2527 bonum,
841 2457 1080 2528 quoniam
1102 2452 1229 2507 mihi
1252 2449 1444 2505 malum
1468 2448 1670 2517 adjacet
1696 2463 1715 2502 :
1744 2447 1798 2503 id
1837 2454 1957 2515 est,
1986 2447 2199 2503 invenio

602 2554 779 2624 legem
806 2551 1007 2605 bonum
1032 2545 1165 2602 mihi
1209 2556 1332 2600 esse
1355 2582 1371 2608 ,
1412 2555 1534 2596 cum
1573 2539 1698 2595 volo
1738 2538 1915 2595 facere
1942 2538 2087 2609 quod
2112 2539 2200 2595 lex

603 2645 769 2701 habet
801 2640 877 2716 (a)
895 2683 910 2706 ,
938 2638 1191 2710 quoniam
1215 2634 1347 2691 mihi
1371 2632 1570 2688 malum
1594 2631 1821 2702 adjacet,
1845 2631 1912 2687 ad
1939 2631 2094 2687 facile
2115 2630 2197 2687 fa-

604 2736 874 2795 ciendum.
894 2729 1275 2801 Quiasuperius
1299 2726 1441 2798 quod
1471 2729 1562 2793 ait,
1579 2724 1717 2782 Velle
1739 2725 1938 2796 adjacet
1966 2726 2112 2791 mihi,
2131 2726 2198 2781 ad

600 2830 914 2886 facilitatem
940 2825 1092 2879 dixit.
1140 2820 1276 2889 Quid
1303 2819 1447 2874 enim
1477 2818 1687 2874 facilius
1714 2816 1916 2872 homini
1952 2818 2053 2873 sub
2080 2818 2195 2889 lege

604 2919 919 2984 constituto,
949 2929 1107 2986 quam
1134 2912 1271 2967 velle
1294 2910 1491 2966 bonum
1517 2918 1570 2965 et
1595 2908 1773 2966 facere
1794 2909 2036 2965 malum?
2061 2910 2194 2965 Nam

602 3020 660 3068 et
686 3008 817 3065 illud
845 3009 962 3063 sine
989 3004 1303 3062 difficultate
1330 3001 1464 3071 vult,
1496 3000 1738 3071 quamvis
1766 3016 1876 3056 non
1902 3007 2011 3056 tam
2038 3000 2197 3058 facile

599 3103 792 3173 faciat,
822 3117 981 3173 quam
1011 3099 1165 3154 facile
1204 3096 1354 3162 vult;
1386 3102 1441 3151 et
1467 3094 1569 3150 hoc
1597 3093 1739 3165 quod
1774 3093 1888 3149 odit
1914 3093 2069 3150 facile
2097 3094 2195 3149 ha-

599 3194 732 3262 bet,
760 3192 1003 3264 quamvis
1042 3190 1098 3245 id
1132 3188 1265 3244 nolit
1297 3204 1312 3241 :
1355 3187 1491 3243 sicut
1517 3186 1883 3257 praecipitatus
1912 3187 2030 3242 sine
2057 3186 2197 3242 diffi-

601 3288 800 3344 cultate
827 3285 972 3340 venit
1000 3284 1055 3338 in
1095 3279 1415 3353 profundum
1441 3320 1457 3346 ,
1496 3277 1739 3349 quamvis
1776 3276 1834 3335 id
1877 3277 2012 3335 nolit
2037 3288 2196 3351 atque

602 3377 798 3434 oderit.
828 3377 941 3432 lloc
982 3375 1091 3431 dixi
1120 3382 1341 3445 propter
1370 3371 1594 3428 verbum
1624 3370 1767 3443 quod
1809 3371 1922 3441 ait,
1971 3373 2193 3443 adjacet.

600 3470 854 3527 Perhibet
878 3469 1040 3540 igitur
1056 3467 1421 3523 testimonium
1442 3466 1566 3536 legi,
1589 3466 1732 3536 quod
1755 3464 1895 3522 bona
1915 3465 2005 3532 sit,
2032 3466 2195 3522 homo

598 3563 702 3620 sub
729 3578 794 3619 ea
821 3561 1025 3633 positus
1052 3568 1105 3616 et
1129 3559 1368 3615 nondum
1394 3557 1564 3628 gratia
1609 3556 1900 3623 liberatus;
1949 3558 2196 3627 perhibet

598 3655 821 3711 omnino
840 3668 905 3707 eo
932 3653 1049 3721 ipso
1075 3649 1217 3720 quod
1244 3664 1304 3704 se
1330 3644 1681 3718 reprehendit
1704 3645 1879 3704 facere
1897 3658 2086 3705 contra
2110 3651 2193 3707 1e-

599 3762 726 3820 gem
752 3762 767 3799 :
799 3754 855 3799 et
879 3742 1083 3799 invenit
1119 3755 1237 3796 eam
1279 3741 1480 3796 bonum
1510 3739 1612 3795 sibi
1642 3752 1763 3796 esse
1788 3739 1809 3772 ³
1831 3781 1847 3809 ,
1888 3742 2075 3798 volens
2116 3742 2194 3800 fa-

598 3852 723 3894 cere
769 3834 913 3907 quod
960 3834 1050 3889 illa
1094 3833 1286 3903 jubet,
1331 3838 1386 3886 et
1428 3831 1860 3901 concupiscentia
1904 3844 2194 3904 superante

598 3945 709 3988 non
746 3928 964 3993 valens;
1003 3931 1161 3995 atque
1204 3924 1278 3979 ita
1316 3936 1375 3978 se
1415 3921 1869 3993 prmvaricationis
1907 3933 2055 3981 reatu
2088 3928 2191 3982 im-

598 4025 855 4097 plicatum
892 4018 1076 4087 videt,
1120 4016 1189 4073 ad
1232 4015 1335 4072 hoc
1379 4022 1438 4071 ut
1478 4016 1704 4087 gratiam
1746 4015 2049 4075 liberatoris
2088 4019 2190 4075 im~

600 4118 796 4190 ploret.

673 4214 762 4269 15.
789 4207 1118 4267 Condelector
1141 4205 1294 4274 enim,
1324 4203 1515 4277 inquit,
1544 4202 1645 4277 legi
1669 4200 1768 4259 Dei
1796 4205 2075 4260 secundum
2102 4203 2189 4261 in-

600 4307 833 4367 teriorem
862 4302 1115 4357 hominem
1147 4299 1240 4355 :ei
1264 4298 1446 4368 utique
1471 4297 1595 4369 legi,
1626 4313 1742 4369 qua:
1764 4296 1911 4366 dicit,
1939 4296 2058 4353 Non
2077 4315 2191 4354 con-

598 4398 845 4471 cupisces.
884 4391 1042 4449 Video
1062 4398 1251 4459 autem,
1282 4389 1482 4461 inquit,
1511 4389 1671 4460 legem
1700 4388 1855 4444 aliam
1876 4388 1929 4444 in
1954 4390 2189 4447 membris

597 4493 743 4559 meis,
770 4493 1134 4561 repugnantem
1163 4484 1260 4555 legi
1291 4482 1469 4538 mentis
1502 4498 1646 4550 mete,
1679 4491 1726 4537 et
1747 4484 2083 4553 captivantem
2109 4500 2189 4539 me

595 4584 689 4641 sub
716 4584 821 4653 lege
847 4579 1070 4651 peccati,
1113 4592 1226 4649 quae
1262 4583 1335 4630 est
1360 4576 1413 4629 in
1439 4576 1673 4629 membris
1696 4576 1848 4657 meis.
1869 4578 2067 4646 Legem
2094 4592 2189 4648 ap-

599 4676 764 4748 pellat
787 4674 842 4726 in
868 4669 1125 4726 membris
1151 4668 1261 4721 suis
1287 4709 1304 4735 ,
1336 4682 1473 4721 onus
1515 4668 1691 4736 ipsum
1721 4668 2059 4725 mortalitatis
2082 4711 2099 4739 ,
2131 4669 2187 4726 in

598 4782 706 4840 quo
734 4763 1126 4837 ingemiscimus
1148 4760 1353 4831 gravati
1379 4757 1449 4830 (ll
1475 4758 1594 4815 Cor.
1619 4776 1673 4827 v,
1700 4760 1779 4830 4).
1808 4759 2015 4833 Corpus
2040 4764 2185 4820 enim

595 4860 742 4933 quod
784 4856 1145 4927 corrumpitur
1181 4861 1434 4925 aggravat
1477 4853 1710 4909 animam
1743 4854 1898 4928 (Sep.
1940 4874 1995 4912 ix
2020 4899 2036 4924 ,
2069 4858 2182 4929 15).

590 4946 701 5009 Per
723 4950 867 5024 quod
898 4948 955 5002 fit
978 4947 1136 5003 etiam
1164 4960 1306 5016 saepe
1331 4955 1389 5001 ut
1419 4946 1613 5002 invicte
1639 4946 1871 5003 delectet
1895 4949 2036 5019 quod
2076 4965 2184 5007 non

596 5045 721 5102 licet
742 5043 787 5098 ⁵.
816 5042 985 5112 Quam
1015 5039 1277 5095 sarcinam
1308 5048 1640 5110 prementem
1682 5050 1735 5096 ct
1761 5050 2037 5113 urgentem
2064 5042 2184 5099 ideo

604 5135 777 5206 legem
801 5133 1052 5205 appellat,
1080 5130 1201 5201 quia
1227 5131 1347 5201 jure
1374 5131 1623 5202 supplicii
1652 5132 1831 5187 divino
1855 5134 2057 5203 judicio
2083 5136 2182 5191 tri-

603 5226 729 5288 buta
749 5236 803 5284 et
828 5226 1075 5298 imposita
1109 5232 1192 5279 est
1217 5224 1282 5280 ab
1306 5240 1371 5280 co
1397 5225 1485 5297 qui
1512 5229 1832 5297 praemonuit
1866 5227 2137 5284 hominem
2162 5272 2179 5298 ,

594 5322 779 5382 dicens
802 5342 816 5379 :
842 5322 954 5390 Qua
979 5322 1059 5375 die
1080 5319 1517 5387 manducavcritis,
1544 5332 1701 5377 morte
1722 5323 2002 5379 moriemini
2028 5323 2180 5397 (Gen.

654 5499 675 5534 ί
708 5498 950 5557 Verbum,
982 5493 1190 5555 invenio,
1216 5495 1357 5545 abest
1389 5509 1417 5546 a
1449 5503 1558 5546 Mss.

653 5565 676 5629 ξ
708 5564 780 5612 Sic
811 5568 893 5629 Ξῖ.
922 5568 973 5610 et
1005 5560 1220 5629 potiores
1248 5564 1354 5606 Mss.
1392 5557 1773 5629 Αιιιιονηηιαιω
1799 5560 2173 5614 consuetudinis.

654 5627 675 5657 ³
708 5633 837 5690 l._ov.,
874 5619 1048 5690 inuenit
1082 5619 1375 5690 eambonam
1407 5619 1497 5671 sibi
1527 5633 1645 5671 esse.
1666 5628 1722 5671 At
1745 5630 1844 5671 Am.
1863 5630 1937 5673 Er.
1966 5632 2017 5675 et
2049 5631 2176 5690 Mss,

596 5688 765 5738 irttienit
798 5680 904 5753 eam
940 5687 1114 5753 bonum
1140 5680 1232 5733 sibi
1263 5696 1392 5753 esset
1432 5742 1462 5753 η

654 5752 675 5780 δ
709 5758 836 5807 |.ov.,
862 5748 1003 5798 invite
1037 5747 1235 5798 delectet
1266 5745 1392 5812 (1ης)τί
1426 5743 1552 5812 licet.
1588 5754 1759 5799 Locum
1780 5750 1954 5812 partim
1967 5749 2027 5803 ad
2059 5751 2180 5804 alias

594 5811 834 5860 editiones
856 5812 1189 5874 restituimus,
1224 5810 1397 5873 partim
1429 5809 1488 5860 ad
1519 5814 1626 5860 Mss.

651 5873 726 5936 (a)
756 5878 911 5935 Forte,
938 5872 1080 5931 iubet.

1126 389 1214 447 DE
1255 384 1562 445 DlVERSlS
1596 380 2119 455 QUIESTIONIBUS
2154 380 2249 438 AD
2283 378 2786 452 SIMPLICIANUM,
2826 384 2884 441 S.
2923 383 3294 445 AUGUSTINI

3782 393 3875 460 108

2300 514 2376 567 ιι,
2415 502 2529 571 17).
2570 501 2697 557 Ηωρ
2726 504 2808 557 lex
2836 514 3095 575 repugnat
3119 506 3225 577 legi
3268 507 3463 565 mentis
3488 509 3695 569 dicenti
3717 556 3733 583 ,
3766 515 3871 575 Non

2299 595 2620 665 concupisces
2648 612 2667 650 :
2692 597 2778 651 cui
2809 596 3217 655 condelectatur
3240 601 3402 658 homo
3422 606 3721 663 secundum
3749 610 3869 669 inte-

2300 689 2499 744 riorem
2521 688 2789 745 hominem
2817 706 2832 755 ;
2861 700 2915 746 et
2937 700 3219 763 antequam
3242 694 3312 749 sit
3331 697 3556 768 quisque
3578 700 3683 757 sub
3702 704 3868 775 gratia,

2299 782 2375 838 ita
2400 791 2681 855 repugnat,
2710 793 2768 840 ut
2796 791 2852 839 et
2876 786 3110 855 captivet
3134 802 3259 842 eum
3285 789 3384 845 sub
3424 791 3541 861 lege
3578 798 3801 865 peccati,
3826 800 3868 855 id

2302 885 2386 933 est
2413 877 2514 932 sub
2542 877 2849 948 semetipsa.
2880 878 3015 935 Cum
3044 881 3191 936 enim
3226 881 3375 950 dicit,
3412 878 3525 954 quae
3548 896 3625 941 est
3652 888 3706 942 in
3734 906 3870 945 mem-

2301 969 2406 1024 bris
2427 970 2591 1035 meis;
2630 968 2769 1024 hanc
2797 971 3033 1027 ostendit
3069 972 3315 1029 eamdem
3354 990 3475 1031 esse
3498 976 3569 1033 de
3607 994 3713 1050 qua
3737 996 3870 1053 supc-

2302 1062 2414 1118 rius
2434 1062 2529 1130 ait,
2566 1061 2723 1117 Video
2742 1062 2899 1118 aliam
2920 1063 3084 1135 legem
3101 1066 3155 1119 in
3183 1067 3419 1123 membris
3444 1070 3594 1125 meis.

2375 1156 2465 1211 14.
2497 1154 2610 1211 Hoc
2632 1164 2812 1211 autem
2842 1164 3011 1212 totum
3032 1158 3154 1213 ideo
3175 1159 3388 1229 dicitur,
3417 1170 3477 1217 ut
3496 1162 3868 1225 demonstretur

2302 1248 2510 1306 homini
2537 1252 2747 1321 captivo
2786 1266 2895 1307 non
2942 1266 3064 1308 esse
3110 1256 3544 1324 prtcsumendum
3589 1260 3661 1316 de
3696 1263 3866 1321 viribus

2305 1344 2435 1399 suis.
2468 1342 2616 1400 Unde
2645 1343 2859 1400 Judzcos
2886 1345 3143 1417 arguebat
3167 1354 3416 1419 tanquam
3443 1350 3512 1408 de
3538 1357 3784 1425 operibus
3804 1359 3866 1415 le-

2302 1438 2385 1510 gis
2411 1438 2638 1509 superbe
2668 1439 2977 1510 gloriantes,
3002 1456 3124 1496 cum
3151 1444 3492 1502 traherentur
3510 1453 3867 1522 concupiscen-

2304 1534 2378 1587 tia
2405 1532 2471 1587 ad
2510 1532 2767 1605 quidquid
2807 1533 3049 1590 illicitum
3076 1545 3179 1605 est,
3214 1552 3336 1593 cum
3366 1539 3453 1596 lex
3479 1541 3549 1598 de
3577 1560 3681 1615 qua
3707 1548 3869 1618 gloria-

2304 1623 2499 1679 bantur
2521 1665 2536 1692 ,
2567 1625 2747 1695 dicat,
2782 1625 2908 1681 Non
2946 1630 3287 1701 concupisces.
3321 1631 3613 1693 Humiliter
3653 1654 3772 1712 ergo
3805 1642 3867 1698 di-

2305 1719 2535 1774 cendum
2564 1729 2646 1774 est
2676 1720 2877 1775 homini
2906 1722 3045 1777 victo
3070 1764 3084 1790 ,
3118 1722 3369 1781 damnato
3393 1769 3408 1796 ,
3441 1730 3659 1800 captivo
3679 1775 3693 1799 ,
3721 1744 3768 1789 et
3790 1752 3869 1793 nec

2299 1813 2495 1899 saltem
2523 1821 2739 1883 accepta
2768 1813 2885 1883 lege
2912 1815 3118 1881 victori,
3144 1817 3239 1871 sed
3260 1819 3434 1887 potius
3460 1825 3865 1897 praevaricatori,

2305 1902 2578 1958 humiliter
2599 1905 3005 1961 exclamandum
3031 1915 3132 1973 est,
3162 1907 3322 1963 Miser
3356 1928 3445 1983 ego
3473 1914 3651 1985 homo,
3683 1923 3785 1990 quis
3809 1942 3869 1979 me

2304 1982 2532 2051 liberabit
2551 1998 2613 2051 de
2636 2014 2844 2069 corpore
2866 2001 3041 2054 mortis
3060 2000 3213 2071 hujus
3234 2002 3260 2056 ?
3288 1982 3465 2059 Gratia
3488 2004 3597 2061 Dei
3723 2011 3866 2069 Iesum

2305 2089 2563 2146 Christum
2601 2090 2881 2147 Dominum
2908 2102 3155 2148 nostrum.
3204 2095 3318 2152 Hoc
3345 2099 3489 2154 enim
3518 2112 3692 2159 restat
3719 2106 3766 2161 in
3790 2108 3866 2162 ista

2306 2183 2523 2238 mortali
2563 2183 2674 2238 vita
2721 2183 2892 2239 libero
2933 2185 3194 2255 arbitrio,
3237 2202 3344 2243 non
3391 2198 3449 2244 ut
3478 2192 3705 2263 impleat
3738 2195 3867 2254 homo

2301 2274 2585 2346 justitiam,
2610 2289 2733 2330 cum
2753 2277 2999 2343 voluerit,
3025 2278 3119 2333 sed
3146 2286 3205 2334 ut
3231 2295 3290 2336 se
3310 2283 3533 2354 supplici
3553 2288 3749 2357 pietate
3769 2306 3867 2347 con-

2304 2375 2481 2423 vertat
2507 2367 2576 2422 ad
2607 2382 2730 2423 eum
2756 2369 2908 2439 cujus
2937 2370 3078 2426 dono
3104 2387 3222 2428 eam
3249 2377 3423 2444 possit
3452 2377 3702 2449 implere.

2380 2460 2466 2516 15.
2497 2458 2554 2515 In
2580 2459 2681 2516 hac
2705 2476 2833 2533 ergo
2864 2468 2993 2531 tota,
3019 2480 3177 2533 quam
3206 2469 3574 2540 tractavimus,
3623 2476 3865 2546 apostolici

2306 2553 2645 2609 contextione
2675 2555 2963 2624 sermonis,
3001 2557 3242 2627 quisquis
3275 2566 3422 2628 putat
3474 2566 3714 2622 sensisse
3750 2569 3867 2638 Apa-

2305 2648 2503 2703 stolum
2532 2648 2677 2719 quod
2702 2649 2839 2704 mala
2878 2649 2946 2705 sit
2972 2650 3080 2716 lex,
3123 2651 3373 2720 quoniam
3418 2654 3568 2724 dicit,
3599 2658 3706 2714 Lex
3728 2662 3868 2715 subin-

2306 2742 2476 2807 travit,
2523 2750 2577 2794 ut
2606 2740 2887 2796 abundaret
2913 2741 3149 2796 delictum
3178 2743 3353 2815 (Rom.
3382 2762 3436 2814 v,
3467 2747 3586 2819 20);
3617 2759 3699 2819 et,
3742 2752 3868 2806 Mini-

2305 2832 2483 2885 stratio
2508 2833 2682 2887 mortis
2704 2833 2756 2886 in
2786 2833 2963 2888 litteris
2985 2834 3205 2904 ﬁgurata
3232 2835 3445 2906 lapideis
3473 2838 3541 2909 (ll
3566 2840 3686 2895 Cor.
3718 2858 3787 2910 ιιι,
3808 2842 3865 2914 7);

2304 2931 2379 2994 et,
2403 2922 2575 2980 Virtus
2593 2927 2785 2995 peccati
2802 2926 2881 2979 lea:
2907 2926 3075 2997 (lCor.
3091 2943 3182 2993 xv,
3211 2928 3325 3000 56),
3348 2936 3421 2998 et,
3452 2931 3649 2989 Μονιαί
3670 2937 3775 2991 estis
3794 2937 3869 3007 legi

2306 3034 2396 3088 per
2425 3034 2607 3088 corpus
2634 3017 2819 3072 Christi
2844 3026 2900 3073 ut
2923 3019 3033 3073 sitis
3059 3019 3267 3075 alterius
3291 3024 3379 3092 qui
3401 3040 3463 3078 ea:
3488 3029 3704 3083 mortuis
3726 3046 3865 3086 resur-

2304 3110 2465 3175 rexit;
2489 3117 2563 3175 et,
2592 3109 2866 3166 Passiones
2902 3120 3238 3180 peccatorum,
3285 3131 3398 3185 qua:
3431 3134 3521 3186 per
3572 3119 3731 3192 legem
3755 3133 3867 3187 sunt,

2305 3204 2645 3273 operabantur
2692 3203 2747 3258 in
2799 3204 3031 3259 membris
3078 3208 3284 3275 nostris,
3336 3218 3391 3262 ut
3437 3196 3663 3280 fructum
3712 3220 3869 3290 ferrent

2304 3298 2486 3363 morti;
2513 3314 2643 3352 nunc
2659 3313 2773 3353 vero
2803 3299 3031 3353 evacuati
3052 3317 3225 3355 sumus
3254 3318 3287 3355 a
3326 3303 3433 3375 lege
3464 3309 3666 3377 mortis,
3715 3311 3762 3363 in
3789 3326 3869 3381 qua

2304 3391 2667 3461 detinebamur,
2695 3391 2767 3446 ita
2786 3403 2842 3446 ut
2868 3394 3139 3449 serviamus
3160 3396 3212 3450 in
3233 3398 3448 3454 novitate
3466 3402 3700 3471 spiritus,
3730 3414 3773 3459 et
3790 3422 3871 3458 non

2302 3484 2356 3539 in
2384 3494 2622 3539 vetustate
2648 3483 2829 3541 littera:
2874 3488 3051 3561 (Rom.
3081 3506 3178 3559 vn,
3211 3490 3353 3564 4—6);
3384 3502 3437 3548 et
3461 3494 3562 3548 alia
3593 3496 3639 3551 si
3670 3513 3767 3566 qua
3790 3496 3871 3551 hu-

2298 3576 2536 3648 jusmodi
2564 3578 2884 3648 Apostolum
2911 3580 3110 3638 dixisse
3144 3582 3468 3652 invenimus,
3493 3588 3736 3645 attendat
3768 3588 3869 3644 ideo

2302 3686 2422 3729 esse
2447 3672 2548 3727 ista
2574 3673 2737 3738 dicta,
2788 3675 2913 3745 quia
2954 3676 3041 3731 lex
3083 3687 3240 3748 auget
3282 3681 3775 3752 concupiscentiam
3816 3698 3870 3739 ex

2300 3766 2679 3839 prohibitione,
2704 3775 2760 3823 et
2784 3783 2935 3824 reum
2971 3769 3169 3841 obligat
3212 3786 3278 3829 ex
3307 3777 3767 3845 praevaricatione,
3803 3777 3873 3846 ju-

2299 3858 2477 3915 bendo
2501 3859 2644 3931 quod
2667 3862 2889 3930 implere
2916 3863 3162 3918 homines
3190 3879 3253 3920 ex
3285 3865 3594 3935 infirmitate
3632 3886 3745 3927 non
3767 3885 3871 3942 pos-

2299 3960 2445 4019 sunt,
2478 3951 2584 4008 nisi
2622 3967 2683 4008 se
2726 3952 2794 4008 ad
2824 3953 2919 4008 Dei
2963 3954 3188 4024 gratiam
3209 3957 3411 4027 pietate
3451 3972 3787 4017 convertant.
3820 3963 3872 4017 Et

2298 4042 2420 4100 ideo
2441 4045 2540 4101 sub
2582 4045 2673 4101 illa
2699 4060 2819 4103 esse
2863 4046 3132 4111 dicuntur,
3187 4048 3383 4121 quibus
3438 4051 3765 4111 dominatur.
3796 4056 3872 4111 Eis

2298 4145 2479 4209 autem
2504 4136 2829 4207 dominatur,
2857 4153 2991 4209 quos
3024 4139 3179 4209 punit
3210 4157 3225 4194 :
3259 4142 3411 4210 punit
3456 4152 3635 4200 autem
3688 4162 3872 4219 pram-

2298 4227 2554 4286 ricatores
2583 4244 2789 4287 omnes.
2822 4230 2994 4287 Porro
3021 4231 3111 4301 qui
3150 4244 3471 4304 acceperunt
3491 4236 3687 4307 legem,
3744 4254 3872 4310 pra:-

2296 4322 2539 4377 varicant
2557 4336 2675 4377 eam
2703 4323 2745 4388 ί,
2772 4322 2874 4378 nisi
2906 4337 3001 4392 per
3033 4324 3259 4394 gratiam
3296 4337 3695 4399 consequantur
3734 4345 3873 4401 posse

2298 4415 2441 4486 quod
2464 4415 2636 4485 jubet.
2666 4416 2745 4471 Ita
2773 4415 2837 4471 fit
2860 4425 2917 4477 ut
2942 4432 3050 4472 non
3079 4417 3385 4475 dominetur
3408 4422 3490 4477 eis
3514 4423 3605 4492 qui
3644 4423 3760 4494 jam
3785 4425 3872 4481 sub

2296 4510 2463 4579 gratia
2492 4517 2638 4578 sunt,
2690 4510 3037 4579 implentibus
3083 4527 3202 4568 eam
3231 4527 3331 4583 per
3375 4513 3697 4575 charitatem
3728 4521 3769 4588 ³,
3794 4518 3874 4589 qui

2296 4609 2450 4659 erant
2469 4601 2568 4657 sub
2597 4601 2713 4671 ejus
2742 4602 2934 4656 timore
2963 4602 3221 4661 damnati.

2295 4718 2301 4743 .-
2370 4694 2457 4747 16.
2488 4692 2621 4748 Nam
2649 4691 2698 4747 si
2723 4692 2812 4747 illa
2839 4708 2958 4764 quae
2983 4694 3126 4751 dicta
3154 4705 3299 4767 sunt,
3326 4709 3563 4769 movent,
3586 4709 3644 4757 ut
3662 4710 3866 4773 putetur

2293 4786 2583 4857 Apostolus
2625 4787 2797 4857 legem
2837 4788 3254 4859 reprehendere;
3308 4793 3437 4863 quid
3485 4794 3693 4865 agimus
3717 4798 3783 4854 de
3808 4813 3868 4853 eo

2293 4882 2435 4951 quod
2460 4882 2606 4951 dicit,
2637 4879 2965 4938 Condelector
3007 4885 3138 4940 enim
3166 4886 3266 4958 legi
3290 4887 3389 4943 Dei
3432 4891 3713 4946 secundum
3757 4894 3873 4948 inte-

2292 4977 2475 5032 riorem
2494 4976 2783 5032 hominem?
2814 4978 2925 5032 lloc
2949 4978 3091 5033 enim
3122 4980 3329 5050 dicens,
3356 4983 3529 5054 legem
3550 4986 3732 5056 utique
3767 4988 3873 5042 lau-

2293 5069 2403 5127 dat.
2432 5069 2585 5137 Quod
2639 5085 2760 5125 cum
2791 5070 2867 5125 illi
2919 5072 3159 5141 audiunt,
3213 5078 3563 5146 respondent,
3621 5080 3726 5137 hoc
3764 5082 3875 5137 loco

2291 5156 2609 5235 Adpostolum
2637 5164 2702 5220 de
2727 5165 2830 5221 alia
2859 5165 2977 5238 lege
3013 5168 3223 5235 dicere;
3263 5171 3317 5226 id
3346 5181 3449 5239 est,
3496 5173 3562 5229 de
3592 5173 3709 5245 lege
3734 5175 3873 5231 Chri-

2292 5259 2381 5324 sti,
2412 5274 2515 5314 non
2543 5259 2609 5316 de
2642 5261 2728 5316 illa
2761 5278 2877 5329 qmc
2900 5260 3021 5317 data
3048 5273 3130 5317 cst
3171 5263 3391 5321 Iudaeis.
3433 5266 3730 5334 Quaerimus
3751 5282 3869 5337 ergo

2290 5352 2357 5407 ab
2382 5352 2460 5407 eis
2489 5352 2556 5408 de
2578 5368 2679 5423 qua
2701 5354 2816 5423 lege
2837 5354 2996 5419 dicat,
3028 5355 3134 5409 Lex
3153 5368 3320 5411 autem
3362 5360 3658 5413 subiutravit
3700 5370 3754 5413 ut
3783 5360 3870 5412 ab-

2289 5444 2504 5500 undaret
2532 5446 2808 5500 delictum?
2830 5446 3195 5517 Respondcnt,
3245 5450 3311 5505 de
3342 5451 3429 5505 illa
3462 5453 3644 5521 procul
3687 5452 3867 5516 dubio,

2288 5528 2447 5608 quam
2472 5537 2641 5593 Judmi
2671 5550 3006 5609 acceperunt.
3040 5541 3169 5595 Vide
3189 5558 3318 5613 ergo
3348 5553 3525 5599 utram
3556 5545 3667 5613 ipsa
3695 5543 3781 5607 sit,
3806 5542 3873 5596 de

2288 5648 2393 5704 qua
2419 5633 2631 5701 dicitur,
2660 5630 2935 5687 Occasione
2962 5645 3187 5705 accepta,
3235 5646 3497 5705 peccatum
3529 5654 3617 5707 per
3658 5635 3871 5691 manda-

2566 5848 2578 5860 .
2616 5816 2667 5861 ct
2700 5817 2805 5862 Mss.
2829 5818 2882 5863 At
2914 5820 3045 5874 Lov.,
3079 5812 3467 5876 pramaricantur
3498 5829 3626 5869 eam.

2580 5882 2688 5928 Mss.
2721 5882 2779 5927 Αι
2810 5879 2859 5932 in
2882 5877 3055 5939 editis,
3089 5890 3175 5940 per
3207 5876 3434 5940 gratiam.
