3942 6416
508 342 554 360 ί-

166 514 263 557 εισι
279 506 507 569 operat!!!
536 499 603 547 est
627 491 685 546 in
712 507 802 545 me
827 504 1035 545 omnem
1066 485 1529 558 concupiscentiam.
1572 484 1711 554 Quid

167 606 244 651 eos
275 592 396 647 enim
416 586 564 651 aliud,
594 592 877 654 operatum
924 592 999 636 est
1034 582 1185 635 inme
1222 595 1420 633 onmem
1470 578 1713 649 concupi-

168 687 402 744 miat;
424 693 571 749 quam
590 677 641 731 id
668 676 824 747 quod
844 675 922 730 ibi
944 684 1042 740 est,
1065 682 1119 727 ut
1139 672 1416 733 abundaret
1434 672 1712 727 delictum?

171 778 284 832 Vide
306 788 491 845 quoque
532 782 718 825 utrum
768 775 1037 823 consonet
1082 766 1245 821 etiam
1292 765 1382 819 illa
1410 765 1713 831 sententia,

164 879 206 921 ut
221 869 300 934 ﬁet
315 881 452 935 supra
478 861 688 915 modum
718 869 962 931 peccator
980 868 1064 913 aut
1088 866 1347 928 peccatum
1369 873 1457 927 per
1482 855 1706 910 manda-

164 974 267 1017 tus.
311 958 409 1013 Hoc
454 964 534 1011 est
558 954 733 1018 enim,
783 963 841 1006 ut
870 954 965 1021 fiat
986 967 1139 1021 supra
1164 950 1373 1003 modum
1417 958 1713 1018 peccatum;

164 1054 286 1126 quod
309 1061 393 1115 est,
418 1060 467 1103 ιιι
483 1048 771 1102 abundaret
806 1046 1068 1100 delictum.
1124 1042 1181 1098 Si
1212 1044 1372 1114 igitur
1414 1041 1713 1097 ostenderi-

166 1164 268 1206 mus
286 1148 454 1202 bonum
486 1158 610 1199 esse
652 1140 1001 1205 mandatum,
1034 1138 1178 1193 unde
1220 1137 1506 1193 occasione
1553 1150 1711 1191 acce-

163 1255 235 1311 pta
259 1249 506 1310 peccatum
534 1244 825 1305 operatum
851 1242 935 1288 est
958 1246 1173 1286 omnem
1190 1228 1708 1299 concupiscentiam,

158 1344 205 1389 ut
228 1334 361 1387 ﬁeret
378 1344 527 1399 supra
548 1326 797 1389 modum;
823 1323 984 1378 simul
1007 1322 1355 1377 ostendemus
1372 1320 1564 1374 bonam
1590 1332 1712 1374 esse

157 1426 325 1495 legem,
368 1438 478 1493 qua
522 1417 849 1475 subintravit
897 1423 959 1470 ut
995 1412 1291 1469 abundaret
1332 1410 1609 1477 delictum,
1656 1407 1713 1464 id

156 1527 244 1583 at,
284 1524 337 1569 ut
370 1521 675 1584 operaretur
737 1516 1019 1581 peccatum
1057 1520 1275 1561 omnem
1323 1503 1708 1573 concupiscen-

156 1613 285 1673 tiam,
314 1618 364 1662 et
390 1608 537 1661 ﬁeret
561 1618 722 1673 supra
745 1602 991 1657 modum.
1025 1599 1260 1654 Audiant
1286 1612 1416 1669 ergo
1458 1595 1715 1653 eumdem

154 1700 420 1772 apostolum
446 1698 725 1761 dicentem,
758 1694 895 1760 Quid
930 1709 1047 1763 ergo
1091 1691 1353 1745 dicemus?
1380 1687 1488 1743 Lea:
1520 1704 1710 1759 pecca-

158 1802 249 1845 tum
275 1793 380 1845 est?
402 1791 555 1843 Absit.
586 1788 717 1849 Hoc,
753 1786 1024 1856 inquiunt,
1054 1782 1123 1838 de
1144 1783 1264 1852 lege
1284 1781 1481 1837 Christi
1510 1780 1710 1835 dictum

157 1894 253 1952 est;
280 1884 379 1939 hoc
400 1892 498 1948 est,
524 1882 591 1936 de
630 1882 744 1950 lege
766 1879 971 1949 gratiae.
1017 1874 1401 1945 Rcspoudeaut
1432 1874 1614 1943 itaque
1644 1872 1713 1927 de

156 1994 247 2049 qua
271 1977 548 2045 intelligant
588 1972 715 2027 illud
764 1968 907 2040 quod
957 1968 1201 2038 sequitur
1233 1984 1244 2018 :
1280 1966 1388 2020 Sed
1415 1982 1504 2034 ego
1538 1980 1714 2035 pecca-

161 2080 265 2123 tum
285 2084 382 2121 non
400 2067 618 2136 cognovi,
644 2064 734 2115 nisi
758 2078 843 2131 per
869 2060 1048 2131 legem.
1080 2055 1223 2111 Nam
1247 2055 1705 2126 concupiscentiam

170 2160 449 2223 nesciebam,
496 2156 589 2209 nisi
628 2156 704 2209 lex
749 2154 935 2216 diceret,
963 2150 1089 2205 Non
1144 2149 1484 2219 concupisces.
1542 2148 1711 2200 Uoca-

160 2267 297 2308 Μ
312 2260 469 2303 autem
494 2258 707 2316 accepta,
729 2255 982 2315 peccatum
1012 2260 1102 2313 per
1124 2250 1424 2295 mandatum
1450 2246 1712 2310 operatum

156 2354 224 2399 est
244 2345 295 2397 in
317 2358 392 2396 me
406 2357 589 2395 omnem
616 2336 1090 2403 concupiscentiam.
1120 2335 1262 2390 Ecce
1287 2333 1574 2389 verborum
1594 2332 1709 2401 ipsa

158 2438 400 2493 contentio
410 2437 533 2490 satis
546 2434 743 2489 indicat
755 2431 823 2486 de
838 2446 942 2501 qua
954 2431 1072 2500 lege
1083 2428 1300 2498 dixerit,
1318 2426 1427 2481 Le:c
1452 2433 1711 2496 peccatum

159 2532 416 2586 «arma.
447 2530 518 2584 De
542 2528 637 2583 illa
661 2528 892 2593 scilicet,
920 2541 1018 2596 per
1045 2524 1199 2593 cujus
1221 2522 1532 2577 mandatum
1550 2533 1709 2573 occa-

161 2624 339 2681 sicfuit
361 2631 585 2695 peccato,
616 2630 679 2677 ut
703 2628 1023 2691 operaretur
1066 2632 1284 2672 omnem
1319 2615 1711 2683 concupiscen-

163 2718 473 2775 tiamlleilla
494 2732 625 2787 ergo
667 2729 794 2786 quae
828 2712 1144 2769 subintravit
1189 2721 1248 2763 ut
1289 2707 1587 2762 abundaret
1620 2704 1714 2758 de-

164 2810 337 2876 lictum,
366 2824 504 2880 quam
552 2815 750 2878 putant
795 2806 875 2860 illi
903 2803 1119 2859 malam.
1146 2801 1251 2857 Sed
1278 2800 1403 2871 quid
1450 2798 1709 2870 apertius,

165 2916 299 2975 quam
322 2902 368 2956 id
392 2901 518 2971 quod
541 2901 712 2972 paulo
736 2908 863 2968 post
892 2896 987 2962 ait,
1018 2895 1044 2949 l
1055 2904 1200 2964 taque
1229 2892 1312 2947 lea:
1347 2891 1551 2963 quidem
1588 2906 1711 2943 san-

171 3004 315 3061 dl,et
337 2996 594 3048 mandatam
626 3002 894 3058 sanctum,
926 2998 973 3043 et
1006 2992 1223 3059 justum,
1246 2994 1292 3040 et
1332 2987 1557 3040 bonum?
1598 2983 1713 3038 Hoc

170 3102 326 3142 rm
347 3088 498 3142 dicunt
521 3102 633 3141 non
687 3085 756 3139 de
784 3084 876 3137 illa
906 3083 1021 3152 lege
1047 3096 1167 3151 qua:
1186 3079 1390 3134 Judaeis
1439 3078 1563 3132 data
1603 3084 1707 3145 est,

167 3181 248 3237 sed
271 3180 329 3236 de
349 3181 611 3253 Evangelia
640 3180 853 3235 dictum
885 3186 987 3233 est.
1027 3174 1441 3230 Manichaeorum
1462 3179 1545 3227 est
1565 3171 1709 3226 enim

166 3284 255 3328 tam
276 3274 579 3329 inellabiliter
606 3286 761 3328 cmca
793 3272 892 3325 ista
924 3268 1268 3340 perversitas.
1299 3265 1415 3319 Non
1440 3264 1585 3318 enim
1630 3268 1712 3316 at-

165 3364 349 3418 tendunt
372 3366 496 3435 quod
536 3362 951 3435 apertissimum
993 3373 1048 3413 et
1075 3355 1568 3411 manifestissimum
1620 3367 1711 3406 se-

162 3456 326 3526 quitur,
352 3456 482 3523 Quod
502 3473 623 3527 ergo
654 3455 848 3508 bonum
872 3462 967 3519 est,
1011 3450 1134 3503 mihi
1163 3452 1355 3521 factum
1409 3457 1482 3501 est
1530 3444 1710 3500 mors?

159 3550 294 3603 Absit.
334 3549 427 3603 Sed
448 3560 735 3619 peccatum,
786 3556 841 3601 ut
867 3553 1112 3618 appareat
1165 3551 1443 3611 peccatum,
1491 3556 1580 3612 per
1623 3538 1710 3592 bo-

158 3660 260 3696 num
295 3642 405 3697 mihi
422 3654 689 3713 operatum
718 3651 792 3695 est
820 3648 1054 3704 mortem,
1080 3646 1148 3709 gul
1173 3638 1266 3706 ﬁat
1312 3652 1471 3706 supra
1503 3632 1710 3687 modum

156 3744 358 3805 peccator
394 3746 469 3789 aut
510 3742 789 3806 peccatum
824 3748 913 3804 per
949 3729 1248 3784 mandatum
1285 3728 1433 3782 :hoc
1460 3735 1561 3791 est,
1614 3738 1709 3793 per

152 3828 420 3883 mandatum
439 3841 711 3896 sanctum,
738 3834 795 3883 et
822 3826 1047 3897 justum,
1095 3833 1151 3879 et.
1179 3824 1402 3887 bonum;
1449 3819 1593 3890 quod
1623 3827 1708 3873 ta-

153 3936 258 3976 men
280 3922 570 3979 subintravit
600 3931 675 3977 ut
720 3920 1021 3975 abundaret
1045 3924 1348 3990 peccatum,
1372 3916 1475 3971 hoc
1519 3921 1622 3982 est,
1650 3918 1711 3969 ut

153 4013 279 4069 ﬁeret
298 4030 437 4086 supra
466 4017 721 4071 modum.

211 4107 283 4160 i7.
310 4108 402 4163 Cur
419 4124 548 4179 ergo
578 4104 899 4161 ministratio
928 4102 1106 4157 mortis
1132 4100 1350 4167 dicitur,
1384 4100 1430 4154 si
1457 4100 1597 4154 bona
1624 4104 1709 4153 est

151 4195 249 4256 lex?
269 4202 383 4270 Quia
409 4212 684 4274 peccatum
712 4206 769 4251 ut
790 4205 1038 4269 appareat
1064 4203 1350 4267 peccatum,
1392 4210 1483 4263 per
1523 4194 1711 4245 bonum

153 4294 506 4365 uitdoperatum
533 4303 620 4349 est
662 4299 894 4344 mortem.
916 4288 1028 4342 Nec
1067 4287 1300 4353 mireris,
1343 4300 1466 4339 cum
1493 4284 1560 4339 de
1593 4283 1710 4353 ipsa

153 4386 479 4454 ιπῶεειίοηε
499 4384 795 4456 Evangelii
840 4382 1042 4437 dictum
1066 4381 1136 4435 sit
1164 4398 1179 4435 :
1201 4378 1384 4433 Christi
1399 4379 1558 4432 bonus
1584 4376 1711 4430 odor

151 4494 293 4533 urnas
310 4478 427 4547 Dea,
449 4482 505 4535 in
528 4482 601 4535 iis
628 4477 719 4548 qui
747 4475 877 4531 salvi
900 4476 1052 4545 ﬁunt,
1083 4482 1131 4529 et
1157 4473 1211 4527 in
1233 4472 1296 4527 iis
1339 4473 1426 4542 qui
1472 4477 1710 4543 pereunt;

151 4572 245 4628 alii
278 4574 462 4645 quidem
490 4575 632 4630 odor
660 4572 777 4627 vita
798 4572 857 4626 in
880 4573 1051 4636 vitam,
1082 4568 1199 4623 aliis
1223 4575 1391 4621 autem
1414 4566 1542 4620 odor
1567 4580 1709 4619 mor-

152 4666 203 4719 ἃς
236 4668 285 4721 in
328 4678 530 4724 mortem
586 4664 664 4740 (ιι
690 4663 811 4721 Cor.
840 4671 899 4732 η,
928 4664 1016 4730 15,
1049 4660 1162 4731 16).
1202 4660 1284 4715 Ad
1318 4659 1531 4715 Judzcos
1565 4657 1707 4712 enim

150 4756 260 4814 dict:
284 4760 461 4817 estlex
486 4757 827 4817 ministratio
856 4754 1061 4822 mortis,
1095 4752 1162 4807 ad
1191 4766 1324 4823 quos
1365 4759 1418 4806 ct
1450 4752 1502 4804 in
1535 4748 1710 4818 lapide

151 4852 314 4920 scripta
353 4862 434 4909 est
474 4852 545 4907 ad
570 4866 770 4908 eorum
813 4846 1063 4902 duritiam
1116 4842 1466 4917 ﬁgurandam;
1508 4856 1614 4895 non
1643 4838 1710 4894 ad

151 4957 225 4999 eos
259 4948 339 5017 qui
387 4945 564 5017 legem
628 4958 725 5013 per
777 4940 1093 4997 charitatem
1138 4936 1377 5007 implent.
1435 4932 1709 4987 Plenitudo

154 5038 267 5091 unm
288 5038 423 5110 legis,
454 5038 706 5092 charitas.
737 5034 857 5106 Ipsa
881 5033 1025 5088 enim
1048 5031 1159 5098 lex,
1190 5045 1307 5099 quae
1328 5028 1382 5082 in
1406 5026 1598 5081 litteris
1631 5031 1714 5080 est

155 5125 341 5198 ﬁgurata
356 5130 610 5201 lapideis,
648 5128 798 5193 dicit,
833 5124 955 5180 Non
980 5122 1308 5187 adulterabis,
1345 5119 1469 5174 Non
1502 5118 1714 5173 homici-

159 5221 266 5275 dium
311 5226 479 5294 facies,
526 5224 655 5278 Non
712 5219 979 5290 furabcris,
1036 5216 1157 5272 Non
1201 5216 1557 5288 concupisces,
1601 5218 1710 5268 etc.

159 5312 291 5382 Quam
314 5316 480 5387 legem
502 5316 639 5372 dicit
663 5314 950 5385 Apostolus
972 5309 1185 5381 impleri
1228 5325 1328 5381 per
1374 5307 1707 5373 charitatem,

159 5403 436 5479 halcquens
466 5428 479 5463 :
509 5409 615 5475 Qui
659 5408 791 5461 enim
827 5405 991 5476 diligit
1030 5402 1249 5457 alterum
1277 5403 1317 5467 ί,
1354 5402 1511 5471 legem
1533 5398 1712 5467 imple-

158 5498 389 5567 rit.Nam,
439 5500 570 5555 Non
614 5497 940 5562 adulterabis,
996 5495 1113 5550 Non
1161 5494 1484 5548 homicidium
1533 5491 1708 5564 facies,

164 5582 259 5645 Non
276 5594 536 5662 furtib‘eris,
591 5590 709 5647 Non
752 5591 1112 5661 concupisces;
1142 5598 1187 5642 et
1216 5588 1257 5642 si
1282 5586 1415 5656 quod
1450 5593 1522 5639 est
1558 5582 1710 5637 aliud

161 5686 437 5753 nuntiatum,
469 5689 524 5740 in
549 5686 642 5739 hoc
676 5700 907 5740 sermone
943 5682 1322 5753 recapitulatur,
1354 5678 1547 5748 Diliges
1593 5693 1712 5750 pro-

164 5818 397 5935 (ἐξω,
428 5818 724 5886 ρτοαήηιιηι.
762 5824 823 5874 At
849 5823 981 5881 ua,
1011 5813 1250 5881 altcrum,‘
1269 5816 1408 5880 juxta
1429 5825 1601 5880 graec,
1633 5814 1713 5863 ton

1515 366 1717 425 LIBER
1752 365 2022 429 PRIMUS.

1820 487 2015 579 mimum
2036 494 2175 542 tuum
2196 495 2434 560 tanquam
2457 497 2502 546 te
2521 491 2685 565 ipsum
2702 496 2879 569 (Rom.
2904 517 3016 569 xm,
3044 503 3206 577 8-10)
3239 523 3253 566 :
3280 513 3407 579 quia

1821 589 1877 637 et
1903 578 2075 634 hocin
2095 580 2285 635 eadem
2314 583 2431 653 lege
2457 585 2709 655 scriptum
2740 600 2841 646 est.
2885 593 2992 649 Cur
3033 595 3187 653 virtus
3216 578 3405 671 peccati

1822 671 1923 739 lex,
1960 673 2007 729 si
2029 673 2117 729 lex
2144 674 2283 730 bona
2306 678 2435 732 est?
2461 678 2593 745 Quia
2620 695 2897 751 peccatum
2919 703 3017 757 per
3046 689 3245 748 bonum
3269 710 3403 766 ope-

1819 771 1992 865 ratum
2021 773 2119 867 est.
2145 773 2397 835 mortem,
2438 778 2496 824 ut
2524 770 2613 826 ﬁat
2655 788 2815 843 supra
2869 779 3102 849 modum,
3147 783 3253 841 hoc
3300 798 3405 857 est,

1819 862 2052 924 majores
2072 862 2213 913 vires
2247 873 2313 913 ex
2338 862 2781 930 praevaricatione
2808 870 3092 939 concipiat.
3134 874 3242 931 Cur
3270 895 3408 934 mor-

1819 947 1893 1000 tui
1914 964 2087 1003 sumus
2127 950 2224 1021 legi
2267 968 2359 1024 per
2400 970 2583 1025 corpus
2632 956 2835 1025 Christi,
2881 962 2926 1016 si
2966 962 3109 1019 bona
3151 977 3234 1022 est
3280 970 3408 1026 lex?

1819 1039 1951 1108 Quia
1999 1044 2196 1097 mortui
2233 1058 2419 1099 sumus
2463 1047 2565 1117 legi
2611 1048 2886 1106 damnanti
2918 1053 2959 1119 ¹,
2990 1054 3199 1110 liberati
3230 1030 3315 1115 'ab
3341 1076 3409 1116 eo

1817 1132 2010 1188 all‘ectu
2037 1150 2195 1205 quem
2224 1135 2309 1191 lex
2332 1139 2483 1207 punit
2505 1148 2559 1194 et
2587 1139 2825 1198 damnat.
2856 1143 3112 1201 Usitatius
3147 1150 3287 1204 enim
3317 1148 3439 1207 γει-ί

1817 1235 1968 1280 catur
1988 1227 2093 1295 lex,
2117 1228 2329 1298 quando
2354 1230 2587 1288 minatur
2605 1242 2660 1288 et
2700 1243 2866 1291 terret
2882 1239 3201 1297 etvindicat.
3226 1242 3409 1315 Itaque

1818 1317 1960 1373 idem
1982 1329 2310 1390 praeceptum
2340 1324 2653 1381 timentibus
2698 1327 2782 1383 lex
2810 1339 2912 1397 est,
2946 1334 3246 1391 amantibus
3286 1353 3407 1407 gra-

1820 1409 1892 1464 tia
1914 1419 2015 1468 est.
2042 1412 2170 1468 lude
2207 1422 2291 1470 est
2312 1414 2441 1471 illud
2468 1417 2523 1472 in
2567 1419 2859 1491 Evangelio
2892 1441 2905 1478 :
2936 1424 3044 1480 Lex
3074 1444 3164 1497 per
3187 1428 3404 1501 Moysen

1818 1502 1940 1557 data
1982 1513 2076 1573 est,
2107 1506 2274 1576 gratia
2324 1515 2371 1562 et
2413 1509 2593 1565 veritas
2635 1529 2725 1584 per
2744 1512 2924 1569 Jesum
2969 1516 3228 1574 Christum
3271 1525 3409 1592 facta

1817 1604 1889 1687 est
1910 1594 2086 1668 (Joan.
2106 1614 2144 1665 ι,
2170 1599 2283 1671 17).
2309 1600 2509 1657 Eadem
2539 1604 2734 1675 quippe
2772 1607 2859 1663 lex
2887 1625 3005 1680 qua:
3052 1628 3148 1682 per
3188 1614 3409 1687 Moysen

1816 1686 1940 1742 data
1968 1698 2075 1755 est,
2107 1700 2164 1746 ut
2208 1690 2604 1764 formidaretur,
2637 1699 2807 1767 gratia
2836 1710 2892 1755 ct
2944 1703 3142 1759 veritas
3183 1686 3287 1776 per,
3316 1710 3410 1766 Jc-

1816 1792 1935 1834 sum
1959 1782 2227 1839 Christum
2270 1787 2410 1843 facta
2437 1798 2536 1855 est,
2571 1801 2632 1845 ut
2665 1792 2997 1863 impleretur.
3029 1797 3117 1853 Sic
3166 1815 3293 1870 ergo
3329 1802 3412 1856 di-

1815 1882 1960 1929 ctum
1982 1886 2086 1941 est,
2110 1878 2306 1934 Mortui
2325 1883 2443 1935 estis
2460 1884 2575 1954 legi,
2602 1899 2665 1940 ac
2686 1887 2731 1941 si
2753 1886 3042 1954 diceretur,
3069 1891 3260 1947 Mortui
3278 1896 3411 1951 estis

1815 1968 2079 2037 supplicio
2105 1970 2258 2041 legis,
2289 1990 2378 2044 per
2403 1992 2585 2045 corpus
2610 1973 2819 2045 Christi,
2847 1994 2944 2048 per
2965 1982 3109 2048 quod
3140 1993 3266 2040 sunt
3310 1986 3408 2043 de-

1815 2059 1940 2114 licta
1967 2062 2179 2129 donata,
2210 2080 2328 2135 quae
2372 2066 2633 2139 legitimo
2657 2071 2920 2140 supplicio
2949 2076 3408 2146 constringebant.

1815 2150 1922 2207 Cur
1947 2156 2205 2223 passiones
2232 2168 2555 2227 peccatorum
2582 2177 2695 2229 qua:
2724 2180 2813 2230 per
2862 2165 3023 2234 legem
3060 2178 3197 2235 sunt,
3227 2187 3409 2241 opera-

1818 2246 2001 2301 bantur
2020 2248 2073 2301 in
2094 2249 2329 2303 membris
2354 2252 2559 2320 nostris,
2584 2260 2639 2304 ut
2667 2255 3037 2322 fructiﬁcarent
3056 2262 3227 2326 morti,
3253 2262 3297 2315 si
3320 2264 3410 2318 lex

1816 2335 1955 2391 bona
1987 2338 2107 2393 est?
2133 2340 2266 2405 Quia
2296 2340 2414 2396 illas
2463 2341 2552 2396 hic
2589 2342 2759 2397 voluit
2798 2344 3025 2418 intelligi
3064 2360 3412 2418 peccatorum

1815 2430 2113 2498 passiones,
2140 2432 2207 2486 de
2230 2433 2423 2502 quibus
2443 2433 2555 2503 jam
2584 2450 2729 2505 saepe
2763 2436 2966 2494 dictum
3003 2450 3106 2509 est,
3146 2458 3408 2514 augmen-

1818 2530 1928 2577 tum
1949 2525 2395 2595 concupiscentia:
2415 2526 2483 2582 de
2504 2528 2884 2597 prohibitione,
2917 2542 2972 2588 et
2998 2547 3207 2593 reatum
3238 2555 3413 2609 preme

1816 2612 1884 2669 de
1910 2616 2348 2683 praevaricatione
2377 2634 2392 2670 :
2421 2618 2523 2672 hoc
2566 2628 2667 2685 cst,
2690 2622 2813 2691 quia
2860 2640 2948 2692 per
2998 2625 3184 2682 bonum
3232 2646 3414 2701 opera-

1819 2713 1924 2759 tum
1948 2715 2021 2760 est
2040 2717 2267 2776 mortem,
2292 2717 2344 2761 ut
2380 2710 2471 2778 ﬁat
2505 2727 2662 2783 supra
2683 2714 2891 2767 modum
2917 2730 3149 2787 peccator
3175 2732 3264 2775 aut
3291 2741 3413 2793 pec-

1816 2806 1985 2851 catum
2006 2814 2097 2868 per
2121 2799 2439 2854 mandatum.
2471 2800 2582 2856 Cur
2602 2802 2800 2857 liberati
2827 2822 3000 2863 sumus
3025 2826 3057 2863 a
3084 2810 3193 2882 lege
3208 2817 3409 2885 mortis,

1816 2890 1869 2944 in
1890 2907 1988 2960 qua
2014 2891 2372 2959 detinebamur,
2398 2894 2471 2947 ita
2505 2904 2560 2948 ut
2585 2898 2862 2953 serviamus
2886 2901 2941 2955 in
2984 2905 3202 2960 novitate
3253 2909 3411 2979 spiri-

1817 2987 1920 3049 tus,
1951 2990 1998 3035 et
2023 2998 2125 3037 non
2172 2983 2227 3038 in
2247 2993 2494 3042 vetustate
2516 2986 2718 3054 littere,
2751 2989 2797 3045 si
2822 2991 2910 3046 lex
2934 2991 3073 3047 bona
3116 2997 3237 3051 est?
3263 3000 3412 3065 Quo-

1816 3072 1959 3126 niam
1988 3073 2074 3127 lex
2100 3073 2275 3130 littera
2300 3087 2383 3132 est
2408 3078 2487 3133 eis
2502 3079 2592 3148 qui
2614 3094 2720 3135 non
2749 3096 2870 3137 eam
2901 3084 3128 3154 implent
3171 3103 3266 3158 per
3309 3093 3414 3161 spi-

1816 3164 1979 3219 ritum
1998 3164 2292 3234 charitatis,
2322 3183 2429 3237 quo
2460 3171 2693 3239 pertinet
2738 3172 3140 3233 Testamentum
3172 3179 3405 3238 Novum.

1817 3253 2001 3325 Itaque
2030 3258 2230 3312 mortui
2254 3269 2475 3328 peccato
2507 3260 2799 3318 liberantur
2823 3280 2855 3319 a
2896 3266 3096 3337 littera,
3129 3286 3233 3341 qua
3264 3273 3410 3329 deti-

1815 3358 2015 3405 nentur
2036 3350 2115 3404 rei
2144 3350 2234 3420 qui
2263 3368 2369 3405 non
2406 3353 2629 3423 implent
2672 3357 2816 3424 quod
2854 3360 3113 3429 scriptum
3154 3372 3256 3419 est.
3296 3364 3412 3422 Lex

1816 3443 1956 3499 enim
1985 3442 2111 3510 quid
2132 3442 2275 3496 aliud
2304 3458 2463 3513 quam
2480 3444 2592 3499 sola
2621 3445 2797 3501 littera
2824 3457 2907 3502 est
2951 3452 3030 3505 eis
3060 3453 3151 3521 qui
3183 3468 3303 3509 eam
3324 3457 3404 3512 leo

1814 3551 1941 3607 gere
1982 3547 2268 3606 noverunt,
2299 3546 2351 3615 et
2395 3536 2621 3607 implere
2648 3554 2755 3594 non
2803 3544 3055 3611 possunt?
3096 3545 3214 3600 Non
3263 3550 3410 3606 enim

1815 3632 2092 3702 ignoratur
2106 3630 2175 3685 ab
2204 3631 2284 3687 eis
2316 3630 2509 3701 quibus
2533 3634 2838 3703 conscripta
2859 3643 2944 3691 est
2972 3655 2984 3690 :
3014 3638 3109 3693 sed
3153 3643 3409 3710 quoniam

1815 3722 1869 3777 in
1897 3731 2103 3777 tantum
2144 3732 2270 3777 nota
2298 3731 2401 3791 est,
2445 3724 2500 3778 in
2525 3732 2789 3793 quantum
2828 3726 3028 3796 scripta
3057 3728 3271 3799 legitur,
3299 3747 3409 3790 non

1814 3817 1869 3871 in
1890 3825 2146 3887 quantum
2176 3816 2369 3871 dilecta
2397 3816 2693 3885 perﬁcitur,
2734 3818 2869 3873 nihil
2910 3827 2995 3875 est
3030 3822 3174 3878 aliud
3215 3825 3411 3884 talibus

1814 3911 1919 3965 nisi
1943 3913 2140 3977 littera;
2190 3926 2309 3979 quae
2338 3909 2519 3965 littera
2551 3924 2660 3964 non
2689 3919 2771 3965 est
2809 3912 3044 3981 adjutrix
3090 3916 3405 3989 legentium,

1814 4004 1910 4060 sed
1939 4004 2090 4059 testis
2106 4003 2456 4073 peccantium.
2472 4002 2555 4059 Ab
2574 4003 2691 4073 ejus
2712 4018 2840 4075 ergo
2862 4004 3205 4064 damnatione
3234 4010 3409 4068 'libe-

1812 4108 1999 4154 rantur
2023 4097 2114 4168 qui
2141 4113 2237 4167 per
2263 4098 2508 4166 spiritum
2534 4097 2880 4165 innovantur,
2905 4107 2963 4153 ut
3001 4099 3115 4168 jam
3137 4117 3247 4159 non
3282 4104 3395 4160 sint:

1813 4193 2031 4263 obligati
2060 4192 2251 4247 littera:
2276 4191 2345 4246 ad
2373 4206 2609 4261 pinnam:
2658 4190 2756 4246 sed
2784 4191 3081 4247 intellectui
3108 4208 3207 4263 per
3248 4196 3410 4266 justi.

1816 4287 1945 4342 tiam
1985 4286 2237 4357 capulati.
2270 4285 2395 4340 Inde
2417 4293 2499 4340 est
2523 4293 2577 4339 et
2604 4284 2756 4351 illud,
2804 4282 2999 4339 Littera
3019 4287 3224 4354 occidit,
3250 4290 3406 4360 spirio

1816 4386 1898 4433 tus
1927 4386 2094 4432 autem
2117 4376 2334 4444 viviﬁcat
2368 4374 2436 4448 (ll
2460 4375 2577 4430 Cor.
2604 4380 2681 4443 ui,
2715 4376 2791 4446 6).
2822 4375 2937 4431 Lex
2972 4377 3119 4432 enim
3166 4387 3402 4436 tantum-

1814 4470 1977 4528 modo
2002 4471 2139 4525 lecta
2167 4477 2222 4524 ct
2249 4484 2359 4523 non
2382 4468 2652 4523 intellecta
2676 4468 2763 4523 vel
2790 4482 2901 4523 non
2947 4468 3187 4538 impleta,
3218 4473 3405 4543 utique

1817 4562 2015 4619 occidit
2046 4573 2207 4617 :tunc
2226 4560 2369 4616 enim
2400 4558 2699 4629 appellatur
2738 4560 2927 4614 littera.
2958 4559 3192 4631 Spiritus
3233 4574 3405 4621 autem

1815 4656 2039 4723 viviﬁcat
2055 4669 2076 4718 ;
2106 4654 2228 4723 quia
2258 4642 2519 4722 plénitudo
2551 4651 2677 4723 legis
2697 4659 2770 4707 est
2792 4652 3035 4719 charitas,
3067 4667 3187 4725 qua
3211 4655 3407 4724 diﬁ'uu

1817 4756 1891 4802 est
1917 4747 1969 4799 in
1994 4744 2228 4800 cordibus
2263 4744 2447 4799 nostris
2473 4759 2563 4814 per
2591 4742 2843 4815 Spiritum
2865 4754 3101 4805 sanctum
3122 4749 3209 4818 qui
3255 4750 3409 4808 datu

1815 4848 1890 4896 est
1908 4838 2048 4894 nobis
2076 4838 2249 4908 (llam.
2279 4853 2331 4903 ν,
2359 4836 2435 4908 5).

1817 4934 2037 5002 Quassr.
2062 4898 2126 4987 ll.
2146 4962 2221 4974 —
2240 4898 2603 5002 Arpttntentum
2619 4929 2787 5001 Epist.
2816 4931 2885 4985 ad
2898 4932 3052 4987 Rom.
3076 4931 3254 4989 Gratia
3280 4935 3407 5005 ﬁdei

1893 5027 2128 5101 procedit
2156 5025 2289 5080 bona
2312 5042 2484 5096 opera.
2500 5021 2678 5078 Gratia
2693 5023 2813 5093 ﬁdei
2834 5024 2999 5079 minor
3019 5024 3073 5079 in
3088 5027 3407 5083 catechunua

1891 5121 1991 5187 nis,
2014 5120 2178 5185 maior
2215 5119 2272 5170 in
2292 5118 2503 5171 renatis.
2551 5114 2749 5185 Scopus
2792 5116 3024 5186 Apostoli
3072 5117 3128 5171 iis
3172 5121 3407 5190 mmpla

1890 5212 2052 5269 Iacob
2079 5221 2127 5268 et
2159 5211 2316 5265 Esau.
2340 5209 2488 5263 Bona
2510 5223 2665 5278 opera
2692 5220 2757 5262 ea:
2785 5209 2971 5280 gratia,
3014 5224 3117 5263 non
3152 5210 3319 5279 gratia
3343 5227 3410 5265 ea

1891 5306 2144 5378 aperibns.
2181 5302 2443 5368 Quomodo
2461 5302 2605 5372 justa
2633 5302 2805 5356 electio
2834 5300 2996 5355 Iacob
3025 5309 3071 5355 et
3117 5303 3406 5374 reprobatia

1893 5400 2053 5455 Esau.
2103 5396 2297 5452 Electio
2315 5394 2474 5450 Iacob
2496 5412 2561 5449 an
2604 5411 2665 5448 ea:
2693 5395 3006 5465 prcescientia
3045 5398 3239 5466 futurae
3262 5397 3405 5465 ﬁdei.

1894 5491 2088 5545 Electio
2112 5505 2174 5544 ea:
2197 5489 2361 5559 gratia
2387 5497 2437 5541 et
2455 5487 2713 5556 preposito
2738 5485 2854 5540 Dei.
2873 5486 2951 5539 An
2964 5487 3094 5550 ﬁdes
3117 5488 3247 5539 inter
3269 5487 3405 5541 dona

1891 5586 2069 5657 gratia:
2089 5591 2393 5637 numeretur.
2446 5580 2707 5649 Quomodo
2725 5582 2869 5651 justo
2910 5579 3190 5647 reprobatio
3235 5576 3402 5632 Esau.

1888 5745 1902 5776 ¹
1940 5752 2011 5791 Fr.
2042 5749 2093 5791 ot
2115 5742 2335 5804 plerique
2358 5746 2555 5789 veteres
2572 5736 2787 5804 calices.
2814 5727 3238 5804 dominmni..'rum
3259 5728 3407 5804 infra,

1823 5790 1951 5865 loco,
1968 5790 2193 5861 imam,
2223 5790 2437 5868 quinque
2463 5816 2527 5868 ex
2552 5800 2721 5868 iisdem
2738 5804 2841 5846 Mss.
2862 5796 3063 5855 habent,
3080 5790 3410 5859 dominatur.)

1887 5874 1907 5904 ³
1935 5862 2014 5922 Er.
2042 5883 2098 5920 ac
2122 5876 2224 5920 tres
2400 5862 2733 5918 dominatimte.
