3956 6534
561 405 658 463 Hi
1076 402 1161 455 DE
1202 400 1514 455 DlVEliSlS
1549 397 2071 468 QUASSTIONIBUS
2110 398 2202 454 AD
2238 395 2742 467 SIMPLICIANUM,
2785 397 2844 455 S.
2885 396 3249 456 AUGUSTINI

636 520 794 575 Fides
821 519 1011 572 donum
1036 515 1129 569 Dei
1154 515 1450 569 miserentis.
1494 511 1597 568 Cur
1628 512 1817 567 donum
1860 513 1979 583 ﬁdei
2032 513 2149 567 sub-

637 623 851 669 tractum
876 610 937 665 ab
967 609 1127 664 Esau.
1154 610 1233 662 An
1262 624 1324 662 ea:
1354 608 1669 675 prteseientia
1698 610 1885 679 {uturte
1910 607 2147 661 volunta-

635 707 701 761 tis
723 703 1034 775 improbatus
1060 701 1202 755 Esau
1223 710 1267 754 et
1292 701 1601 771 approbatus
1643 700 1825 755 Jacob.
1866 700 2011 755 Bona
2055 717 2147 756 vo-

635 803 807 857 luntas
853 806 907 858 in
934 804 1074 858 nobis
1104 804 1160 874 ﬁt
1186 813 1424 873 operante
1452 800 1583 856 Deo.
1624 799 1833 855 Vocatio
1860 818 1927 855 an
1975 801 2039 855 sit
2067 804 2143 872 ef-

632 897 817 968 fectrix
840 900 982 951 bonw
1010 898 1299 951 voluntatis.
1355 895 1563 950 Vocatio
1602 911 1845 965 congrua.
1875 894 1976 949 Cur
2006 892 2149 947 Esau

628 1003 729 1041 non
752 998 1084 1057 congruenter
1105 998 1324 1042 vocatus.
1357 986 1634 1041 Obduratio
1657 986 1752 1041 Dei
1792 1002 1905 1057 qua:
1932 987 2015 1040 sit.
2047 984 2150 1041 So-

628 1076 757 1131 lutio
782 1079 1085 1148 quaestionis
1105 1080 1167 1132 de
1187 1079 1537 1149 reprobatione
1560 1078 1720 1133 Esau.
1754 1078 1939 1133 Omnes
1986 1077 2149 1132 homi-

627 1186 717 1224 nes
738 1187 840 1224 una
862 1188 1030 1226 massa
1053 1172 1261 1243 peccati.
1299 1171 1564 1237 Quomodo
1591 1171 1729 1225 Esau
1755 1170 1891 1225 Deus
1916 1170 2033 1224 odio
2056 1170 2150 1223 Ita-

627 1260 755 1328 buit,
782 1263 869 1333 qui
898 1263 1027 1317 nihil
1053 1263 1159 1317 odit
1197 1280 1370 1317 eorum
1394 1279 1506 1334 qua:
1535 1264 1668 1332 fecit.
1700 1261 1978 1316 Peccatum
2000 1262 2142 1331 quid.

632 1350 776 1407 Vasa
844 1354 1139 1423 perditionis
1185 1355 1254 1408 ad
1334 1371 1481 1409 usum
1549 1354 1868 1409 correctionis
1928 1354 2146 1407 aliorum

625 1447 776 1515 fiunt.
818 1446 997 1501 Vocati
1022 1465 1123 1501 non
1153 1465 1345 1516 omnes,
1373 1449 1463 1503 sed
1482 1464 1545 1502 ea:
1581 1446 1812 1502 omnibus
1851 1455 1899 1500 et
1945 1446 2145 1501 Iudaeis

620 1548 669 1592 et
693 1537 955 1593 Gentibus.
989 1538 1214 1593 Intentio
1240 1538 1467 1610 Apostoli
1492 1540 1545 1593 in
1585 1538 1821 1609 Epistola
1860 1538 1927 1592 ad
1953 1537 2144 1593 Roma-

621 1648 733 1687 nos.
767 1631 961 1685 Electio
988 1632 1166 1701 gratia:
1188 1649 1340 1701 quam
1367 1633 1586 1685 occulta.

621 1724 674 1777 1.
706 1722 809 1778 Sed
836 1722 1041 1792 jam,ut
1069 1722 1317 1788 arbitror,
1337 1731 1544 1792 tempus
1572 1730 1655 1777 est
1682 1721 1749 1777 ad
1773 1722 1933 1777 aliam
1966 1730 2140 1776 trans-

549 1814 626 1869 ire
652 1815 1025 1884 quaestionem,
1053 1829 1211 1884 quam
1243 1814 1320 1869 sic
1372 1813 1717 1883 proposuisti,
1744 1822 1805 1867 ut
1829 1813 1895 1868 ab
1915 1828 1980 1868 eo
2000 1813 2143 1882 quod

545 1906 802 1977 scriptum
843 1915 925 1960 cst
948 1946 964 1972 ,
998 1904 1121 1959 Non
1149 1905 1313 1959 solum
1340 1914 1511 1959 autem
1540 1906 1557 1936 ί
1577 1946 1592 1970 ,
1621 1905 1709 1959 sed
1748 1914 1795 1959 et
1832 1904 2058 1959 Rebecca
2082 1921 2144 1959 ex

543 2013 647 2051 uno
693 2000 958 2051 concubitu
987 1998 1175 2053 habens
1220 1997 1373 2051 Isaac
1411 1999 1568 2067 patris
1614 1998 1791 2052 nostri.
1840 1998 1967 2052 Cum
2007 1998 2141 2051 enini

543 2088 770 2142 nondum
813 2090 919 2142 nati
957 2098 1154 2155 essent,
1190 2107 1348 2161 neque
1376 2090 1572 2160 aliquid
1598 2092 1813 2161 egissent
1843 2092 2027 2145 bonum
2055 2100 2143 2144 aut

542 2180 773 2246 malum;
796 2195 964 2249 usque
988 2181 1055 2234 ad
1084 2179 1136 2234 id
1166 2180 1306 2249 quod
1334 2181 1589 2249 scriptum
1615 2189 1718 2247 est,
1744 2179 1862 2234 Nisi
1889 2180 2141 2235 Dominus

538 2271 750 2326 sabaoth
769 2272 1051 2341 reliquisset
1071 2272 1213 2325 nobis
1233 2289 1420 2337 semen,
1443 2272 1575 2325 sicut
1605 2272 1834 2327 Sodoma
1863 2274 1986 2343 facti
2009 2288 2142 2327 esse-

540 2379 672 2429 mus,
692 2372 738 2417 et
758 2363 885 2417 sicut
906 2362 1192 2418 Gomorrlta
1209 2364 1397 2416 similes
1434 2365 1701 2435 fuissemus
1721 2364 1739 2436 (
1763 2365 1914 2417 Rom.
1935 2380 2006 2430 ιιι,
2048 2364 2143 2418 10-

539 2454 668 2525 29):
695 2463 801 2508 tota
829 2455 942 2523 ipsa
960 2453 1231 2508 contextio
1253 2453 1549 2508 disseratur
1571 2472 1584 2519 ;
1604 2462 1658 2508 et
1682 2454 1921 2523 profecto
1952 2463 2036 2509 est
2060 2456 2141 2509 la-

538 2544 826 2598 tebrosior.
859 2544 965 2598 Sed
1000 2552 1165 2608 certe,
1184 2544 1396 2613 qualem
1429 2553 1481 2598 te
1509 2560 1633 2614 erga
1664 2561 1750 2600 me
1771 2546 1928 2611 novi,
1952 2546 2141 2614 jubere

538 2635 671 2690 mihi
713 2643 771 2688 ut
816 2635 1079 2704 aperirem
1117 2634 1217 2687 ista
1247 2650 1355 2689 non
1398 2650 1583 2704 posses
1612 2638 1654 2703 ³,
1690 2636 1791 2690 nisi
1836 2652 1865 2690 a
1914 2636 2140 2691 Domino

535 2728 906 2798 deprecareris
934 2739 991 2783 ut
1018 2744 1253 2798 possem.
1287 2728 1441 2796 Quod
1480 2729 1747 2798 adiutorio
1776 2728 2028 2784 ﬁdentior
2061 2732 2140 2783 fa-

506 2890 509 2891 ν
536 2830 676 2886 ctus,
707 2820 1009 2891 aggredior.

605 2912 662 2964 2.
706 2912 772 2966 Ει
800 2912 974 2981 primo
1004 2911 1355 2967 intentionem
1381 2912 1622 2982 Apostoli
1644 2956 1659 2980 ,
1702 2929 1821 2984 qua:
1847 2930 1944 2985 per
1974 2922 2140 2971 totam

534 3002 828 3071 Epistulam
852 3004 1011 3073 viget,
1037 3003 1246 3068 tenebo,
1281 3020 1437 3074 quam
1464 3006 1760 3060 consulam.
1792 3006 1920 3062 Haec
1943 3016 2024 3063 est
2045 3024 2137 3063 au-

535 3102 667 3159 tem,
704 3103 759 3146 ut
782 3093 849 3148 de
877 3108 1099 3163 operum
1131 3095 1335 3149 meritis
1363 3096 1820 3165 nemo‘glorietur,
1853 3098 1918 3152 de
1943 3098 2139 3167 quibus

536 3185 807 3239 audebant
844 3185 1093 3240 Israelita:
1132 3186 1381 3256 gloriari,
1415 3187 1556 3257 quod
1601 3188 1738 3243 datae
1766 3189 1867 3244 sibi
1892 3190 1995 3260 legi
2022 3205 2138 3245 ser-

538 3276 761 3343 vissent,
790 3288 842 3332 ct
864 3295 929 3333 ex
953 3279 1053 3333 hoc
1080 3281 1437 3350 evangelicam
1464 3284 1686 3351 gratiam
1716 3292 1965 3354 tanquam
1988 3284 2138 3340 debi-

534 3379 644 3424 tam
675 3372 881 3426 meritis
924 3373 1035 3427 suis
1064 3375 1433 3444 percepissent
1457 3417 1470 3441 ,
1512 3378 1635 3444 quia
1664 3376 1767 3446 legi
1808 3378 2134 3432 serviebant.

534 3463 688 3519 Unde
735 3465 990 3520 nolebant
1017 3467 1260 3522 eamdem
1296 3470 1520 3537 gratiam
1553 3469 1668 3523 dari
1689 3468 1981 3535 Gentibus,
2015 3478 2135 3524 tau-

530 3569 692 3624 quam
732 3556 961 3628 indignis
1000 3559 1103 3613 nisi
1144 3559 1360 3613 Judaica
1402 3568 1735 3614 sacramenta
1775 3560 2133 3628 susciperent.

530 3645 663 3708 Quae
703 3656 819 3699 orta
859 3649 1081 3714 quaistio
1130 3649 1181 3701 in
1229 3649 1609 3716 Apostolorum
1649 3650 1870 3705 Actibus
1913 3651 2137 3707 solvitur

534 3731 672 3803 (Act.
704 3733 821 3804 xv).
852 3734 970 3789 Non
998 3737 1140 3789 enim
1170 3736 1536 3806 intelligebant
1558 3780 1573 3806 ,
1619 3741 1742 3809 quia
1787 3756 1853 3796 eo
1886 3742 2002 3811 ipso
2029 3758 2134 3812 quo

530 3828 704 3898 gratia
730 3836 815 3882 est
840 3828 1166 3897 evangelica,
1199 3830 1451 3898 operibus
1482 3846 1588 3885 non
1618 3832 1879 3888 debetur:
1906 3834 2135 3904 alioquin

531 3921 699 3990 gratia
714 3921 829 3989 jam
857 3936 957 3973 non
979 3929 1050 3973 est
1078 3921 1244 3990 gratia
1275 3920 1450 3991 (Rom.
1482 3938 1535 3975 xi
1554 3964 1567 3987 ,
1597 3922 1674 3993 6).
1702 3925 1771 3977 Et
1800 3927 1982 3981 multis
2004 3927 2134 3984 locis

531 4015 637 4067 hoc
665 4027 808 4082 saepe
839 4022 1080 4079 testatur,
1114 4012 1237 4068 ﬁdei
1263 4014 1487 4083 gratiam
1510 4029 1828 4084 praeponens
1857 4019 2131 4089 operibus,

530 4120 639 4159 non
688 4114 745 4160 ut
773 4120 937 4175 opera
964 4106 1303 4175 exstinguat,
1351 4107 1445 4161 sed
1485 4116 1544 4163 ut
1587 4109 1835 4165 ostendat
1877 4127 1982 4166 non
2014 4127 2134 4170 esse

530 4211 695 4268 opera
740 4196 1098 4267 praecedentia
1144 4199 1402 4268 gratiam,
1453 4202 1549 4255 sed
1594 4204 2021 4272 consequentia:
2078 4217 2136 4262 ut

530 4289 736 4345 scilicet
764 4305 871 4344 non
898 4304 955 4345 se
984 4291 1210 4361 quisque
1233 4292 1521 4348 arbitretur
1547 4293 1667 4349 ideo
1688 4299 1995 4367 percepisse
2013 4314 2134 4370 gra-

532 4381 659 4434 tiam
679 4424 692 4447 ,
722 4383 843 4452 quia
882 4383 1295 4454 bene'operatus
1340 4394 1462 4452 est;
1495 4387 1589 4441 sed
1616 4387 1755 4443 bene
1788 4393 1999 4461 cperari
2026 4407 2131 4449 non

530 4488 690 4546 posse
712 4514 728 4541 ,
758 4475 859 4529 nisi
887 4490 981 4545 per
1003 4474 1163 4530 ﬁdem
1191 4478 1493 4548 perceperit
1518 4480 1763 4549 gratiam.
1817 4464 2003 4553 Incipit
2031 4499 2132 4541 au-

531 4575 641 4622 tem
671 4568 834 4624 homo
860 4570 1138 4640 percipere
1158 4572 1383 4641 gratiam
1404 4615 1419 4640 ,
1448 4589 1517 4629 ex
1538 4590 1647 4645 quo
1673 4577 1858 4647 incipit
1882 4579 1991 4634 Deo
2015 4594 2134 4635 cre-

531 4657 694 4725 dere,
721 4660 807 4715 vel
837 4660 1046 4715 interna
1080 4662 1164 4715 vel
1189 4671 1409 4717 externa
1436 4665 1799 4729 admonitione
1843 4681 2020 4726 motus
2063 4672 2131 4727 ad

529 4746 714 4803 ﬁdem.
741 4748 849 4804 Sed
880 4750 1101 4805 interest
1126 4751 1319 4821 quibus
1345 4754 1587 4810 articulis
1610 4766 1908 4829 temporum
1937 4763 2022 4817 vel
2043 4778 2132 4818 ce-

530 4836 831 4917 lebratione
858 4852 1313 4899 sacramentorum
1336 4847 1506 4916 gratia
1530 4850 1737 4919 plenior
1755 4860 1808 4908 et
1822 4846 2131 4912 evidentior

529 4927 861 4988 infundatur.
893 4933 1007 4990 Non
1033 4936 1177 4992 enim
1201 4938 1572 4997 catechumeni
1604 4958 1709 5000 non
1737 4947 1996 5017 credunt,
2040 4958 2132 5005 aut

529 5037 661 5079 vero
697 5023 982 5081 Cornelius
1021 5042 1131 5083 non
1156 5029 1408 5085 credebat
1433 5032 1576 5101 Deo,
1610 5049 1731 5090 cum
1771 5036 2130 5111 eleemosynis

530 5121 588 5171 et
613 5115 945 5171 orationibus
973 5118 1188 5189 dignum
1215 5135 1273 5174 se
1298 5122 1564 5191 prmberet
1591 5126 1678 5180 cui
1704 5128 1923 5197 angelus
1949 5130 2131 5188 mitte-

529 5216 681 5263 retur
713 5207 848 5281 (Act.
882 5226 918 5264 x
938 5252 956 5277 ,
988 5212 1108 5280 1-4)
1135 5228 1147 5265 :
1188 5212 1282 5267 sed
1308 5215 1454 5269 nullo
1485 5215 1645 5272 modo
1666 5218 1769 5274 ista
1793 5232 2125 5292 operaretur,

529 5298 635 5355 nisi
664 5308 789 5355 ante
817 5301 1166 5369 credidisset;
1196 5305 1342 5360 nullo
1367 5306 1529 5363 modo
1558 5318 1739 5366 autem
1773 5313 2124 5385 credidisset,

597 5477 769 5553 ‘__&iit.i
791 5492 901 5530 cum
925 5481 1124 5553 vulgata
1138 5488 1536 5553 consentientes:
1550 5497 1652 5541 Non
1670 5491 1825 5543 solum
1843 5501 2003 5546 autem
2022 5494 2125 5547 illa.

529 5546 1109 5621 £E_“§§:,S9"_‘i?919_“ie$
1128 5560 1241 5621 9"!“
1258 5561 1418 5621 ενξθοει
1440 5549 1655 5621 ιβοιίροβ
1679 5556 1895 5621 minima
1916 5546 2124 5621 addunt.

658 5603 1013 5683 ἓὲῖυξΗΡξάΕσξ
1032 5610 1168 5683 γροξε
1191 5600 1297 5660 ¹οοῖ>
1320 5612 1369 5659 in
1387 5600 1601 5683 antistes
1618 5600 2126 5683 ιὲιίίᾘίῖἓῦὖιίίῖἷέὄὲῖ

528 5618 632 5673 sua.
658 5618 804 5673 cuius
816 5618 1013 5715 quidem
1038 5618 1168 5657 vocts
1191 5618 1297 5660 loco
1320 5618 1369 5659 in
1387 5618 1597 5676 antiquis
1618 5618 1780 5667 latinis
1798 5618 1958 5669 Bibliis
1978 5618 2125 5683 repeé

528 5674 633 5745 [ire
881 5668 1011 5745 :se'd
1030 5679 1255 5745 neutram
1279 5686 1450 5745 vocem
1473 5674 1660 5739 legisse
1684 5679 1877 5745 videtur
1902 5685 2125 5745 Augusti-

529 5735 643 5783 nus.
666 5728 761 5831 qui,
775 5726 868 5787 hic,
887 5744 941 5801 ιι.
960 5730 1006 5788 5,
1028 5740 1163 5792 Putat
1187 5726 1567 5797 ιιι-οροείιίοηειῖι
1591 5754 1602 5787 ε
1629 5726 2124 5808 ﬁnitimi—ML

531 5794 674 5831 mmo
695 5798 765 5831 et‘l
790 5791 1149 5831 snhmtallrmtiq
1173 5796 1306 5831 him.“
1340 5800 1503 5831 υοῃιὶίζ
1562 5806 1686 5831 [mon
1710 5806 1971 5831 mmmsomm
2001 5816 2071 5831 ΛΜ

531 5791 1149 5883 ωῗὶὲξῗιέέὼ
1520 5836 1534 5863 ι
1560 5806 1687 5859 lsaac
1710 5791 2092 5865 promissus'égf,

504 5917 525 5928 υ
599 5852 621 5883 ³
653 5852 726 5897 Sic
741 5853 847 5900 Hss.
871 5852 991 5903 Editi
1012 5868 1149 5919 vero,
1176 5871 1379 5920 possem.

3765 402 3875 462 112

2253 512 2356 567 nisi
2383 512 2467 569 vel
2488 513 2707 587 secretis
2734 528 2833 586 per
2858 514 2971 568 visa
2994 514 3188 569 mentis
3214 520 3303 569 aut
3326 512 3541 584 spiritus
3558 555 3573 582 ,
3610 513 3709 571 vel
3747 532 3867 574 ma—

2250 603 2614 663 nifestioribus
2638 621 2733 678 per
2753 622 2944 662 sensus
2962 606 3201 677 corporis
3218 606 3683 663 admunitionibus
3705 623 3867 666 voca-

2253 706 2419 753 retur.
2444 698 2549 754 Sed
2571 699 2623 753 in
2652 698 2970 769 quibusdam
3000 707 3145 754 tanta
3167 707 3249 754 est
3274 699 3440 769 gratia
3459 698 3583 754 ﬁdei
3606 717 3635 765 ,'
3654 711 3862 771 quanta

2254 805 2359 846 non
2400 791 2595 847 sufﬁcit
2622 791 2690 847 ad
2727 792 3073 848 obtinendum
3116 807 3336 863 regnum
3366 792 3679 861 caelorum;
3724 795 3862 851 sicut

2253 883 2308 939 in
2330 885 2748 954 catechumenis,
2777 886 2914 942 sicut
2940 886 2992 941 in
3020 887 3137 957 ipso
3163 887 3409 941 Cornelio
3434 897 3737 958 antequam
3764 889 3860 944 Sa-

2252 987 2646 1034 cramentorum
2678 979 3081 1048 participatione
3103 980 3536 1050 incorporaretur
3566 981 3854 1037 Ecclesiae.

2253 1069 2311 1125 In
2337 1070 2654 1140 quibusdam
2676 1068 2814 1128 vero
2855 1082 2996 1128 tanta
3022 1082 3137 1138 est,
3169 1083 3226 1128 ut
3246 1074 3355 1144 jam
3392 1074 3609 1144 corpori
3651 1074 3853 1131 Christi

2251 1168 2307 1216 et
2331 1171 2515 1217 sancto
2545 1162 2638 1216 Dei
2682 1165 2880 1233 templo
2923 1164 3261 1234 deputentur.
3293 1163 3559 1234 Templum
3586 1166 3739 1220 etaim
3764 1165 3856 1221 Dei

2251 1248 2479 1307 sanctum
2522 1263 2627 1319 est,
2661 1254 2830 1324 inquit
2856 1255 3177 1327 Apostolus,
3223 1255 3357 1324 quod
3396 1257 3511 1311 estis
3536 1273 3629 1311 vos
3667 1256 3715 1329 (l
3739 1258 3849 1312 Cor.

2251 1359 2341 1411 ιιι,
2370 1344 2484 1416 17).
2518 1346 2587 1401 Ει
2610 1346 2726 1417 ipse
2766 1346 3055 1412 Dominus,
3092 1346 3212 1403 Nisi
3238 1348 3350 1418 quis
3377 1358 3582 1403 renatus
3612 1349 3775 1419 fuerit
3796 1367 3852 1404 es:

2250 1453 2384 1509 aqua
2406 1446 2453 1492 et
2478 1438 2678 1509 Spiritu
2704 1448 2897 1507 sancto,
2927 1455 3029 1494 non
3055 1438 3263 1494 intrabit
3287 1440 3340 1493 in
3370 1455 3579 1511 regnum
3608 1440 3848 1495 calorum

2252 1526 2431 1601 (Joan.
2464 1545 2540 1595 ιιι,
2568 1530 2649 1601 5).
2680 1531 2841 1586 Fiunt
2866 1546 2995 1603 ergo
3024 1530 3393 1588 inchoationes
3421 1532 3679 1602 quaedam
3709 1531 3844 1597 ﬁdei,

2248 1619 2689 1689 conceptionibus
2730 1620 2934 1677 similes
2968 1637 2984 1675 :
3016 1636 3123 1678 non
3172 1630 3348 1677 tamen
3377 1622 3550 1677 solum
3589 1622 3843 1693 concipi,

2249 1709 2345 1765 sed
2369 1710 2530 1765 etiam
2560 1712 2705 1767 nasci
2735 1727 2870 1783 opus
2894 1722 3007 1778 est,
3039 1722 3100 1768 ut
3124 1712 3193 1769 ad
3213 1713 3377 1768 vitam
3403 1714 3758 1783 perveniatur
3781 1731 3847 1769 te-

2248 1808 2476 1855 ternam.
2506 1801 2647 1857 Nihil
2677 1812 2853 1858 tamen
2883 1802 3075 1859 horum
3120 1804 3235 1860 sine
3262 1804 3431 1874 gratia
3457 1803 3843 1861 misericordia:

2249 1891 2344 1946 Dei
2378 1909 2392 1946 :
2424 1892 2546 1962 quia
2576 1901 2633 1948 et
2655 1907 2815 1963 opera
2842 1895 2887 1949 si
2916 1910 3019 1965 qua
3049 1902 3174 1949 sunt
3199 1894 3338 1950 bona
3359 1934 3374 1959 ,
3400 1905 3842 1965 consequuntur,

2248 1992 2307 2039 ut
2330 1984 2532 2040 dictum
2558 1994 2660 2053 est,
2693 1985 2836 2041 illam
2860 1988 3107 2057 gratiam,
3133 2002 3238 2042 non
3267 1986 3593 2057 praecedunt.

2320 2077 2374 2135 5.
2414 2078 2584 2145 Quam
2613 2093 2728 2134 rem
2770 2078 3092 2149 persuadere
3130 2080 3419 2149 Apostolus
3457 2080 3685 2146 volens,
3729 2080 3841 2150 quia

2248 2169 2386 2225 sicut
2410 2171 2517 2225 alio
2537 2169 2657 2226 loco
2682 2171 2829 2237 dicit,
2861 2171 3038 2225 Gratia
3057 2172 3190 2226 enim
3212 2171 3310 2227 Dei
3332 2173 3460 2227 salvi
3488 2173 3616 2243 facti
3643 2189 3842 2237 sumus;

2248 2270 2294 2317 et
2325 2264 2341 2294 ¹
2374 2280 2475 2317 non
2501 2279 2564 2317 ea:
2593 2262 2755 2327 nobis,
2779 2264 2867 2317 sed
2894 2263 2992 2317 Dei
3020 2264 3209 2318 donum
3233 2274 3305 2320 est
3330 2280 3348 2318 :
3372 2282 3474 2319 non
3497 2282 3559 2319 ea:
3582 2265 3838 2336 operibus,

2248 2370 2312 2408 ne
2336 2358 2468 2427 forte
2506 2355 2617 2422 quis
2652 2354 2926 2409 extollatur
2962 2353 3178 2426 (Ephes.
3220 2371 3287 2423 ιι,
3320 2357 3353 2412 8
3373 2398 3389 2424 ,
3426 2357 3515 2427 9);
3544 2356 3615 2412 de
3645 2357 3733 2413 his
3760 2358 3840 2429 qui

2248 2443 2485 2498 nondum
2514 2443 2622 2498 nati
2657 2452 2844 2512 erant,
2882 2444 3265 2500 documentum
3292 2445 3459 2501 dedit.
3499 2446 3677 2504 Nemo
3704 2450 3839 2505 enim

2248 2544 2433 2604 posset
2449 2534 2629 2591 dicere
2654 2535 2797 2606 quod
2817 2536 3071 2607 operibus
3092 2548 3461 2606 promeruerat
3486 2538 3660 2595 Deum
3686 2539 3839 2595 Jacob

2248 2625 2485 2679 nondum
2518 2636 2671 2681 natus
2696 2669 2711 2694 ,
2742 2636 2801 2681 ut
2825 2626 3079 2682 divinitus
3103 2627 3394 2694 diceretur,
3423 2629 3492 2683 Et
3533 2632 3707 2701 major
3744 2648 3840 2686 ser-

2246 2719 2343 2771 viet
2368 2719 2570 2772 minori.
2602 2720 2763 2789 Ergo,
2792 2719 2916 2773 Non
2943 2721 3132 2787 solum,
3156 2720 3347 2792 inquit,
3380 2722 3528 2777 lsaac
3546 2723 3838 2793 promissus

2246 2818 2357 2875 est,
2400 2826 2521 2864 cum
2552 2810 2752 2865 dictum
2779 2821 2894 2879 est,
2923 2812 3005 2865 Ad
3034 2814 3129 2866 hoc
3155 2823 3351 2883 tempus
3387 2815 3584 2869 veniam
3607 2857 3625 2883 ,
3668 2826 3716 2870 et
3753 2816 3837 2871 erit

2247 2900 2397 2954 Sara:
2435 2901 2573 2969 ﬁlius
2600 2918 2620 2955 :
2646 2902 2733 2970 qui
2763 2903 2945 2972 utique
2986 2904 3146 2959 nullis
3190 2905 3444 2975 operibus
3473 2916 3839 2977 promeruerat

2244 2988 2436 3057 Deum,
2464 3000 2521 3045 ut
2550 2992 2852 3048 nasciturus
2882 2994 3316 3063 promitteretur,
3350 3006 3408 3050 ut
3434 2996 3486 3050 in
3509 2996 3665 3054 lsaac
3689 3014 3835 3055 voca-

2244 3088 2393 3136 retur
2422 3096 2607 3136 semen
2633 3082 2899 3150 Abralue;
2934 3085 2986 3138 id
3011 3092 3126 3152 est,
3158 3085 3234 3140 illi
3270 3087 3603 3156 pertinerent
3628 3091 3699 3146 ad
3727 3106 3835 3147 sor-

2246 3176 2354 3225 tem
2377 3181 2683 3228 sancturum
2707 3192 2826 3245 quae
2849 3176 2901 3229 in
2922 3177 3139 3232 Christo
3162 3187 3267 3244 est,
3290 3179 3381 3250 qui
3401 3196 3460 3237 se
3483 3181 3833 3255 intelligerent

2244 3265 2384 3321 ﬁlios
2413 3269 2784 3337 promissionis
2804 3311 2819 3335 ,
2850 3285 2957 3323 non
2982 3272 3349 3341 superbientes
3373 3275 3442 3330 de
3471 3277 3682 3332 meritis
3711 3279 3829 3346 suis,

2244 3358 2340 3412 sed
2380 3359 2566 3427 gratiae
2613 3362 2907 3416 vocationis
2931 3363 2951 3392 ¹
2980 3361 3297 3433 deputantcs
3341 3366 3485 3437 quod
3530 3368 3835 3425 cohmredes

2244 3458 2428 3504 essent
2454 3448 2688 3514 Christi;
2721 3466 2842 3506 cum
2878 3453 3020 3507 enim
3062 3456 3385 3525 promissum
3411 3466 3495 3513 est
3533 3469 3590 3512 ut
3622 3468 3831 3524 essent,

2244 3542 2376 3596 nihil
2425 3542 2607 3612 utique
2653 3556 2961 3601 meruerant
2989 3548 3078 3618 qui
3129 3550 3367 3604 nondum
3416 3562 3570 3607 erant
3617 3570 3632 3606 :
3682 3554 3833 3608 sedet

2243 3631 2469 3687 Rebecca
2513 3650 2577 3689 ea:
2610 3652 2711 3690 uno
2749 3639 3015 3692 concubitu
3054 3640 3243 3696 habens
3272 3640 3424 3696 Isaac
3464 3645 3625 3715 patris
3662 3646 3832 3701 nostri.
3920 3672 3921 3677 η

2244 3724 2662 3795 Vigilantissime
2703 3730 2813 3799 ait,
2862 3748 2926 3785 ea:
2965 3749 3066 3787 uno
3114 3735 3381 3789 concubitu
3428 3737 3652 3809 (gemini
3701 3742 3833 3798 enim

2242 3821 2489 3890 concepti
2525 3823 2701 3893 erant)
2731 3841 2744 3876 :
2778 3840 2846 3879 ne
2875 3826 2959 3881 vel
2988 3830 3225 3896 paternis
3251 3830 3457 3886 meritis
3494 3832 3831 3901 tribueretur,

2241 3910 2285 3964 si
2313 3912 2593 3982 quisquam
2624 3913 2762 3970 forte
2789 3915 3027 3982 diceret,
3060 3919 3185 3975 ldeo
3212 3921 3331 3977 talis
3362 3933 3516 3978 natus
3544 3932 3631 3980 est
3664 3926 3830 3995 ﬁlius,
3919 3934 3921 3965 δ

2242 4004 2364 4073 quia
2395 4015 2546 4074 pater
2583 4007 2654 4060 ita
2698 4018 2814 4063 erat
2853 4008 3076 4065 aﬁ‘ectus
3105 4011 3199 4067 illo
3226 4014 3279 4068 in
3311 4023 3553 4086 tempore
3579 4033 3693 4088 quo
3717 4034 3831 4075 eum
3920 4046 3921 4057 ι

2242 4097 2380 4150 sevit
2408 4096 2460 4150 in
2492 4107 2647 4153 utero
2674 4102 2893 4168 matris;
2925 4112 3017 4158 aut
3041 4104 3114 4158 ita
3139 4114 3256 4161 erat
3279 4117 3452 4164 mater
3471 4110 3687 4180 aﬁ‘ecta,
3720 4126 3831 4168 cum
3920 4118 3921 4129 ³

2239 4202 2362 4241 eum
2392 4191 2657 4259 concepit.
2703 4190 2874 4247 Simul
2903 4193 3045 4248 enim
3091 4196 3277 4252 ambos
3318 4214 3425 4253 uno
3464 4209 3713 4272 tempore
3752 4202 3834 4258 ille
3920 4214 3921 4243 ξ

2239 4280 2398 4347 sevit,
2431 4281 2623 4337 eodem
2652 4292 2891 4354 tempore
2911 4288 2999 4342 illa
3023 4289 3288 4358 concepit.
3321 4292 3404 4347 Ad
3438 4293 3539 4347 hoc
3558 4309 3831 4352 commcn-
3920 4324 3921 4341 ξ

2238 4372 2473 4428 dandum
2499 4374 2593 4442 ait,
2622 4392 2685 4430 ex
2704 4393 2806 4445 uno
2836 4378 3138 4444 concubitu;
3163 4389 3219 4435 ut
3249 4397 3352 4438 nec
3371 4386 3657 4458 astrologis
3683 4389 3830 4444 daret

2239 4463 2437 4532 locum,
2460 4466 2542 4521 vel
2570 4466 2649 4522 eis
2670 4468 2847 4537 potius
2866 4485 3001 4540 quos
3022 4472 3386 4541 genethliacos
3409 4478 3829 4548 appellaverunt,
3920 4498 3921 4527 ξ

2238 4555 2331 4624 qui
2358 4555 2425 4611 de
2456 4557 2722 4613 natalibus
2762 4562 3096 4617 nascentium
3125 4580 3308 4622 mores
3342 4575 3398 4622 et
3422 4578 3614 4626 eventa
3654 4572 3832 4642 conje-
3918 4592 3921 4625 ς

2241 4654 2408 4701 ctant.
2434 4646 2571 4715 Quid
2601 4648 2743 4702 enim
2774 4649 2974 4718 dicant,
2998 4667 3096 4708 cur
3114 4671 3219 4729 una
3241 4660 3591 4731 conceptione
3608 4665 3714 4721 sub
3734 4678 3832 4721 uno
3920 4686 3921 4715 ι

2241 4739 2423 4807 utique
2453 4740 2707 4809 temporis
2740 4750 3001 4811 puncto,‘
3025 4747 3213 4804 eadem
3254 4750 3606 4821 dispositione
3633 4740 3757 4813 οωιὶ
3783 4763 3833 4811 et
3920 4790 3921 4809 ι

2238 4829 2509 4896 siderum,
2555 4839 2613 4887 ut
2655 4832 2866 4890 diversa
2909 4837 3133 4909 singulis
3173 4844 3418 4898 annotari
3460 4846 3685 4903 omnino
3730 4862 3831 4904 non
3920 4872 3921 4887 ς

2239 4930 2497 4992 possent,
2553 4932 2695 4980 tanta
2754 4926 2807 4981 in
2866 4927 2972 4985 illis
3017 4931 3247 5003 geminis
3303 4935 3585 4993 diversitas
3632 4923 3837 5008 fuerit:
3920 4968 3921 4983 π

2238 5030 2458 5086 prorsus
2502 5030 2607 5071 non
2651 5018 2930 5077 inveniunt
2972 5041 2985 5077 :
3029 5033 3085 5080 et
3112 5025 3265 5082 facile
3291 5029 3761 5100 animadvertunt,
3789 5035 3830 5088 si

2232 5109 2458 5174 volunt,
2488 5125 2747 5181 responsa
2774 5113 2862 5168 illa
2892 5130 3013 5185 quae
3038 5108 3253 5174 miseris
3294 5121 3601 5189 venditant,
3633 5124 3829 5180 nullius

2238 5202 2368 5256 artis
2393 5202 2743 5273 expositione,
2775 5205 2868 5259 sed
2889 5206 3107 5263 fortuita
3127 5211 3432 5281 suspicione
3451 5213 3703 5286 proferri.
3730 5213 3827 5272 Sed
3919 5248 3921 5257 ι

2240 5303 2296 5349 ιιι
2324 5292 2391 5349 de
2418 5309 2477 5349 re
2501 5297 2816 5369 quaeagitur
2842 5301 3019 5369 potius
3048 5304 3330 5374 loquamur
3347 5348 3361 5372 ,
3393 5308 3459 5362 ad
3486 5294 3825 5381 frangendam

2237 5395 2398 5458 atque
2438 5388 2790 5458 dejiciendam
2839 5396 3143 5464 superbiam
3183 5398 3460 5457 hominum
3503 5404 3826 5476 ingratorum

2235 5482 2423 5553 gratiae
2464 5483 2595 5551 Dei,
2628 5492 2680 5538 et
2717 5485 3029 5544 audentium
3067 5491 3283 5562 gloriari
3322 5494 3390 5551 de
3440 5496 3648 5553 meritis
3689 5499 3825 5564 suis,
3920 5532 3921 5539 η

2236 5571 2338 5631 ista
2365 5586 2875 5633 commemorantur.
2899 5578 3026 5635 Cum
3054 5583 3189 5639 enim
3208 5584 3435 5641 nondum
3460 5589 3572 5643 nati
3596 5590 3822 5662 [ιιίδδεηι.

2300 5752 2316 5783 ί
2352 5738 2713 5831 ιειιιιξξογεέιπιιιι
2732 5768 2746 5831 ς
2771 5755 3086 5831 Gratiaenim
3110 5759 3198 5810 Dei
3234 5728 3357 5812 salvi
3381 5762 3503 5825 facti
3547 5767 3826 5831 Wand.
3920 5728 3921 5799 1

2234 5813 2413 5882 ἀθξυηί
2435 5816 2510 5862 hic
2533 5816 2581 5862 in
2607 5822 2677 5863 ΕΓ.
2697 5818 3021 5882 (‘ljjlerisque
3039 5828 3145 5882 Mss.
3381 5813 3393 5825 '
3424 5813 3497 5817 ""
3550 5813 3710 5820 *ν’-ππ-
3725 5813 3742 5831 1
3763 5813 3825 5827 --σ
3920 5842 3921 5867 ᾗ

2301 5878 2320 5908 ²
2356 5882 2428 5925 Er.
2448 5884 2498 5927 et
2528 5887 2731 5941 quatuor
2760 5878 2892 5944 Etss,
2922 5878 3096 5945 gratia:
3125 5885 3371 5939 occationi.
