3956 6530
227 323 308 380 "3
1558 302 1760 362 LIBER
1798 300 2067 360 PRIMUS.

228 430 785 506 aequaliquidegiuent
808 429 1002 483 bonum
1028 427 1110 482 vel
1139 428 1337 493 malum,
1368 440 1468 479 non
1507 440 1570 478 ea:
1605 423 1775 495 aperi-

234 534 311 585 ιω
332 573 345 595 ,
372 532 453 583 sed
473 544 531 581 ar
552 533 759 580 mante
786 524 988 576 dictum
1015 532 1091 576 est
1125 523 1195 587 ei,
1223 520 1351 586 Quia
1394 521 1559 592 major
1602 519 1779 572 serviet
1820 530 1839 543 δ

237 625 408 677 movi.
444 618 680 674 Yocantis
717 625 806 671 est
848 631 990 686 ergo
1025 615 1223 685 gratia;
1265 613 1605 684 percipientis
1648 626 1780 667 vero

236 714 420 786 gratiam
442 718 829 780 consequenter
851 715 979 762 sunt
1005 722 1168 777 opera
1195 692 1348 772 bona,
1380 721 1486 760 non
1511 720 1629 775 qua:
1654 719 1779 775 gra-

238 808 339 861 tiam
358 806 576 875 pariant,
609 802 706 858 sed
734 817 858 873 qua“:
886 800 1057 872 gratia
1086 800 1371 870 pariantur.
1400 799 1516 854 Non
1550 799 1691 854 enim
1723 806 1781 854 ut

232 898 398 953 faveat
419 894 650 951 calefacit
672 894 815 964 ignis
834 934 851 959 ,
878 892 977 949 sed
1006 891 1130 963 quia
1151 892 1347 955 fervet;
1370 907 1469 946 nec
1496 890 1617 945 ideo
1642 890 1780 945 bene

231 991 373 1047 currit
400 998 508 1044 rota
528 997 581 1042 ut
602 985 840 1042 rotunda
866 986 972 1051 sit,
1006 985 1101 1040 sed
1136 983 1255 1054 quia
1287 983 1515 1038 rotunda
1541 990 1624 1039 est
1655 999 1668 1036 :
1702 980 1780 1037 sic

235 1096 375 1137 nemo
394 1088 647 1151 propterea
680 1078 823 1133 bene
859 1085 1118 1147 operatur
1155 1084 1213 1131 ut
1251 1076 1476 1146 accipiat
1516 1074 1775 1146 gratiam,

236 1175 317 1231 sed
340 1176 437 1245 quia
458 1172 676 1243 accepit.
700 1170 986 1240 Quomodo
1009 1170 1154 1225 enim
1194 1177 1368 1239 potest
1390 1168 1537 1239 juste
1563 1168 1741 1223 vivere
1758 1208 1775 1233 ,

230 1266 307 1336 qui
340 1261 437 1319 non'
471 1264 624 1319 fuerit
646 1261 1008 1334 justiﬁeatus?
1041 1260 1309 1331 quomodo
1341 1268 1528 1315 sancte
1566 1259 1772 1326 vivere,

222 1358 301 1428 qui
322 1372 421 1413 non
444 1356 593 1412 luerit
621 1355 1023 1411 sanctiﬁcatus?
1049 1355 1135 1409 vel
1160 1354 1380 1409 omnino
1406 1354 1588 1409 vivere
1618 1353 1657 1420 ί,
1687 1351 1776 1422 qui

223 1463 320 1504 non
348 1447 493 1504 fuerit
526 1447 862 1503 viviﬁcatus?
884 1445 1151 1501 Justiﬁcat
1172 1455 1348 1501 autem
1378 1445 1581 1517 gratia,
1608 1452 1666 1498 ut
1691 1442 1778 1512 ju-

220 1543 458 1599 stiticatus
482 1542 645 1613 possit
670 1541 851 1597 vivere
868 1540 1035 1610 juste.
1065 1539 1244 1596 Prima
1269 1547 1354 1595 est
1382 1539 1543 1612 igitur
1570 1538 1737 1609 gratia
1759 1578 1773 1603 ,

220 1636 432 1694 secunda
454 1650 612 1706 opera
636 1634 776 1689 bona
798 1636 818 1666 ²
844 1652 857 1688 :
893 1634 1032 1689 sicut
1059 1633 1167 1688 alio
1192 1633 1313 1688 loco
1338 1631 1486 1698 dicit,
1514 1630 1579 1684 Ei
1609 1639 1778 1684 autem

218 1732 294 1801 qui
312 1740 555 1802 operatur,
582 1746 763 1783 merces
792 1744 891 1782 non
918 1728 1200 1796 imputatur
1228 1725 1506 1779 secundum
1535 1725 1773 1795 gratiam,

219 1824 300 1878 sed
326 1822 585 1878 secundum
608 1823 819 1876 debitum
840 1820 1016 1893 (Rom.
1049 1835 1123 1886 1v,
1150 1817 1228 1890 4).
1261 1817 1415 1873 Sicut
1440 1818 1529 1872 illa
1556 1817 1777 1871 immor‘

222 1915 387 1969 talitas
410 1924 525 1984 post
551 1928 708 1984 opera
731 1912 865 1967 bona
886 1953 901 1977 ,
941 1911 987 1964 si
1030 1920 1210 1965 tamen
1239 1909 1323 1964 vel
1354 1908 1468 1978 ipsa
1499 1923 1567 1963 ex
1595 1905 1777 1963 debito

222 2007 452 2076 poscitur
483 2022 498 2057 :
534 2005 666 2059 sicut
686 2003 835 2071 idem
876 2003 981 2069 ait,
1015 2000 1216 2055 Bonum
1259 2010 1511 2054 certamen
1550 1999 1734 2053 certavi
1754 2041 1771 2065 ,

236 2104 434 2152 cursum
453 2098 774 2152 consummaui
792 2138 807 2163 ,
837 2097 969 2165 fidem
996 2094 1226 2160 servavi;
1250 2094 1312 2148 de
1341 2102 1520 2148 caztero
1548 2100 1775 2163 superest

244 2194 367 2246 mihi
386 2209 561 2245 corona
569 2192 774 2262 justititz
788 2232 804 2258 ,
824 2206 958 2261 quam
982 2189 1156 2243 reddet
1184 2188 1309 2242 mihi
1339 2186 1590 2241 Dominus
1610 2186 1663 2239 in
1684 2186 1776 2239 illa

233 2284 320 2338 die
336 2286 504 2354 justus
523 2285 682 2354 judec
701 2283 781 2354 (ll
798 2282 919 2336 Tim.
953 2298 1038 2347 tv,
1065 2282 1097 2334 7
1118 2322 1132 2345 ,
1170 2280 1248 2351 8).
1290 2280 1453 2334 Forte
1484 2279 1626 2334 enim
1652 2279 1774 2349 quia

224 2377 373 2443 dixit,
395 2378 557 2431 reddet
576 2420 589 2441 ,
612 2378 716 2446 jam
739 2377 796 2430 ﬁt
812 2391 879 2431 ex
903 2376 1081 2431 debito
1109 2375 1149 2428 ³.
1180 2374 1316 2429 Cum
1341 2388 1472 2428 vero
1501 2372 1774 2427 ascendens

221 2469 271 2522 iu
289 2468 439 2522 altum
463 2470 714 2539 captivavit
741 2468 1073 2538 captivitatem
1094 2509 1108 2531 ,
1138 2481 1243 2521 non
1266 2464 1533 2529 reddidit,
1565 2463 1659 2518 sed
1688 2464 1775 2517 de-

223 2564 293 2615 dit
329 2563 453 2616 dona
486 2563 753 2616 hominibus
795 2560 1015 2632 (Ephcs.
1056 2576 1135 2625 tv,
1165 2560 1242 2630 8).
1275 2558 1432 2615 Unde
1474 2558 1617 2613 enim
1661 2557 1775 2627 ipse

224 2654 491 2724 Apostolus
524 2665 758 2725 tanquam
798 2651 1041 2709 debitum
1082 2652 1230 2711 reddi
1258 2652 1361 2707 sibi
1388 2658 1771 2721 praesumeret,

228 2747 326 2801 nisi
351 2749 485 2817 prius
511 2747 786 2803 indebitam
815 2747 1044 2817 gratiam
1071 2746 1437 2815 percepisset,
1474 2759 1579 2815 qua
1612 2742 1772 2812 justi-

172 2870 175 2871 ν
226 2838 406 2896 ﬁeatus
427 2841 604 2896 bonum
631 2856 854 2912 agonem
887 2840 1157 2894 certaret?
1201 2838 1323 2893 Fuit
1351 2838 1493 2893 enim
1523 2836 1776 2910 blasphe-

223 2947 342 2987 mus
364 2942 413 2988 et
438 2942 725 3002 wrsecutor
762 2943 817 2988 et
847 2932 1171 3001 iniuriosus;
1213 2930 1307 2986 sed
1348 2929 1775 2986 misericordiam

230 3032 529 3079 consecutus
545 3035 646 3092 est,
669 3034 725 3079 ut
748 3025 868 3096 ipse
899 3031 1122 3079 testatur
1148 3021 1201 3095 (Ι
1230 3022 1367 3077 Tim.
1400 3037 1451 3088 ι,
1482 3020 1572 3095 15)
1608 3039 1620 3075 :
1653 3035 1774 3077 cre-

231 3112 363 3170 dens
396 3117 555 3187 utique
588 3117 635 3171 in
669 3132 792 3173 eum
831 3117 924 3187 qui
962 3114 1217 3185 justiﬁeat
1240 3156 1253 3179 ,
1297 3129 1405 3169 non
1447 3114 1593 3184 pium
1618 3155 1634 3181 ,
1678 3112 1775 3168 sed

223 3208 434 3279 impium
461 3209 615 3277 (Rom.
648 3227 702 3266 tv
724 3253 741 3277 ,
770 3209 858 3282 5),
893 3219 951 3265 ut
980 3207 1322 3279 justiﬁcando
1352 3207 1498 3278 pium
1525 3206 1699 3261 faciat.

286 3303 341 3356 4.
369 3301 476 3356 Non
510 3321 568 3357 ex
598 3302 829 3374 aper-ibus
851 3343 868 3369 ,
897 3301 1103 3372 inquit,
1132 3300 1222 3355 sed
1252 3316 1315 3354 ea:
1341 3307 1550 3353 vocante
1587 3298 1777 3354 dictum

215 3402 286 3450 est
304 3396 364 3461 ei,
393 3394 513 3461 Quia
531 3398 689 3467 major
708 3396 890 3451 serviet
909 3393 1114 3447 minori.
1140 3392 1222 3447 Ad
1252 3391 1356 3447 hoc
1381 3390 1612 3461 pertinet
1636 3389 1776 3461 quod

216 3491 327 3557 ait,
356 3489 466 3544 Cum
504 3490 628 3546 enim
668 3489 898 3545 nondum
939 3487 1045 3541 nati
1089 3486 1339 3557 fuissent,
1387 3500 1546 3554 neque
1583 3482 1778 3553 aliquid

210 3582 416 3653 egissent
454 3582 627 3637 bonum
662 3590 752 3635 aut
790 3580 1020 3644 malum;
1060 3586 1117 3632 ut
1158 3585 1340 3647 posset
1369 3576 1510 3642 dici,
1558 3574 1676 3629 Non
1716 3591 1779 3629 ea:

209 3674 457 3742 operibus,
481 3676 563 3729 sed
592 3692 656 3728 ea:
692 3682 924 3728 vocante.
952 3669 1107 3727 Unde
1136 3670 1374 3725 occurrit
1411 3669 1591 3723 animo
1633 3684 1778 3738 qum-

212 3778 358 3829 rere,
384 3780 467 3820 cur
488 3766 692 3830 dixerit,
729 3763 797 3819 Ut
829 3762 1107 3818 secundum
1135 3762 1426 3817 electionem
1453 3761 1780 3839 prepositum

206 3855 315 3911 Dei
332 3860 562 3913 md!
579 3857 865 3926 Quomodo
886 3864 970 3911 est
988 3855 1130 3910 enim
1154 3854 1321 3923 justa,
1348 3860 1439 3906 aut
1461 3852 1781 3921 qualiscum-

207 3964 313 4019 que
339 3951 537 4007 omnino
572 3950 802 4015 electio,
834 3946 923 4003 ubi
952 3946 1096 4001 nulla
1122 3942 1374 3999 distantia
1404 3944 1520 3998 est?
1551 3942 1607 3998 Si
1636 3943 1780 3998 enim

208 4040 352 4096 nullo
382 4044 562 4098 merito
587 4041 793 4097 electus
818 4047 903 4094 est
930 4037 1095 4094 Jacob
1118 4036 1356 4091 nondum
1381 4043 1538 4090 natus
1567 4044 1623 4091 et
1648 4034 1781 4090 nihil

206 4144 460 4203 operatus,
489 4149 590 4191 nec
610 4134 832 4188 omnino
863 4132 984 4201 eligi
1016 4130 1186 4201 potuit
1210 4129 1358 4185 nulla
1388 4128 1650 4203 existente
1677 4126 1783 4182 dif-

206 4227 415 4283 ferentia
442 4245 540 4301 qua
571 4229 885 4299 eligeretur.
928 4224 1061 4280 Item
1101 4225 1147 4279 si
1183 4222 1334 4278 nullo
1359 4222 1552 4277 merito
1580 4220 1783 4291 impro-

203 4316 354 4374 κως
386 4330 464 4376 est
492 4321 669 4386 Esau,
707 4318 833 4389 quia
863 4326 917 4372 et
942 4317 1059 4387 ipse
1096 4314 1335 4370 nondum
1377 4320 1532 4367 natus
1568 4320 1624 4367 et
1652 4311 1784 4367 nihil

206 4423 442 4481 operatus
460 4422 598 4481 erat,
628 4427 753 4467 cum
773 4410 1066 4473 diceretur,
1090 4407 1157 4461 Et
1181 4408 1346 4478 major
1364 4408 1541 4460 serviet
1561 4405 1784 4472 minori;

204 4506 461 4575 quomodo
486 4507 607 4577 ejus
637 4504 959 4575 improbatio
978 4502 1121 4573 justa
1153 4501 1255 4556 dici
1284 4501 1492 4571 potest?
1514 4499 1628 4567 Qua
1657 4513 1785 4569 ergo

206 4594 549 4663 disu'ctione,
600 4610 709 4666 quo
753 4594 1019 4665 aequitatis
1066 4592 1313 4648 exatninc
1360 4589 1500 4661 quod
1547 4590 1787 4659 sequitur

206 4686 571 4759 intelligimus,
613 4686 774 4741 Iacob
811 4685 1003 4751 dilexi,
1047 4683 1187 4738 Esau
1230 4692 1399 4737 autem
1437 4682 1553 4737 odio
1593 4680 1786 4735 habui?

206 4778 353 4846 Quod
386 4782 595 4852 quidem
637 4781 901 4850 scriptum
949 4786 1035 4832 est
1075 4777 1129 4830 in
1174 4775 1433 4845 propheta
1485 4774 1577 4844 qui
1629 4774 1787 4844 longe

210 4875 456 4939 posterior
476 4872 854 4945 prophetarit,
887 4884 1046 4940 quam
1079 4868 1152 4922 illi
1185 4869 1293 4921 nati
1322 4876 1375 4922 et
1397 4866 1590 4921 mortui
1617 4874 1741 4920 sunt
1769 4882 1781 4919 :

210 4963 294 5018 sed
323 4976 485 5023 tamen
528 4967 619 5021 illa
659 4964 929 5020 sententia
966 4962 1174 5015 videtur
1204 4968 1652 5024 commemorata,
1685 4975 1787 5030 qua

213 5055 388 5115 dictum
409 5071 508 5127 est,
534 5059 606 5113 Et
635 5060 805 5130 major
825 5057 1005 5111 serviet
1033 5056 1216 5108 minori
1237 5071 1256 5119 ;
1279 5066 1333 5109 et
1360 5064 1648 5125 antequam
1678 5055 1788 5110 nati

211 5161 257 5204 et
276 5155 456 5225 aliquid
487 5153 703 5226 operati
733 5161 940 5208 essent.
971 5149 1120 5205 Unde
1150 5149 1307 5219 igitur
1333 5152 1431 5203 ista
1460 5148 1671 5214 electio,
1701 5147 1788 5202 vel

210 5247 356 5315 qualis
389 5249 615 5309 electio,
661 5246 712 5301 si
755 5243 997 5298 nondum
1029 5241 1167 5296 natis
1206 5240 1551 5312 nondumque
1588 5238 1789 5310 aliquid

253 5433 266 5462 ¹
295 5440 389 5483 Is.
431 5430 762 5484 Cor-beiensis
799 5434 864 5494 et,
886 5425 1152 5494 Victorianus
1175 5438 1201 5494 γε
1235 5423 1478 5485 Quomodo
1509 5435 1601 5494 nec
1628 5428 1791 5494 sancte

196 5493 326 5547 Ihm
342 5532 359 5555 ,
405 5496 492 5560 qui
544 5507 650 5546 non
709 5488 867 5555 fuerit
915 5486 1275 5551 sanctificatus;
1331 5498 1419 5536 nec
1473 5486 1664 5535 onun'no
1719 5486 1790 5536 vi-

191 5568 653 5684 ’τεξοῗῗκαωάα
691 5610 922 5679 operatio
954 5609 1087 5662 bona.
1124 5619 1178 5664 At
1209 5618 1307 5661 Em.
1352 5617 1429 5659 Er.
1465 5616 1518 5660 et
1550 5617 1679 5671 Mss,
1713 5622 1789 5661 se-

179 5691 317 5803 Ἣ
339 5688 687 5816 3:71-2:03
712 5753 787 5795 ea:
824 5736 1004 5793 debito.
1041 5743 1113 5791 llr.
1139 5738 1287 5803 Lugd.
1326 5744 1447 5786 Ven.
1483 5740 1594 5784 Lov.
1631 5735 1790 5786 secuti

3364 336 3471 394 H4

1887 423 2119 493 operatis
2164 428 2309 482 nulla
2349 440 2473 485 sunt
2508 446 2776 493 momenta
2818 441 3165 501 meritorum?
3205 447 3286 504 An
3327 447 3469 510 lorte

1887 524 2011 571 sunt
2048 518 2222 588 aliqua
2265 530 2605 581 naturarum?
2647 531 2766 599 quis
2796 532 2897 588 hoc
2934 536 3221 608 intelligat,
3251 557 3314 598 ex
3360 561 3471 601 uno

1886 617 2054 677 patre,
2088 626 2153 665 ex
2181 628 2283 669 una
2308 625 2506 687 matre,
2537 635 2603 674 ex
2633 636 2738 677 uno
2764 628 3066 697 concubitu,
3091 648 3157 687 ex
3182 649 3289 689 uno
3317 651 3471 693 crea-

1890 704 2042 759 tore?
2068 706 2149 769 Au
2176 710 2621 777 quemadmodum
2652 731 2716 771 ex
2738 719 2922 775 eadem
2947 730 3087 779 terra
3109 726 3124 756 ¹
3149 725 3292 782 idem
3318 743 3472 785 crea-

1886 800 1971 848 tor
2012 796 2263 865 produxit
2300 800 2510 859 diversa
2552 807 2900 865 animantium
2939 823 3098 884 atque
3137 817 3469 888 gignentium

1884 898 2079 955 genera
2100 930 2114 955 ,
2143 889 2214 943 ita
2241 908 2308 948 ex
2335 894 2523 951 eodem
2556 896 2831 955 hominum
2860 904 3109 975 conjugio
3138 916 3297 979 atque
3321 926 3471 967 com-

1884 977 2044 1046 plexu
2057 980 2306 1048 produxit
2321 984 2372 1039 in
2387 989 2609 1057 geminis
2623 991 2889 1048 diversam
2906 977 3303 1065 prolem,unam‘
3309 1018 3470 1073 quam

1883 1070 2150 1143 diligeret,
2165 1077 2387 1134 alteram
2405 1097 2563 1152 quam
2582 1085 2815 1142 odisset?
2832 1090 2983 1144 Nulla
3003 1106 3130 1162 ergo
3151 1070 3469 1167 electione”,

1883 1172 2167 1234 antequam
2198 1180 2342 1226 esset
2367 1175 2507 1242 quod
2528 1176 2836 1246 eligeretur.
2865 1180 2920 1235 Si
2943 1183 3085 1237 enim
3108 1184 3278 1240 bonus
3301 1188 3471 1245 factus

1855 1314 1859 1318 _
1883 1256 2178 1349 cstglacob,
2208 1270 2263 1315 ut
2292 1262 2555 1332 placeret;
2583 1269 2721 1325 unde
2753 1272 2949 1340 placuit
2978 1282 3263 1345 antequam
3290 1278 3465 1349 ﬁeret,

1884 1355 1942 1400 ut
1969 1347 2139 1405 bonus
2178 1352 2362 1409 ﬁeret?
2390 1356 2505 1412 Non
2546 1360 2725 1431 itaque
2756 1364 2960 1420 electus
2995 1376 3077 1423 est
3106 1376 3161 1422 ut
3190 1366 3341 1424 ﬁeret
3367 1347 3467 1427 bo;-

1861 1454 1984 1518 pnus
2003 1483 2018 1508 ,
2049 1442 2142 1497 sed
2167 1444 2338 1502 bonus
2366 1447 2537 1505 factus
2565 1453 2688 1524 eligi
2718 1457 2907 1525 potuit.

1954 1534 2007 1588 5.
2033 1537 2117 1591 An
2145 1536 2263 1593 ideo
2284 1542 2558 1597 secundum
2579 1548 2891 1617 electionem,
2916 1553 3040 1622 quia
3062 1556 3299 1613 omnium
3326 1558 3469 1617 Deus

1882 1628 2135 1695 prteseius
2162 1631 2321 1705 etiam
2352 1633 2577 1691 futuram
2610 1638 2767 1695 ﬁdem
2797 1643 2928 1698 vidit
2955 1643 3008 1699 in
3038 1645 3203 1703 Jaeob
3230 1649 3470 1707 nondum

1882 1729 2042 1787 nato;
2073 1732 2130 1776 ut
2153 1728 2393 1795 quamvis
2415 1744 2519 1783 non
2542 1746 2605 1786 ex
2626 1736 2872 1803 operibus
2890 1739 3000 1793 suis
3017 1739 3297 1808 justiﬁcari
3319 1745 3471 1814 quis—

1881 1828 1984 1883 que
2004 1827 2289 1886 mereatur,
2323 1822 2759 1895 quandoquidem,
2783 1828 2919 1884 bene
2952 1834 3163 1901 operari
3189 1835 3289 1888 nisi
3315 1835 3473 1905 justi-

1882 1904 2070 1997 ﬁcatus
2095 1924 2199 1963 non
2224 1919 2417 1981 potest,
2442 1925 2618 1971 tamen
2645 1919 2765 1987 quia
2796 1936 2859 1974 ex
2885 1922 2990 1978 ﬁde
3010 1923 3264 1992 justiﬁcat
3284 1937 3470 1997 gentes

1880 1994 2023 2052 Deus
2052 1999 2246 2069 (Galat.
2296 2019 2380 2071 ιη,
2422 2006 2513 2076 8),
2562 2024 2663 2063 nec
2706 2012 2877 2065 credit
2920 2014 3113 2085 aliquis
3153 2018 3255 2072 nisi
3288 1994 3470 2077 libera

1880 2093 2174 2161 voluntate,
2204 2096 2342 2152 hanc
2370 2099 2537 2168 ipsam
2564 2102 2687 2156 ﬁdei
2719 2106 3042 2162 voluntatem
3076 2110 3302 2165 futuram
3332 2128 3471 2181 pra:-

1880 2183 2069 2238 videns
2090 2185 2251 2252 Deus,
2280 2187 2439 2242 etiam
2468 2192 2700 2261 nondum
2724 2204 2904 2249 natum
2931 2201 3283 2269 praescientia,
3309 2218 3469 2272 quem

1876 2275 2225 2346 justiﬁcaret,
2266 2281 2525 2351 elegerit?
2564 2284 2617 2339 Si
2662 2286 2821 2355 igitur
2845 2290 3037 2345 electio
3059 2308 3153 2360 per
3180 2298 3470 2362 przescien-

1882 2371 2029 2438 tiam,
2055 2374 2319 2442 prcescivit
2338 2388 2515 2431 autem
2542 2378 2680 2433 Deus
2703 2379 2862 2434 ﬁdem
2883 2380 3079 2449 Jacob;
3109 2385 3248 2440 unde
3270 2388 3465 2455 probas

1862 2466 2002 2535 .quia
2031 2482 2136 2521 non
2165 2469 2323 2522 etiam
2353 2486 2416 2525 ex
2440 2471 2689 2540 operibus
2719 2472 2878 2543 elegit
2907 2476 3068 2529 eum?
3102 2476 3156 2532 Si
3184 2487 3469 2548 propterea

1880 2560 2001 2628 quia
2030 2560 2263 2615 nondum
2306 2564 2419 2617 nati
2465 2575 2649 2632 erant,
2673 2575 2727 2621 et
2765 2568 3001 2623 nondum
3028 2571 3227 2641 aliquid
3251 2582 3473 2643 egerant

1879 2650 2077 2706 bonum
2134 2668 2230 2708 seu
2274 2655 2502 2721 malum;
2551 2658 2620 2711 ita
2674 2658 2835 2713 etiam
2884 2661 3119 2716 nondum
3169 2664 3472 2723 crediderat

1879 2742 2070 2813 aliquis
2110 2760 2316 2801 eorum.
2363 2747 2469 2803 Sed
2512 2752 2847 2820 praescientia
2887 2753 3019 2808 vidit
3056 2756 3471 2814 crediturum’l

1879 2836 1955 2892 Ita
1983 2840 2311 2907 praescientia
2350 2841 2532 2897 videre
2574 2853 2781 2913 poterat
2820 2855 3165 2916 operaturum
3198 2864 3211 2901 :
3239 2857 3298 2904 ut
3335 2865 3473 2920 quo-

1880 2928 2041 2984 modo
2079 2929 2273 2999 dicitur
2310 2932 2514 2987 electus
2552 2943 2770 3004 propter
2812 2936 2971 2991 ﬁdem
3011 2938 3275 3008 futuram,
3308 2955 3471 3011 quam

1880 3023 2197 3091 praesciebat
2226 3024 2400 3097 Deus,
2428 3027 2506 3082 sic
2532 3028 2668 3083 alius
2708 3030 2878 3098 possit
2905 3030 3115 3098 dicere,
3146 3041 3364 3102 propter
3390 3032 3474 3089 fug

1880 3121 2000 3167 tura
2026 3128 2187 3183 opera
2215 3118 2394 3184 potius
2417 3118 2667 3185 electum,
2700 3136 2821 3189 quae
2847 3121 3195 3177 nihilominus
3223 3124 3475 3194 praescie-

1881 3204 1972 3259 bat
1992 3205 2152 3262 Deus.
2186 3208 2522 3279 Quapropter
2543 3211 2682 3267 unde
2704 3214 2937 3269 ostendit
2961 3216 3247 3284 Apostolus
3270 3232 3377 3274 non
3401 3234 3473 3275 ex

1881 3297 2134 3366 operibus
2159 3299 2359 3355 dictum
2389 3316 2529 3366 esse,
2558 3302 2733 3372 Major
2770 3308 2945 3359 serviet
2971 3308 3198 3361 minori?
3237 3307 3295 3363 Si
3334 3320 3471 3379 quo-

1883 3388 2025 3443 niam
2054 3388 2289 3443 nondum
2324 3391 2434 3445 nati
2468 3403 2621 3447 erant
2642 3393 2692 3460 ";
2725 3410 2830 3450 non
2860 3399 3033 3452 solum
3065 3413 3170 3453 non
3198 3415 3263 3453 ex
3293 3399 3476 3470 operi-

1882 3479 2003 3545 bus,
2033 3480 2125 3535 sed
2154 3496 2253 3536 nec
2273 3496 2341 3537 ex
2365 3482 2469 3537 ﬁde
2489 3482 2687 3538 dictum
2709 3495 2811 3553 est,
2836 3487 2960 3555 quia
2983 3497 3267 3558 utrumque
3286 3490 3474 3547 deerat

1883 3573 2119 3627 nondum
2151 3573 2310 3627 natis.
2339 3573 2457 3639 Non
2484 3574 2644 3645 igitur
2663 3591 2732 3631 ex
2756 3577 3088 3646 praescientia
3117 3578 3283 3633 voluit
3308 3579 3472 3635 intel-

1887 3665 1976 3735 ligi
2001 3664 2192 3719 laetam
2223 3666 2541 3722 electionem
2571 3667 2825 3735 mineris,
2860 3679 2917 3723 ut
2945 3669 3116 3739 major
3143 3670 3193 3725 ei
3223 3670 3474 3729 serviret.

1888 3758 2084 3813 Volens
2109 3760 2249 3814 enim
2278 3761 2562 3817 ostendere
2588 3777 2693 3817 non
2724 3778 2789 3817 ex
2816 3763 3066 3834 operibus
3092 3762 3310 3833 lactant,
3341 3780 3471 3835 pro-

1888 3860 2069 3921 pterea
2098 3852 2292 3919 intulit,
2317 3854 2523 3920 dicens,
2548 3854 2674 3908 Cum
2700 3856 2833 3909 enim
2863 3856 3089 3915 nondum
3110 3858 3215 3910 nati
3237 3858 3471 3927 fuissent,

1888 3961 2048 4015 neque
2077 3945 2271 4015 aliquid
2301 3948 2515 4017 egissent
2539 3947 2725 4001 bonum
2754 3965 2840 4003 seu
2868 3949 3080 4003 malum.
3103 3949 3351 4019 Alioquin
3374 3965 3475 4020 po—

1891 4045 2028 4092 terat
2053 4037 2103 4091 ei
2130 4037 2233 4092 dici
2261 4054 2275 4090 :
2302 4037 2409 4115 Sed
2443 4038 2555 4107 jam
2593 4040 2796 4095 sciebat
2835 4039 2975 4094 Deus
3011 4041 3129 4111 quis
3170 4041 3298 4111 quid
3332 4051 3478 4099 esset

1889 4137 2124 4183 acturus.
2149 4128 2507 4197 Quamobrem
2534 4130 2676 4186 unde
2700 4132 2789 4185 illa
2806 4132 2997 4187 electio
3015 4132 3152 4187 facta
3182 4134 3253 4187 sit
3278 4134 3476 4203 quatri-

1892 4228 1978 4276 tur
2009 4239 2021 4275 :
2051 4222 2172 4290 quia
2193 4222 2238 4276 si
2266 4237 2373 4276 non
2404 4238 2467 4277 ex
2491 4222 2763 4292 operibus,
2793 4239 2911 4292 qua:
2937 4239 3042 4279 non
3074 4233 3227 4280 erant
3254 4227 3305 4279 in
3340 4240 3478 4280 non-

1890 4313 2015 4369 dum
2034 4314 2201 4377 natis;
2226 4328 2325 4369 nec
2341 4330 2408 4369 ex
2423 4313 2548 4381 ﬁde,
2567 4316 2693 4387 quia
2706 4330 2806 4369 nec
2826 4316 2937 4385 ipsa
2960 4325 3104 4371 erat:
3126 4316 3267 4371 unde
3284 4316 3480 4386 igitur?

1962 4405 2015 4460 6.
2048 4406 2130 4458 An
2156 4405 2436 4460 dicendum
2468 4415 2550 4460 est
2578 4406 2718 4475 quod
2746 4407 2891 4475 nulla
2914 4407 3107 4462 electio
3134 4407 3329 4473 fuerit,
3370 4424 3480 4466 non

1892 4499 2156 4554 existente
2181 4498 2355 4568 aliqua
2374 4490 2688 4565 diversitate
2714 4498 2767 4551 in
2804 4506 2956 4551 utero
2982 4498 3169 4552 matris
3195 4498 3281 4552 vel
3311 4499 3478 4568 ﬁdei,

1892 4592 1977 4647 vel
2003 4606 2245 4661 operum,
2270 4591 2352 4645 vel
2379 4590 2737 4660 quorumlibet
2755 4590 2976 4645 omnino
2999 4590 3351 4647 meritorum?
3370 4592 3483 4651 Sed

1894 4686 2089 4741 dictum
2134 4694 2243 4749 cst,
2288 4684 2354 4739 Ut
2394 4684 2673 4738 secundant
2711 4684 3001 4739 electionem
3046 4686 3359 4757 prepositum
3382 4684 3482 4745 Dei

1895 4790 2135 4835 maneret.
2187 4778 2256 4834 Et
2299 4778 2418 4833 ideo
2461 4778 2767 4848 quierimus,
2815 4778 2936 4849 quia
2976 4778 3176 4834 dictum
3224 4787 3327 4835 est.
3368 4779 3483 4838 Nisi

1895 4874 2031 4929 forte
2060 4874 2139 4929 sic
2164 4882 2245 4928 est
2274 4870 2643 4942 distinguenda
2670 4871 2930 4926 sententia
2952 4911 2967 4938 ,
2997 4886 3102 4926 non
3133 4879 3190 4925 ut
3219 4871 3486 4943 intelliga-

1896 4984 2016 5022 mus
2048 4975 2296 5037 tanqnam
2346 4965 2466 5020 ideo
2505 4981 2605 5018 non
2651 4981 2714 5018 ea:
2748 4964 3013 5034 operibus,
3046 4964 3235 5031 sedem
3278 4975 3486 5019 vocante

1896 5062 2081 5115 dictant
2092 5075 2231 5127 esse,
2244 5060 2417 5130 Major
2430 5060 2611 5127 serviet
2623 5060 2824 5129 minori,
2834 5070 2885 5112 ut
2903 5060 3177 5113 secundum
3193 5060 3486 5113 electionem

1898 5154 2207 5226 propositum
2233 5151 2326 5206 Dei
2352 5160 2574 5205 maneret
2606 5167 2624 5204 :
2654 5150 2750 5206 sed
2780 5151 2849 5206 ita
2877 5151 3051 5222 potius
3073 5193 3087 5219 ,
3117 5160 3174 5207 ut
3198 5151 3263 5206 ad
3292 5151 3391 5205 hoc
3416 5151 3487 5207 de

1962 5357 1978 5388 ι
2014 5355 2223 5405 vaticani
2257 5361 2391 5403 Mss:
2430 5352 2987 5416 Namquemadmodum
3016 5365 3081 5403 ex
3112 5356 3389 5402 tma~tcrra.

1960 5420 1980 5449 ²
2014 5420 2084 5466 Sic
2117 5424 2223 5466 Mss.
2261 5423 2316 5465 At
2350 5416 2485 5477 editi,
2521 5414 2695 5477 electio
2720 5423 2807 5465 est.

1962 5481 1983 5512 ³
2005 5481 2121 5528 Ε(ιίιί
2140 5480 2254 5528 :setl
2278 5477 2402 5527 sicut
2425 5476 2731 5528 mwscientia
2751 5476 3196 5528 riditcrediturmn.
3238 5483 3346 5525 Mss.
3384 5482 3491 5525 tres

1897 5543 2106 5592 Vaticani
2130 5556 2140 5590 :
2161 5542 2207 5603 Si
2250 5539 2558 5603 prwscientia
2591 5548 2686 5603 etc.
2704 5541 3010 5603 Corbeiensis
3028 5540 3487 5603 etcenovefaaanus:

1897 5603 1989 5655 Sed
2011 5601 2326 5668 prwscieutia
2355 5601 2490 5668 vidit
2511 5601 2848 5652 crediturum?
2870 5604 3061 5668 omisso,
3088 5601 3224 5650 sicut.

1960 5668 1981 5699 ι
2006 5663 2254 5733 Lov.:_sed
2284 5663 2327 5715 si
2349 5663 2573 5733 quoniam
2594 5667 2805 5733 nondum
2846 5663 2947 5712 nati
2980 5668 3275 5733 pronaum.
3304 5668 3357 5711 et
3374 5665 3487 5732 “Era

1897 5731 1988 5846 ad
2012 5729 2264 5795 quoniam,
2294 5726 2409 5793 etc.;
2432 5729 2627 5788 omisso,
2644 5726 2703 5777 si.
2721 5734 2778 5777 At.
2792 5733 2916 5775 Mss:
2942 5726 2991 5775 si
3017 5726 3241 5786 quoniam
3290 5726 3491 5789 omisso,
