3942 6416
529 311 637 368 115

528 426 770 485 nondum
800 427 937 482 natis
958 433 1014 482 et
1039 425 1271 481 nondum
1308 422 1508 502 aliquid
1547 422 1780 494 operatis
1805 424 2110 495 exemplum

528 524 714 580 datum
757 525 1078 594 accipiatur,
1108 537 1178 577 ne
1215 522 1389 592 aliqua
1420 520 1608 576 electio
1637 519 1726 574 hic
1752 519 1922 589 possit
1952 517 2115 574 intel-

526 616 640 689 ligi.
674 616 800 673 Cum
837 615 969 670 enim
1014 613 1241 681 nondum
1277 613 1386 668 nati
1429 613 1675 684 fuissent,
1715 626 1875 681 neque
1919 609 2113 679 aliquid

524 710 746 781 egissent
760 707 863 763 sive
879 709 1064 761 bonum
1084 707 1188 761 sive
1206 706 1397 760 malum
1416 746 1429 773 ,
1449 714 1504 759 ut
1523 701 1800 758 secundum
1820 701 2113 756 electionem

526 800 843 871 pmpositum
862 792 1242 864 Deintaneret;
1266 798 1315 852 id
1334 805 1438 861 est,
1461 810 1635 865 neque
1659 793 1857 865 aliquid
1880 795 2115 863 egissent

523 894 726 949 bonum
754 901 848 948 aut
869 892 1090 961 malum,
1114 900 1173 946 ut
1196 898 1414 962 propter
1438 889 1607 959 ipsam
1632 887 1897 942 actionem
1921 884 2113 941 electio

520 988 701 1058 aliqua
736 985 891 1043 ﬁeret
924 986 1042 1057 ejus
1079 985 1170 1056 qui
1204 985 1340 1040 bene
1381 991 1564 1054 egerat
1595 999 1608 1035 :
1640 996 1772 1069 cum~
1796 995 1923 1051 ergo
1964 977 2111 1035 nulla

521 1086 669 1135 esset
698 1078 892 1133 electio
917 1078 1057 1132 bene
1082 1077 1284 1147 agentis
1303 1116 1316 1140 ,
1348 1075 1640 1133 secundum
1671 1088 1833 1144 quam
1869 1080 2113 1127 maneret

518 1171 856 1239 propositum
885 1171 1010 1235 Dei,
1040 1185 1139 1223 non
1178 1185 1240 1223 ea:
1261 1167 1494 1238 operibus
1514 1209 1527 1232 ,
1565 1166 1652 1220 sed
1689 1182 1752 1219 ea:
1789 1173 2024 1231 vocante,
2058 1162 2112 1219 id

517 1270 631 1328 est,
664 1277 731 1317 ex
761 1276 829 1318 eo
856 1262 944 1332 qui
972 1262 1208 1317 vocando
1235 1260 1301 1315 ad
1332 1260 1488 1314 lidcm
1532 1258 1699 1329 gratia
1724 1256 1981 1327 justiﬁcat
2006 1257 2110 1309 im-

518 1354 665 1422 pium
686 1394 701 1418 ,
730 1353 919 1408 dictum
949 1363 1023 1409 est
1063 1354 1109 1408 ei
1128 1396 1142 1420 ,
1184 1353 1316 1418 Quia
1353 1354 1520 1424 major
1555 1352 1729 1406 serviet
1756 1350 1959 1404 minori.
1991 1347 2108 1419 Νοῃ

516 1460 647 1514 ergo
686 1446 979 1502 secundum
1022 1445 1341 1501 electionem
1374 1445 1705 1515 propositum
1752 1442 1848 1497 Dei
1890 1449 2105 1511 manet,

514 1537 612 1592 sed
656 1554 719 1593 ex
758 1542 1036 1611 pr0posito
1073 1540 1267 1595 electio
1300 1557 1313 1593 :
1342 1538 1396 1593 id
1426 1547 1545 1606 est,
1588 1553 1696 1592 non
1739 1537 1861 1608 quia
1902 1536 2108 1592 invenit

514 1630 658 1685 Deus
679 1646 841 1700 opera
863 1633 1001 1687 bona
1027 1632 1079 1685 in
1101 1630 1405 1685 hominibus
1427 1647 1546 1701 qua:
1571 1629 1749 1700 eligat,
1778 1630 1900 1683 ideo
1927 1636 2108 1684 manet

513 1719 848 1788 propositum
872 1718 1264 1789 justiﬁcationis
1291 1719 1487 1788 ipsius;
1511 1718 1605 1773 sed
1629 1718 1751 1788 quia
1775 1716 1903 1771 illud
1925 1725 2106 1772 manet

511 1821 574 1865 ut
595 1812 855 1881 justiﬁcet
891 1813 1209 1878 credentes,
1249 1811 1371 1868 ideo
1412 1812 1614 1867 invenit
1653 1826 1815 1880 opera
1854 1827 1972 1881 qua:
1994 1812 2103 1878 jam

506 1905 674 1975 eligat
701 1906 767 1960 ad
810 1922 1032 1975 regnum
1061 1907 1342 1961 caelorum.
1373 1905 1506 1960 Nam
1549 1906 1648 1959 nisi
1689 1915 1832 1961 esset
1872 1905 2097 1972 electio,

508 2007 619 2051 non
647 2007 828 2051 essent
854 1997 1041 2064 electi,
1075 2014 1174 2053 nec
1200 2006 1345 2053 recte
1372 1998 1658 2063 diceretur,
1694 1997 1820 2065 Quis
1843 1996 2102 2050 accusabit

508 2087 749 2142 adversus
774 2088 953 2143 electos
984 2088 1080 2143 Dei
1122 2089 1291 2161 (Rom.
1326 2105 1439 2155 vm,
1473 2091 1564 2160 55)
1584 2089 1609 2141 ?
1632 2089 1748 2144 Non
1781 2098 1957 2144 tamen
1989 2089 2099 2144 ele-

505 2181 616 2235 ctio
646 2182 897 2252 praecedit
920 2184 1357 2252 justillcationem
1379 2226 1393 2250 ,
1429 2183 1525 2238 sed
1549 2184 1866 2239 electionem
1904 2180 2101 2253 justiﬁ-

504 2272 667 2328 catio.
710 2273 878 2329 Nemo
921 2275 1077 2329 enim
1106 2275 1351 2345 eligitur,
1391 2274 1490 2328 nisi
1519 2274 1628 2345 jam
1670 2274 1875 2331 distans
1911 2275 1979 2330 ab
2007 2275 2099 2332 illo

500 2364 593 2433 qui
633 2365 890 2435 rejicitur.
930 2364 1084 2422 Unde
1113 2367 1257 2436 quod
1285 2367 1486 2421 dictum
1528 2375 1640 2433 est,
1671 2367 1804 2435 Quia
1833 2369 1979 2439 elegit
2006 2386 2097 2423 nos

498 2452 644 2509 Deus
686 2467 802 2510 ante
840 2456 1017 2510 mundi
1055 2458 1457 2512 constitutionem
1492 2458 1710 2528 (Ep/tes.
1752 2476 1802 2523 ι,
1846 2461 1939 2531 4);
1988 2478 2096 2518 non

498 2543 660 2599 video
682 2546 953 2615 quomodo
990 2548 1061 2601 sit
1087 2547 1287 2602 dictum
1309 2589 1324 2615 ,
1354 2549 1456 2602 nisi
1484 2549 1841 2619 prtescientia.
1874 2552 1972 2607 llic
2000 2567 2096 2608 au-

498 2643 613 2692 tem
636 2637 781 2709 quod
807 2639 900 2703 ait,
933 2637 1056 2694 Non
1079 2657 1142 2694 ea:
1170 2643 1401 2711 aperibus
1420 2684 1436 2709 ,
1464 2641 1553 2697 sed
1580 2660 1642 2696 ea:
1672 2655 1878 2698 vocante
1904 2644 2093 2700 dictum

498 2738 573 2784 est
598 2730 677 2795 ei,
714 2731 847 2796 Quia
876 2734 1042 2804 major
1066 2735 1241 2789 serviet
1270 2736 1486 2799 minori;
1508 2752 1614 2792 non
1642 2738 1905 2795 electione
1929 2742 2093 2796 meri-

498 2828 707 2889 torum,
752 2840 873 2894 quae
904 2834 1029 2896 post
1058 2825 1493 2896 justiﬁcationem
1525 2830 1707 2899 gratia:
1737 2832 2084 2900 proveniunt,

496 2914 593 2969 sed
620 2915 938 2973 liberalitate
967 2919 1231 2974 donorum
1262 2922 1356 2976 Dei
1385 2922 1552 2979 voluit
1588 2924 1845 2995 intelligi,
1874 2942 1941 2981 ne
1969 2926 2090 2998 quis

494 3008 565 3064 do
594 3010 848 3079 operibus
872 3013 1178 3068 extollatur.
1204 3012 1380 3069 Gratia
1407 3017 1537 3071 enim
1570 3017 1664 3072 Dei
1698 3018 1827 3074 salvi
1850 3020 1977 3091 {acti
2000 3038 2089 3075 su-

495 3116 652 3167 mus;
679 3111 726 3155 et
759 3102 853 3156 hoc
878 3120 981 3159 non
1007 3122 1072 3160 ea:
1095 3107 1265 3170 nobis,
1289 3108 1380 3162 sed
1413 3108 1506 3163 Dei
1537 3110 1729 3165 donum
1753 3121 1828 3166 est
1854 3130 1874 3168 :
1899 3131 2002 3169 non
2026 3131 2092 3170 ea:

493 3194 758 3264 operibus,
789 3211 855 3249 ne
884 3199 1015 3267 forte
1039 3198 1153 3268 quis
1177 3200 1451 3254 extollatur
1476 3200 1587 3273 (Id.
1618 3218 1687 3270 ιι,
1717 3203 1777 3270 8,
1811 3202 1889 3277 9).

563 3286 618 3342 'I.
647 3287 914 3357 Quaeritur
938 3298 1135 3359 autem,
1159 3302 1334 3348 utrum
1363 3295 1443 3349 vel
1469 3294 1601 3351 ﬁdes
1619 3308 1890 3353 mereatur
1913 3298 2089 3358 homi-

491 3379 577 3434 nis
597 3379 1064 3451 justiﬁcationem;
1098 3401 1163 3440 an
1191 3402 1318 3442 vero
1361 3402 1461 3443 nec
1499 3388 1621 3444 ﬁdei
1651 3392 1836 3447 merita
1878 3407 2085 3462 praece-

488 3470 621 3527 dunt
661 3474 1079 3531 misericordiam
1110 3478 1228 3547 Dei,
1261 3464 1355 3535 Sed
1396 3488 1451 3535 et
1477 3480 1608 3536 ﬁdes
1636 3482 1748 3551 ipsa
1779 3486 1920 3538 inter
1943 3484 2084 3540 dona

489 3564 675 3633 gratia:
705 3576 1034 3623 numeretur.
1058 3568 1193 3637 Quia
1214 3578 1268 3625 et
1288 3572 1390 3626 hoc
1414 3571 1532 3626 loco
1552 3587 1672 3626 cum
1693 3573 1935 3643 dixisset,
1962 3573 2084 3630 Non

488 3674 555 3713 et:
579 3661 853 3729 operibus;
883 3678 991 3717 non
1017 3665 1118 3731 ait,
1165 3664 1259 3719 sed
1289 3680 1355 3720 ex
1382 3664 1483 3721 ﬁde
1512 3666 1699 3720 dictum
1735 3676 1811 3722 est
1842 3668 1887 3722 ei
1905 3710 1919 3734 ,
1952 3670 2083 3735 Quia

489 3751 658 3822 major
683 3752 860 3805 serviet
878 3754 1065 3807 minori
1081 3769 1102 3808 :
1124 3756 1199 3808 ait
1222 3759 1399 3811 autem
1417 3798 1432 3823 ,
1458 3758 1546 3812 sed
1574 3774 1637 3812 ex
1658 3768 1881 3831 vocante.
1910 3760 2081 3819 Nemo

489 3843 633 3897 enim
657 3842 845 3909 credit,
874 3845 964 3914 qui
992 3859 1098 3900 non
1126 3855 1366 3902 vocatur.
1404 3848 1709 3905 Misericors
1732 3862 1908 3907 autem
1940 3855 2080 3909 Deus

487 3943 664 4003 vocat,
693 3935 854 3991 nullis
878 3935 981 3992 hoc
1005 3938 1090 3993 vel
1118 3937 1241 3994 ﬁdei
1272 3941 1476 3996 meritis
1514 3942 1774 4013 largiens;
1817 3945 1937 4016 quia
1966 3962 2080 4003 me-

486 4028 587 4082 rita
618 4028 739 4083 ﬁdei
782 4037 1080 4100 sequuntur
1101 4033 1434 4090 vocationem
1465 4034 1660 4105 potius,
1687 4052 1844 4107 quam
1872 4053 2079 4109 praece-

486 4116 640 4173 dunt.
675 4117 940 4184 Quomodo
965 4121 1105 4177 enim
1128 4122 1349 4189 credent,
1381 4141 1525 4195 quem
1559 4142 1659 4180 non
1687 4127 1995 4184 audierunt?
2032 4139 2081 4185 et

485 4210 740 4281 quomodo
776 4212 984 4267 audient
1010 4214 1120 4269 sine
1164 4215 1471 4286 prtrdicame
1501 4214 1674 4291 (Rom.
1718 4232 1777 4287 κ,
1809 4219 1897 4293 14)
1917 4220 1945 4276 ?
1966 4221 2078 4279 Nisi

486 4319 616 4375 ergo
640 4305 883 4361 vocando
908 4307 1176 4377 praecedat
1202 4309 1568 4365 misericordia
1589 4311 1705 4381 Dei,
1734 4329 1832 4369 nec
1856 4315 2077 4374 credere

482 4397 763 4468 quisquam
790 4406 997 4468 potest,
1032 4407 1091 4454 ut
1115 4416 1182 4456 ex
1209 4400 1312 4456 hoc
1342 4401 1557 4472 incipiat
1574 4402 1875 4476 justiﬁcari,
1906 4416 1961 4463 et
1988 4424 2077 4464 ac-

481 4489 662 4560 cipere
683 4489 989 4547 facultatem
1012 4491 1149 4549 bene
1167 4495 1447 4564 operandi.
1475 4495 1618 4568 Ergo
1637 4508 1760 4555 ante
1781 4514 1940 4556 omne
1960 4518 2075 4559 me-

484 4581 645 4636 ritum
660 4583 940 4652 estgratia.
958 4583 1167 4639 Etenim
1183 4582 1418 4641 Christus
1444 4603 1536 4657 pro
1562 4588 1733 4662 impiis
1744 4599 1972 4647 mortuus
2002 4601 2073 4647 est

487 4672 597 4745 (Id.
613 4674 756 4745 νβ).
777 4675 857 4728 Ex
882 4683 1109 4731 vocante
1122 4676 1280 4746 igitur
1297 4679 1476 4733 minor
1502 4684 1844 4751 accepit,non
1861 4699 1927 4741 ex
1950 4685 2070 4742 ullis

478 4768 687 4822 meritis
711 4782 934 4837 operum
955 4783 1197 4837 suorum,
1215 4778 1274 4825 ut
1289 4770 1460 4842 major
1482 4773 1532 4828 ei
1548 4776 1771 4833 serviret
1794 4796 1807 4831 :
1836 4787 1893 4834 ut
1910 4781 2068 4835 etiam

477 4859 620 4929 quod
649 4860 927 4928 scriptum,
955 4859 1120 4917 Iacob
1146 4861 1303 4918 dilexi
1319 4904 1334 4931 ,
1361 4878 1430 4921 ex
1448 4876 1674 4924 vocante
1702 4868 1772 4925 sit
1797 4869 1930 4938 Deo,
1960 4888 2066 4929 non

476 4967 541 5007 ex
573 4960 831 5024 operante
860 4952 1045 5010 Jacob.

547 5047 601 5101 8.
633 5046 772 5114 Quid
795 5046 990 5103 deinde
1018 5048 1195 5117 Esau,
1222 5048 1365 5122 quod
1400 5053 1567 5109 servit
1602 5055 1815 5123 minori,
1847 5060 2068 5130 etquod

472 5138 731 5210 scriptum
756 5147 860 5207 est,
884 5138 1031 5196 Esau
1049 5151 1219 5197 autem
1236 5142 1354 5198 odio
1374 5143 1545 5213 habui,
1564 5149 1757 5218 quibus
1776 5149 1930 5207 malis
1955 5153 2067 5208 suis

471 5229 575 5287 hoc
602 5232 816 5301 meruit,
844 5247 964 5288 cum
993 5241 1048 5289 et
1074 5233 1189 5304 ipse
1218 5236 1454 5293 nondum
1481 5247 1638 5296 natus
1664 5241 1868 5311 fuisset,
1891 5259 2066 5315 neque

468 5322 672 5394 aliquid
699 5324 899 5395 egisset
922 5325 1047 5382 boni
1071 5335 1166 5383 aut
1197 5329 1361 5398 mali,
1404 5331 1617 5402 qttando
1643 5333 1843 5389 dictum
1865 5346 1967 5404 est,
1996 5337 2066 5395 Et

468 5416 638 5490 angor
668 5418 847 5473 serviet
876 5419 1105 5475 minori?
1133 5421 1217 5477 An
1263 5421 1401 5479 forte
1442 5426 1888 5497 quemadmodum
1932 5430 2062 5489 illud

468 5507 539 5564 de
561 5507 731 5565 Jacob
758 5504 922 5566 nullis
949 5513 1155 5569 meritis
1182 5514 1338 5571 bona:
1365 5516 1590 5573 actionis
1619 5518 1817 5576 dictum
1842 5530 1956 5592 est,
1989 5525 2060 5580 ita

469 5599 613 5659 Esau
640 5602 800 5659 nullis
832 5603 1039 5661 meritis
1090 5605 1246 5662 mala:
1273 5608 1497 5664 actionis
1534 5610 1786 5667 odiosus?
1815 5613 1870 5670 Si
1915 5616 2059 5673 enim

463 5695 589 5764 quin
602 5697 915 5767 prtesciebat
932 5700 1076 5757 Deus
1086 5700 1262 5758 futura
1280 5703 1397 5775 ejus
1413 5720 1575 5775 opera
1596 5708 1752 5775 mala,
1776 5720 2058 5781 propterea

462 5801 587 5848 eum
614 5792 1012 5864 praedestinavit
1027 5805 1089 5855 ut
1112 5799 1336 5859 serviret
1354 5798 1576 5870 minori;
1609 5812 1886 5875 propterea
1915 5824 2054 5884 praz-
2098 5888 2119 5905 _
2162 5792 2366 5873 tioribus

1086 310 1175 368 DE
1217 307 1531 366 DlVEllSIS
1568 305 2087 378 QUESTIONIBUS
2122 307 2214 364 AD
2250 306 2751 383 SIMPLICIANUM,
2792 310 2852 368 S.
2892 314 3256 375 AUGUSTINI

2041 5936 2138 5971 ι,

3711 324 3837 385 "6

2229 423 2510 481 destinavit
2537 437 2591 482 ct
2616 428 2784 486 .lacob
2808 438 2866 485 ut
2890 431 2937 487 ei
2967 435 3136 504 major
3177 437 3439 506 serviret,
3484 439 3609 513 quia
3634 439 3833 500 futura

2223 516 2339 587 ejus
2365 518 2501 573 bona
2528 535 2687 591 opera
2726 524 3073 593 praesciebat,
3114 536 3168 583 et
3202 529 3390 586 falsum
3426 542 3510 588 est
3530 533 3643 605 jam
3673 536 3831 606 quod

2208 610 2327 677 ait,
2360 610 2480 666 Non
2520 629 2585 667 ea:
2609 616 2858 685 operibus.
2891 615 2947 674 Si
2975 628 3150 674 autem
3178 636 3361 677 verum
3410 633 3493 680 est
3533 627 3675 696 quod
3710 643 3829 686 non

2221 713 2287 756 ex
2315 703 2584 773 operibus,
2616 710 2672 760 ct
2698 705 2819 762 inde
2844 706 3177 781 hocprobat,
3210 713 3332 783 quia
3357 713 3424 770 de
3448 717 3688 773 nondum
3726 734 3829 776 na-

2221 792 2290 846 tis
2311 794 2652 865 nondumque
2676 796 2874 868 aliquid
2895 801 3127 869 operatis
3151 801 3252 856 hoc
3280 803 3513 873 dictum;
3547 808 3692 867 unde
3718 826 3827 868 nec

2217 897 2286 942 ex
2317 883 2440 952 ﬁde,
2466 901 2587 956 qua:
2607 887 2659 941 in
2695 888 2931 943 nondum
2956 892 3092 945 natis
3116 892 3363 949 similiter
3390 892 3626 953 nondum
3655 911 3783 956 erat
3807 920 3823 957 :

2218 991 2325 1046 quo
2357 980 2546 1034 merito
2576 980 2716 1035 Esau
2756 982 2879 1037 odio
2925 982 3153 1040 habetur
3194 995 3475 1059 antequam
3519 995 3827 1050 nascatur?

2217 1067 2369 1135 Quod
2397 1072 2541 1125 enim
2569 1070 2693 1128 fecit
2724 1073 2859 1130 Deus
2885 1089 2946 1130 ea
2972 1092 3090 1147 qum
3112 1075 3378 1150 diligeret,
3406 1082 3554 1138 nulla
3583 1086 3851 1154 quaestio'

2217 1170 2316 1217 est.
2346 1162 2402 1218 Si
2440 1173 2617 1219 autem
2647 1166 2887 1223 dicamus
2928 1183 3049 1224 eum
3075 1166 3267 1226 fecisse
3294 1186 3414 1244 qua:
3453 1175 3820 1241 odisset,'ab-

2217 1257 2433 1311 surdum
2462 1267 2559 1324 est,
2587 1271 2901 1317 occurrente
2928 1263 3029 1317 alia
3052 1264 3323 1335 Scriptum
3351 1276 3406 1321 et
3430 1265 3667 1336 dicente,
3699 1267 3821 1327 Nc-

2213 1366 2313 1422 que
2331 1352 2461 1405 enim
2484 1352 2600 1407 odio
2623 1353 2807 1409 habens
2832 1355 3026 1427 aliquid
3044 1358 3401 1435 constituisses,
3430 1368 3477 1415 et
3500 1361 3635 1415 nihil
3653 1364 3817 1419 odisti

2215 1442 2395 1498 horum
2418 1462 2531 1515 qua:
2556 1446 2716 1518 fecisti
2739 1447 2894 1520 (ειη).
2926 1465 3000 1517 x1,
3030 1449 3147 1523 25).
3174 1450 3289 1518 Quo
3320 1453 3459 1509 enim
3500 1455 3693 1509 merito
3727 1457 3813 1512 sol

2213 1534 2383 1593 factus
2413 1547 2497 1594 est
2521 1540 2630 1608 sol,
2658 1551 2748 1596 aut
2773 1542 2896 1611 quid
2925 1541 3143 1597 offundit
3181 1543 3305 1597 luna
3338 1553 3398 1599 ut
3423 1554 3564 1601 tanta
3593 1546 3687 1603 illo
3719 1549 3811 1604 in-

2211 1625 2407 1695 ferior,
2438 1632 2522 1686 vel
2554 1632 2679 1702 quid
2706 1634 3003 1705 promeruit
3025 1645 3084 1690 ut
3112 1635 3374 1692 sideribus
3401 1639 3611 1693 caeteris
3651 1646 3811 1696 tanto

2211 1720 2404 1776 clarior
2429 1727 2739 1779 crearetur?
2769 1727 2874 1782 Sed
2919 1728 3032 1783 luce
3074 1730 3249 1784 omnia
3286 1729 3425 1785 bona
3453 1741 3633 1788 creata
3677 1744 3811 1791 sunt

2210 1828 2431 1884 qumque
2459 1816 2509 1869 iu
2532 1834 2727 1886 genere
2753 1835 2869 1875 suo.
2902 1820 3019 1876 Non
3039 1822 3179 1877 enim
3206 1822 3408 1879 diceret
3432 1825 3591 1893 Deus,
3616 1827 3807 1883 Solem

2209 1903 2400 1973 dilexi,
2434 1908 2610 1964 lunam
2646 1920 2819 1966 autem
2848 1911 2971 1969 odio
3000 1914 3190 1980 habui;
3222 1925 3332 1983 aut,
3363 1917 3568 1973 Lunam
3596 1919 3805 1989 dilexi,

2208 1996 2387 2050 stellas
2423 2006 2599 2053 autem
2639 2000 2761 2056 odio
2807 2002 3000 2058 habui:
3036 2005 3172 2061 sicut
3204 2006 3370 2074 dixit,
3414 2006 3574 2063 Iacob
3604 2011 3805 2083 dilexi,

2208 2087 2349 2143 Esau
2379 2100 2544 2146 autem
2570 2094 2685 2149 odio
2715 2095 2887 2150 habui.
2917 2097 3021 2153 Sed
3051 2099 3141 2153 illa
3167 2102 3342 2155 omnia
3374 2102 3580 2173 dilexit,
3609 2118 3809 2175 quam-

2205 2182 2286 2237 vis
2315 2186 2644 2242 excellcntiac
2687 2188 2911 2245 diversis
2954 2191 3202 2263 gradibus
3229 2194 3503 2263 ordinata;
3543 2198 3805 2268 quoniam

2204 2276 2336 2332 vidit
2360 2279 2496 2335 Deus
2526 2282 2646 2352 quia
2676 2272 2814 2337 bona
2840 2293 2982 2351 sunt,
3024 2301 3147 2341 cum
3177 2287 3319 2343 dicto
3344 2289 3458 2360 ejus
3485 2302 3609 2345 sunt
3639 2292 3803 2347 insti-

2202 2378 2317 2426 tuta
2341 2371 2494 2439 (Gen.
2524 2391 2542 2429 ι
2579 2374 2598 2447 )
2627 2393 2640 2429 :
2667 2386 2727 2430 ut
2776 2388 2951 2434 autem
2980 2380 3175 2436 odisset
3203 2376 3363 2448 Esau,
3392 2383 3493 2438 nisi
3520 2380 3809 2455 injustitias

2203 2466 2413 2532 merito,
2449 2468 2702 2535 injustum
2736 2480 2838 2525 est.
2864 2472 3016 2540 Quod
3043 2474 3087 2528 si
3125 2475 3500 2545 concedimus,
3530 2478 3717 2550 incipit
3744 2488 3805 2535 et

2200 2555 2365 2612 Jacob
2386 2558 2606 2627 justitire
2634 2563 2824 2618 merito
2851 2564 3015 2634 diligi.
3051 2565 3204 2634 Quod
3243 2567 3286 2622 si
3313 2582 3496 2623 verum
3532 2579 3647 2635 est,
3691 2570 3801 2625 fal-

2199 2663 2318 2705 sum
2346 2660 2427 2706 est
2464 2653 2605 2722 quod
2649 2669 2756 2709 non
2786 2671 2849 2710 ex
2894 2657 3165 2727 operibus.
3208 2658 3288 2712 An
3328 2657 3464 2714 forte
3492 2676 3557 2715 ex
3581 2660 3798 2730 justitia

2200 2740 2364 2798 ﬁdei?
2390 2743 2525 2813 Quid
2552 2761 2680 2816 ergo
2721 2758 2773 2803 te
2809 2748 3052 2817 adjuvat,
3082 2747 3210 2805 Cum
3244 2752 3374 2806 enim
3418 2755 3644 2808 nondum
3682 2754 3798 2809 nali

2197 2834 2451 2905 fuissent?
2479 2838 2907 2910 quandoquidem
2952 2840 3005 2896 in
3036 2842 3272 2897 nondum
3312 2852 3435 2899 nato
3461 2859 3561 2900 nec
3579 2843 3797 2917 justitia

2196 2923 2321 2982 ﬁdei
2350 2935 2562 2997 poterat
2586 2944 2725 2985 esse.

2266 3018 2321 3075 9.
2352 3020 2494 3076 Vidit
2522 3022 2701 3094 itaque
2727 3024 3014 3094 Apostolus
3040 3026 3165 3098 quid
3196 3044 3259 3082 ex
3289 3027 3372 3084 his
3400 3026 3577 3085 verbis
3600 3038 3795 3100 posset

2193 3110 2374 3167 animo
2386 3113 2651 3170 audientis
2664 3117 2745 3170 vel
2760 3115 2983 3187 legentis
2995 3134 3297 3187 occurrere,
3318 3121 3598 3191 statimque
3613 3122 3796 3194 subje-

2195 3203 2295 3260 cit:
2314 3203 2452 3274 Quid
2463 3222 2580 3277 ergo
2592 3207 2842 3262 dicemus?
2854 3208 3096 3282 numquid
3106 3211 3343 3281 iniquitas
3356 3222 3427 3266 est
3438 3212 3578 3283 apud
3588 3210 3792 3269 Deum?

2192 3288 2356 3352 Absit.
2380 3298 2449 3353 Et
2473 3301 2621 3370 quasi
2643 3301 2842 3369 docens
2865 3304 3130 3374 quomodo
3151 3304 3321 3360 absit:
3355 3305 3523 3378 Moysi
3543 3309 3677 3363 enim
3704 3309 3793 3362 di-

2192 3392 2294 3456 cit,
2336 3392 2542 3464 inquit,
2575 3393 2851 3451 Miserebor
2878 3397 2961 3451 cui
2998 3399 3227 3453 misertus
3272 3417 3385 3471 cro,
3423 3410 3470 3454 et
3499 3401 3792 3456 misericor-

2192 3483 2330 3538 diam
2347 3485 2592 3555 prtvstabo
2614 3489 2697 3541 cui
2717 3490 2995 3544 misericors
3015 3490 3177 3561 fuero.
3200 3492 3403 3558 Quibus
3422 3492 3597 3548 verbis
3618 3494 3791 3550 solvit

2190 3577 2576 3646 quaasﬁonem,
2620 3593 2688 3633 an
2728 3580 2905 3650 potius
2948 3582 3145 3638 arctius
3191 3583 3499 3654 colligavit?
3544 3582 3788 3655 ldipsum

2190 3675 2273 3722 est
2297 3668 2438 3723 enim
2470 3669 2611 3739 quod
2641 3671 2870 3728 maxime
2895 3681 3109 3743 movet,
3157 3674 3201 3729 si
3239 3675 3524 3730 miseretur
3556 3675 3640 3730 cui
3672 3676 3787 3731 mi-

2188 3767 2365 3814 sertus
2390 3760 2511 3828 erit,
2541 3770 2595 3817 et
2618 3763 3036 3819 misericordiam
3071 3764 3342 3836 praestabit
3362 3765 3449 3826 cui
3470 3766 3789 3828 misericors

2186 3848 2380 3920 fuerit,
2430 3867 2526 3908 cur
2554 3853 2669 3910 hmo
2701 3855 3065 3930 misericordia
3108 3856 3278 3916 defuit
3308 3861 3474 3930 Esau,
3523 3871 3579 3917 ut
3608 3864 3782 3920 etiam

2185 3940 2302 4013 ipsc
2330 3960 2425 4015 per
2458 3945 2604 4002 illam
2632 3956 2771 4006 esset
2798 3950 3000 4020 bonus,
3038 3953 3481 4025 quemadmodum
3510 3970 3605 4026 per
3630 3956 3783 4012 illum

2183 4034 2358 4091 bonus
2384 4035 2552 4094 factus
2572 4048 2656 4095 est
2681 4038 2864 4098 Jacob.
2893 4044 2973 4098 An
2996 4044 3114 4101 ideo
3144 4045 3341 4101 dictum
3364 4054 3465 4115 est,
3498 4045 3787 4105 Miserebor

2184 4128 2267 4181 cui
2293 4128 2524 4187 misertus
2550 4149 2653 4200 ero,
2686 4141 2734 4189 et
2766 4136 3158 4193 misericordiam
3182 4142 3428 4211 prtestabo
3462 4141 3548 4195 cui
3573 4141 3784 4198 miscri-

2184 4235 2297 4275 cors
2324 4224 2489 4294 fuero,
2511 4225 2633 4296 quia
2663 4226 2746 4281 cui
2769 4228 3020 4285 misertus
3046 4232 3148 4287 erit
3172 4232 3313 4288 Deus
3336 4243 3391 4288 ut
3414 4249 3533 4288 eum
3558 4243 3713 4290 vocet
3736 4235 3780 4305 ‘,

2181 4314 2524 4372 miserebitur
2551 4318 2667 4389 ejus
2693 4328 2752 4375 ut
2793 4319 3012 4387 credat;
3045 4333 3097 4379 et
3145 4324 3231 4379 cui
3272 4326 3578 4383 misericors
3610 4326 3783 4385 fuerit

2181 4412 2241 4459 ut
2278 4407 2494 4477 credat,
2540 4412 2959 4469 misericordiam
2986 4416 3292 4486 praestabit,
3338 4418 3439 4474 hoc
3479 4429 3561 4476 est
3613 4418 3782 4480 faciet

2182 4512 2305 4555 eum
2334 4503 2767 4573 misericordem,
2801 4516 2861 4562 ut
2903 4508 3061 4564 etiam
3106 4509 3243 4568 bene
3288 4514 3578 4583 operetur?
3614 4513 3777 4574 Unde

2181 4592 2549 4661 admonemur,
2597 4612 2696 4651 nec
2737 4598 2865 4669 ipsis
2895 4603 3146 4672 operibus
3178 4606 3554 4663 misericordia:
3582 4625 3779 4679 quem-

2178 4700 2335 4756 quam
2389 4697 2635 4757 oportere
2678 4690 2890 4762 gloriari
2932 4706 2986 4752 et
3026 4699 3244 4768 extolli,
3288 4702 3429 4772 quod
3481 4703 3560 4758 eis
3610 4707 3768 4774 quasi

2176 4777 2289 4832 suis
2319 4778 2484 4833 Deum
2526 4786 2911 4853 promeruerit;
2961 4790 3389 4862 quandoquidem
3437 4802 3496 4849 ut
3542 4793 3775 4853 haberet

2175 4872 2343 4942 ipsam
2372 4873 2789 4933 misericordiam
2816 4880 2906 4936 ille
2934 4885 3201 4953 praestitit,
3225 4884 3315 4956 qui
3341 4886 3772 4955 misericordiam

2173 4968 2447 5038 praestabit
2471 4969 2555 5025 cui
2578 4970 2885 5030 misericors
2906 4974 3084 5031 fuerit.
3114 4977 3264 5047 Quod
3287 4980 3331 5034 si
3352 4996 3470 5036 eam
3493 4981 3773 5039 credendo

2172 5072 2233 5115 se
2257 5062 2518 5117 meruisse
2556 5063 2678 5133 quis
2696 5064 2893 5135 jactat,
2933 5071 3141 5126 noverit
3170 5088 3290 5127 eum
3321 5073 3419 5129 sibi
3451 5073 3770 5144 praestitisse

2170 5162 2228 5208 ut
2257 5154 2533 5222 crederet,
2575 5158 2665 5229 qui
2707 5161 2990 5217 miseretur
3028 5164 3338 5235 inspiraudo
3383 5166 3578 5235 ﬁdem,
3609 5168 3771 5238 cujus

2169 5246 2419 5303 misertus
2439 5256 2522 5304 est
2551 5257 2609 5305 ut
2632 5252 2805 5309 adhuc
2846 5255 3046 5313 inﬁdeli
3073 5260 3407 5316 vocationem
3438 5260 3763 5332 impertiret.

2167 5337 2285 5395 Jam
2309 5342 2451 5396 enim
2479 5341 2802 5402 discernitur
2829 5347 3000 5405 ﬁdelis
3028 5350 3096 5406 ab
3122 5352 3305 5423 impio.
3339 5353 3477 5420 Quid
3503 5353 3635 5408 enim
3667 5354 3768 5413 Ita-

2167 5434 2267 5500 bes,
2298 5434 2501 5507 inquit,
2534 5439 2671 5509 quod
2693 5457 2795 5499 non
2819 5444 3056 5515 accepisti
3072 5444 3098 5499 Ρ
3129 5445 3191 5503 Si
3216 5457 3383 5503 autem
3412 5457 3457 5503 et
3482 5449 3765 5520 accepisti,

2164 5528 2291 5602 quid
2318 5529 2553 5601 gloriaris
2580 5534 2726 5604 quasi
2753 5552 2855 5591 non
2882 5540 3132 5611 acceperis
3157 5540 3203 5613 (Ι
3226 5538 3349 5596 Cor.
3378 5557 3448 5607 tv,
3481 5542 3577 5611 7)?

2236 5621 2326 5676 ll).
2354 5620 2519 5678 Recte
2549 5625 2769 5695 quidem
2810 5627 2947 5697 hoc;
2975 5631 3069 5688 sed
3108 5647 3203 5689 cur
3234 5633 3350 5689 lucc
3386 5632 3765 5695 misericordia

2228 5753 2604 5875 ἒίὶᾶηξίἰᾶααη
2619 5765 2753 5817 vocet
2776 5761 3069 5854 misericors.
3093 5768 3257 5838 Abest,
3284 5767 3761 5840 Wunc-
