3942 6416
166 305 258 364 ιη
1517 303 1722 362 LIBER
1758 303 2026 365 PRIMUS.

164 422 414 478 subtracta
436 426 508 475 est
527 417 584 473 ab
611 416 783 486 Esau,
817 426 884 473 ut
911 433 1025 476 non
1053 419 1125 474 sic
1148 425 1440 486 vocaretur,
1468 428 1525 475 ut
1548 431 1602 476 et
1631 436 1724 476 vo-

166 524 281 570 cato
305 514 613 584 inspiraretur
644 508 783 566 ﬁdes
820 511 874 577 ¹,
911 519 970 567 et
995 510 1206 567 credens
1236 511 1540 568 misericors
1573 512 1725 568 ﬁeret

167 620 226 667 ut
248 610 371 664 bene
395 605 723 677 Operaretur?
771 605 865 660 An
912 605 1051 661 forte
1089 606 1210 676 quia
1239 605 1441 660 noluit?
1490 604 1546 662 Si
1595 621 1723 677 ergo

166 701 318 757 Jaeob
339 684 445 754 ideo
464 695 688 753 credidit
728 696 858 767 quia
889 697 1085 761 voluit,
1117 711 1224 752 non
1261 696 1311 751 ei
1341 696 1480 751 Deus
1509 695 1724 751 donavit

165 793 337 858 ﬁdem,
365 789 451 846 sed
494 804 614 843 eam
657 787 763 843 sibi
810 787 924 859 ipse
955 786 1181 844 volendo
1222 787 1501 857 praestitit,
1544 797 1598 844 et
1625 787 1723 843 lia-

163 883 263 939 buit
283 880 462 950 aliquid
489 878 635 950 quod
677 895 787 934 non
826 879 1051 950 accepit.
1081 877 1164 934 An
1191 878 1313 950 quia
1353 895 1512 935 nemo
1549 888 1725 950 potest

161 971 358 1029 credere
383 971 472 1026 nisi
503 970 653 1034 velit,
685 985 848 1025 nemo
873 969 1009 1025 velle
1046 969 1148 1024 nisi
1174 977 1411 1037 vocetur,
1441 986 1602 1025 nemo
1624 984 1722 1025 au-

164 1076 264 1120 tem
294 1063 381 1117 sibi
415 1071 586 1132 potest
630 1071 890 1132 praestare
936 1069 992 1116 ut
1032 1069 1270 1130 vocetur,
1298 1062 1541 1117 vocamlo
1582 1061 1722 1119 Deus

165 1166 354 1230 prestat
395 1165 444 1211 et
481 1155 684 1222 ﬁdem;
741 1155 861 1226 quia
911 1154 1028 1210 sine
1076 1155 1357 1211 vocatione
1400 1171 1507 1210 non
1549 1163 1725 1226 potest

160 1251 404 1320 quisquam
451 1248 711 1317 credere,
759 1249 1000 1320 quamvis
1043 1248 1220 1304 nullus
1259 1247 1444 1304 credat
1486 1247 1723 1304 invitus?

159 1340 393 1406 Quomodo
414 1340 552 1395 enim
578 1339 807 1405 credent,
848 1356 993 1409 quem
1021 1355 1120 1393 non
1145 1338 1456 1392 audierunt?
1483 1347 1571 1393 aut
1595 1355 1723 1408 quo-

156 1432 291 1483 modo
332 1432 527 1485 audient
573 1433 684 1486 sine
725 1431 1074 1502 prredicante?
1118 1429 1286 1487 Nemo
1330 1431 1510 1502 itaque
1557 1431 1724 1488 credit

154 1539 250 1578 non
286 1534 529 1579 vocatus:
563 1523 660 1579 sed
707 1539 814 1580 non
859 1524 1035 1580 omnis
1074 1525 1244 1580 credit
1279 1532 1520 1581 vocatus.
1566 1523 1725 1579 Multi

155 1617 274 1669 enim
310 1628 418 1671 sunt
444 1617 639 1681 vocati,
673 1617 826 1688 pauci
863 1632 978 1671 vero
1024 1615 1167 1671 electi
1206 1615 1420 1688 (Matth.
1452 1633 1541 1686 xx,
1588 1615 1678 1688 16)
1708 1635 1720 1673 :

154 1711 317 1782 utique
340 1712 376 1766 ii
402 1712 489 1783 qui
519 1722 798 1768 vocantem
831 1727 939 1776 non
969 1721 1434 1784 contempserunt,
1478 1711 1574 1768 sed
1600 1727 1722 1768 cre-

154 1804 315 1860 dendo
330 1806 488 1861 secuti
505 1819 662 1873 sunt;
690 1806 931 1862 volentes
955 1815 1134 1862 autem
1157 1808 1273 1862 sine
1295 1807 1456 1861 dubio
1479 1805 1723 1862 credide-

155 1906 286 1951 runt.
315 1897 446 1964 Quid
473 1909 558 1954 est
586 1914 714 1970 ergo
733 1898 872 1970 quod
899 1899 1159 1970 sequitur,
1194 1897 1362 1970 Igitur
1390 1916 1489 1953 non
1513 1897 1722 1952 volentis

154 2007 304 2061 neque
321 1995 578 2059 currentis,
595 1995 678 2048 sed
697 1994 966 2048 miserentis
983 2003 1056 2048 est
1073 1993 1167 2048 Dei
1184 1994 1209 2048 ?
1224 1994 1306 2048 An
1328 1993 1450 2064 quia
1471 2009 1569 2048 nec
1587 1992 1722 2049 velle

157 2098 442 2152 possumus
459 2087 563 2142 nisi
581 2088 768 2152 vocati,
788 2097 840 2142 et
854 2086 981 2141 nihil
1005 2086 1152 2142 valet
1177 2086 1318 2142 velle
1339 2094 1600 2153 nostrum,
1619 2084 1722 2140 nisi

165 2185 222 2228 ut
241 2177 566 2244 perﬁciamus
582 2177 787 2248 adjuvet
803 2177 962 2232 Deus?
982 2177 1130 2248 Opus
1148 2186 1230 2234 est
1246 2192 1373 2250 ergo
1388 2178 1524 2234 velle
1541 2187 1593 2234 et
1609 2192 1722 2233 cur-

156 2281 295 2321 rere.
326 2267 431 2322 Non
449 2269 591 2323 enim
607 2271 795 2324 frustm
813 2270 1102 2337 diceretur,
1128 2268 1197 2324 Et
1218 2271 1269 2325 in
1288 2280 1420 2326 terra
1438 2288 1540 2343 pax
1557 2271 1720 2326 homi-

155 2359 293 2412 nibus
315 2359 448 2413 bona’
472 2362 737 2416 uoluntatis
766 2361 916 2433 (Luc.
949 2379 984 2418 tt
1009 2405 1024 2429 ,
1057 2363 1163 2434 14)
1189 2381 1202 2429 ;
1235 2371 1308 2430 et,
1341 2363 1430 2418 Sic
1457 2363 1640 2417 currite
1664 2371 1722 2418 ut

154 2439 561 2520 coriipretiendatis
588 2451 759 2524 (lCor.
794 2470 876 2522 ix,
894 2453 1008 2525 24).
1043 2453 1164 2509 Non
1192 2465 1368 2510 tamen
1393 2455 1601 2509 volentis
1630 2472 1719 2510 ne-

158 2558 243 2607 que
260 2546 486 2598 currentis
505 2588 519 2611 ,
550 2547 640 2599 sed
671 2547 952 2601 miserentis
974 2556 1046 2601 est
1072 2547 1198 2614 Dei,
1236 2556 1290 2602 ut
1313 2546 1454 2617 quod
1477 2547 1720 2604 volumus

159 2634 519 2705 adipiscamur,
565 2647 619 2694 et
666 2655 775 2709 quo
824 2640 1068 2694 volumus
1112 2641 1505 2711 perveniamus.
1542 2641 1723 2696 Noluit

161 2741 273 2796 ergo
298 2728 430 2784 Esau
453 2739 506 2786 et
535 2747 640 2785 non
669 2731 911 2786 cucurrit
943 2749 955 2784 :
984 2731 1079 2788 sed
1108 2741 1161 2788 et
1188 2734 1231 2788 si
1260 2734 1516 2788 voluisset
1545 2743 1598 2789 et
1624 2749 1720 2788 cu-

160 2817 416 2886 currisset,
471 2820 563 2876 Dei
606 2821 881 2891 adjutorio
923 2824 1287 2894 pervenisset,
1342 2825 1431 2895 qui
1473 2824 1522 2880 ei
1560 2824 1721 2879 etiam

160 2910 284 2964 velle
321 2922 368 2967 et
407 2928 620 2970 currere
666 2915 914 2971 vocando
961 2926 1268 2987 praestaret,
1315 2918 1417 2972 nisi
1445 2919 1724 2976 vocatione

165 3012 432 3074 contempta
471 3007 731 3077 reprobus
763 3009 934 3064 ﬁeret.
965 3010 1135 3066 Aliter
1164 3011 1302 3066 enim
1339 3013 1478 3066 Deus
1509 3023 1724 3082 praestat

165 3103 217 3148 ut
249 3096 480 3165 velimus,
515 3099 674 3154 aliter
706 3109 925 3170 prmstat
954 3101 1095 3171 quod
1124 3103 1466 3158 voluerimus.
1496 3101 1567 3158 Ut
1590 3103 1725 3158 veli-

161 3199 267 3239 mus
290 3188 420 3242 enim
449 3198 499 3244 et
524 3206 680 3245 suum
713 3179 838 3246 esse
866 3192 1108 3247 voluitet
1139 3204 1416 3259 nostrum;
1448 3210 1602 3248 suum
1629 3210 1722 3250 vo-

157 3277 336 3347 cando,
374 3290 610 3336 nostrum
656 3282 953 3354 sequendo.
1001 3283 1153 3352 Quod
1193 3293 1369 3341 autem
1395 3285 1722 3341 voluerimus

155 3371 282 3426 Solus
317 3383 526 3443 praestat
550 3416 566 3443 ,
610 3374 665 3430 id
703 3385 819 3444 est,
853 3391 1011 3446 posse
1041 3376 1178 3433 bene
1209 3393 1364 3450 agere
1386 3419 1400 3443 ,
1428 3385 1482 3434 et
1511 3394 1723 3450 semper

152 3461 290 3521 beate
313 3468 505 3524 vivere.
542 3469 925 3525 Verumtamen
948 3470 1090 3525 Esau
1121 3469 1354 3526 nondum
1384 3479 1558 3538 natus,
1587 3470 1722 3526 nihil

153 3557 322 3615 horum
353 3571 529 3631 posset
555 3564 692 3619 velle
719 3579 812 3620 seu
843 3564 1006 3620 nolle.
1037 3562 1142 3621 Cur
1162 3581 1290 3636 ergo
1315 3566 1371 3621 in
1400 3574 1550 3622 utero
1577 3567 1720 3637 posi-

150 3658 225 3706 tus
246 3654 561 3724 improbatus
582 3656 706 3712 est?
727 3656 954 3712 Reditur
973 3658 1115 3713 enim
1137 3657 1203 3713 ad
1227 3658 1344 3714 illas
1358 3657 1720 3732 difﬁcultates,

150 3761 251 3800 non
295 3748 454 3803 solum
499 3766 596 3805 sua
642 3749 1008 3820 obscuritate,
1055 3751 1151 3808 sed
1188 3752 1347 3807 etiam
1389 3761 1572 3808 nostra
1615 3762 1721 3808 tam

147 3840 296 3895 multa
316 3844 626 3913 repetitione
644 3843 1007 3901 molestiores.

209 3936 287 3990 ll.
310 3936 412 3993 Cur
436 3939 589 3994 enim
609 3947 696 3994 est
724 3939 1053 4009 improbatus
1082 3937 1224 3994 Esau
1254 3938 1489 3995 nondum
1521 3948 1678 3996 natus
1702 3982 1718 4011 ,

146 4027 226 4098 qni
247 4045 334 4085 nec
355 4031 589 4088 credere
613 4040 827 4102 poterat
853 4031 1061 4087 vocanti
1087 4073 1102 4096 ,
1124 4046 1225 4087 nec
1257 4039 1601 4089 contemnere
1623 4047 1722 4087 vo-

146 4122 376 4178 cntionem
413 4125 437 4156 ²
462 4165 480 4190 ,
539 4137 643 4178 nec
688 4123 812 4178 boni
859 4123 941 4179 vel
988 4123 1110 4178 mali
1149 4123 1347 4194 aliquid
1387 4123 1639 4194 operari?
1665 4121 1722 4180 Si

147 4219 444 4286 pra-scientia
476 4219 584 4274 Dei
611 4218 805 4274 futura:
833 4219 986 4274 malae
1015 4219 1300 4274 voluntatis
1327 4219 1473 4290 ejus,
1501 4234 1597 4274 cur
1614 4233 1722 4276 non

148 4317 193 4366 et
215 4308 362 4366 Iacob
383 4311 736 4383 praescientia
771 4311 864 4366 Dei
895 4312 1215 4382 approbatus
1241 4320 1323 4368 est
1351 4312 1542 4368 futura:
1568 4312 1724 4369 bona:

145 4402 396 4460 voluntatis
436 4405 612 4476 ejus?
640 4403 795 4470 Quod
826 4404 870 4458 si
901 4405 1067 4461 semel
1093 4405 1457 4472 concesseris,
1487 4404 1724 4476 potuisse

145 4508 430 4568 quemquam
478 4499 575 4554 vel
619 4498 905 4570 approbari
947 4498 1028 4554 vel
1074 4498 1364 4570 improbari
1392 4515 1460 4555 ex
1492 4514 1557 4556 eo
1583 4497 1726 4571 quod

144 4589 348 4645 nondum
395 4593 450 4648 in
534 4592 630 4646 illo
676 4601 825 4661 erat,
871 4590 967 4648 sed
1011 4594 1134 4663 quia
1175 4592 1318 4649 Deus
1343 4592 1577 4648 futurum
1607 4609 1726 4651 esse

145 4683 431 4749 ptarsciebat
459 4703 478 4754 ;
534 4686 818 4742 conﬁcitur
851 4702 972 4742 eum
1001 4688 1236 4758 potuisse
1265 4688 1422 4743 etiam
1449 4704 1518 4744 ex
1543 4687 1724 4758 operi-

142 4773 228 4832 bus
257 4781 570 4850 approbari,
603 4798 728 4852 qua:
771 4783 826 4838 in
853 4783 944 4838 illo
972 4783 1114 4840 Deus
1136 4782 1309 4838 futura
1334 4799 1453 4839 esse
1478 4785 1727 4854 prazscie-

142 4864 250 4934 list,
299 4871 554 4941 quamvis
602 4873 840 4928 nondum
890 4882 1032 4930 esset
1067 4874 1276 4945 aliquid
1328 4884 1615 4946 operatus;
1671 4883 1728 4931 et

143 4964 336 5018 omnino
382 4975 436 5021 te
487 4965 629 5020 nihil
669 4966 940 5037 adjuvabit
965 4968 1107 5039 quod
1134 4969 1368 5024 nondum
1397 4971 1506 5024 nati
1535 4977 1721 5039 erant,

145 5064 247 5106 cum
284 5055 492 5112 dictum
531 5069 712 5125 esset,
754 5059 821 5114 Et
863 5065 1029 5131 major
1061 5063 1236 5116 serviet
1262 5062 1443 5116 minori
1467 5104 1482 5131 ,
1517 5072 1573 5118 ut
1602 5061 1726 5118 hinc

147 5146 374 5203 ostendas
397 5167 509 5206 non
530 5165 606 5205 ex
631 5151 883 5221 operibus
911 5152 1132 5221 dictum,
1162 5153 1284 5225 quia
1309 5153 1545 5210 nondum
1569 5153 1726 5226 quid-

150 5249 282 5306 qnm
303 5253 418 5297 erat
446 5253 730 5315 operatus.

211 5329 287 5385 12.
331 5334 424 5390 Illa
467 5336 637 5391 etiam
679 5337 841 5393 verba
866 5337 911 5393 si
939 5337 1219 5409 diligenter
1246 5337 1527 5407 attendas,
1559 5339 1727 5412 Igitur

151 5433 238 5473 nos
269 5425 476 5482 colentis
519 5444 680 5497 neque
719 5430 964 5484 currentis
986 5470 1001 5496 ,
1051 5431 1142 5488 sed
1181 5431 1456 5486 miserentis
1491 5441 1563 5487 est
1587 5432 1725 5502 Dei,-

153 5526 245 5570 που
282 5517 381 5576 hoc
413 5523 714 5594 Apostolus
749 5535 1030 5596 propterea
1073 5535 1277 5582 tantum
1304 5528 1502 5584 dixisse
1526 5529 1727 5584 videbi-

155 5613 263 5676 tur,
301 5614 444 5682 quod
488 5616 756 5687 adjutorio
799 5617 896 5674 Dei
920 5618 989 5674 ad
1016 5619 1071 5676 id
1094 5620 1236 5692 quod
1267 5621 1510 5678 volumus
1539 5639 1724 5695 perve-

207 5745 231 5845 ς
247 5753 919 5845 ἓξὲἱῗὲὶςέηἱξὲξῇἓο
932 5759 1076 5824 addit,
1097 5762 1148 5810 td
1167 5756 1405 5810 crederet.

247 5815 535 5868 Sesboniws
554 5824 656 5881 iis,
680 5827 945 5872 vocantmn.

3237 351 3243 355 -
3304 325 3412 388 118

1834 421 2082 490 niamus;
2113 423 2208 480 sed
2233 423 2393 481 etiam
2420 437 2486 482 ex
2513 425 2600 482 illa
2630 426 2924 488 intentione
2951 445 3053 504 qua
3080 439 3133 488 et
3160 431 3265 489 alio
3292 434 3411 490 loco

1828 516 1989 587 dicit,
2030 517 2154 573 Cum
2189 518 2365 576 timore
2405 529 2454 576 et
2479 531 2689 578 tremore
2716 534 2928 580 vestram
2953 527 3177 597 ipsorum
3203 527 3416 582 salutem

1829 611 2146 682 Operamim';
2173 610 2310 668 Deus
2340 615 2471 670 enim
2500 625 2573 669 est
2597 616 2682 688 qui
2707 627 2942 688 operatur
2966 620 3020 674 in
3047 620 3185 675 vobis
3212 629 3259 675 et
3288 619 3414 675 velle

1830 711 1877 758 et
1915 703 2116 773 aperari
2138 745 2151 770 ,
2199 722 2291 776 pro
2333 705 2463 762 bona
2505 709 2774 764 voluntate.
2806 707 3061 782 (Philipp.
3093 711 3264 780 11,12,
3295 711 3412 782 15).

1831 795 1930 852 Ubi
1970 799 2098 852 satis
2138 798 2368 855 ostendit
2403 800 2562 856 etiam
2590 802 2756 871 ipsam
2784 802 2978 858 bonam
3005 805 3332 861 voluntatem
3362 803 3415 860 in

1831 887 1986 945 nobis
2016 900 2270 961 operante
2298 892 2409 948 Deo
2435 892 2570 949 ﬁeri.
2597 893 2730 949 Nam
2759 894 2801 950 si
2831 904 3112 966 propterea
3142 897 3311 952 solum
3335 896 3417 951 di-

1829 991 1973 1037 ctum
2001 993 2082 1038 est
2104 1025 2117 1050 ,
2154 983 2277 1038 Non
2304 984 2512 1039 volentis
2539 1002 2695 1057 neque
2712 987 2957 1040 currentis
2975 1029 2991 1055 ,
3023 988 3112 1042 sed
3141 989 3418 1043 miserentis

1829 1083 1903 1129 est
1929 1073 2060 1142 Dei,
2092 1075 2211 1146 quia
2233 1077 2478 1131 voluntas
2499 1076 2729 1132 hominis
2756 1077 2867 1131 sola
2898 1092 3002 1132 non
3034 1077 3228 1132 sufﬁcit
3254 1086 3309 1132 ut
3327 1080 3417 1148 ju-

1829 1175 1912 1221 ste
1959 1179 2212 1238 recteque
2251 1169 2489 1224 vivamus
2512 1210 2526 1234 ,
2561 1170 2660 1223 nisi
2691 1169 3005 1240 adjuvemur
3052 1170 3418 1225 misericordia

1829 1260 1923 1316 Dei
1949 1280 1964 1328 ;
2009 1271 2182 1332 potest
2220 1271 2274 1318 et
2301 1264 2402 1320 hoc
2427 1264 2586 1319 modo
2613 1259 2718 1319 dici
2741 1306 2755 1331 ,
2790 1262 2952 1334 Igitur
2979 1280 3086 1319 non
3117 1265 3421 1319 miserentis

1830 1364 1911 1410 est
1951 1353 2078 1423 Dei,
2122 1355 2217 1412 sed
2245 1356 2472 1412 volentis
2496 1365 2580 1412 est
2607 1356 2838 1412 hominis
2861 1397 2877 1426 ,
2904 1357 3026 1431 quia
3053 1356 3419 1412 misericordia

1830 1448 1924 1504 Dei
1957 1449 2070 1504 sola
2095 1464 2203 1504 non
2233 1449 2444 1518 sufﬁcit,
2472 1450 2576 1506 nisi
2602 1465 2894 1506 consensus
2915 1459 3112 1505 nostrae
3131 1447 3418 1504 voluntatis

1828 1539 2073 1596 addatur.
2118 1541 2188 1596 At
2213 1540 2344 1596 illud
2372 1541 2713 1598 manifestum
2743 1551 2827 1598 est
2846 1583 2866 1607 .,
2891 1543 3084 1597 frustra
3113 1553 3212 1597 nos
3241 1540 3380 1596 velle
3398 1581 3414 1608 ,

1829 1633 1931 1688 nisi
1973 1633 2114 1689 Deus
2150 1635 2470 1690 misereatur
2509 1652 2522 1688 :
2569 1634 2696 1690 illud
2739 1643 2916 1690 auten
2943 1634 3126 1690 nescio
3150 1631 3420 1704 quomodo

1829 1724 2036 1781 dicatur
2055 1767 2070 1793 ,
2100 1723 2298 1781 frustra
2327 1715 2494 1782 Deum
2520 1726 2800 1792 misereri,
2832 1726 2935 1781 nisi
2963 1740 3062 1781 nos
3085 1725 3332 1781 velimus.
3361 1723 3421 1780 Si

1829 1818 1970 1874 enim
2016 1818 2158 1875 Deus
2201 1820 2521 1888 miseretur,
2562 1820 2722 1875 etiam
2759 1819 3005 1874 volumus
3041 1836 3054 1872 :
3083 1816 3149 1872 ad
3174 1814 3421 1872 eamdem

1827 1911 2023 1982 quippe
2062 1912 2480 1968 misericordiam
2509 1911 2738 1993 pertinet
2759 1920 2818 1967 ut
2843 1911 3089 1967 velimus.
3121 1909 3261 1964 Deus
3288 1909 3422 1963 enim

1828 2015 1900 2060 est
1939 2008 2025 2076 qui
2064 2017 2301 2077 operatur
2341 2007 2394 2061 in
2437 2006 2577 2061 nobis
2609 2015 2657 2062 et
2690 2007 2815 2062 velle
2834 2014 2880 2061 et
2905 2005 3104 2077 operari
3127 2046 3142 2071 ,
3172 2021 3263 2076 pro
3290 2003 3422 2058 bona

1827 2098 2099 2151 voluntate.
2131 2097 2262 2152 Nam
2288 2097 2332 2152 si
2359 2113 2661 2168 qureramus
2688 2107 2862 2153 utrum
2892 2098 2986 2154 Dei
3011 2098 3211 2153 donum
3233 2097 3302 2150 sit
3321 2111 3421 2149 vo-

1827 2187 2003 2244 luntas
2047 2187 2187 2244 bona
2210 2229 2227 2256 ,
2266 2189 2458 2244 mirum
2499 2190 2545 2244 si
2583 2206 2779 2262 negare
2811 2180 3090 2261 quisquam
3114 2189 3326 2243 audeat.
3351 2188 3425 2242 At

1829 2281 1972 2338 enim
2017 2283 2140 2353 quia
2182 2298 2288 2338 non
2317 2283 2571 2354 praecedit
2599 2283 2844 2338 voluntas
2873 2284 3012 2338 bona
3041 2283 3373 2338 vocationem
3399 2322 3417 2350 ,

1827 2376 1922 2432 sed
1970 2377 2182 2432 voeatio
2229 2377 2424 2432 bonam
2471 2377 2796 2432 voluntatem
2823 2419 2839 2445 ,
2887 2387 3166 2448 propterea
3208 2374 3423 2430 vocanti

1828 2468 1940 2524 Deo
1986 2478 2134 2524 recte
2172 2468 2422 2524 tribuitur
2456 2468 2597 2540 quod
2635 2469 2772 2524 bene
2799 2467 3046 2523 volumus
3066 2511 3081 2535 ,
3110 2467 3265 2522 nobis
3291 2481 3421 2521 vero

1828 2561 1989 2616 tribui
2033 2579 2137 2616 non
2182 2571 2356 2632 potest
2380 2561 2521 2632 quod
2552 2577 2824 2616 vocamur.
2854 2560 2970 2615 Non
3000 2560 3159 2631 igitur
3189 2558 3308 2614 ideo
3334 2557 3389 2612 di
3412 2589 3424 2602 ο

1828 2662 1971 2709 ctum
2023 2652 2316 2724 putandum
2359 2662 2482 2720 est,
2534 2652 2658 2708 Non
2701 2653 2912 2708 volentis
2954 2669 3113 2724 neque
3141 2649 3418 2717 currentis,

1827 2747 1918 2800 sed
1962 2746 2240 2800 miserentis
2278 2755 2350 2800 est
2392 2743 2519 2808 Dei,
2561 2745 2684 2816 quia
2727 2744 2838 2810 nisi
2869 2743 2982 2813 ejus
3021 2743 3284 2812 adjutorio
3312 2755 3421 2796 non

1829 2832 2111 2906 possumus
2157 2835 2374 2906 adipisci
2423 2835 2565 2907 quod
2603 2836 2881 2901 volumus,
2929 2833 3024 2890 sed
3059 2833 3178 2890 ideo
3200 2833 3419 2906 potius,

1829 2931 1950 3001 quia
1973 2930 2075 2985 nisi
2100 2930 2212 3001 ejus
2234 2931 2510 2987 vocatione
2532 2945 2636 2986 non
2663 2930 2924 2986 volumus.

1904 3024 1989 3078 l5.
2031 3021 2137 3078 Sed
2164 3023 2209 3078 si
2237 3023 2445 3079 vocatio
2488 3023 2588 3078 ista
2633 3023 2704 3078 ita
2751 3031 2834 3079 est
2869 3021 3107 3078 cﬁ'ectrix
3136 3022 3291 3077 bonae
3319 3034 3420 3076 vo-

1829 3114 2071 3182 luntatis,
2117 3123 2174 3170 ut
2217 3117 2391 3175 omnis
2432 3131 2550 3172 eam
2590 3123 2810 3172 vocatus
2851 3125 3121 3187 sequatur,
3150 3113 3421 3188 quomodo

1830 3223 2014 3263 verum
2043 3207 2162 3275 erit,
2197 3207 2352 3263 Multi
2378 3211 2560 3278 vocati,
2593 3211 2742 3281 pauci
2768 3209 2949 3264 electi?
2975 3207 3125 3276 Quod
3156 3209 3200 3263 si
3230 3223 3418 3264 verum

1829 3309 1932 3367 est,
1952 3309 2005 3356 et
2020 3315 2124 3354 non
2136 3307 2525 3371 consequenter
2543 3303 2805 3356 vocationi
2823 3310 3040 3357 vocatus
3061 3301 3417 3370 obtemperat,

1830 3403 1991 3466 atque
2016 3401 2075 3449 ut
2102 3409 2207 3450 non
2234 3393 2250 3426 ¹
2280 3395 2614 3466 obtemperet
2643 3395 2694 3449 in
2726 3395 2840 3464 ejus
2861 3403 2944 3450 est
2967 3394 3196 3465 positum
3230 3393 3422 3449 volun-

1829 3495 1960 3555 tate,
2001 3493 2148 3542 recte
2185 3487 2345 3542 etiam
2383 3485 2488 3542 dici
2518 3495 2714 3558 potest,
2763 3487 2926 3556 Igitur
2967 3503 3070 3541 non
3113 3485 3420 3540 miserentis

1830 3577 1948 3646 Dci,
1978 3579 2073 3636 sed
2098 3579 2325 3636 volentis
2353 3588 2511 3651 atque
2548 3578 2813 3635 currentis
2855 3588 2938 3635 est
2979 3576 3245 3644 hominis;
3293 3576 3420 3647 quia

1831 3670 2194 3727 misericordia
2215 3672 2452 3727 vocantis
2477 3686 2583 3726 non
2608 3669 2822 3740 sufﬁcit,
2849 3670 2949 3726 nisi
2972 3670 3145 3726 vocati
3166 3667 3425 3726 obedien-

1829 3763 1903 3820 tia
1930 3765 2405 3835 consequatur.An
2434 3761 2571 3821 forte
2597 3764 2672 3819 illi
2690 3765 2776 3835 qui
2797 3763 2898 3820 hoc
2925 3763 3086 3819 modo
3109 3763 3283 3818 vocati
3310 3777 3419 3818 non

1831 3858 2193 3926 consentiunt,
2225 3865 2445 3929 possent
2473 3857 2577 3913 alio
2611 3857 2771 3914 modo
2809 3856 2985 3926 vocati
3012 3855 3420 3913 accommodare

1830 3947 1955 4005 ﬁdei
1981 3949 2327 4020 voluntatem,
2363 3960 2422 4006 ut
2447 3958 2502 4008 et
2527 3951 2652 4007 illud
2682 3967 2864 4007 verum
2895 3951 2998 4019 sit,
3043 3948 3196 4005 Multi
3235 3949 3418 4017 vocati,

1831 4041 1982 4116 pauci
2011 4041 2188 4108 electi;
2211 4050 2269 4097 ut
2295 4042 2539 4113 quamvis
2564 4042 2717 4098 multi
2742 4058 2848 4098 uno
2884 4041 3044 4098 modo
3070 4041 3244 4097 vocati
3273 4042 3378 4096 sint
3400 4081 3416 4106 ,

1834 4141 2012 4189 tamen
2042 4133 2167 4204 quia
2193 4149 2298 4190 non
2325 4151 2512 4191 omnes
2536 4151 2644 4190 uno
2667 4135 2828 4191 modo
2852 4135 3026 4191 all‘ecti
3052 4146 3193 4200 sunt,
3221 4126 3294 4191 illi
3320 4135 3422 4190 soli

1831 4233 2126 4295 sequantur
2156 4226 2512 4290 vocationem,
2559 4226 2648 4297 qui
2691 4226 2742 4280 ei
2785 4227 3054 4298 capiendae
3083 4226 3424 4298 reperiuntur

1833 4317 2042 4384 idonei;
2072 4323 2128 4372 et
2152 4317 2279 4372 illud
2306 4335 2412 4374 non
2442 4319 2618 4374 minus
2647 4335 2830 4374 verum
2860 4324 2950 4386 sit,
2977 4318 3147 4391 Igitur
3185 4335 3286 4374 non
3329 4334 3419 4373 vo-

1833 4405 1982 4463 lentis
2013 4423 2170 4477 neque
2195 4410 2459 4474 currentis,
2493 4409 2580 4463 sed
2619 4410 2901 4464 miserentis
2940 4420 3013 4463 est
3052 4405 3167 4478 Dei,
3197 4410 3287 4480 qui
3318 4406 3421 4464 hoc

1834 4497 1996 4554 modo
2025 4498 2254 4568 vocavit,
2301 4499 2567 4569 quomodo
2614 4509 2795 4570 aptum
2835 4505 2951 4554 erat
2991 4499 3068 4555 eis
3113 4499 3200 4570 qui
3249 4499 3422 4554 secuti

1833 4601 1958 4648 sunt
1978 4591 2349 4648 vocationem?
2370 4590 2452 4647 Ad
2479 4591 2612 4647 alios
2637 4597 2813 4646 autem
2837 4590 3043 4647 t'oeatio
3065 4590 3275 4663 quidem
3308 4605 3418 4662 pcr-

1830 4687 2010 4755 venit;
2051 4686 2147 4744 sed
2176 4687 2298 4757 quia
2339 4686 2460 4742 talis
2491 4685 2588 4742 fuit
2615 4701 2718 4757 qua
2760 4687 2963 4743 moveri
3007 4702 3114 4741 non
3157 4695 3416 4758 possent,

1833 4797 1933 4839 nec
1958 4797 2077 4838 eam
2112 4796 2305 4852 capere
2324 4783 2346 4814 ²
2374 4781 2483 4852 apti
2511 4791 2710 4848 essent,
2733 4780 2907 4837 vocati
2935 4779 3147 4852 quidem
3179 4780 3282 4836 dici
3324 4795 3422 4852 po-

1834 4883 2049 4938 tuerunt
2095 4871 2188 4929 sed
2217 4889 2325 4930 non
2352 4874 2546 4930 electi:
2591 4881 2645 4929 et
2684 4888 2788 4929 non
2815 4872 2925 4944 jam
2962 4872 3208 4928 similiter
3233 4886 3420 4928 verum

1833 4966 2113 5038 est,lgitur
2128 4981 2233 5021 non
2261 4965 2564 5022 miserentis
2593 4963 2821 5034 Dei,sed
2847 4965 3076 5021 volentis
3101 4974 3261 5036 atque
3293 4979 3420 5019 cur-

1833 5058 2000 5115 rentis
2024 5067 2107 5113 est
2131 5059 2400 5114 hominis:
2433 5059 2682 5130 quoniam
2713 5074 2820 5114 non
2861 5067 3039 5129 potest
3072 5058 3293 5114 eli‘ectus
3321 5057 3425 5112 mi-

1833 5149 2138 5207 sericordiae
2178 5150 2273 5205 Dei
2302 5165 2422 5206 esse
2453 5150 2504 5205 in
2532 5149 2763 5206 hominis
2792 5158 3076 5220 potestate,
3121 5158 3181 5205 ut
3222 5147 3424 5206 frustra

1831 5244 1924 5300 ille
1964 5244 2299 5310 misereatur,
2345 5244 2390 5298 si
2428 5243 2590 5299 homo
2620 5243 2780 5312 nolit;
2816 5243 2939 5314 quia
2983 5243 3029 5298 si
3058 5243 3216 5299 vellet
3259 5241 3422 5298 etiam

1831 5338 2071 5410 ipsorum
2117 5337 2381 5402 misereri,
2431 5347 2612 5408 posset
2641 5336 2711 5392 ita
2741 5351 2961 5403 vocare,
3005 5334 3273 5408 quomodo
3317 5334 3424 5391 illis

1833 5441 2016 5502 aptum
2059 5440 2220 5495 esset,
2247 5439 2305 5485 ut
2333 5438 2384 5485 et
2414 5439 2756 5486 moverentur
2781 5440 2834 5486 et
2867 5428 3220 5501 intelligerent
3253 5437 3307 5485 et
3329 5444 3419 5484 se-

1833 5533 2144 5596 querentur.
2168 5523 2366 5583 Verum
2393 5532 2476 5580 est
2501 5538 2649 5596 ergo,
2681 5523 2835 5579 Multi
2864 5525 3046 5592 vocati,
3079 5524 3228 5594 pauci
3253 5523 3418 5578 electi.

1897 5700 1912 5730 ¹
1943 5706 2040 5748 ttuc
2055 5706 2160 5750 Mss.
2184 5700 2818 5764 auctoritaterevomvimus
2834 5707 3098 5764 negantem
3117 5698 3416 5764 particulam,

1831 5776 1940 5828 qui»
1966 5764 2011 5828 in
2036 5772 2150 5812 ante
2177 5763 2613 5828 editisexciderat.

1897 5825 1916 5857 ⁵
1941 5823 2011 5875 sic
2028 5834 2132 5876 Mss.
2159 5833 2214 5876 At
2231 5825 2368 5889 editi,
2387 5833 2439 5879 ut
2458 5839 2564 5877 cum
2587 5838 2779 5892 capere.
