3942 6416
494 330 599 405 ιιθ
842 417 849 424 ,
892 426 899 433 ε

496 460 580 517 Illi
609 460 753 517 enim
794 457 968 524 clomi,
998 455 1088 526 qui
1119 464 1474 526 congruenter
1493 438 1668 508 vocati
1696 453 1711 484 ¹
1741 471 1755 508 :
1787 451 1861 506 illi
1902 460 2078 505 autem

497 554 589 627 qui
617 569 724 610 non
752 550 1116 622 congruebant
1144 565 1318 620 neque
1347 544 1885 618 contemperabantur
1923 558 2083 599 voea-

499 648 653 714 tioni,
700 660 803 701 non
840 642 1032 707 electi,
1061 643 1183 713 quia
1213 658 1318 697 non
1365 640 1553 707 secuti,
1605 638 1846 709 quamvis
1888 635 2081 691 vocali.
2124 630 2127 635 ’

497 740 628 796 ltem
654 753 839 795 verum
866 748 967 805 est,
1000 735 1121 790 Non
1147 737 1357 791 volentis
1386 752 1543 807 neque
1571 734 1836 800 currentis,
1871 733 1958 787 sed
1985 732 2084 786 mi-

425 839 437 892 ζ
497 831 702 886 serentis
724 840 794 884 est
822 829 956 895 Dei;
981 829 1101 900 quia
1131 828 1339 885 etiamsi
1365 828 1561 883 multos
1587 834 1760 892 vocet,
1790 840 1975 882 eorum
2005 835 2085 880 ta-

442 931 446 934 ‘
496 938 618 978 men
650 921 957 990 miseretur,
989 937 1123 992 quos
1150 920 1219 975 ita
1254 929 1429 987 vocat,
1474 918 1743 990 quomodo
1784 918 1861 973 eis
1904 919 2081 972 vocari

497 1023 680 1084 aptum
721 1022 824 1082 est,
859 1022 914 1068 ut
943 1021 1251 1085 sequantur.
1299 1012 1515 1079 Falsum
1547 1022 1627 1067 est
1656 1020 1832 1066 autem
1876 1011 1921 1065 si
1963 1010 2085 1081 quis

494 1106 646 1174 dicit,
692 1106 856 1177 Igitur
899 1122 1005 1163 non
1048 1106 1350 1162 miserentis
1379 1106 1509 1172 Dei,
1549 1105 1641 1161 sed
1671 1104 1896 1160 volentis
1925 1113 2084 1175 atque

494 1200 758 1255 currentis
786 1208 869 1256 cst
897 1199 1124 1254 hominis
1154 1216 1166 1252 :
1198 1199 1319 1270 quia
1357 1198 1552 1253 nullius
1581 1198 1725 1253 Deus
1755 1196 1947 1252 frustra
1978 1196 2082 1251 mi—

495 1301 736 1358 seretur;
764 1292 914 1363 cujus
942 1301 1119 1349 autem
1146 1291 1450 1360 miseretur,
1479 1291 1554 1345 sic
1580 1305 1699 1345 eum
1729 1298 1915 1356 vocat,
1946 1302 2083 1359 quo-

494 1383 655 1438 modo
683 1383 783 1439 scit
811 1384 860 1439 ei
888 1387 1206 1455 congruere,
1238 1394 1294 1437 ut
1315 1392 1594 1439 vocantem
1623 1397 1729 1436 non
1759 1391 1995 1452 respuat.

567 1476 654 1530 14.
697 1474 795 1531 llic
821 1474 961 1531 dicet
996 1476 1222 1548 aliquis:
1253 1473 1362 1530 Cur
1403 1489 1531 1545 ergo
1575 1474 1715 1529 Esau
1744 1488 1850 1529 non
1897 1474 1973 1528 sic
2003 1481 2118 1557 cst‘

493 1575 754 1634 vocatus,
804 1576 861 1623 ut
909 1568 1068 1624 vellet
1125 1567 1376 1623 obedire?
1435 1566 1691 1622 Videmus
1745 1567 1887 1621 enim
1951 1567 2084 1622 alios

492 1660 650 1715 aliter
696 1659 886 1735 iisdem
931 1661 1090 1717 rebus
1130 1660 1508 1716 demonstratis
1534 1661 1620 1715 vel
1666 1657 1976 1730 signiﬁcatis
2014 1658 2084 1713 ad

493 1752 819 1807 credendum
865 1753 1090 1808 moveri.
1132 1752 1280 1808 Sicut
1311 1752 1537 1822 exempli
1568 1750 1992 1822 gratia,Simcon
2026 1750 2078 1805 in

495 1843 777 1901 Dominum
813 1854 1054 1900 nostrum
1083 1845 1262 1902 Jesum
1301 1845 1573 1900 Christum
1613 1845 1787 1900 adhuc
1826 1844 2082 1899 infantem

494 1936 770 2004 parvulum
813 1936 1078 2004 credidit,
1115 1938 1312 2007 Spiritu
1359 1939 1408 1992 ei
1452 1938 1721 1993 rcvelante
1757 1949 2085 2007 cognoscens

497 2024 646 2096 (Luc.
675 2043 747 2096 ιι,
778 2028 849 2083 ἳὸ
869 2029 909 2099 ).
940 2028 1233 2084 Nathanael
1264 2029 1329 2084 ad
1361 2045 1517 2084 unam
1549 2028 1894 2095 sententiam,
1926 2043 2109 2109 quam,

493 2118 562 2174 ab
591 2120 683 2175 illo
709 2111 929 2189 audivit,
965 2120 1268 2193 Priusquam
1306 2134 1352 2177 te
1397 2122 1672 2193 Philippus
1701 2130 1928 2188 vocaret,
1970 2137 2086 2175 cum

491 2228 623 2267 esses
648 2215 740 2268 sub
766 2215 943 2271 arbore
966 2215 1070 2284 ﬁci,
1114 2216 1215 2269 vidi
1252 2195 1353 2279 te;
1376 2216 1669 2285 respondit,
1704 2214 1887 2279 Rabbi,
1937 2225 1990 2269 tu
2033 2231 2085 2269 es

491 2303 662 2361 Filius
691 2306 802 2373 Dei,
845 2317 898 2362 tu
927 2325 976 2363 es
1014 2326 1102 2364 rea:
1141 2307 1308 2363 Israel
1341 2307 1530 2380 (Joan.
1555 2325 1593 2375 ι,
1625 2308 1694 2364 48
1717 2349 1732 2373 ,
1764 2308 1891 2377 49).
1933 2305 2087 2375 Quod

492 2405 642 2453 tanto
668 2406 791 2469 post
831 2400 951 2469 quia
996 2398 1272 2455 confessus
1300 2409 1383 2456 est
1408 2400 1618 2465 Petrus,
1660 2399 1855 2455 meruit
1899 2400 2086 2457 audire

492 2488 637 2558 quod
666 2488 851 2544 beatus
878 2490 967 2556 sit,
998 2498 1051 2544 ct
1078 2490 1219 2560 quod
1249 2491 1299 2546 ei
1324 2490 1577 2546 darentur
1598 2492 1775 2547 claves
1802 2491 1948 2563 regni
1976 2506 2087 2548 cce-

494 2581 666 2635 lorum
697 2578 926 2654 (Matth.
958 2598 1044 2636 xvi
1067 2625 1080 2648 ,
1120 2583 1284 2639 16-19
1309 2584 1349 2654 ).
1381 2574 1636 2640 Miraculo
1678 2584 1816 2641 facto
1856 2585 1908 2640 in
1939 2585 2086 2643 Cana

496 2669 753 2755 Galilzeae,
781 2673 922 2744 quod
950 2674 1161 2730 initium
1188 2675 1459 2747 signorum
1485 2677 1614 2733 Jesu
1650 2677 1885 2734 Joannes
1919 2695 2083 2735 cvan-

493 2765 683 2836 gelista
712 2779 1115 2836 commemorat,
1145 2785 1281 2840 aqua
1314 2771 1363 2825 in
1392 2771 1573 2826 vinum
1603 2787 1880 2840 conversa,
1914 2772 2087 2830 credi-

496 2858 692 2915 derunt
734 2860 788 2916 in
830 2876 953 2917 eum
983 2862 1226 2934 discipuli
1255 2864 1370 2934 ejus
1401 2864 1601 2936 (Joan.
1632 2882 1690 2931 ιι,
1736 2867 1795 2922 11
1894 2866 2086 2922 Multos

494 2949 765 3022 loquendo
806 2946 1042 3015 incitavit
1067 2957 1087 2987 '
1131 2956 1198 3012 ad
1242 2956 1442 3012 fidem:
1485 2957 1638 3014 multi
1676 2973 1777 3016 nec
1817 2944 2087 3016 suscitatis

495 3045 723 3101 mortuis
746 3046 1109 3103 crediderunt.
1146 3048 1220 3104 De
1245 3065 1404 3105 cruce
1432 3057 1589 3122 atque
1617 3059 1789 3108 morte
1817 3052 1934 3129 ejus
1958 3067 2087 3108 con-

496 3135 669 3191 territi
699 3137 858 3193 etiam
885 3137 1131 3211 discipuli
1163 3140 1491 3211 titubarunt;
1517 3152 1572 3199 et
1595 3152 1770 3199 tamen
1800 3144 1937 3200 latro
1963 3153 2086 3203 tunc

497 3218 745 3299 credidit,
770 3246 892 3288 cum
923 3247 1043 3287 eum
1073 3248 1178 3288 non
1205 3235 1628 3304 praestantiorem
1643 3236 1847 3292 videret
1871 3238 1923 3293 in
1951 3254 2084 3309 ope-

494 3323 664 3391 ribus,
686 3324 781 3380 sed
807 3326 1080 3383 consortio
1103 3328 1278 3382 crucis
1307 3328 1565 3399 atqualem
1607 3330 1626 3398 (
1651 3328 1778 3384 Luc.
1802 3346 1951 3397 χχιιι,
1986 3330 2086 3388 40-

494 3417 626 3488 42).
660 3418 810 3474 Unus
835 3420 997 3474 etiam
1026 3419 1094 3476 de
1133 3436 1356 3477 numero
1394 3421 1774 3492 discipulorum
1807 3430 1929 3492 post
1970 3423 2086 3493 ejus

495 3509 971 3579 resurrectionem,
1009 3526 1117 3568 non
1148 3520 1255 3567 tam
1292 3512 1590 3567 viventibus
1618 3512 1894 3579 membris,
1925 3528 2085 3584 quam

493 3584 800 3657 recentibus
824 3603 1165 3658 cicatricibus
1188 3603 1416 3658 credidit
1438 3602 1615 3673 (Joan.
1637 3618 1732 3671 xx,
1756 3602 1868 3675 27)
1894 3622 1906 3657 ε
1935 3606 2087 3662 multi

497 3704 563 3747 ex
595 3705 782 3746 eorum
806 3708 1032 3748 numero
1058 3708 1088 3747 a
1118 3694 1310 3764 quibus
1334 3693 1623 3749 cruciﬁxus
1654 3702 1755 3761 est,
1782 3695 1873 3767 qui
1901 3696 2087 3754 viden-

493 3792 577 3838 tes
606 3797 729 3837 eum
758 3783 1011 3838 miracula
1036 3784 1318 3841 facientem
1344 3795 1778 3857 contempserant
1810 3786 2086 3860 discipulis

494 3862 620 3931 eum
665 3874 1079 3947 praedicantibus
1107 3886 1162 3933 et
1190 3878 1243 3932 in
1273 3878 1490 3934 nomine
1516 3879 1632 3950 ejus
1675 3880 1801 3937 talia
1842 3881 2085 3940 facienti-

497 3964 598 4021 bus
640 3966 984 4022 crediderunt
1018 3968 1175 4038 (Act.
1218 3968 1401 4041 n-iv).
1446 3970 1580 4027 Cum
1627 3988 1756 4048 ergo
1801 3973 1937 4031 alius
1983 3976 2082 4043 sic,

496 4057 635 4139 alius
653 4067 831 4114 autem
851 4059 928 4115 sic
944 4067 1212 4117 moveatur
1234 4062 1300 4118 ad
1324 4063 1504 4132 fidem,
1518 4064 1814 4137 eademque
1833 4082 1922 4123 res
1941 4083 2086 4140 saepe

493 4148 601 4204 alio
626 4149 787 4206 modo
816 4149 955 4207 dicta
981 4162 1209 4219 moveat,
1239 4154 1344 4210 alio
1370 4155 1530 4212 modo
1551 4157 1689 4213 dicta
1714 4174 1821 4215 non
1849 4168 2081 4229 moveat;

492 4239 762 4321 aliumque
788 4243 1196 4310 moveat,alium
1225 4259 1328 4300 non
1357 4255 1600 4313 moveat;
1628 4249 1748 4319 quis
1774 4249 1970 4307 audeat
1996 4251 2084 4308 di-

493 4347 618 4389 cere
639 4332 873 4391 defuisse
894 4335 1005 4392 Deo
1030 4337 1247 4393 modum
1273 4340 1517 4403 vocandi,
1536 4356 1643 4412 quo
1662 4332 1823 4398 etiam
1853 4343 1992 4400 Esau
2014 4345 2083 4403 ad

491 4442 609 4484 eam
631 4425 794 4485 ﬁdem
815 4439 1049 4487 mentem
1071 4432 1382 4503 applicaret,
1403 4433 1838 4506 voluntatemque
1858 4436 2082 4508 conjun-

488 4514 661 4590 geret,
680 4520 733 4575 in
750 4536 854 4592 qua
881 4521 1374 4604 Jacobjustiflcatus
1391 4525 1506 4581 est?
1526 4525 1682 4594 Quod
1722 4527 1768 4583 si
1789 4536 1933 4583 tanta
1950 4534 2084 4600 quo-

491 4625 595 4681 que
623 4621 801 4681 potest
827 4628 946 4669 esse
970 4615 1257 4670 obstinatio
1281 4616 1586 4685 voluntatis,
1606 4626 1666 4673 ut
1684 4628 1869 4675 contra
1892 4635 2083 4680 omnes

490 4702 681 4758 modos
722 4703 1019 4760 vocationis
1063 4705 1380 4762 obdurescat
1405 4710 1599 4767 mentis
1625 4711 1901 4779 aversio';
1929 4729 2081 4786 quae-

490 4796 629 4852 ritur
655 4803 831 4851 utrum
851 4796 918 4852 de
937 4796 1112 4852 divina
1135 4813 1291 4867 poena
1321 4800 1389 4855 sit
1410 4800 1523 4871 ipsa
1549 4802 1763 4871 duritia,
1787 4821 1908 4861 cum
1940 4792 2081 4865 Deus

491 4886 692 4944 deserit
735 4902 839 4943 non
884 4888 962 4944 sic
987 4889 1244 4957 vocando,
1274 4893 1543 4962 quomodo
1573 4895 1637 4950 ad
1679 4896 1838 4953 fidem
1876 4899 2081 4956 moveri

490 4988 688 5052 potest.
718 4980 850 5048 Quis
878 4982 1018 5036 enim
1059 4981 1201 5037 dicat
1230 4984 1444 5039 modum
1467 4983 1489 5016 ⁸
1522 5001 1629 5056 quo
1653 4987 1702 5042 ei
1728 4989 2078 5058 persuadere-

492 5080 580 5127 tur
603 5079 663 5127 ιιι
687 5072 950 5136 crederet,
981 5075 1140 5130 etiam
1166 5075 1523 5147 Omnipotenti
1554 5078 1816 5137 defuisse?

564 5163 654 5218 15.
692 5162 802 5219 Sed
840 5163 963 5234 quid
995 5164 1098 5220 hoc
1138 5168 1446 5236 quierimus,
1494 5184 1613 5223 cum
1640 5171 1772 5240 ipse
1801 5172 2081 5245 subjungat

493 5255 800 5326 Apostolus,
850 5255 987 5310 Dicit
1016 5258 1148 5311 enim
1193 5258 1461 5330 Scriptura
1505 5261 1788 5330 Pharaoni,
1836 5263 1967 5330 Quia
2010 5264 2082 5320 ad

493 5348 587 5403 hoc
612 5357 658 5402 te
684 5349 911 5414 excitavi,
934 5359 987 5402 ut
1013 5351 1268 5404 ostendam
1292 5353 1343 5407 in
1369 5364 1415 5407 te
1444 5357 1714 5425 potcuﬁiam
1745 5372 1928 5426 meam,
1949 5365 1999 5411 et
2024 5366 2080 5411 ut

554 5507 573 5574 ξ
597 5513 719 5556 Tres
735 5507 943 5574 Vaticani
959 5506 1172 5574 codices,
1194 5507 1276 5574 qui
1300 5510 1623 5574 congruebant
1643 5510 1893 5565 occationi.

552 5570 574 5600 ²
592 5574 665 5618 Er.
688 5576 740 5619 et
762 5568 986 5631 plerique
1011 5576 1135 5625 Mss,
1153 5568 1363 5621 incitari!
1384 5568 1395 5620 ζ

555 5631 896 5701 ξςρςιιθίριιειε
911 5637 1015 5701 Μεε,
1039 5631 1235 5683 eversio.
1262 5636 1545 5701 )ictorinus,
1570 5635 1805 5701 adversio.

553 5691 714 5744 ‘Editi
735 5702 885 5759 :Cum
1080 5702 1208 5759 Deus
1240 5693 1495 5747 descrit....
1523 5691 1630 5759 quis
1650 5697 1794 5749 etiam
1826 5697 1959 5752 dicat
1978 5715 2079 5755 mo-

492 5756 745 5829 dunnetc.
770 5756 1076 5829 eorbeiensis
1100 5756 1261 5828 codex
1284 5771 1295 5806 :
1321 5767 1443 5829 gum
1465 5756 1573 5829 eum
1598 5768 1725 5813 Deus
1756 5760 1950 5829 deserit,
1977 5772 2075 5819 etc.

489 5822 612 5869 Tum
624 5827 734 5870 cum
751 5817 858 5872 aliis
880 5825 982 5874 Mss.
991 5850 1008 5884 ,
1026 5817 1134 5881 quis
1154 5818 1281 5873 enim
1298 5818 1429 5874 dicat
1460 5821 1672 5879 modum.

1068 337 1154 395 DE
1195 335 1508 394 DlVERSlS
1546 331 2061 413 QU/ESTIONIBUS
2098 330 2191 390 AD
2227 328 2730 407 SIMPLICIANUM,
2760 334 2817 393 S.
2856 333 3222 395 AUGUSTINI

3681 333 3798 399 120

2197 452 2524 507 annuntietur
2546 469 2726 511 nomen
2751 471 2916 511 meum
2937 456 2992 511 in
3015 458 3245 512 uniuersa
3269 456 3442 511 terra?
3465 454 3578 511 Hoc
3601 464 3796 511 autem

2191 528 2418 614 subjecit
2447 545 2733 616 Apostolus
2762 547 3161 617 documentum,
3192 534 3313 620 quo
3359 546 3610 617 probaret
3640 544 3797 617 quod

2192 651 2352 708 supra
2380 638 2607 710 dixerat,
2641 639 2811 713 Igitur
2839 660 2940 697 non
2974 642 3181 699 volentis
3207 658 3366 717 neque
3391 642 3659 709 currentis,
3698 639 3800 695 sed

2193 729 2472 786 miserentis
2501 743 2572 786 est
2598 732 2713 788 Dei.
2758 735 3029 805 Tanquam
3057 736 3197 790 enim
3237 736 3287 789 ei
3317 734 3604 801 diceretur,
3631 730 3799 788 Unde

2193 820 2295 876 hoc
2332 822 2533 879 doces?
2562 824 2699 879 Dicit
2737 827 2869 880 enim
2907 826 3196 898 Scriptura,
3236 825 3432 895 inquit,
3481 822 3757 877 Pharaoni
3775 862 3808 907 ,.

2197 914 2330 982 Quia
2375 918 2445 970 ad
2479 917 2572 971 hoc
2616 927 2663 971 te
2698 919 2929 985 excitavi,
2966 929 3023 972 ut
3060 919 3321 973 ostendam
3349 917 3404 970 in
3434 925 3480 970 te
3508 914 3824 985 potentiam,

2193 1022 2374 1076 meam,
2402 1018 2448 1061 et
2468 1018 2523 1063 ut
2541 1011 2867 1065 annuntietur
2886 1027 3064 1065 nomen
3098 1026 3261 1065 meum
3290 1011 3343 1063 in
3369 1009 3602 1063 universa
3628 1015 3795 1063 terra.

2194 1096 2387 1168 Utique
2419 1098 2543 1156 hinc
2571 1102 2857 1159 ostendens
2887 1103 3029 1174 quod
3068 1120 3171 1159 non
3214 1103 3423 1157 uolentis
3467 1116 3627 1170 neque
3664 1115 3798 1153 cur-

2194 1190 2369 1254 rentis,
2409 1192 2497 1244 sed
2523 1193 2801 1248 miserentis
2836 1205 2907 1249 est
2945 1194 3061 1251 Dei.
3103 1193 3493 1264 Concluditque
3520 1193 3614 1258 ita,
3646 1191 3797 1263 Ergo

2195 1280 2341 1350 cujus
2366 1282 2470 1335 vult
2496 1283 2778 1352 miseretur,
2807 1294 2853 1340 et
2881 1303 3027 1357 quem
3052 1287 3158 1340 vult
3184 1285 3437 1351 obdurat;
3479 1298 3600 1339 cum
3629 1297 3801 1351 supe-

2195 1372 2307 1428 rius
2335 1388 2443 1429 non
2470 1383 2756 1449 utrumque
2780 1379 2978 1435 dictum
3014 1380 3102 1436 sit.
3133 1379 3317 1450 Neque
3344 1378 3487 1434 enim
3514 1375 3800 1448 quomodo

2193 1464 2393 1522 dictum
2424 1478 2525 1537 est,
2559 1470 2681 1531 Non
2706 1472 2917 1527 uolentis
2944 1490 3104 1544 neque
3129 1474 3396 1539 currentis,
3428 1473 3515 1526 sed
3546 1472 3799 1527 miseren-

2195 1559 2257 1613 tis
2302 1570 2373 1615 est
2420 1560 2545 1628 Dei;
2571 1564 2647 1619 sic
2688 1566 2850 1620 etiam
2880 1566 3080 1622 dictum
3110 1574 3213 1630 est,
3245 1582 3351 1623 non
3379 1550 3612 1622 nolentis
3639 1566 3657 1597 ³
3690 1580 3798 1622 ne-

2194 1667 2300 1723 que
2325 1658 2738 1723 contemnentis,
2771 1660 2866 1715 sed
2893 1659 3204 1715 obdurantis
3234 1669 3317 1716 est
3351 1660 3467 1716 Dei.
3515 1658 3667 1715 Unde
3697 1658 3801 1714 da-

2197 1752 2282 1799 tur
2312 1746 2553 1818 intelligi,
2582 1748 2722 1819 quod
2748 1750 2885 1805 infra
2923 1760 3206 1823 utrumque
3240 1751 3437 1822 posuit,
3473 1749 3616 1822 Ergo
3642 1752 3802 1821 cujus

2194 1837 2301 1891 vult
2327 1838 2622 1909 miseretur,
2667 1851 2713 1895 et
2751 1858 2898 1908 quem
2951 1844 3053 1898 vult
3094 1844 3344 1911 obdurat,
3392 1843 3465 1898 ita
3507 1842 3800 1899 sententia:

2195 1929 2461 2000 superiori
2488 1946 2645 2002 posse
2678 1936 2994 2003 congruere,
3024 1946 3082 1991 ut
3110 1924 3391 1991 obduratio
3421 1935 3515 1991 Dei
3545 1935 3618 1991 sit
3646 1935 3802 1993 nolle

2194 2021 2437 2077 misereri
2464 2042 2476 2076 :
2503 2033 2560 2078 ut
2580 2040 2684 2079 non
2707 2026 2774 2081 ab
2791 2027 2882 2082 illo
2900 2029 3161 2099 irrogetur
3179 2027 3373 2098 aliquid
3400 2042 3505 2099 quo
3529 2028 3600 2083 sit
3626 2028 3801 2084 homo

2194 2115 2450 2184 deterior,
2472 2119 2564 2173 sed
2581 2127 2786 2176 tantum
2809 2137 2912 2191 quo
2932 2123 3002 2177 sit
3020 2124 3210 2178 melior
3228 2137 3332 2177 non
3346 2131 3614 2193 erogetur.
3632 2117 3803 2189 Quod

2195 2210 2240 2265 si
2272 2211 2329 2265 fit
2354 2212 2496 2266 nulla
2520 2212 2861 2271 distinctione
2884 2217 3214 2283 meritorum,
3246 2216 3365 2287 quis
3405 2232 3509 2271 non
3541 2224 3802 2287 erumpat

2196 2304 2249 2359 in
2271 2320 2387 2360 eam
2412 2320 2621 2374 vocem,
2646 2324 2803 2378 quam
2833 2309 2931 2363 sibi
2960 2310 3072 2381 ipse
3088 2308 3287 2379 objecit
3304 2309 3629 2378 Apostolus?
3649 2308 3803 2365 Dicis

2194 2400 2362 2470 itaque
2380 2401 2504 2454 mihi
2521 2420 2540 2455 ι
2559 2400 2695 2466 Quid
2714 2402 2881 2456 adhuc
2902 2404 3219 2473 conqueritur
3234 2404 3260 2457 ?
3275 2421 3391 2457 nam
3411 2403 3661 2457 voluntati
3682 2405 3804 2474 ejus

2194 2490 2305 2560 quis
2320 2492 2532 2545 resistit?
2544 2492 2897 2564 Conqueritur
2909 2493 3051 2548 enim
3070 2495 3207 2551 Deus
3219 2509 3363 2565 smpc
3376 2494 3442 2550 de
3456 2493 3801 2563 hominibus,

2194 2582 2332 2637 sicut
2368 2598 2465 2653 per
2489 2583 2905 2640 innumerabiles
2937 2594 3159 2655 apparet
3186 2584 3577 2656 Scripturarum
3615 2581 3800 2653 locbs,

2193 2674 2335 2744 quod
2357 2674 2527 2730 nolint
2545 2676 2765 2731 credere
2784 2685 2839 2731 et
2858 2686 3004 2733 recte
3025 2677 3222 2734 vivere.
3247 2678 3399 2735 Unde
3421 2678 3605 2734 fideles
3633 2687 3694 2735 et
3720 2679 3804 2736 fa»-

2195 2766 2398 2822 cientcs
2411 2767 2734 2824 voluntatem
2751 2768 2845 2823 Dei
2860 2770 3166 2826 conversari
3182 2769 3429 2826 dicuntur
3443 2771 3557 2826 sine
3567 2772 3805 2840 querela

2196 2858 2343 2931 (Luc.
2368 2878 2406 2928 ι,
2430 2861 2508 2931 6),
2536 2861 2679 2931 quod
2703 2861 2769 2917 de
2794 2861 2897 2917 illis
2918 2877 3023 2917 non
3050 2872 3305 2934 queratur
3337 2861 3634 2933 Scriptura.
3657 2862 3799 2934 Sed,

2142 2961 2155 2985 ο
2199 2950 2336 3018 Quid
2361 2952 2702 3021 conqueritur,
2745 2952 2857 3008 ait?
2883 2969 3003 3008 nam
3030 2954 3276 3009 uoluntati
3310 2955 3418 3024 ejus
3443 2955 3553 3025 quis
3575 2944 3800 3024 resistit,

2194 3045 2410 3117 quando
2441 3047 2588 3118 cujus
2616 3048 2722 3102 vult
2747 3048 3031 3117 miseretur,
3055 3058 3102 3104 et
3126 3065 3273 3119 quem
3299 3049 3404 3104 uult
3432 3048 3691 3104 obdurat?
3733 3049 3806 3106 Et

2196 3146 2375 3194 tamen
2412 3137 2716 3195 intueamur
2741 3141 3038 3210 superiora,
3065 3148 3122 3196 et
3149 3141 3272 3197 inde
3312 3148 3573 3209 nostram,
3605 3156 3797 3212 quan-

2197 3239 2310 3287 tum
2339 3231 2454 3302 ipse
2478 3231 2738 3288 Dominus
2762 3231 2998 3303 adjuvat,
3026 3232 3348 3289 sententiam
3376 3231 3694 3303 dirigamus.

2208 3388 2212 3395 ,
2268 3324 2359 3381 l6.
2400 3325 2491 3380 Ait
2519 3326 2663 3380 enim
2693 3325 2854 3396 paqu
2881 3334 3027 3392 ante,
3054 3324 3189 3392 Quid
3213 3341 3332 3397 ergo
3353 3325 3574 3379 dicemus
3593 3325 3805 3379 inum-

2195 3416 2320 3489 quid
2372 3414 2615 3485 iniquitas
2667 3424 2740 3471 est
2796 3416 2937 3487 apud
2984 3414 3191 3471 Deum?
3217 3415 3378 3471 Absit.
3398 3413 3479 3472 Sit
3499 3414 3662 3486 igitur
3689 3414 3806 3472 hoc

2198 3508 2371 3563 fixum
2401 3516 2561 3579 atque
2604 3507 2875 3563 immobile
2905 3507 2959 3563 in
2995 3516 3176 3564 mente
3202 3506 3378 3562 sobria
3407 3498 3604 3577 pietate
3630 3514 3806 3578 atque

2195 3600 2372 3656 stabili
2403 3599 2457 3655 in
2480 3598 2583 3655 fide
2603 3600 2646 3665 ³,
2675 3599 2819 3671 quod
2847 3599 2995 3655 nulla
3020 3608 3105 3656 est
3128 3599 3377 3670 iniquitas
3402 3597 3542 3668 apud
3570 3598 3755 3654 Deum
3781 3616 3803 3655 :

2197 3700 2357 3764 atque
2376 3692 2448 3748 ita
2473 3693 2813 3749 tenacissime
2838 3691 3248 3763 ﬁrmissimeque
3267 3690 3532 3758 credatur,
3554 3690 3807 3762 idipsum

2195 3785 2339 3857 quod
2388 3786 2530 3840 Deus
2559 3788 2703 3856 cujus
2738 3785 2845 3840 uult
2870 3785 3133 3839 miseretur
3160 3791 3207 3839 et
3232 3799 3379 3855 quem
3415 3783 3519 3838 vult
3546 3782 3803 3852 obdurat,

2197 3875 2300 3932 hoc
2339 3885 2451 3943 est,
2480 3875 2633 3946 cujus
2662 3875 2774 3931 vult
2800 3875 3087 3931 miseretur
3122 3883 3179 3931 et
3214 3874 3367 3945 cujus
3396 3889 3503 3930 non
3530 3875 3650 3928 vult
3683 3888 3809 3931 non

2195 3966 2502 4037 miseretur,
2543 3982 2664 4024 esse
2700 3968 2927 4039 alicujus
2979 3968 3204 4023 occulta:
3245 3975 3404 4039 atque
3440 3966 3507 4022 ab
3547 3966 3808 4023 humano

2195 4058 2414 4115 medulo
2452 4059 2833 4130 investigabilis
2875 4059 3157 4130 aequitatis,
3200 4074 3320 4131 quae
3359 4059 3413 4113 in
3456 4057 3588 4129 ipsis
3623 4060 3807 4117 rebus

2196 4150 2446 4208 humanis
2512 4151 2845 4223 terrenisque
2898 4150 3259 4207 contractibus
3312 4150 3807 4209 animadvertenda

2196 4252 2280 4302 est
2298 4261 2314 4313 ;
2344 4244 2399 4300 in
2420 4244 2612 4316 quibus
2632 4245 2733 4300 nisi
2760 4258 3005 4316 supernae
3021 4244 3242 4314 justitia:
3258 4243 3500 4315 quaedam
3521 4245 3809 4315 impressa

2194 4338 2417 4410 vestigia
2446 4345 2773 4406 teneremus,
2805 4352 3075 4409 nunquam
3100 4336 3156 4392 in
3195 4335 3372 4408 ipsum
3398 4332 3573 4393 cubile
3603 4352 3670 4392 ac
3700 4354 3811 4411 pe-

2193 4432 2400 4490 netrale
2424 4432 2818 4489 sanctissimum
2847 4440 3007 4503 atque
3034 4430 3389 4487 castissimum
3427 4429 3811 4500 spiritualium

2194 4534 2584 4597 praceptorum
2622 4531 2819 4579 nostra:
2844 4523 3166 4581 inﬁrmitatis
3193 4522 3489 4593 suspieeret
3510 4530 3682 4594 atque
3713 4526 3811 4581 in-

2198 4616 2372 4672 biaret
2389 4616 2636 4671 intentio.
2659 4615 2808 4670 Beati
2834 4616 2925 4686 qui
2948 4615 3188 4672 esuriunt
3208 4624 3265 4671 et
3282 4615 3470 4671 sitiunt
3488 4615 3767 4686 justitiam
3786 4660 3808 4685 ,

2192 4710 2444 4780 quoniam
2476 4708 2576 4779 ipsi
2608 4708 2985 4765 saturabuntur
3011 4708 3225 4781 (Matth.
3254 4724 3311 4775 v,
3342 4709 3441 4781 6).
3472 4709 3530 4764 ln
3559 4710 3661 4767 ista
3692 4712 3814 4784 igi-

2192 4808 2283 4857 tur
2310 4802 2551 4857 siccitate
2573 4801 2698 4856 vitaa
2721 4801 3148 4874 conditionisque
3176 4802 3438 4871 mortalis,
3467 4802 3569 4858 nisi
3593 4818 3813 4875 asper-

2193 4901 2408 4963 geretur
2431 4891 2664 4964 desuper
2700 4895 2849 4949 velut
2885 4895 3191 4950 tenuissima
3227 4893 3473 4966 quaedam
3525 4909 3655 4950 aura
3701 4899 3813 4968 ju-

2193 4986 2354 5042 stitize
2374 5028 2389 5054 ,
2420 4985 2576 5040 citius
2604 4994 2990 5052 aresceremas,
3023 5000 3183 5056 quam
3212 4985 3505 5041 sitiremus.
3536 4985 3813 5057 Quapro-

2193 5086 2313 5149 pter
2336 5092 2458 5133 cum
2483 5077 2658 5133 dando
2684 5085 2739 5133 et
2766 5077 3076 5147 accipiendo
3101 5077 3242 5134 inter
3278 5093 3338 5133 se
3377 5078 3656 5133 hominum
3708 5096 3818 5138 so-

2192 5170 2358 5225 cietas
2388 5177 2754 5235 connectatur,
2786 5168 2982 5225 dentur
3015 5177 3191 5225 autem
3234 5178 3291 5226 ct
3333 5169 3665 5240 accipiantur
3710 5174 3817 5231 vel

2192 5263 2370 5319 debita
2398 5265 2482 5319 vel
2512 5278 2616 5319 non
2643 5262 2856 5331 debita;
2893 5264 3011 5335 quis
3045 5278 3149 5318 non
3178 5262 3354 5318 videat
3379 5263 3673 5332 iniquitatis
3709 5281 3819 5323 ar.

2191 5359 2280 5430 gui
2309 5357 2576 5413 neminem
2606 5370 2785 5428 posse,
2819 5354 2907 5427 qui
2933 5355 3076 5427 quod
3103 5355 3207 5410 sibi
3234 5354 3478 5420 debetur,
3499 5342 3817 5425 exegerit?

2190 5463 2293 5505 nec
2320 5464 2441 5506 cum
2467 5461 2633 5516 certe,
2664 5450 2754 5520 qui
2775 5448 2915 5519 quod
2944 5448 2991 5502 ei
3023 5448 3267 5515 debetur,
3290 5447 3494 5504 donare
3520 5448 3818 5506 voluerit."

2191 5539 2294 5597 hoc
2318 5550 2495 5598 autem
2522 5555 2629 5597 non
2658 5555 2777 5596 esse
2802 5540 2856 5595 in
2885 5554 3070 5596 eorum
3098 5540 3191 5611 qui
3216 5537 3486 5595 debitores
3513 5550 3656 5605 sunt,
3697 5543 3818 5598 sed

2254 5707 2271 5764 ξ
2296 5703 2370 5764 ste
2389 5704 2462 5764 Er.
2492 5705 2543 5748 et
2563 5697 2877 5764 aliqugtblss.
2897 5702 3102 5764 At.t.ov.,
3129 5706 3222 5764 non
3244 5692 3459 5764 volentis.

2252 5762 2445 5819 'miti,
2483 5755 2821 5821 ﬁde;
2876 5759 3050 5809 omissa
3101 5755 3364 5823 particula,
3410 5755 3482 5823 in,
3523 5766 3677 5822 quam
3734 5770 3823 5817 ex

2187 5824 2466 5877 Corbeiensi
2484 5829 2565 5874 Ms.
2592 5834 2888 5875 revocamus.
3247 5861 3258 5878 .

3826 5870 3839 5899 ι
