3942 6416
180 384 265 449 ηε

180 504 232 557 in
253 500 358 570 ejus
374 497 446 552 cui
469 493 682 550 debetur
707 492 994 550 arbitrio?
1029 491 1142 548 ﬂare
1170 492 1362 563 imago,
1400 488 1504 560 vel,
1534 502 1594 546 ut
1634 507 1722 548 su-

182 611 269 667 pra
309 592 431 656 disi,
470 588 747 659 vestigium
799 587 1035 657 negotiis
1077 585 1344 640 hominum
1391 580 1458 640 de
1512 584 1723 656 fastigio

182 686 390 742 summo‘
415 681 664 751 aequitatis
695 680 1027 748 impressum
1053 686 1151 731 est.
1182 676 1316 732 Sunt
1347 676 1504 747 igitur
1533 692 1720 732 omnes

179 771 898 844 bomineslquandoquidem,
933 754 986 824 ut
1010 767 1290 837 Apostolus
1316 768 1422 834 ait,
1454 767 1520 821 In
1555 769 1722 822 Adam

175 886 314 924 omnes
334 869 596 922 moriuntur
627 864 648 938 [
671 865 692 919 l
721 863 842 923 Cor.
877 879 964 929 xv,
993 861 1110 934 2‘3],
1145 878 1175 915 a
1203 877 1306 933 quo
1334 863 1385 916 in
1413 862 1719 917 universum

170 975 312 1033 genus
340 961 612 1014 humanum
664 955 820 1025 origo
852 954 1063 1009 ducitur
1092 951 1401 1008 offensionis
1433 953 1525 1008 Dei
1552 952 1572 1024 )
1613 968 1719 1009 una

172 1054 378 1125 quaedam
417 1066 587 1107 massa
635 1049 888 1120 peccati,
932 1046 1249 1117 supplicium
1281 1047 1482 1102 debens
1525 1047 1718 1103 divina:

173 1160 447 1216 summque
478 1142 727 1214 justitim,
770 1141 914 1212 quod
954 1139 1067 1195 sive
1104 1139 1367 1212 exigatur,
1400 1140 1518 1195 sive
1546 1139 1716 1194 done-

171 1249 254 1304 tur,
281 1239 406 1294 nulla
431 1247 510 1293 est
537 1237 819 1306 iniquitas.
848 1236 893 1289 A
918 1233 1108 1304 quibus
1148 1243 1327 1288 autem
1373 1233 1711 1303 exigendum,

162 1342 207 1389 et
232 1333 403 1404 quibus
420 1329 726 1386 donandum
758 1329 848 1396 sit,
879 1328 1110 1398 superbe
1137 1327 1378 1402 iudicant
1403 1328 1674 1383 debitores
1698 1346 1711 1382 :

161 1424 562 1496 quemadmodum
586 1421 839 1478 conducti
861 1421 929 1475 ad
957 1421 1098 1475 illam
1119 1422 1327 1476 vineam
1357 1421 1553 1490 injuste
1579 1423 1717 1478 indi-

157 1519 283 1589 gnati
315 1527 445 1582 sunt,
490 1531 610 1570 cum
651 1513 989 1569 tantumdem
1032 1513 1153 1567 aliis
1197 1513 1508 1581 donaretur,
1541 1529 1714 1585 quan.

158 1619 254 1662 tum
278 1610 369 1664 illis
395 1608 704 1663 redderetur
728 1606 749 1676 (
777 1605 968 1659 Matth.
1013 1620 1115 1672 xx,
1160 1605 1220 1658 Η
1251 1605 1291 1675 ).
1339 1604 1517 1675 Itaque
1556 1605 1713 1676 hujus

159 1700 506 1770 impudentiam
536 1699 847 1771 quzestionis
877 1699 950 1752 ita
999 1698 1236 1752 retundit
1279 1699 1566 1769 Apostolus
1610 1717 1622 1752 :
1669 1697 1715 1752 0

157 1795 305 1860 homo,
329 1805 378 1849 tu
397 1797 498 1865 quis
514 1813 584 1863 es,
607 1796 692 1864 qui
717 1792 1028 1862 respondeas
1053 1791 1200 1846 Deo?
1215 1791 1302 1846 Sic
1322 1793 1464 1846 enim
1492 1807 1715 1864 respon-

155 1886 237 1943 det
257 1889 378 1954 Deo,
404 1903 519 1944 cum
570 1890 618 1944 ei
644 1887 890 1958 displicet
914 1885 1057 1957 quod
1091 1885 1159 1940 de
1187 1887 1554 1955 peccatoribus
1579 1902 1711 1941 eon-

155 1981 375 2051 queritur
404 1982 559 2047 Deus,
587 1981 730 2053 quasi
759 1994 1080 2050 quemquam
1112 1979 1255 2033 Deus
1285 1994 1506 2048 peccare
1533 1987 1708 2050 cogat,

158 2073 205 2126 si
242 2072 588 2126 tantummodo
614 2076 634 2104 ¹
673 2073 973 2143 quibusdam
1020 2072 1363 2141 peccantibus
1402 2071 1709 2126 misericor-

165 2163 298 2218 diam
320 2163 689 2234 justilicationis
705 2179 808 2218 suae
824 2179 919 2218 non
942 2163 1363 2235 largiatur,etob
1381 2162 1480 2218 hoc
1501 2162 1710 2218 dicatur

164 2253 412 2307 obdurare
435 2265 703 2322 peccantes
727 2255 1001 2323 quosdam,
1034 2256 1156 2324 quia
1186 2268 1290 2309 non
1318 2269 1504 2310 eorum
1544 2257 1706 2309 mise-

152 2353 304 2406 retur.
347 2361 445 2398 non
472 2346 586 2415 quia
614 2345 837 2415 impellit
880 2355 937 2399 ut
987 2354 1230 2416 peccent.
1281 2346 1481 2400 Eorum
1526 2355 1706 2402 autem

153 2449 245 2488 non
271 2435 550 2500 miseretur,
577 2435 768 2506 quibus
796 2436 1220 2491 misericordiam
1262 2452 1369 2493 non
1410 2451 1528 2491 esse
1563 2451 1708 2506 pree-

153 2528 369 2593 bendam,
398 2531 636 2600 aequitate
674 2531 1038 2586 occultissima
1078 2539 1132 2586 et
1160 2531 1230 2586 ab
1259 2533 1508 2588 humanis
1536 2533 1707 2588 sensi-

155 2623 240 2677 bus
274 2625 599 2680 remotissima
621 2624 850 2695 judicat.
882 2625 1246 2680 lnscrulabilia
1288 2626 1430 2680 enim
1473 2628 1708 2693 suntju-

156 2715 268 2770 dicis
295 2717 418 2787 ejus,
444 2728 492 2774 et
515 2718 918 2789 investigabiles
943 2720 1043 2773 vite
1075 2719 1240 2789 ipsius
1270 2719 1446 2791 (Rom.
1474 2737 1548 2789 XI,
1588 2720 1702 2792 53).

155 2807 460 2880 Conqueritur
483 2822 659 2868 autem
686 2812 834 2882 juste
861 2812 928 2866 de
950 2813 1340 2882 peccatoribus,
1366 2822 1616 2883 tanquam
1638 2813 1705 2870 de

159 2901 229 2956 his
251 2918 365 2972 quos
391 2919 598 2974 peccare
628 2904 754 2974 ipse
797 2918 905 2958 non
934 2904 1094 2974 cogit.
1141 2903 1307 2960 Simul
1346 2906 1504 2959 etiam
1549 2913 1607 2960 ut
1651 2904 1704 2959 hi

157 3007 347 3060 quorum
389 2999 684 3061 miseretur,
736 2981 879 3050 hanc
927 3009 1138 3065 quoque
1191 2994 1423 3051 habeant
1467 2996 1704 3052 vocatio-

157 3097 298 3147 nem;
339 3094 387 3139 ut
421 3086 533 3142 dum
577 3087 944 3158 conqueritur
989 3087 1130 3142 Deus
1177 3087 1246 3143 de
1288 3089 1700 3158 peccatoribus,

155 3188 518 3248 compungantur
543 3178 742 3247 corde,
771 3188 934 3250 atque
963 3178 1030 3233 ad
1065 3178 1180 3248 ejus
1220 3180 1446 3250 gratiam
1472 3196 1702 3237 conver-

90 3303 102 3311 -
153 3277 315 3324 tantur.
333 3268 464 3326 iuste
485 3287 614 3342 ergo
646 3270 1021 3340 conqueritur,
1046 3277 1101 3326 et
1129 3270 1570 3328 misericorditer.

208 3361 282 3414 17.
314 3361 404 3417 Sed
443 3364 486 3418 si
520 3364 629 3419 hoc
660 3370 876 3427 movet,
909 3361 1049 3432 quod
1078 3360 1332 3417 voluntati
1373 3362 1490 3432 ejus
1526 3363 1704 3420 nullus

147 3454 334 3523 resistit,
361 3456 468 3526 quia
495 3457 577 3512 cui
609 3455 736 3510 vult
765 3454 1034 3521 subvenit,
1067 3462 1122 3509 et
1149 3469 1306 3525 quem
1332 3453 1445 3509 vult
1467 3455 1700 3524 deserit;

150 3560 252 3600 cum
277 3558 323 3602 et
348 3548 425 3604 ille
448 3550 524 3605 cui
553 3547 842 3615 subvenit,
873 3555 928 3602 et
956 3546 1047 3602 ille
1073 3562 1229 3618 quem
1261 3547 1482 3613 deserit,
1511 3562 1577 3603 ex
1608 3564 1702 3603 ea-

143 3641 248 3698 dem
272 3660 420 3700 massa
446 3648 545 3702 sint
574 3656 961 3719 peccatorum,
990 3655 1044 3701 et
1069 3647 1312 3716 quamvis
1339 3647 1528 3703 debeat
1554 3656 1703 3702 uter-

141 3750 236 3804 que
263 3739 541 3806 supplicium
561 3781 577 3806 ,
609 3737 694 3794 ab
722 3753 828 3793 uno
859 3746 1036 3793 tamen
1063 3739 1322 3808 exigatur,
1351 3739 1506 3794 alteri
1533 3737 1704 3794 done-

138 3828 309 3882 turzsi
336 3828 423 3885 hoc
460 3847 581 3903 ergo
630 3839 850 3896 movet;
882 3828 927 3885 0
957 3831 1127 3897 homo,
1166 3839 1220 3884 tu
1249 3831 1360 3901 quis
1388 3847 1469 3900 es,
1509 3830 1594 3900 qui
1620 3847 1704 3884 re-

136 3923 348 3986 spondeas
365 3923 498 3979 Deo?
522 3926 790 3981 Arbitror
811 3925 952 3980 enim
981 3925 1082 3980 sub
1103 3925 1290 4001 eadem
1319 3925 1706 3996 signiﬁcatione

137 4013 346 4082 positum,
367 4018 500 4087 quod
531 4019 754 4073 dictum
782 4024 886 4085 est,
915 4018 1105 4083 homo;
1131 4017 1233 4073 sub
1261 4032 1364 4087 qua
1391 4026 1444 4072 et
1469 4016 1598 4071 illud
1626 4015 1706 4070 di-

135 4103 266 4170 citur,
293 4105 463 4163 Nonne
491 4110 741 4163 homines
769 4109 905 4175 estis,
935 4117 982 4162 et
1006 4109 1284 4163 secundum
1313 4109 1564 4164 hominem
1588 4125 1703 4162 am-

135 4193 326 4252 unus!
350 4198 419 4257 lbi
449 4203 598 4258 enim
640 4200 887 4257 carnales
927 4209 982 4256 et
1013 4201 1271 4256 animales
1310 4209 1563 4256 notantur
1604 4201 1707 4258 hoc

135 4290 332 4359 nomine,
360 4294 551 4364 quibus
595 4293 825 4361 dicitur,
857 4292 978 4347 Non
1022 4295 1162 4364 potui
1203 4295 1343 4365 loqui
1382 4294 1518 4348 vobis
1561 4295 1708 4365 quasi

131 4382 448 4453 spiritalibus,
491 4389 587 4442 sed
643 4387 789 4457 quasi
829 4387 1155 4451 carnalibus;
1182 4394 1235 4443 et
1262 4387 1393 4442 illud
1415 4429 1429 4452 ,
1460 4385 1707 4442 Nondum

132 4476 247 4528 enim
280 4481 508 4546 poteratis
533 4496 554 4534 :
583 4479 684 4534 sed
713 4495 874 4549 neque
901 4479 1068 4532 adhuc
1094 4479 1298 4549 potestis
1317 4521 1332 4545 ,
1367 4480 1534 4533 adhuc
1574 4481 1707 4535 enim

134 4567 232 4622 estis
255 4572 469 4627 carnales
494 4573 541 4644 (Ι
574 4572 699 4628 Cor.
735 4587 812 4638 tu,
839 4570 967 4644 1-4),
996 4582 1049 4628 et
1081 4572 1232 4637 illud,
1262 4573 1508 4626 Animalis
1537 4583 1707 4628 autem

134 4660 257 4715 laesio
299 4681 392 4718 non
435 4667 658 4735 percipit
699 4680 816 4734 qua:
859 4674 973 4717 sunt
1000 4663 1225 4733 Spiritus
1246 4662 1476 4733 DeiUd.
1502 4682 1558 4731 ιι,
1592 4665 1703 4737 id).

133 4747 207 4806 llis
240 4768 356 4824 ergo
387 4756 613 4823 dicitur,
661 4757 708 4810 0
741 4757 910 4822 homo,
951 4764 1005 4809 tu
1040 4757 1151 4827 quis
1181 4772 1252 4823 es,
1287 4759 1372 4826 qui
1402 4757 1707 4826 respondeas

131 4840 253 4898 Deo?
289 4847 550 4919 Numquid
585 4850 712 4901 dicit
743 4849 1039 4919 ﬁgmentum
1067 4848 1110 4902 ei
1144 4849 1229 4918 qui
1257 4865 1308 4901 se
1332 4849 1499 4916 ﬁnxit,
1537 4850 1707 4917 Quare

131 4949 194 4990 me
215 4937 278 4990 sic
297 4941 501 5010 fecisti?
525 4941 634 4994 Aut
666 4957 766 4994 non
792 4939 940 4993 habet
968 4948 1262 5009 potestatem
1287 4940 1478 5010 ﬁgulus
1510 4943 1622 5009 luti,
1646 4958 1708 4998 ea:

133 5030 272 5083 eadm
290 5034 655 5103 conspersione
675 5036 843 5103 facere
864 5033 1006 5086 aliud
1026 5032 1226 5103 quidem
1251 5048 1336 5087 vas
1362 5034 1414 5087 in
1443 5035 1702 5101 honorem,

134 5122 249 5174 aliud
271 5125 316 5178 in
343 5125 754 5179 contumeliam?
784 5125 862 5178 Eo
894 5125 1008 5195 ipso
1041 5124 1268 5182 fortasse
1308 5125 1440 5181 satis
1475 5126 1708 5182 ostendit

138 5229 182 5267 se
202 5216 381 5273 homini
412 5219 634 5274 carnali
659 5219 839 5288 loqui;
872 5219 1121 5287 quoniam
1164 5218 1266 5272 hoc
1306 5219 1462 5274 limus
1492 5221 1605 5289 ipse
1630 5219 1705 5273 si-

136 5307 331 5378 gniﬁcat,
372 5313 517 5368 unde
570 5313 776 5382 primus
834 5312 995 5366 homo
1038 5313 1300 5367 formatus
1329 5324 1411 5367 est
1447 5332 1459 5367 :
1489 5322 1543 5368 et
1583 5314 1706 5382 quia

139 5414 307 5470 mas,
345 5416 406 5460 ut
453 5407 572 5477 jam
628 5407 1075 5473 commemoravi,
1116 5406 1408 5462 secundum
1457 5405 1706 5461 eumdem

191 5511 328 5579 _‘Tres
349 5517 566 5565 Vaticani
763 5527 982 5564 smmum.
1008 5516 1244 5579 t‘auloque
1270 5525 1376 5579 post
1411 5517 1559 5579 iidem
1597 5517 1707 5566 lihri

137 5567 305 5691 ἔδειξε,
327 5591 355 5646 a
384 5592 486 5648 quq
505 5567 789 5628 wrinersum
824 5589 974 5640 genus
1007 5567 1529 5643 humanum'originem
1571 5579 1707 5631 ducit

187 5646 368 5686 αιειωιις
389 5649 494 5688 1:61.

191 5649 832 5757 rg‘fgéd'tamununodo.
874 5705 1019 5760 Atque
1040 5716 1162 5752 unus
1187 5718 1250 5752 ex
1285 5703 1362 5751 his
1385 5703 1703 5754 Gonovefseus

143 5762 325 5829 Euxinis:
342 5772 456 5812 ante
481 5763 646 5829 addit,
669 5777 778 5829 curn
797 5759 907 5823 ipse
931 5759 1147 5829 neminem
1169 5777 1372 5829 peccare
1398 5770 1560 5829 cogat.
1577 5766 1705 5815 Alius

144 5825 276 5888 metu
297 5835 357 5871 ex
388 5827 644 5872 vaticanis
673 5822 826 5886 intra,
865 5835 953 5886 pro
987 5822 1213 5892 largiatur
1239 5835 1289 5880 et
1314 5822 1525 5892 dicatur,
1551 5828 1703 5888 habet

145 5871 316 5944 ιηιιισ
339 5894 388 5940 et
411 5885 624 5942 dicitur.

1514 369 1718 434 LIBER
1755 377 2024 440 PRIMUS.
2085 432 2090 442 .

3318 397 3429 466 W1

1833 495 2146 566 Apostolum
2175 500 2229 556 in
2255 501 2418 558 Adam
2443 508 2746 579 moriuntur,
2785 527 2944 572 unam
2977 514 3108 574 dicit
3135 534 3254 580 esse
3281 537 3419 581 con-

1832 591 2160 660 spersioncm
2184 596 2442 651 omnium.
2466 599 2532 654 Et
2557 605 2794 672 quamvis
2823 607 2966 664 aliud
2994 625 3089 667 vas
3115 612 3206 669 liat
3235 614 3285 669 in
3314 615 3415 672 ho-

1830 697 2035 750 norem,
2060 686 2200 740 aliud
2229 691 2280 742 in
2307 694 2713 762 contumeliam;
2747 706 2922 755 tamen
2949 711 3002 758 et
3031 703 3158 761 illud
3181 707 3325 779 quod
3355 708 3415 767 lit

1830 777 1881 830 in
1914 777 2192 847 honorem,
2224 799 2442 840 necesse
2468 796 2550 866 est
2579 797 2636 844 ut
2668 793 2880 849 carnale
2905 810 3024 852 esse
3059 777 3297 870 incipiat,
3328 811 3415 858 at-
3465 830 3474 836 ε

1828 884 1932 939 quc
1963 870 2085 927 inde
2116 872 2166 926 in
2195 875 2523 944 spiritualem
2553 892 2838 952 consurgat
2861 893 3071 942 mtatem
3095 891 3132 943 ί.
3157 891 3412 958 Quando-

1827 962 2038 1031 quidem
2066 965 2174 1034 jam
2204 967 2254 1020 in
2283 969 2539 1027 honorem
2570 975 2690 1031 laeti
2717 960 2895 1046 erant,
2912 989 2968 1035 et
2989 981 3042 1035 in
3064 982 3276 1040 Christo
3301 987 3414 1056 jam

1826 1056 1935 1109 nati
1961 1066 2114 1112 erant
2139 1076 2151 1112 :
2177 1059 2270 1114 sed
2299 1069 2474 1118 tamen
2502 1068 2750 1135 quoniam
2787 1072 3034 1140 parvulos
3068 1073 3243 1131 adhuc
3274 1076 3412 1132 allo-

1824 1149 2021 1218 quitur,
2067 1151 2226 1208 etiam
2274 1155 2416 1224 ipsos
2462 1159 2704 1215 carnales
2752 1163 3008 1233 appellat,
3039 1166 3415 1225 dicenszNon

1825 1245 1966 1312 potui
2004 1245 2141 1315 loqui
2167 1247 2302 1302 vobis
2327 1252 2470 1320 quasi
2506 1253 2876 1323 spiritualibus,
2905 1257 2994 1312 sed
3019 1261 3164 1330 quasi
3189 1263 3411 1316 cumuli-

1824 1332 1931 1387 bus.
1962 1335 2120 1401 Quasi
2148 1340 2369 1406 parvulis
2396 1342 2446 1396 in
2469 1341 2663 1398 Christo
2695 1346 2772 1399 lac
2798 1346 2933 1401 vobis
2955 1359 3129 1419 potant
3149 1351 3286 1418 dedi,
3311 1369 3412 1408 non

1823 1442 1988 1480 escam
2003 1445 2025 1494 ;
2052 1440 2208 1499 neque
2236 1433 2367 1485 enim
2393 1437 2630 1504 poteratis
2654 1453 2672 1491 :
2695 1438 2785 1491 sed
2802 1456 2889 1493 nec
2910 1440 3078 1495 adhuc
3096 1443 3298 1513 quidem
3327 1463 3412 1514 po-

1823 1521 1995 1585 testis;
2026 1524 2193 1577 adhuc
2220 1526 2350 1579 enim
2373 1529 2489 1582 estis
2514 1533 2760 1586 carnales.
2785 1533 3037 1600 Quamvis
3063 1551 3190 1607 ergo
3215 1554 3410 1595 carna-

1819 1611 1898 1665 les
1926 1628 2020 1668 eos
2045 1630 2164 1670 esse
2193 1615 2370 1684 dicat;
2404 1627 2581 1676 tamen
2608 1623 2717 1693 jam
2749 1625 2802 1680 in
2829 1625 3040 1682 Christo
3069 1638 3244 1697 natos,
3275 1639 3328 1685 et
3356 1630 3410 1686 in

1819 1702 1912 1757 illo
1954 1708 2226 1775 parvulos,
2273 1719 2326 1764 et
2354 1711 2490 1768 lacte
2534 1715 2813 1782 potandos.
2855 1718 2921 1772 Et
2964 1720 3105 1789 quod
3149 1721 3408 1792 adjungit,

1820 1794 1932 1850 Nec
1957 1799 2125 1853 adhuc
2151 1803 2351 1871 quidem
2381 1807 2602 1874 potestis,
2633 1809 2865 1863 ostendit
2893 1811 3232 1880 proﬁcientes
3259 1813 3408 1868 futu-

1818 1905 1937 1944 rum
1977 1907 2094 1948 esse
2122 1904 2178 1948 ut
2207 1897 2441 1965 possint;
2471 1901 2592 1969 quia
2617 1901 2726 1970 jam
2759 1903 2809 1956 in
2843 1904 2922 1958 eis
2949 1905 3296 1974 spiritualiter
3322 1921 3409 1963 re-

1818 1983 1957 2047 natis
1985 1986 2154 2055 gratia
2181 1987 2352 2043 luerat
2383 1991 2628 2048 inchoata
2654 1997 2696 2047 ’.
2721 1995 2861 2066 Ergo
2880 1997 2988 2067 jam
3018 2014 3142 2054 vasa
3173 2010 3328 2056 erant
3353 2001 3407 2057 in

1816 2072 2075 2130 honorem
2123 2078 2278 2145 facta,
2307 2083 2500 2151 quibus
2526 2085 2699 2141 adhuc
2726 2096 2902 2143 tamen
2940 2099 3083 2146 recte
3117 2092 3406 2160 diceretur,

1819 2163 1864 2220 0
1892 2167 2060 2234 homo,
2087 2179 2140 2223 tu
2167 2174 2275 2241 quis
2302 2191 2369 2239 es,
2410 2177 2496 2244 qui
2527 2179 2830 2247 respondeas
2867 2180 3013 2236 Deo?
3047 2184 3113 2238 Et
3139 2184 3184 2239 si
3217 2185 3410 2240 talibus

1814 2268 1961 2313 recte
2001 2261 2214 2328 dicitur,
2248 2266 2414 2320 multo
2459 2270 2656 2323 rectius
2699 2273 2776 2326 eis
2819 2273 2907 2342 qui
2935 2275 3019 2328 vel
3050 2277 3285 2332 nondum
3333 2277 3408 2334 ita

1814 2355 2110 2421 regenerali
2141 2365 2283 2422 sunt,
2311 2359 2394 2412 vel
2422 2359 2580 2414 etiam
2609 2362 2660 2415 in
2691 2365 3066 2420 contumeliam
3098 2365 3242 2423 lacti.
3273 2368 3404 2424 Illud

1812 2445 2182 2502 tantummodo
2223 2448 2537 2506 inconcussa
2567 2451 2669 2508 lide
2700 2463 2963 2522 teneatur,
3006 2458 3148 2527 quod
3183 2475 3291 2515 non
3335 2461 3409 2517 sit

1811 2535 2064 2607 iniquitas
2092 2541 2230 2609 apud
2258 2541 2421 2596 Deum
2449 2560 2462 2596 :
2495 2544 2583 2614 qui
2612 2545 2724 2600 sive
2748 2544 2930 2614 donet,
2961 2549 3072 2603 sive
3101 2551 3278 2622 exigat
3306 2551 3405 2607 de-

1813 2626 2002 2696 bitum,
2028 2646 2125 2685 nec
2151 2632 2241 2687 ille
2268 2649 2296 2687 a
2324 2650 2428 2704 quo
2450 2637 2630 2706 exigit,
2660 2646 2804 2693 recte
2831 2648 3005 2709 potest
3031 2641 3099 2699 de
3128 2642 3405 2712 iniquitate

1811 2719 1926 2790 ejus
1951 2725 2225 2794 conqueri,
2248 2742 2347 2781 nec
2372 2727 2463 2782 ille
2483 2728 2568 2784 cui
2589 2729 2770 2797 donat,
2799 2732 2956 2790 debet
2980 2734 3047 2789 de
3067 2735 3178 2791 suis
3197 2737 3404 2792 meritis

1810 2814 2044 2884 gloriari.
2078 2818 2143 2872 Et
2173 2819 2259 2874 ille
2285 2821 2448 2886 enim,
2480 2822 2578 2876 nisi
2609 2823 2750 2893 quod
2781 2825 3026 2894 debetur,
3054 2843 3161 2884 non
3187 2828 3361 2884 reddit
3386 2847 3402 2885 :

1809 2917 1864 2964 ct
1889 2909 1981 2967 ille
2006 2921 2112 2966 non‘
2141 2911 2320 2981 habet,
2353 2915 2454 2969 nisi
2483 2917 2626 2986 quod
2657 2919 2880 2989 accepit.

1882 3001 1969 3058 18.
1997 3003 2118 3087 Sed
2148 3006 2454 3061 enitendum
2486 3017 2569 3063 est
2595 3008 2697 3064 hoc
2722 3007 2860 3078 loco,
2891 3011 2936 3066 si
2967 3011 3225 3070 Dominus
3252 3014 3405 3087 adju-

1808 3103 1916 3162 vet,
1952 3086 2138 3153 videre
2177 3100 2623 3169 quemadmodum
2663 3112 2718 3158 et
2762 3104 2892 3161 illud
2927 3121 3115 3162 verum
3141 3109 3230 3176 sit,
3260 3086 3405 3180 quod

1808 3189 2065 3258 scriptum
2093 3200 2193 3261 est,
2221 3191 2370 3247 Nihil
2397 3195 2550 3250 odisti
2577 3212 2751 3250 eorum
2775 3214 2890 3269 qua
2931 3200 3135 3272 fecisti(
3160 3201 3290 3271 Sap.
3322 3218 3401 3269 ιι,

1807 3280 1926 3352 25);
1950 3292 2006 3337 et
2029 3283 2180 3351 illud,
2208 3283 2368 3339 Jacob
2397 3288 2572 3355 dilexi,
2590 3287 2733 3344 Esau
2753 3301 2923 3346 autem
2951 3295 3067 3349 odio
3090 3295 3242 3349 habui
3264 3294 3406 3369 (Ma-

1808 3380 1942 3434 lach.
1969 3395 2008 3448 1,
2034 3381 2192 3453 2,5).
2235 3381 2290 3438 Si
2334 3384 2475 3438 enim
2519 3394 2802 3456 propterea
2842 3388 2986 3444 Esau
3028 3391 3153 3446 odio
3195 3391 3400 3462 habuit,

1808 3472 1930 3542 quia
1958 3487 2051 3528 vas
2077 3472 2278 3528 factum
2307 3484 2424 3531 erat
2462 3476 2515 3530 in
2544 3479 2947 3548 contumeliam,
2976 3490 3032 3536 et
3055 3482 3198 3536 aliud
3225 3498 3317 3538 vas
3347 3484 3401 3539 in

1806 3563 2090 3633 honorem,
2134 3566 2277 3622 aliud
2322 3568 2375 3622 in
2420 3570 2799 3626 contumeliam
2846 3571 2990 3626 idem
3031 3573 3224 3643 ﬁgulus
3253 3573 3400 3644 fecit,

1809 3662 2076 3731 quomodo
2120 3663 2248 3717 nihil
2291 3664 2444 3718 odisti
2485 3681 2658 3719 eorum
2686 3682 2800 3735 qua:
2843 3666 3039 3737 fecisti?
3072 3667 3213 3722 Ecce
3257 3668 3402 3724 enim

1808 3754 1922 3808 odit
1960 3755 2124 3822 Esau,
2165 3755 2309 3825 quod
2348 3771 2440 3810 vas
2483 3757 2598 3827 ipse
2627 3756 2754 3812 fecit
2783 3759 2835 3812 in
2871 3758 3268 3814 contumeliam.
3299 3759 3400 3827 Qui

1809 3847 1982 3903 nodus
1999 3848 2068 3902 ita
2085 3847 2328 3913 solvitur,
2344 3849 2387 3902 si
2403 3849 2759 3920 intelligamus
2775 3850 3012 3906 omnium
3031 3861 3402 3910 creaturarqu

1810 3938 1930 3995 esse
1958 3941 2218 3996 artiﬁcem
2244 3941 2432 3996 Deum.
2457 3941 2642 3997 Omnis
2669 3952 2845 3998 autem
2875 3952 3117 4015 creatura
3143 3944 3238 4000 Dei
3263 3945 3405 4002 bona

1810 4044 1892 4090 est
1921 4035 1965 4104 (Ι
1997 4035 2130 4089 Tim.
2152 4052 2228 4103 iv,
2253 4036 2344 4106 4);
2376 4045 2429 4091 et
2466 4037 2642 4092 omnis
2673 4036 2834 4092 homo
2872 4037 2926 4092 in
2955 4046 3213 4109 quantum
3241 4037 3404 4096 homo

1810 4135 1913 4192 est,
1947 4137 2188 4183 creatura
2218 4137 2319 4194 est,
2361 4145 2467 4184 non
2511 4131 2562 4183 in
2603 4140 2857 4199 quantum
2893 4138 3142 4200 peccator
3179 4141 3279 4189 est.
3309 4133 3406 4192 Est

1811 4235 1938 4291 ergo
1963 4230 2172 4276 creator
2195 4222 2336 4276 Deus
2360 4233 2413 4277 et
2439 4223 2680 4292 corporis
2708 4223 2763 4278 e't
2789 4223 2953 4278 animi
2994 4223 3232 4279 humani.
3256 4225 3404 4281 Neu-

1811 4321 1951 4368 trum
2001 4314 2190 4367 horum
2233 4313 2453 4380 malum,
2495 4323 2550 4368 et
2591 4324 2838 4369 neutrum
2892 4314 3004 4370 odit
3051 4316 3191 4371 Deus
3222 4333 3236 4370 :
3271 4317 3405 4375 nihil

1811 4409 1953 4462 enim
1991 4407 2106 4463 odit
2140 4401 2324 4462 eorum
2352 4423 2471 4478 qua:
2504 4407 2645 4463 fecit.
2674 4408 2772 4464 Est
2797 4419 2976 4464 autem
3012 4409 3222 4465 animus
3260 4425 3404 4480 prte-

1810 4504 2036 4560 stantior
2088 4517 2346 4572 corpore;
2380 4502 2522 4557 Deus
2567 4517 2697 4557 vero
2745 4511 2800 4556 et
2839 4501 3027 4570 animo
3057 4511 3114 4557 et
3153 4516 3402 4572 corpore,

1811 4599 2089 4668 utriusque
2115 4596 2334 4653 ell‘ector
2346 4604 2401 4650 et
2427 4594 2689 4660 conditor,
2708 4609 2807 4651 nec
2833 4594 2946 4650 odit
2973 4595 3026 4650 in
3057 4595 3272 4652 homine
3301 4597 3406 4656 nisi

1811 4699 2110 4763 peccatum.
2139 4687 2236 4744 Est
2275 4698 2450 4742 autem
2496 4694 2772 4758 peccatum
2810 4685 3043 4743 hominis
3079 4687 3406 4748 inordinatio

1811 4791 1968 4853 atque
2018 4781 2374 4852 perversitas;
2417 4779 2468 4834 id
2510 4787 2614 4845 est,
2653 4794 2684 4832 a
2723 4779 3090 4850 przestantiore
3117 4777 3406 4840 Conditore

1811 4875 2040 4938 aversio,
2069 4883 2123 4930 et
2150 4873 2217 4928 ad
2246 4873 2457 4928 condita
2488 4870 2738 4926 inferiora
2767 4871 3069 4926 conversio.
3101 4871 3214 4928 Non
3248 4872 3407 4942 igitur

1812 4969 1925 5023 odit
1948 4968 2088 5022 Dens
2117 4966 2256 5022 Esau
2297 4964 2591 5029 hominem,
2621 4961 2716 5018 sed
2743 4963 2856 5018 odit
2884 4963 3024 5020 Deus
3045 4963 3184 5017 Esau
3217 4977 3407 5031 pecca-

1813 5070 2004 5116 torem.
2030 5060 2178 5115 Sicut
2208 5059 2402 5114 dicitur
2432 5057 2499 5112 de
2529 5056 2770 5122 Domino,
2804 5055 2868 5110 In
2896 5072 2988 5112 sua
3013 5056 3402 5126 propriavenit,

1813 5165 1858 5208 et
1883 5154 1964 5209 sui
1989 5170 2100 5207 eum
2128 5169 2228 5206 non
2258 5159 2551 5220 receperunt
2583 5151 2599 5219 (
2624 5148 2780 5204 Joan.
2811 5165 2847 5213 l,
2878 5150 2936 5202 Η
2965 5145 2984 5221 )
3011 5166 3022 5199 :
3055 5149 3247 5218 quibus
3277 5147 3404 5202 item

1812 5250 1926 5320 ipse
1958 5249 2104 5313 dicit,
2148 5247 2243 5300 Vos
2275 5255 2538 5316 pmpterea
2569 5261 2667 5297 non
2694 5243 2900 5308 auditis,
2929 5243 3171 5312 quianon
3201 5241 3318 5296 estis
3342 5255 3407 5296 ex

1813 5341 1920 5394 Deo
1939 5338 2048 5411 (Id.
2077 5354 2184 5404 vm,
2208 5339 2318 5407 47).
2345 5334 2620 5401 Quomodo
2646 5335 2743 5401 sui,
2765 5332 3031 5403 quomodo
3057 5348 3154 5386 non
3176 5348 3238 5386 ea:
3258 5329 3367 5386 Deo
3384 5345 3406 5386 :

1813 5435 1912 5488 nisi
1958 5433 2078 5503 quia
2125 5431 2253 5486 illud
2292 5430 2492 5484 dictum
2533 5413 2632 5483 est.
2659 5428 2724 5483 de
2769 5427 3093 5494 hominibus,
3127 5441 3260 5497 quos
3290 5427 3405 5494 ipse

1814 5528 2073 5584 Dominus
2119 5526 2357 5590 fecerat;
2409 5523 2537 5578 illud
2583 5522 2648 5577 de
2697 5519 3084 5590 peccatoribus,
3113 5517 3401 5587 quos-ipse

1816 5623 2070 5676 Dominus
2115 5617 2406 5689 arguebat?
2449 5617 2606 5672 iidem
2652 5627 2824 5670 tamen
2871 5612 3048 5683 ipsiet
3079 5610 3320 5664 homines
3347 5618 3402 5666 et

1814 5724 2156 5785 peceatores;
2199 5710 2293 5766 sed
2336 5709 2578 5763 homines
2610 5707 2700 5762 Dei
2737 5703 3058 5770 conditione,
3088 5709 3396 5779 peccatores

1879 5829 1894 5857 ι
1923 5834 2130 5884 Quatuor
2149 5831 2277 5882 Mss,
2299 5821 2519 5886 gratiam.

1877 5891 1896 5922 ³
1925 5897 1946 5938 \
1961 5891 2192 5940 ictorinus
2214 5884 2389 5949 codex,
2413 5884 2700 5938 inchoatum.
