3942 6416
480 341 586 408 123.

1079 328 1167 388 DE
1203 322 1516 385 DlVERSlS
1552 311 2070 389 QUIESTIONIBUS
2104 311 2197 369 AD
2232 311 2730 384 SIMPLICIANUM,
2769 311 2825 372 S.
2865 310 3232 372 AUGUSTINI

3666 309 3780 369 124

485 455 700 530 propria
725 451 1016 510 voluntate.
1045 446 1197 516 Quod
1228 461 1354 515 ergo
1379 441 1540 498 Jacob
1579 438 1779 502 dilexit,
1810 433 2068 505 numquid
2177 434 2394 491 tandum
2426 436 2690 502 timorem,
2714 443 2759 490 et
2787 443 2842 489 ut
2871 445 3014 490 notas
3039 440 3224 507 faceret
3239 433 3448 530 divitias
3466 423 3644 530 gloria:
3662 451 3777 530 sua;

487 559 738 623 peccator
766 561 870 602 non
897 543 1046 599 erat?
1071 541 1174 596 Sed
1201 539 1384 594 dilexit
1405 536 1457 590 in
1478 551 1541 588 eo
1560 550 1662 588 non
1685 532 1892 600 culpam
1910 543 2068 599 quam

487 621 719 704 delebat,
744 637 836 693 sed
861 635 1085 707 gratiam
1111 645 1268 703 quam
1297 627 1546 682 donabat.
1580 623 1712 678 Nam
1740 630 1795 677 et
1829 621 2070 677 Christus

490 751 586 806 pro
632 731 808 803 impiis
854 737 1093 784 mortuus
1138 733 1220 780 est
1262 722 1435 794 (Rom.
1466 719 1635 788 v.6):
1665 732 1770 772 non
1799 724 1976 771 tamen
2015 720 2075 768 ut

490 827 640 898 impii
679 819 1114 896 permanerent‘,
1144 815 1239 872 sed
1281 823 1335 868 ut
1375 810 1648 883 justiticati
1693 810 1760 862 ab
1805 807 2075 876 impietate

493 926 931 976 converterentur
949 917 991 982 ’,
1020 911 1298 968 credentes
1328 908 1381 960 in
1417 920 1535 959 eum
1567 902 1655 973 qui
1682 901 1936 971 justilicat
1973 899 2075 952 im-

494 1014 637 1084 pium
671 1009 796 1081 (Id.
825 1025 899 1073 tv,
925 1008 1014 1078 5);
1039 1004 1152 1060 odit
1180 1002 1321 1057 enim
1352 1000 1488 1054 Deus
1517 997 1865 1066 impietatem.
1897 991 2076 1062 Itaque

495 1107 547 1163 in
575 1106 692 1161 aliis
719 1120 835 1158 eam
869 1103 1018 1172 punit
1058 1115 1152 1170 per
1177 1094 1607 1158 damnationem,
1647 1091 1697 1144 in
1737 1089 1855 1142 aliis
1894 1086 2081 1141 adimit

497 1212 591 1267 per
614 1194 1072 1265 justiticationem,
1105 1184 1548 1260 quemadmodum
1587 1183 1699 1252 ipse
1733 1180 1935 1251 judicat
1963 1193 2080 1233 esse

494 1289 797 1347 faciendum
847 1287 950 1341 illis
995 1283 1209 1356 iudiciis
1259 1276 1706 1335 inscrntabililnis.
1736 1274 1803 1328 Et
1831 1271 1970 1344 quod
2016 1288 2081 1326 ex

501 1398 724 1438 numero
766 1381 1070 1450 impiorum,
1109 1390 1243 1446 quos
1286 1389 1390 1427 non
1424 1369 1695 1440 justificat,
1729 1365 1851 1420 facit
1878 1379 2000 1417 vasa
2029 1363 2080 1416 in

500 1475 898 1537 contumeliam,
932 1486 1036 1525 non
1066 1470 1167 1524 hoc
1196 1468 1249 1522 in
1280 1467 1357 1521 eis
1383 1464 1493 1519 odit
1526 1462 1664 1533 quod
1698 1460 1820 1515 facit
1849 1479 1860 1514 :
1889 1459 2084 1528 quippe

500 1569 554 1624 in
597 1577 850 1640 quantum
896 1565 1040 1635 impii
1085 1569 1228 1628 sunt,
1272 1558 1625 1615 exsccrabiles
1652 1563 1807 1619 sunt;
1840 1554 1891 1608 in
1919 1568 2088 1624 quan-

503 1667 617 1714 tum
646 1667 820 1714 autem
849 1670 974 1710 vasa
1003 1653 1156 1720 fiunt,
1181 1651 1247 1706 ad
1277 1651 1507 1721 aliquem
1537 1662 1691 1702 usum
1720 1647 1872 1709 fiunt,
1901 1651 1958 1698 ut
1993 1658 2086 1713 per

499 1765 687 1807 eorum
732 1748 1002 1804 ordinatas
1043 1761 1229 1816 pmnas
1265 1758 1391 1796 vasa
1417 1756 1536 1811 qua:
1571 1740 1700 1793 fiunt
1741 1738 1792 1790 in
1830 1736 2086 1790 honorem

504 1843 800 1914 proﬁciant.
833 1841 948 1894 Non
977 1840 1155 1909 itaque
1183 1836 1296 1890 odit
1319 1837 1476 1898 Deus,
1503 1848 1600 1888 nec
1631 1833 1681 1886 in
1709 1840 1961 1902 quantum
1989 1828 2088 1882 ho-

505 1937 680 1992 mines
719 1942 863 1999 sunt,
892 1948 991 1986 nec
1019 1932 1068 1984 in
1098 1939 1351 1999 quantmn
1390 1941 1511 1980 vasa
1554 1933 1710 1990 sunt;
1755 1923 1805 1977 id
1847 1931 1946 1989 est,
1991 1935 2090 1976 nec

503 2027 646 2098 quod
689 2028 741 2081 in
770 2026 846 2080 eis
877 2025 997 2079 facit
1026 2023 1279 2086 creando,
1306 2036 1401 2074 nec
1427 2019 1566 2088 quod
1610 2019 1660 2071 in
1693 2017 1771 2070 eis
1802 2015 1922 2068 facit
1949 2013 2090 2067 ordi-

504 2118 719 2174 nando:
745 2116 871 2170 nihil
901 2117 1043 2170 enim
1069 2113 1182 2168 odit
1211 2128 1396 2167 eorum
1427 2127 1544 2180 qua:
1588 2109 1731 2163 fecit.
1769 2106 1872 2162 Sed
1916 2116 2089 2160 tamen

505 2210 649 2280 quod
672 2224 794 2264 vasa
823 2223 916 2261 cos
953 2207 1078 2260 facit
1114 2203 1446 2274 perditionis,
1477 2202 1542 2255 ad
1571 2216 1722 2254 usum
1746 2199 2092 2254 correctionis

505 2303 731 2358 aliorum
774 2301 918 2355 facit.
947 2299 1069 2354 Odit
1107 2297 1249 2352 enim
1296 2297 1346 2351 in
1389 2297 1468 2350 eis
1511 2296 1836 2364 impietatem
1865 2294 1904 2361 ³,
1934 2309 2091 2364 quam

503 2394 619 2464 ipse
643 2407 750 2448 non
781 2393 922 2447 fecit.
946 2389 1093 2446 Sicut
1125 2391 1268 2444 enim
1292 2388 1457 2458 judex
1494 2389 1544 2441 in
1579 2387 1792 2441 homine
1830 2386 1942 2440 odit
1987 2385 2094 2438 fur-

504 2495 638 2549 tum,
685 2484 778 2538 sed
820 2500 925 2537 non
967 2483 1081 2535 odit
1122 2480 1266 2552 quod
1330 2480 1486 2534 datur
1524 2479 1590 2534 ad
1631 2479 1937 2544 metallum;
1970 2478 2095 2533 illud

505 2578 646 2632 enim
678 2576 781 2642 fur,
809 2576 908 2630 hoc
930 2575 1092 2644 judex
1121 2574 1243 2628 facit
1267 2591 1280 2626 :
1311 2574 1382 2628 ita
1407 2573 1548 2627 Deus
1577 2573 1717 2643 quod
1745 2589 1808 2627 ex
1835 2587 2092 2642 consper-

506 2670 658 2725 sioue
687 2669 969 2738 impiorum
1000 2666 1124 2722 facit
1155 2683 1279 2720 vasa
1308 2666 1640 2734 perditionis,
1670 2683 1776 2720 non
1814 2665 1924 2720 odit
1953 2663 2094 2735 quod

505 2761 650 2829 facit,
684 2761 735 2815 id
779 2769 880 2828 est,
913 2774 1046 2830 opus
1075 2757 1427 2813 ordinationis
1477 2773 1586 2812 suae
1635 2757 1685 2810 in
1727 2773 1882 2826 pinna
1919 2757 2095 2811 debita

507 2854 846 2925 pereuntium
873 2851 918 2920 ⁸,
949 2851 1002 2904 in
1041 2866 1144 2922 qua
1185 2851 1521 2905 occasionem
1553 2849 1738 2902 salutis
1767 2849 1840 2902 illi
1871 2865 2096 2920 quorum

508 2946 829 3010 miseretur,
896 2942 1190 2996 inveniant.
1243 2940 1331 2996 Sic
1389 2940 1652 2995 Pharaoni
1713 2939 1913 2994 dictum
1973 2950 2094 3007 est,

507 3036 589 3090 Ad
643 3037 736 3089 hoc
781 3043 828 3089 te
875 3035 1126 3100 excitavi,
1180 3041 1236 3086 ut
1299 3033 1558 3086 ostendam
1612 3032 1663 3085 in
1721 3041 1769 3086 te
1825 3033 2097 3102 potentiam

507 3145 704 3195 meum,
744 3138 791 3181 et
835 3136 889 3181 ut
937 3127 1265 3180 annuntietur
1315 3143 1495 3179 nomen
1541 3142 1705 3179 meum
1758 3126 1811 3180 in
1865 3125 2099 3180 universa

508 3229 663 3274 terra.
703 3217 828 3274 Haec
863 3218 1250 3274 demonstratio
1290 3218 1542 3288 potentia)
1570 3217 1686 3284 Dei,
1719 3226 1774 3272 et
1813 3218 2096 3272 annuntia-

507 3311 584 3366 tio
628 3311 861 3366 nominis
901 3310 1017 3380 ejus
1063 3311 1117 3364 in
1164 3310 1414 3365 universa
1463 3317 1600 3364 terra
1650 3309 1866 3380 prodest
1914 3309 1992 3366 eis
2043 3317 2099 3366 ut

509 3404 752 3470 timeant,
783 3411 838 3460 et
863 3405 976 3459 vias
1014 3417 1137 3459 suas
1175 3403 1478 3474 corrigunt,
1516 3403 1707 3474 quibus
1732 3405 1940 3459 vocatio
1979 3403 2098 3459 talis

507 3498 771 3569 congruit.
815 3496 904 3554 Sic
941 3505 1332 3568 consequenter
1373 3496 1501 3551 dicit
1536 3511 1550 3549 :
1600 3496 1662 3550 Si
1713 3506 1880 3550 autem
1927 3491 2099 3551 volens

507 3591 646 3646 Deus
671 3590 930 3646 ostendere
954 3591 1084 3644 iram
1102 3631 1118 3656 ,
1147 3600 1193 3644 et
1231 3589 1576 3644 demonstrare
1618 3589 1890 3658 potentiam
1917 3605 2060 3642 suam
2077 3631 2095 3656 ,

508 3681 675 3734 attulit
703 3681 761 3734 in
785 3681 946 3734 multa
974 3680 1216 3751 patientia
1242 3695 1362 3733 uasa
1387 3679 1498 3745 ine,
1525 3694 1635 3749 qua:
1661 3683 1884 3750 perfecta
1903 3687 2022 3734 sunt
2045 3682 2100 3735 in

508 3772 839 3844 perditionem
874 3787 895 3826 :
921 3771 1254 3838 subauditur,
1303 3769 1380 3825 Tu
1417 3771 1530 3841 quis
1558 3788 1628 3837 cs,
1665 3771 1751 3840 qui
1794 3773 2100 3844 respondeas

508 3863 660 3918 Deo?
684 3872 742 3918 ut
767 3869 1083 3918 recurrente’
1107 3863 1368 3918 sententia
1397 3861 1464 3917 ad
1492 3863 1650 3917 verba
1678 3863 1974 3933 superiora,
1999 3863 2099 3922 iste

508 3957 579 4013 sit
605 3971 794 4014 sensus
825 3973 843 4012 :
871 3956 928 4012 Si
958 3957 1142 4011 volens
1158 3955 1298 4011 Deus
1327 3956 1610 4010 ostendere
1635 3956 1788 4025 iram,
1815 3957 1990 4012 attulit
2010 3973 2101 4013 va-

509 4063 568 4105 sa
595 4049 722 4116 irzc;
750 4058 806 4104 tu
833 4049 954 4120 quis
990 4063 1048 4104 es
1067 4090 1082 4115 ,
1113 4049 1202 4118 qui
1232 4047 1558 4118 respondeas
1589 4048 1736 4103 Deo?
1772 4048 1888 4103 Non
1923 4058 2099 4106 autem

508 4141 680 4196 solum
709 4140 878 4194 volens
902 4139 1160 4195 ostendere
1181 4141 1341 4207 iram,
1370 4148 1416 4194 et
1456 4139 1798 4194 demonstrare
1829 4143 2102 4212 potentiam

509 4251 655 4288 suam
683 4235 849 4288 attulit
881 4235 934 4288 in
963 4235 1121 4288 multa
1149 4234 1387 4304 patientia
1424 4249 1544 4288 vasa
1580 4233 1691 4301 inc,
1729 4249 1844 4302 qua:
1880 4235 2102 4306 perfecta

508 4339 623 4383 sunt
643 4329 695 4382 in
725 4328 1088 4399 perditionem;
1114 4326 1206 4382 sed
1236 4327 1394 4382 etiam
1421 4325 1562 4398 quod
1586 4327 1844 4397 sequitur,
1875 4337 1929 4382 ut
1959 4338 2103 4385 notas

511 4426 699 4496 faceret
733 4422 930 4478 divitias
965 4423 1140 4494 gloria:
1175 4438 1280 4478 sua:
1312 4421 1365 4476 in
1409 4437 1528 4475 vasa
1562 4421 1934 4476 misericordiae.
1964 4422 2117 4490 Quid

508 4517 652 4571 enim
679 4514 897 4586 prodest
929 4515 1070 4570 vasis
1099 4512 1347 4585 perfectis
1376 4513 1430 4568 in
1469 4513 1842 4582 perditionem,
1871 4515 2010 4584 quod
2039 4529 2101 4570 ea

509 4608 772 4679 patienter
797 4608 937 4662 Deus
965 4606 1209 4674 sustinet,
1246 4614 1306 4659 ut
1336 4605 1581 4661 ordinate
1615 4605 1884 4674 disperdat
1904 4605 1957 4673 ⁸,
1987 4615 2100 4661 uta-

510 4709 704 4770 turque
724 4699 829 4754 illis
859 4698 925 4752 ad
947 4698 1356 4752 instrumentum
1384 4698 1570 4754 salutis
1597 4697 1843 4767 aliorum,
1873 4714 2100 4770 quorum

511 4790 840 4848 miseretur?
861 4787 970 4846 Sed
997 4789 1101 4844 illis
1128 4789 1308 4860 utique
1341 4789 1579 4860 prodest,
1611 4789 1677 4846 ad
1707 4807 1932 4862 quorum
1957 4795 2100 4850 salu-

512 4893 619 4940 tem
649 4883 764 4938 istis
786 4883 863 4938 sic
885 4882 1083 4948 utitur;
1115 4891 1168 4938 ut
1198 4883 1334 4937 sicut
1363 4883 1618 4953 scriptum
1645 4893 1746 4950 est,
1780 4885 1956 4954 justus
1985 4901 2102 4940 ma-

512 4991 614 5031 nus
649 4974 787 5030 lavet
815 4975 865 5028 in
894 4973 1150 5045 sanguine
1179 4975 1470 5044 peccatoris
1493 4975 1510 5044 (
1536 4973 1680 5030 Psal.
1719 4992 1854 5044 LVII,
1885 4979 1946 5032 11
1971 4977 2022 5048 ),
2048 4978 2102 5034 id

511 5078 613 5131 est,
634 5065 918 5121 mundetur
937 5065 1004 5120 ab
1023 5066 1272 5136 operibus
1291 5066 1442 5120 malis
1465 5083 1558 5137 per
1579 5067 1820 5122 timorem
1843 5069 1956 5137 Dei,
1979 5085 2101 5126 cum

510 5157 656 5214 videt
685 5157 941 5228 supplicia
961 5165 1319 5228 peccatorum.
1352 5157 1504 5224 Quod
1531 5174 1659 5229 ergo
1686 5160 1854 5215 volens
1875 5163 2103 5217 ostende-

511 5267 568 5307 re
592 5251 741 5317 iram,
773 5250 938 5305 attulit
956 5250 1202 5319 uasairte,
1233 5249 1375 5306 valet
1395 5250 1463 5306 ad
1484 5251 1665 5308 utilem
1693 5251 1813 5308 aliis
1841 5262 2101 5324 praestan-

583 5409 601 5442 ι
626 5406 763 5471 editi,
811 5412 866 5458 ut
1053 5405 1230 5460 mortui
1264 5398 1616 5473 permanerent.
1644 5407 1811 5472 Abest,
1843 5408 2040 5475 mortui,
2073 5424 2102 5464 a

514 5479 754 5595 “films,
777 5536 1096 5586 mutarentur.
1903 5553 1935 5557 -
1982 5549 1990 5553 -

542 5659 554 5671 ⁸
581 5599 602 5631 ³
621 5605 676 5670 tn
694 5604 804 5672 uss.
825 5597 1032 5647 habetur
1054 5597 1125 5648 sic
1148 5596 1272 5672 :__Sed
1296 5601 1454 5672 tamen
1477 5602 1746 5672 utvasaneos
1757 5597 1913 5671 faciat
1935 5600 2101 5672 perdi-

514 5659 674 5729 tionis,
707 5664 771 5710 ad
805 5673 943 5712 usum
986 5658 1296 5712 correctionis
1334 5658 1566 5723 aliorwn,
1607 5659 1708 5712 odit
1749 5658 1801 5714 in
1831 5661 1900 5714 eis
1929 5658 2101 5729 impie-

519 5728 689 5783 tatem,
724 5730 819 5773 etc.

581 5785 801 5850 fomites
816 5784 924 5836 fere
947 5793 1074 5850 Mss.,
1095 5783 1416 5850 pereuntibus.

584 5847 608 5887 ⁸
621 5849 696 5902 Sic
716 5852 826 5902 MSS.
850 5855 909 5905 At
930 5849 1068 5914 editi,
1087 5847 1140 5904 ut
1156 5848 1436 5904 ordinanter
1455 5851 1723 5919 disperdat.

2179 527 2230 580 in
2247 543 2365 581 vasa
2381 528 2752 594 misericordiae,
2777 542 2890 598 qua:
2911 526 3211 598 prteparavit
3231 525 3284 580 in
3307 524 3539 598 gloriam.
3556 525 3778 583 Etenim

2181 617 2458 673 obduratio
2479 618 2567 673 illa
2594 618 2874 689 impiorum
2895 626 3176 688 utrumque
3192 617 3544 684 demonstrat,
3569 617 3783 689 etquid

2183 707 2477 764 timendum
2533 708 2630 776 sit,
2686 718 2744 764 ut
2793 709 3014 780 quisque
3069 709 3261 779 pietate
3314 717 3659 764 convertatur
3715 709 3787 764 ad

2183 799 2382 867 Deum;
2426 809 2481 856 et
2523 810 2734 871 quantas
2775 801 2994 872 agendae
3021 800 3126 855 sint
3172 799 3354 871 gratia:
3395 798 3784 855 misericordia:

2187 893 2301 960 Dei,
2335 895 2421 965 qui
2449 895 2503 949 in
2525 895 2747 949 aliorum
2776 908 2932 965 paena
2955 892 3082 965 quid
3109 893 3226 948 aliis
3253 892 3415 948 donet
3442 892 3704 948 ostendit.
3729 890 3786 948 Si

2186 994 2362 1041 autem
2388 988 2496 1055 illa,
2519 1004 2674 1057 quam
2712 986 2779 1042 de
2813 987 2930 1042 aliis
2964 987 3143 1058 exigit,
3167 1003 3273 1041 non
3305 995 3386 1042 est
3406 987 3546 1058 justa
3581 1000 3783 1057 paena;

2189 1078 2320 1133 nihil
2347 1078 2508 1134 donat
2541 1079 2681 1146 aliis,
2714 1094 2743 1134 a
2775 1079 2966 1150 quibus
2994 1094 3111 1135 eam
3143 1095 3248 1134 non
3279 1080 3458 1150 exigit.
3491 1080 3628 1146 Quia
3652 1095 3788 1134 vero

2190 1172 2275 1226 illa
2315 1173 2451 1242 justa
2482 1183 2582 1237 est,
2608 1183 2661 1229 et
2684 1174 2826 1228 nulla
2851 1183 2931 1228 est
2957 1174 3205 1244 iniquitas
3243 1173 3382 1244 apud
3421 1173 3787 1230 vindicantem

2190 1265 2378 1331 Deum,
2405 1267 2522 1336 quis
2550 1266 2778 1321 sufficiat
2799 1281 2955 1337 agere
2983 1267 3177 1336 gratias
3206 1267 3253 1321 ei
3279 1267 3366 1336 qui
3396 1265 3495 1322 hoc
3521 1265 3785 1333 remittit,

2191 1356 2330 1427 quod
2357 1358 2401 1412 si
2426 1357 2583 1412 vellet
2610 1358 2821 1429 exigere
2839 1399 2856 1427 ,
2887 1373 3041 1414 nemo
3069 1373 3129 1414 sc
3159 1366 3304 1413 recte
3327 1358 3529 1414 diceret
3553 1373 3668 1413 non
3693 1355 3789 1413 de-

2193 1449 2318 1504 bere
2335 1453 2358 1502 ‘t

2266 1543 2352 1599 19.
2398 1545 2533 1611 Quos
2572 1553 2619 1599 et
2647 1546 2837 1600 vocavit
2875 1562 2996 1613 nos,
3029 1545 3228 1618 inquit,
3265 1563 3366 1601 non
3404 1546 3567 1602 solum
3593 1562 3658 1601 ea:
3687 1543 3792 1600 Ju-

2195 1634 2337 1702 dwis,
2367 1637 2454 1689 sed
2478 1638 2629 1691 etiam
2659 1655 2720 1692 ex
2746 1638 2988 1694 Gentibus
3012 1656 3029 1694 :
3053 1639 3104 1694 id
3127 1647 3228 1708 est,
3252 1655 3376 1695 vasa
3404 1638 3792 1695 misericordia:

2195 1743 2313 1797 quae
2338 1729 2651 1797 prmlntravit
2679 1730 2731 1784 in
2757 1731 3000 1800 gloriam.
3026 1730 3138 1785 Non
3162 1731 3303 1786 enim
3334 1745 3519 1786 omnes
3543 1730 3791 1800 Judaaos,

2196 1819 2288 1874 sed
2321 1835 2384 1874 ex
2410 1819 2608 1874 Judmis
2633 1839 2644 1874 :
2670 1837 2768 1876 nec
2793 1837 2981 1877 omnes
3008 1823 3225 1878 omnino
3247 1822 3490 1879 homines
3510 1822 3792 1893 Gentium,

2197 1911 2290 1968 sed
2319 1928 2383 1967 ex
2415 1913 2692 1969 Gentibus.
2721 1913 2837 1970 Una
2869 1924 2951 1970 est
2979 1916 3122 1971 enim
3154 1932 3218 1972 ex
3249 1915 3417 1971 Adam
3444 1931 3620 1971 massa
3662 1929 3794 1986 pec-

2198 2015 2436 2061 catorum
2467 2017 2522 2062 ct
2551 2008 2854 2077 impiorum,
2885 2010 2935 2064 in
2965 2025 3064 2081 qua
3114 2019 3168 2066 et
3204 2009 3370 2065 Judaei
3400 2019 3453 2066 et
3477 2010 3684 2067 Gentes
3711 2025 3797 2066 re-

2199 2110 2339 2154 mota
2363 2102 2528 2170 gratia
2562 2101 2654 2156 Dei
2684 2101 2749 2156 ad
2779 2117 2936 2157 unam
2967 2104 3232 2173 pertinent
3251 2105 3717 2174 conspersionem.
3742 2103 3796 2159 Si

2200 2192 2344 2246 enim
2388 2193 2577 2262 figulus
2613 2193 2710 2247 ltiti
2747 2210 2811 2249 cx
2854 2194 3040 2250 eadem
3081 2197 3459 2265 conspersione
3497 2195 3624 2251 facit
3654 2195 3798 2251 aliud

2201 2299 2292 2338 vas
2324 2285 2373 2338 in
2413 2285 2665 2341 honorem
2691 2329 2706 2354 ,
2733 2286 2875 2341 aliud
2906 2303 2998 2343 vas
3036 2289 3087 2342 in
3117 2290 3523 2354 contumeliam;
3561 2289 3798 2346 manife-

2202 2384 2340 2429 stum
2383 2384 2466 2430 est
2497 2385 2670 2431 autem
2707 2377 2847 2448 quod
2885 2387 2938 2433 et
2968 2395 3033 2434 ex
3062 2379 3259 2435 Judwis
3289 2391 3412 2436 sunt
3453 2381 3550 2435 alia
3585 2397 3719 2438 vasa
3751 2383 3800 2439 in

2201 2465 2480 2535 honorem,
2510 2469 2609 2524 alia
2635 2469 2688 2524 in
2710 2472 3107 2540 contumeliam,
3136 2474 3271 2528 sicut
3292 2489 3355 2530 ex
3379 2473 3639 2554 Gentibus
3672 2495 3688 2530 :
3715 2493 3800 2532 sc-

2202 2561 2380 2631 quitur
2420 2572 2478 2617 ut
2517 2562 2582 2618 ad
2623 2579 2781 2618 unam
2821 2567 3257 2636 conspersionem
3299 2583 3484 2623 onmes
3526 2569 3805 2640 pertinere

2203 2652 2582 2724 intelligantur.
2640 2656 2842 2712 Deinde
2897 2657 3082 2730 incipit
3141 2659 3366 2715 reddere
3427 2661 3806 2716 attestationcs

2203 2745 2484 2816 Propheta:
2503 2748 2518 2778 ¹
2551 2747 2773 2819 singulis
2797 2751 3082 2820 generibus
3113 2767 3371 2808 converso
3408 2753 3616 2809 ordine.
3647 2754 3808 2810 Prius

2203 2840 2344 2893 enim
2376 2840 2509 2896 dixit
2550 2859 2611 2896 ea:
2631 2841 2828 2897 Juda'is
2851 2846 2893 2910 ’,
2927 2846 3191 2915 posterius
3228 2863 3291 2902 ex
3318 2847 3556 2902 Gentibus
3597 2867 3612 2902 :
3656 2849 3809 2918 prius

2204 2939 2379 2984 autem
2410 2931 2581 2987 reddit
2624 2935 2984 2990 testimonium
3029 2952 3124 3008 pro
3167 2937 3454 3006 Gentibus,
3484 2939 3684 2994 deinde
3717 2957 3812 3012 pro

2203 3022 2419 3081 Jud:eis.
2462 3027 2662 3082 Etenim
2696 3031 2828 3085 sicut
2879 3029 3006 3084 Osce
3043 3031 3198 3098 dicit,
3255 3031 3450 3087 Vocabo
3477 3051 3575 3087 non
3613 3034 3812 3104 plebem

2204 3133 2387 3184 meam,
2417 3118 2609 3190 plebem
2632 3138 2793 3175 meam
2825 3163 2839 3188 ,
2871 3131 2914 3176 et
2943 3140 3040 3176 non
3063 3123 3316 3189 dilectam,
3341 3124 3576 3179 dilectam
3606 3145 3624 3180 :
3644 3136 3697 3180 et
3721 3128 3814 3182 erit

2203 3208 2256 3262 in
2288 3209 2395 3263 loco
2417 3211 2501 3264 ubi
2525 3211 2711 3264 dictum
2736 3221 2828 3281 est,
2861 3212 2981 3268 Non
3017 3215 3234 3286 populus
3263 3233 3401 3272 meus
3428 3234 3532 3286 vos,
3556 3218 3626 3272 ibi
3658 3207 3816 3273 uoca-

2205 3300 2389 3355 buntur
2417 3303 2512 3371 ﬁlii
2548 3301 2643 3356 Dei
2668 3305 2802 3358 vivi:
2830 3305 2904 3360 De
2933 3305 3192 3362 Gentibus
3222 3307 3538 3379 intelligitur
3577 3308 3813 3379 dictum,

2204 3391 2325 3463 quia
2359 3409 2460 3447 non
2484 3393 2748 3449 habebant
2773 3394 3092 3452 destinatum
3115 3415 3277 3454 unum
3303 3401 3695 3457 sacrificiorum
3728 3404 3816 3460 lo-

2204 3500 2346 3554 cum,
2379 3487 2515 3542 sicnt
2563 3486 2731 3543 Judaei
2763 3490 2815 3544 in
2844 3489 3159 3547 Jerusalem.
3188 3492 3333 3548 Missi
3380 3504 3506 3549 sunt
3528 3504 3715 3550 autem
3746 3497 3814 3553 ad

2206 3577 2406 3635 Gentes
2456 3582 2716 3651 Apostoli,
2759 3592 2815 3638 ut
2847 3585 2900 3638 in
2927 3583 3047 3640 loco
3073 3602 3170 3642 suo
3197 3587 3392 3659 quique
3417 3589 3732 3656 crederent,
3765 3600 3819 3648 et

2204 3669 2525 3742 ubicumque
2539 3672 2908 3742 credidissent,
2922 3675 2992 3730 ibi
3007 3677 3324 3732 sacrificium
3341 3679 3512 3735 laudis
3526 3680 3799 3738 offerrent

2205 3761 2396 3832 quibus
2420 3762 2565 3818 dedit
2603 3772 2921 3834 potestatem
2961 3767 3099 3824 lilios
3125 3769 3219 3824 Dei
3243 3769 3356 3825 ﬁeri
3389 3767 3640 3843 (10am,
3687 3773 3819 3846 12).

2206 3849 2376 3907 Isaias
2419 3863 2606 3921 autent,
2649 3855 2838 3927 inquit,
2889 3857 3078 3912 clamat
3129 3876 3221 3931 pro
3271 3858 3456 3916 Israel.
3499 3861 3578 3918 Ne
3619 3879 3824 3922 rursus

2206 3957 2394 4001 omnes
2421 3945 2672 4003 Israelita:
2694 3947 2745 4003 in
2773 3950 3128 4020 perditionem
3152 3952 3256 4009 isse
3277 3955 3562 4010 credantur
3581 3954 3625 4022 ³,
3653 3957 3825 4015 docet

2205 4044 2260 4092 et
2287 4037 2410 4093 inde
2438 4038 2575 4094 facta
2603 4039 2705 4095 alia
2735 4055 2863 4098 vasa
2887 4041 2942 4098 in
2973 4041 3229 4101 honorem
3248 4087 3263 4114 ,
3291 4046 3393 4102 alia
3433 4047 3485 4102 in
3519 4056 3822 4107 contume-

2207 4131 2354 4191 liam.
2384 4131 2447 4189 Si
2486 4135 2674 4206 fuerit,
2712 4135 2912 4208 inquit,
2946 4155 3180 4195 numerus
3208 4140 3429 4210 ﬁliorum
3471 4141 3637 4198 Israel
3671 4134 3824 4217 quasi

2207 4241 2363 4280 arena
2389 4229 2544 4281 maris
2564 4271 2579 4296 ,
2617 4230 2843 4300 reliquice
2875 4231 3029 4286 salva:
3062 4233 3204 4301 ﬁent.
3237 4234 3443 4291 Caetera
3468 4251 3594 4308 ergo
3629 4239 3820 4309 turba,

2206 4333 2332 4374 vasa
2370 4321 2602 4392 perfecta
2641 4321 2708 4376 ad
2746 4323 3119 4393 perditionem.
3162 4325 3377 4382 Verbum
3403 4330 3535 4382 enim
3569 4346 3825 4386 consum-

2207 4428 2351 4468 mans
2371 4422 2416 4468 et
2438 4415 2681 4484 breviatis,
2706 4416 2897 4488 inquit,
2931 4419 3081 4489 faciet
3105 4417 3354 4477 Dominus
3387 4439 3538 4495 super
3574 4434 3778 4482 terram
3805 4446 3825 4484 :

2209 4503 2261 4562 id
2287 4515 2391 4575 est,
2440 4514 2498 4562 ut
2539 4509 2856 4579 compendio
2887 4511 3008 4567 lidei
3037 4527 3132 4582 per
3160 4515 3384 4585 gratiam
3426 4515 3600 4572 salvos
3651 4517 3828 4578 faciat

2207 4597 2512 4667 credentes,
2541 4614 2646 4653 non
2676 4614 2772 4669 per
2797 4601 3213 4660 innumerabiles
3233 4605 3658 4676 observationes,
3695 4612 3823 4682 qui-

2208 4689 2306 4746 bus
2337 4691 2426 4744 illa
2458 4691 2740 4748 multitudo
2771 4694 3040 4751 serviliter
3068 4707 3287 4754 onerata
3317 4701 3684 4771 premebatur.
3717 4705 3830 4763 Per

2206 4781 2429 4854 gratiam
2452 4783 2645 4854 quippe
2666 4784 2821 4840 nobis
2846 4787 3065 4843 verbum
3087 4804 3464 4848 consummans
3484 4802 3538 4849 et
3557 4793 3828 4854 brevians

2209 4873 2335 4930 fecit
2354 4891 2514 4946 super
2542 4885 2737 4932 terram
2759 4921 2773 4946 ,
2800 4878 2986 4936 dicens
3017 4901 3030 4937 :
3059 4881 3254 4954 Jugum
3292 4902 3457 4942 nteant
3487 4887 3595 4941 lene
3629 4899 3738 4958 est,
3778 4902 3831 4947 et

2207 4968 2406 5023 sarcina
2426 4986 2536 5024 mea
2562 4969 2679 5025 levis
2700 4981 2771 5026 est
2800 4972 3009 5044 (Matth.
3030 4977 3227 5049 xr,50).
3247 4978 3396 5046 Quod
3423 4977 3664 5052 et'paulo
3697 4993 3830 5055 post

2211 5060 2296 5116 hic
2320 5061 2512 5117 dicitur
2543 5079 2556 5117 :
2591 5061 2762 5134 Prope
2791 5063 2876 5118 te‘
2906 5076 2977 5120 est
2998 5069 3200 5123 verbum
3228 5071 3280 5125 in
3304 5089 3389 5126 ore
3417 5083 3521 5141 tuo,
3545 5075 3667 5129 etin
3702 5095 3830 5133 cor-

2207 5152 2271 5208 de
2291 5163 2395 5222 tuo,
2427 5154 2520 5208 hoc
2546 5165 2618 5209 est
2641 5156 2841 5210 verbum
2877 5158 2998 5228 ﬁdei
3036 5161 3174 5230 quod
3211 5163 3579 5234 praedicamus;
3609 5168 3742 5238 quia
3777 5175 3828 5229 si

2207 5249 2494 5318 conﬁtearis
2528 5250 2580 5304 in
2611 5267 2697 5305 ore
2735 5260 2822 5306 tuo
2858 5252 2977 5324 quia
3021 5252 3270 5312 Dominus
3295 5267 3366 5313 est
3384 5257 3534 5315 Iesus
3567 5270 3612 5314 et
3641 5263 3832 5317 credi-

2209 5340 2340 5398 deris
2368 5340 2420 5396 in
2447 5342 2597 5398 corde
2639 5351 2724 5398 tuo
2771 5344 2890 5417 quia
2914 5344 3054 5403 Deus
3085 5347 3504 5406 illumsuscitavit
3529 5369 3562 5407 a
3594 5356 3833 5413 mortuis

2273 5477 2291 5544 ξ
2313 5485 2438 5544 Mss,
2462 5477 2746 5544 prophetiae.
2890 5543 2897 5544 ί
3353 5461 3356 5464 ’

2208 5541 2444 5668 φέωίιὶ,
2456 5541 2700 5594 conuersos
2718 5548 2782 5595 ea:
2800 5543 3003 5597 Judtets.
3019 5545 3186 5609 Abest,
3197 5559 3464 5613 conversos,
3474 5562 3503 5602 a
3517 5555 3621 5601 uss.
3635 5549 3836 5615 pleru-

2275 5668 2296 5699 ³
2321 5675 2449 5740 Lov.,
2472 5667 2525 5740 in
2550 5668 3018 5740 perditionemmissi
3031 5674 3312 5740 credantur.
3331 5683 3389 5728 tu.
3409 5675 3586 5727 melius
3607 5684 3724 5729 Am.
3743 5685 3832 5733 Er.

2217 5738 2267 5780 ct
2293 5736 2446 5779 nostri
2471 5739 2606 5788 3155.,
2632 5734 2683 5781 in
2707 5734 3023 5790 perditionem
3044 5737 3136 5790 isse
3155 5742 3433 5790 credantur.

2274 5794 2296 5824 δ
2316 5794 2611 5864 l‘articulam,
2627 5802 2688 5855 te,
2703 5794 2779 5848 hic
2800 5799 2931 5851 addit
2953 5803 3307 5857 vetustissimus
3326 5806 3628 5858 Corbeiensis
3647 5809 3837 5864 codex

2163 5919 2172 5926 _
2207 5867 2370 5923 grazco
2392 5860 2726 5913 consentiens.
