3942 6416
161 481 427 539 adraseris.
453 472 595 531 Corde
616 469 744 525 enim
769 465 1030 521 creditur
1055 466 1129 520 ad
1143 462 1406 537 justitiam,
1427 477 1513 517 ore
1534 470 1707 515 autem

164 574 380 644 confessio
397 569 447 635 ﬁt
466 566 525 618 ad
551 563 778 618 salutem.
814 557 1023 628 (Rom.
1058 575 1113 623 κ,
1148 553 1314 626 8-10).
1347 554 1457 609 Hoc
1480 561 1563 609 est
1587 568 1708 608 vcr-

167 666 277 721 butn
300 669 633 718 consummas
662 662 717 708 et
738 650 1028 718 brevians,
1050 648 1197 720 quod
1232 646 1352 704 fecit
1376 647 1514 702 Deus
1545 661 1707 713 super

165 768 352 820 turam,
373 768 464 824 qua
499 747 973 807 consummatione
1000 754 1160 814 atque
1187 739 1539 797 breviatione‘
1568 740 1705 795 latro

156 852 417 923 insatiatus
437 853 537 912 est,
564 842 656 915 qui
676 841 869 897 deﬁxis
893 840 950 894 in
972 852 1132 895 cruce
1155 836 1403 892 omnibus
1426 833 1704 904 membris,

158 955 201 1001 ct
218 943 392 999 habens
412 940 574 996 libera
596 937 716 992 haec
739 936 869 1001 duo,
900 933 1065 990 corde
1091 930 1315 987 credidit
1331 928 1398 985 ad
1420 928 1703 999 justitiam,

159 1054 239 1092 ore
265 1034 504 1090 confessus
531 1041 617 1087 est
650 1030 722 1085 ad
758 1029 1023 1092 salutem;
1062 1024 1348 1094 statimque
1372 1022 1557 1078 audire
1586 1036 1703 1076 me-

160 1130 266 1195 ruit,
292 1127 431 1182 Hodie
456 1142 658 1181 mecum
703 1126 804 1179 eris
828 1125 882 1177 in
922 1122 1161 1193 paradiso
1187 1118 1356 1190 (Luc.
1385 1132 1537 1183 nm,
1567 1116 1639 1171 45
1660 1113 1702 1186 ).

146 1196 569 1290 immeqnerentur
606 1218 758 1273 enim
806 1216 946 1271 bona
974 1228 1135 1283 opera
1176 1212 1324 1284 ejus,
1364 1211 1410 1266 si
1454 1214 1706 1281 percepta

152 1316 289 1387 gratia
313 1316 395 1370 diu
430 1314 573 1369 inter
606 1313 862 1367 homines
906 1310 1123 1363 viveret.
1167 1306 1274 1363 Sed
1303 1313 1480 1360 tamen
1508 1318 1614 1358 non
1640 1314 1707 1358 ea

152 1416 507 1477 praecesserant,
528 1414 585 1460 ut
604 1403 857 1459 eamdem
871 1402 1098 1472 gratiam
1117 1405 1438 1464 mereretur,
1458 1412 1523 1452 ex
1543 1396 1707 1451 latro-

149 1502 271 1556 cinio
291 1504 411 1555 fixus
432 1502 484 1555 in
505 1514 688 1563 cruce,
712 1514 783 1553 ex
806 1511 965 1552 cruce
984 1495 1038 1549 in
1064 1493 1367 1564 paradisum
1396 1489 1702 1546 translatus.

152 1595 210 1649 Et
225 1596 337 1648 sicut
362 1594 605 1664 pmdixit,
638 1594 833 1662 inquit,
864 1589 1049 1652 Isaias,
1074 1587 1193 1642 Nisi
1216 1587 1467 1641 Dominus
1492 1582 1707 1639 sabaotlt

149 1690 392 1758 reliquisset
411 1689 544 1742 nobis
572 1704 765 1749 semen,
805 1686 935 1739 sicut
964 1682 1191 1737 Sodoma
1218 1681 1341 1753 facti
1373 1694 1592 1733 essemus
1614 1719 1628 1742 ,
1658 1684 1707 1731 et

150 1782 260 1834 sicut
293 1780 555 1834 Gomorrha
590 1779 786 1833 similes
816 1778 1099 1846 fuissemus.
1136 1772 1287 1841 Quod
1320 1771 1407 1825 hic
1434 1770 1541 1838 ait,
1581 1769 1703 1824 reli-

150 1874 313 1945 quisset
340 1874 470 1928 nobis
496 1891 693 1937 semen;
720 1872 824 1927 hoc
848 1870 941 1936 ibi,
976 1868 1205 1939 reliquias
1237 1866 1391 1920 salute
1421 1866 1560 1933 ﬁent.
1592 1865 1707 1918 Cte-

152 1971 240 2023 teri
277 1978 444 2024 autem
470 1978 715 2037 tanquam
744 1965 1059 2037 perditionis
1087 1977 1209 2017 vasa
1238 1962 1421 2017 debito
1445 1959 1705 2030 supplicio

154 2062 432 2130 perienmt.
454 2062 517 2114 Et
538 2070 597 2114 ut
619 2075 725 2115 non
747 2074 926 2113 omnes
951 2057 1217 2128 perissent
1236 2056 1373 2109 sicut
1398 2054 1449 2107 in
1472 2052 1703 2108 Sodoma

159 2162 215 2208 et
257 2153 549 2217 Gomorrha,
580 2168 686 2207 non
725 2153 951 2207 meritum
996 2164 1181 2204 eorum
1221 2146 1378 2213 fecit,
1410 2144 1505 2201 sed
1534 2143 1705 2215 gratia

157 2246 248 2300 Dei
284 2247 610 2315 relinquentis
637 2261 846 2309 semen,
878 2242 1019 2299 unde
1057 2242 1159 2297 alia
1197 2240 1390 2297 messis
1434 2247 1548 2293 toto
1574 2237 1704 2293 orbe

150 2349 482 2410 consurgeret.
513 2340 624 2394 lloc
657 2347 710 2394 et
740 2339 897 2408 paulo
935 2347 1055 2407 post
1081 2355 1093 2390 :
1127 2337 1216 2392 Sic
1251 2352 1405 2407 ergo,
1435 2334 1625 2404 inquit,
1656 2342 1704 2387 et

152 2434 196 2484 in
244 2433 329 2485 hoc
365 2443 569 2501 tempore
625 2431 856 2501 reliquit:
906 2447 996 2501 per
1019 2430 1309 2483 electionem
1342 2428 1520 2495 gratia:
1552 2426 1706 2480 salva:

156 2527 282 2593 facta
296 2534 418 2577 sunt.
446 2523 503 2578 Si
525 2534 698 2587 autem
728 2524 915 2592 gratia,
937 2522 1051 2591 jam
1080 2536 1179 2575 non
1201 2535 1263 2573 ea:
1281 2518 1551 2587 operibus;
1576 2516 1705 2569 alio-

156 2618 251 2684 quis
274 2619 422 2685 gratia
439 2620 543 2688 jam
582 2632 688 2669 non
720 2624 797 2670 est
824 2614 1013 2685 gratia.
1042 2612 1180 2680 Quid
1204 2628 1321 2682 ergo
1343 2611 1369 2663 ?
1400 2608 1549 2677 Quod
1569 2622 1706 2678 qua:-

159 2709 271 2762 rrbst
296 2709 457 2775 Israel,
483 2710 574 2764 hoc
595 2726 700 2763 non
740 2716 816 2762 est
842 2716 1167 2771 consecutus;
1194 2704 1367 2759 electio
1393 2713 1560 2757 autem
1585 2718 1705 2755 con-

158 2812 299 2856 secuta
331 2813 424 2867 est;
448 2804 613 2857 ceteri
640 2818 761 2856 vero
795 2802 1032 2855 excwcati
1069 2808 1185 2855 sunt
1222 2798 1413 2871 (Rom.
1439 2812 1516 2864 ιιι,
1545 2795 1635 2851 5-7
1657 2793 1702 2866 ).

158 2894 403 2952 Consecuta
452 2904 579 2951 sunt
612 2910 747 2950 vasa
796 2895 1211 2963 misericordiae,
1262 2900 1529 2948 excaecata
1583 2898 1707 2945 sunt

165 3002 273 3042 vasa
288 2991 366 3043 ira
388 3007 400 3043 :
424 3006 480 3046 ex
504 2991 704 3046 eadem
727 2999 911 3045 tamen
930 2990 1328 3061 conspersione,
1352 2988 1493 3043 sicut
1516 2986 1569 3041 in
1589 2985 1706 3057 ple-

162 3083 359 3139 nitudine
381 3085 643 3141 Gentium.

217 3175 291 3231 20.
320 3177 397 3232 Est
433 3179 585 3234 locus
628 3177 850 3248 quidam
890 3176 1181 3248 Scriptum
1219 3175 1287 3231 ad
1329 3190 1443 3232 rem
1488 3173 1560 3230 de
1599 3186 1704 3243 qua

157 3284 275 3325 nunc
297 3272 493 3341 agimus,
536 3272 776 3326 maxime
820 3271 1184 3336 necessarius,
1218 3268 1406 3324 eadem
1444 3281 1563 3339 quae
1592 3273 1705 3320 tra-

158 3370 268 3415 stata
310 3370 447 3427 sunt,
484 3364 629 3418 mira
680 3363 1073 3417 contestatione
1123 3362 1489 3426 confirmans,
1536 3359 1590 3413 in
1639 3370 1706 3412 eo

158 3452 269 3509 libro
293 3457 369 3526 qui
392 3457 451 3513 ab
478 3458 602 3512 aliis
627 3456 790 3512 Jesus
823 3456 1037 3523 Sirach,
1068 3455 1137 3510 ab
1162 3455 1278 3510 aliis
1300 3452 1707 3509 Ecclesiasticus

154 3543 338 3612 dicitur,
370 3548 416 3601 in
442 3565 543 3618 quo
588 3551 668 3603 ita
700 3549 960 3618 scriptum
1000 3554 1086 3603 est
1126 3564 1139 3601 :
1176 3546 1242 3602 Et
1268 3562 1439 3601 omnes
1479 3545 1707 3599 homines

153 3634 206 3690 de
226 3639 337 3705 solo,
362 3649 403 3693 et
426 3658 483 3695 et
509 3652 661 3696 terra
682 3640 848 3695 Adam
879 3643 899 3671 ³
928 3651 1126 3695 creatus
1155 3649 1245 3695 est.
1287 3638 1355 3694 In
1384 3638 1707 3693 multitudine

156 3728 401 3799 disciplina
434 3732 691 3790 Dominus
735 3735 988 3805 separavit
1034 3750 1140 3801 eos,
1186 3743 1233 3788 et
1276 3735 1556 3788 immutavit
1599 3734 1707 3788 vias

151 3836 324 3877 eorum.
366 3822 425 3877 Et
454 3842 510 3879 cz
550 3827 691 3895 ipsis
723 3826 980 3880 benedixit
1024 3837 1071 3881 et
1116 3827 1390 3894 exultavit,
1436 3835 1482 3881 et
1522 3841 1586 3880 ex
1629 3825 1708 3879 his

152 3918 436 3985 sanctiﬁcat-it
460 3932 503 3974 et
544 3921 621 3974 ad
666 3936 721 3974 se
766 3921 1075 3991 applicavit,
1118 3929 1164 3975 et
1193 3937 1255 3975 ex
1296 3921 1420 3991 ipsis
1446 3920 1709 3974 maledixit

153 4009 463 4067 ethsmiliarit
489 4029 508 4067 :
540 4022 600 4067 et
645 4015 888 4066 convertit
932 4012 1050 4068 illos
1078 4013 1145 4067 ad
1189 4015 1549 4068 dissensionem
1586 4013 1707 4066 illo-

150 4118 260 4155 rum.
292 4104 433 4171 Quasi
456 4108 639 4161 lutum
666 4105 814 4176 ﬁguli
848 4107 900 4158 in
931 4122 1084 4160 manu
1113 4107 1272 4177 ipsius
1301 4108 1556 4175 plasmare
1578 4104 1709 4159 illud

153 4201 193 4245 et
210 4195 477 4267 disponere,
519 4215 710 4253 omnes
738 4198 832 4252 via:
870 4200 981 4269 ejus
1024 4200 1299 4255 secundum
1328 4199 1710 4271 dispositionem

146 4288 267 4355 eiu;
302 4291 370 4343 sic
392 4292 543 4346 homo
593 4291 657 4344 iss
694 4307 852 4343 manu
877 4291 1019 4344 illius
1047 4292 1134 4361 qui
1174 4308 1229 4345 se
1268 4292 1414 4362 fecit,
1452 4300 1500 4345 et
1535 4290 1712 4344 reddet

152 4377 213 4431 illi
233 4383 481 4447 secundum
501 4381 776 4455 judicium
802 4398 973 4437 suum.
1006 4380 1496 4437 Contrariummalo
1525 4381 1711 4435 bonum

149 4480 243 4539 est,
280 4482 319 4526 et
357 4484 530 4529 contra
560 4483 784 4529 mortem
825 4474 926 4528 vita
969 4482 1078 4541 est;
1127 4474 1199 4528 sic
1242 4483 1289 4529 et
1331 4481 1508 4527 contra
1550 4474 1713 4528 uirum

148 4560 305 4631 ﬁdem
325 4578 579 4638 peccator.
621 4566 689 4621 Et
732 4567 803 4620 sic
844 4566 1039 4621 intuere
1074 4568 1125 4620 in
1157 4568 1326 4620 omnia
1366 4583 1523 4637 Opera
1549 4566 1710 4620 Altis-

148 4656 240 4709 simi
258 4674 274 4713 :
295 4659 407 4727 duo,
434 4662 541 4716 duo
566 4662 633 4725 ³;
658 4676 819 4713 unum
844 4668 1019 4713 contra
1045 4672 1222 4713 unum.
1251 4660 1434 4713 Primo
1455 4659 1541 4715 hic
1565 4673 1713 4714 com-

149 4749 361 4805 mendata
389 4762 471 4808 est
516 4752 811 4823 disciplina
842 4753 933 4808 Dei
964 4771 976 4807 :
1024 4752 1090 4807 In
1129 4750 1480 4819 multitudine,
1521 4752 1711 4823 inquit,

148 4842 396 4912 disciplima
420 4845 689 4901 Dominus
714 4846 964 4916 separavit
989 4861 1075 4900 eos
1098 4862 1116 4901 :
1143 4848 1286 4901 unde
1306 4887 1322 4912 ,
1355 4847 1455 4901 nisi
1484 4862 1515 4901 a
1541 4846 1715 4901 beati-

150 4930 299 4989 tudine
339 4937 632 5007 paradisi?
679 4935 748 4990 Et
792 4937 1075 4991 immutaoit
1114 4938 1221 4992 vias
1257 4953 1462 5004 eorum,
1508 4948 1566 4993 ut
1603 4939 1712 5009 jam

149 5032 365 5096 tanquam
386 5032 660 5087 mortales
682 5031 938 5088 viverent.
968 5030 1119 5087 Tunc
1144 5030 1279 5087 facta
1304 5040 1387 5088 est
1414 5047 1513 5087 una
1537 5047 1714 5087 massa

153 5123 385 5195 omnium,
416 5126 658 5183 veniens
701 5126 767 5183 de
808 5126 1028 5183 traduce
1070 5125 1325 5198 peccati"
1354 5135 1409 5184 ει
1455 5127 1522 5183 de
1558 5142 1715 5199 pmna

155 5215 455 5273 mortalitatis
478 5261 496 5286 ,
541 5220 792 5290 quamvis
828 5218 939 5274 Deo
976 5219 1238 5275 formante
1267 5228 1321 5276 et
1348 5230 1564 5276 creante
1597 5236 1716 5292 quae

155 5298 267 5360 hom
288 5320 426 5366 sunt.
456 5310 523 5367 In
565 5313 818 5368 omnibus
849 5322 929 5369 cst
952 5314 1095 5369 enim
1124 5314 1330 5385 species
1368 5322 1421 5369 et
1458 5329 1717 5386 compago

153 5402 363 5468 corporis
403 5404 459 5459 in
511 5412 665 5459 tanta
710 5407 1072 5463 membrorum
1119 5406 1440 5477 concordia,
1490 5414 1549 5463 ut
1590 5406 1715 5463 inde

206 5526 290 5558 In.
335 5539 495 5558 ..ι-..ρ
572 5533 701 5558 1...:

207 5533 302 5581 ἰι
333 5539 540 5595 etlas.,
568 5533 811 5586 brevitate.

207 5590 287 5664 {In
299 5596 462 5664 editis,
485 5612 557 5648 ea:
580 5603 712 5647 terra
734 5598 863 5664 auide
888 5598 1058 5648 Adam.
1082 5599 1333 5663 Particula,
1356 5600 1503 5664 unde,
1527 5602 1668 5653 abest
1685 5615 1712 5651 a

157 5649 244 5724 .3;-
258 5663 358 5724 ἢῆ
372 5649 519 5724 textu
534 5673 700 5724 graeco
723 5661 851 5724 apud
879 5667 1008 5710 Lxx.

160 5712 393 5825 itstiti,
414 5723 519 5773 duo
534 5712 711 5773 castra
740 5712 855 5773 duo.
892 5724 1064 5783 Abest,
1089 5729 1279 5787 contra,
1312 5738 1341 5777 a
1369 5727 1625 5781 veteribus
1658 5726 1716 5783 lis

211 5839 229 5870 ⁸
252 5843 510 5901 tiam-inus
534 5848 848 5914 Excutiens
872 5849 935 5903 de
952 5847 1118 5904 radice
1134 5850 1335 5919 peccati.

1503 343 1706 401 LIBER
1741 340 2011 401 PRIMUS.

3296 346 3400 406 196

1818 452 2109 527 Apostolus
2145 451 2212 508 ad
2255 452 2571 511 charitatem
2611 454 2956 514 obtinendam
2998 456 3401 517 similitudinem

1816 548 2038 604 duceret
2077 548 2095 617 (
2113 546 2134 601 Ι
2161 544 2281 602 Cor.
2308 563 2414 617 xu,
2445 547 2534 617 12,
2563 545 2713 622 ειε.).
2752 549 2808 605 ιιι
2842 550 3089 606 omnibus
3117 560 3199 606 est
3236 552 3400 608 etiam

1815 638 2033 710 spiritus
2061 638 2235 693 vitalis
2276 646 2487 694 terrena
2513 638 2756 695 membra
2780 642 3053 698 viviﬁcans
3071 684 3088 713 ,
3119 643 3403 714 omnisque

1814 720 2005 787 natura
2033 730 2268 788 hominis
2289 732 2563 788 dominatu
2589 733 2786 789 anima:
2811 744 2866 790 et
2889 735 3144 792 famulatu
3162 735 3404 807 corporis

1813 825 2121 882 conditione
2171 825 2402 882 mirabili
2444 835 2738 898 temperata
2774 845 2789 882 :
2833 828 2928 884 sed
2970 829 3403 901 concupiscentia

1810 919 2043 974 carnalis
2084 917 2151 974 de
2195 920 2399 990 peccati
2451 935 2605 991 pmna
2647 920 2759 991 jam
2795 936 3060 992 regnans,
3091 923 3398 980 universum

1810 1026 1980 1079 genus
2007 1010 2297 1067 humanum
2329 1021 2580 1083 tanquam
2607 1022 2771 1070 totam
2799 1022 2854 1069 et
2878 1031 3040 1069 unam
3063 1016 3403 1085 conspersio-

1813 1119 1935 1159 nem
1960 1103 2205 1175 originali
2231 1114 2383 1161 reatu
2410 1105 2461 1160 in
2486 1107 2664 1162 omnia
2689 1119 3037 1177 permanante
3060 1106 3396 1172 confuderat.

1811 1195 1878 1251 Et
1907 1205 2081 1251 tamen
2114 1197 2388 1267 sequitur,
2418 1198 2505 1253 Ea:
2538 1200 2662 1271 ipsis
2687 1198 2937 1254 benedixit
2965 1208 3011 1254 et
3039 1199 3314 1267 exaltabit,
3351 1207 3401 1253 et

1811 1305 1873 1343 ea:
1901 1289 2024 1359 ipsis
2052 1291 2384 1359 sancti/ienuit
2413 1301 2460 1347 et
2487 1293 2556 1347 ad
2578 1310 2634 1349 se
2660 1293 2954 1366 applicabit,
2986 1302 3032 1350 et
3057 1310 3120 1349 ea:
3141 1294 3268 1365 ipsis
3291 1308 3403 1347 nta-

1810 1380 1989 1436 ledixit
2018 1390 2065 1437 et
2095 1382 2407 1452 humiliavit,
2438 1393 2488 1438 et
2511 1380 2749 1440 convertit
2793 1386 2911 1441 illos
2941 1386 2996 1440 in
3035 1385 3400 1441 dissensionem

1808 1473 2040 1544 ipsorum
2076 1491 2095 1529 :
2132 1484 2384 1546 tanquam
2422 1478 2679 1548 Apostolo
2721 1477 2968 1542 dicente,
2993 1476 3074 1535 An
3112 1493 3213 1533 non
3252 1474 3401 1532 habet

1811 1576 2108 1638 potestatem
2153 1569 2343 1640 ﬁgulus
2385 1571 2480 1624 luti
2522 1588 2583 1625 ea:
2624 1572 2798 1626 eadem
2844 1570 3195 1643 couspersione
3235 1572 3403 1641 facere

1810 1660 1952 1714 aliud
1981 1676 2066 1715 vas
2104 1661 2158 1715 in
2198 1661 2458 1728 honorem,
2485 1663 2629 1717 aliud
2656 1664 2710 1717 in
2733 1661 3129 1721 contumeliam?
3166 1660 3401 1731 Ideoque

1811 1750 1942 1806 illud
1966 1752 2107 1823 quod
2132 1753 2453 1822 contexitur,
2484 1770 2583 1810 nec
2608 1754 2675 1810 ab
2700 1755 2812 1824 ipsa
2849 1752 3195 1809 similitudine
3213 1759 3396 1808 vacat:

1812 1844 1971 1909 Quasi
2000 1845 2197 1914 lutum,
2237 1847 2437 1917 inquit,
2481 1848 2628 1918 ﬁguli
2668 1849 2725 1901 in
2757 1865 2911 1902 manu
2945 1847 3102 1918 ipsius
3146 1846 3400 1917 plasmare

1808 1936 1942 1990 illud
1967 1946 2010 1990 et
2041 1938 2328 2006 disponere,
2356 1956 2528 1993 omnes
2552 1940 2646 1994 uia:
2671 1940 2780 2011 ejus
2808 1939 3086 1995 secundum
3109 1937 3402 2010 dispositio-

1808 2043 1922 2081 nem
1948 2030 2096 2098 ejus;
2135 2030 2206 2084 sic
2248 2030 2395 2084 homo
2421 2031 2475 2085 in
2512 2049 2667 2085 manu
2707 2032 2847 2086 illius
2884 2032 2970 2103 qui
3011 2047 3065 2086 se
3108 2031 3245 2101 fecit.
3287 2027 3397 2086 Sed

1809 2120 1931 2189 quia
1957 2119 2086 2173 dicit
2109 2121 2419 2190 Apostolus,
2450 2120 2715 2194 Numquid
2742 2123 2981 2193 iniquitas
3014 2121 3154 2193 apud
3185 2119 3395 2176 Deum!

1807 2212 1931 2267 vide
1956 2222 2010 2267 ct
2037 2212 2123 2269 hic
2148 2213 2274 2283 quid
2300 2199 2554 2284 adiungat
2584 2232 2596 2266 :
2630 2213 2833 2269 Reddet
2853 2216 2948 2279 illi,
2988 2214 3183 2285 inquit,
3209 2230 3395 2269 secun-

1810 2302 1932 2357 dum
1949 2304 2203 2373 judicium
2228 2320 2397 2358 suum.
2425 2302 2531 2358 Sed
2557 2316 2678 2358 cum
2703 2302 2969 2359 damnatis
2991 2303 3134 2373 justa
3161 2303 3400 2358 tribuan-

1807 2401 1898 2447 tur
1924 2394 2223 2463 supplicia;
2272 2402 2448 2449 tamen
2488 2393 2609 2463 quia
2649 2393 2752 2448 hoc
2790 2393 2963 2463 ipsum
2998 2393 3054 2448 in
3082 2408 3236 2449 usum
3269 2408 3401 2448 con-

1807 2486 2054 2551 vertitur,
2079 2500 2183 2555 quo
2224 2484 2303 2539 illi
2344 2484 2624 2554 proficiant
2648 2483 2840 2554 quibus
2877 2483 3145 2553 praebetur
3182 2483 3399 2539 miseri-

1809 2579 1988 2635 cordia
2011 2620 2027 2647 ,
2069 2577 2284 2633 attende
2318 2578 2523 2648 reliqua
2553 2593 2568 2633 :
2605 2576 2928 2632 Contrarium
2949 2619 2966 2646 ,
3010 2576 3215 2648 inquit,
3258 2577 3396 2633 malo

1811 2672 1994 2726 bonum
2022 2680 2093 2725 est
2112 2713 2126 2739 ,
2159 2679 2206 2725 et
2239 2680 2415 2725 contra
2441 2680 2650 2725 mortem
2676 2670 2816 2737 vita;
2844 2671 2916 2725 sic
2945 2678 2991 2725 et
3028 2681 3203 2726 contra
3234 2671 3399 2727 virum

1798 2764 1995 2834 justum
2027 2774 2273 2834 peccator.
2326 2763 2392 2818 Et
2421 2764 2494 2818 sic
2522 2764 2715 2819 intuere
2753 2765 2807 2819 in
2845 2765 3013 2819 omnia
3053 2778 3208 2836 opera
3241 2764 3400 2822 Altis-

1808 2858 1923 2911 simi
1953 2873 1972 2910 :
2010 2858 2148 2925 duo,
2182 2858 2321 2924 duo;
2362 2873 2521 2911 unum
2558 2866 2734 2911 contra
2773 2874 2932 2911 unum
2962 2873 2981 2911 :
3010 2857 3194 2928 utique
3234 2866 3294 2913 ut
3330 2872 3401 2913 ex

1810 2948 2140 3009 deteriorum
2207 2949 2611 3020 comparatione
2675 2950 2947 3025 emineant
3012 2950 3399 3021 proliciantque

1810 3044 2054 3099 meliora.
2101 3044 2231 3113 Qua:
2277 3052 2456 3098 tamen
2495 3042 2745 3115 quoniam
2777 3057 2873 3113 per
2903 3042 3127 3112 gratiam
3174 3042 3400 3098 meliora

1809 3144 1954 3202 sunt,
1988 3146 2237 3206 tanquam
2279 3135 2502 3201 diceret,
2536 3135 2785 3206 Reliquiae
2811 3136 2965 3190 salute
2994 3136 3113 3197 ﬁent
3136 3134 3187 3201 ¹;
3215 3134 3398 3206 sequi-

1810 3236 1898 3283 tur
1932 3238 1986 3282 et
2023 3227 2151 3282 dicit
2180 3243 2245 3282 ex
2283 3242 2509 3298 persona
2540 3228 2925 3298 reliquiarum,
2957 3225 3026 3282 Et
3054 3245 3144 3299 ego
3184 3228 3401 3282 novissi-

1810 3337 1922 3376 mus
1938 3320 2165 3398 tu'gilavi,
2187 3331 2233 3373 et
2253 3321 2397 3390 quasi
2423 3322 2506 3391 qui
2554 3330 2839 3374 racematur
2861 3330 2972 3391 post
2993 3320 3397 3376 vindemiatores.

1812 3411 1882 3468 Et
1924 3411 2064 3466 unde
2102 3411 2330 3482 probat,
2368 3412 2489 3481 quia
2534 3426 2641 3465 non
2680 3426 2748 3466 ex
2788 3412 2996 3467 meritis
3025 3413 3163 3477 suis,
3196 3411 3293 3468 sed
3331 3427 3401 3468 ex

1811 3503 2178 3560 misericordia
2205 3503 2338 3559 Dei?
2380 3501 2447 3557 In
2473 3502 2840 3568 benedictione,
2874 3504 3064 3573 inquit,
3113 3502 3323 3558 Domini
3351 3512 3402 3559 et

1809 3597 1918 3668 ipse
1957 3596 2186 3667 speravi,
2227 3602 2273 3649 et
2313 3595 2459 3666 quasi
2496 3595 2582 3665 qui
2621 3593 2924 3661 vindemiat,
2956 3594 3143 3666 repleri
3171 3594 3395 3650 torcular

1813 3688 2009 3763 (Eccli.
2053 3703 2257 3753 χχχιιι,
2304 3688 2554 3758 10-17).
2600 3688 2853 3757 Quamvis
2896 3689 3039 3743 enim
3074 3688 3398 3745 novissimus

1811 3783 2142 3854 vigilaverit;
2175 3791 2359 3838 tamen
2384 3781 2506 3854 quia
2536 3791 2725 3851 erunt,
2756 3791 2814 3839 ut
2840 3783 3039 3840 dictum
3078 3791 3191 3851 est,
3223 3784 3404 3842 novis-

1814 3876 1935 3934 simi
1966 3875 2124 3948 primi
2154 3875 2369 3949 (Matth.
2398 3892 2491 3945 xx,
2526 3876 2593 3932 16
2614 3877 2664 3949 ),
2698 3876 2751 3931 in
2792 3877 3162 3934 benedictione
3186 3877 3401 3935 Domini

1813 3984 2038 4041 sperans
2072 3985 2137 4025 ex
2165 3969 2405 4040 reliquiis
2432 3968 2597 4025 Israel
2625 3979 2924 4027 racematus
2952 3970 3179 4043 populus
3206 3971 3401 4042 imple-

1811 4064 1891 4118 vit
1934 4061 2169 4118 torcular
2215 4078 2283 4117 ex
2327 4062 2570 4119 ubertate
2599 4062 2913 4135 vindemiae,
2958 4075 3082 4135 qua
3123 4072 3235 4122 toto
3269 4064 3403 4123 Orbe

1814 4166 2078 4213 terrarum
2109 4156 2380 4228 provenit.

1885 4250 1978 4303 21.
2011 4248 2165 4302 Nulla
2212 4249 2373 4319 igitur
2403 4248 2627 4305 intentio
2665 4257 2875 4305 tenetur
2899 4250 3167 4321 Apostoli,
3198 4257 3254 4308 et
3280 4266 3400 4309 om-

1815 4343 1963 4398 nium
1992 4340 2403 4410 justiﬁcatorum
2431 4358 2527 4412 per
2552 4357 2685 4411 quos
2712 4342 2868 4397 nobis
2893 4343 3192 4398 intellectus
3218 4343 3402 4413 gratiae

1815 4437 2213 4492 demonstratus
2243 4441 2356 4500 est,
2390 4435 2491 4490 nisi
2534 4443 2591 4489 ut
2631 4435 2719 4503 qui
2762 4435 3019 4503 gloriatur
3043 4475 3056 4499 ,
3090 4435 3144 4488 in
3174 4435 3403 4491 Domino

1815 4529 2076 4600 glorietur
2110 4526 2127 4597 (
2146 4525 2189 4581 ll
2220 4527 2337 4581 Cor.
2370 4542 2431 4593 ιι,
2466 4524 2577 4595 17).
2611 4524 2741 4592 Quis
2770 4525 2913 4579 cnim
2953 4524 3201 4580 discutiet
3238 4539 3403 4595 opera

1816 4620 2066 4687 Domini,
2108 4634 2171 4675 ex
2219 4618 2405 4674 eadem
2450 4616 2829 4688 conspersioue
2870 4632 3035 4671 unum
3077 4616 3401 4685 damnantis,

1818 4716 2045 4770 alterum
2080 4711 2457 4782 justiﬁcantis?
2501 4711 2753 4766 Liberum
2788 4710 3078 4765 voluntatis
3119 4709 3400 4768 arbitrium

1818 4810 2104 4881 plurimum
2125 4808 2300 4874 valet;
2330 4809 2440 4863 imo
2460 4822 2586 4863 vero
2614 4815 2697 4862 est
2721 4805 2957 4876 quidem,
2990 4804 3085 4861 sed
3110 4806 3163 4860 in
3186 4821 3405 4862 venum-

1818 4902 1959 4958 datis
1996 4903 2097 4958 sub
2127 4909 2346 4972 peccato
2377 4901 2553 4971 (Rom.
2589 4915 2695 4964 vn,
2731 4897 2835 4968 14)
2879 4896 3008 4968 quid
3041 4898 3220 4953 valet?
3247 4895 3402 4967 Caro,

1819 4994 2010 5065 inquit,
2034 4993 2344 5065 concupiscit
2372 4992 2613 5047 adversus
2638 4992 2896 5063 spiritum,
2918 4999 2968 5044 et
2988 4992 3196 5061 spiritus
3222 4990 3406 5046 adver-

1816 5103 1907 5143 sus
1936 5102 2173 5153 cernens,
2212 5094 2271 5139 ut
2306 5102 2407 5140 non
2436 5100 2497 5139 ea
2534 5099 2647 5155 quia
2685 5084 2835 5138 vultis
2876 5083 3079 5154 faciatis
3106 5080 3314 5155 (Galat.
3343 5095 3402 5151 v,

1822 5180 1936 5252 l7).
1979 5178 2295 5249 Prtecipitur
2333 5188 2390 5234 ut
2432 5187 2579 5235 recte
2605 5178 2877 5246 vivamus,
2909 5176 3010 5231 hac
3050 5175 3235 5247 utique
3260 5189 3406 5231 mer-

1820 5273 1952 5329 cede
1982 5271 2249 5343 proposita
2268 5311 2284 5338 ,
2318 5278 2378 5326 ut
2414 5271 2469 5325 in
2509 5280 2767 5326 aeternum
2794 5270 2950 5325 beate
2974 5268 3154 5324 vivere
3188 5280 3402 5324 merea-

1820 5382 1942 5422 mur
1972 5384 1984 5420 :
2034 5364 2127 5420 sed
2162 5365 2281 5435 quis
2324 5371 2501 5435 potest
2536 5373 2680 5419 recte
2704 5363 2883 5417 vivere
2919 5369 2972 5416 et
2999 5361 3137 5418 bene
3163 5358 3397 5430 operari,
3436 5419 3440 5421 Α

1820 5460 1922 5515 nisi
1967 5457 2286 5529 jnstiticatus
2332 5472 2403 5512 ex
2453 5456 2602 5511 ﬁde?
2651 5455 2958 5524 Praecipitur
2995 5461 3055 5508 ut
3091 5448 3439 5519 credamus,

1822 5560 1881 5605 ut
1904 5551 2045 5606 dono
2076 5558 2294 5619 accepto
2320 5547 2549 5618 Spiritus
2576 5548 2743 5603 sancti
2772 5562 2867 5617 per
2898 5543 3235 5600 dilectionem
3261 5541 3401 5595 bene

1822 5644 2028 5714 Operari
2057 5643 2321 5713 possimus
2351 5659 2363 5694 :
2398 5640 2490 5696 sed
2532 5642 2649 5710 quis
2688 5647 2861 5709 petest
2902 5636 3141 5697 credere,
3176 5630 3277 5684 nisi
3301 5630 3402 5685 ali-

1821 5754 1922 5812 qua
1950 5737 2226 5792 vocatione
2246 5776 2259 5801 ,
2307 5734 2410 5789 hoc
2436 5743 2515 5789 est.
2538 5775 2553 5801 ,
2603 5732 2777 5803 aliqua
2808 5741 2985 5784 rerum
3028 5722 3401 5783 testiﬁcatione

1895 5854 1913 5888 ⁸
1934 5858 2061 5918 uss,
2082 5847 2300 5917 reliquiae
2315 5846 2462 5902 salva:
2477 5844 2616 5913 ﬁunt.
3404 5856 3417 5913 ι
