3956 6524
580 375 685 434 127

579 491 866 563 tangatur?
912 487 1040 556 Quis
1084 488 1243 544 habet
1292 488 1343 542 in
1387 496 1652 559 potestate
1700 487 1789 541 tali
1816 486 1931 543 viso
1974 486 2161 556 attingi

584 594 817 640 mentem
842 597 1011 649 suam,
1039 596 1146 651 quo
1171 582 1287 651 ejus
1305 581 1553 634 voluntas
1571 588 1848 634 moveatur
1872 578 1940 633 ad
1967 577 2162 635 ﬁdem?

582 674 711 743 Quis
741 682 915 729 autem
948 672 1126 726 animo
1151 672 1489 741 amplectitur
1516 670 1714 740 aliquid
1737 669 1877 740 quod
1906 685 2027 725 eum
2054 684 2161 725 non

580 765 848 822 delectat?
877 774 968 819 aut
995 764 1116 835 quis
1160 763 1321 818 habet
1351 763 1401 818 iu
1435 771 1695 833 potestate
1726 771 1781 817 ut
1810 762 1893 817 vel
1918 772 2164 818 occurrat

577 860 721 931 quod
748 875 872 915 eum
902 858 1167 913 delectare
1208 858 1408 927 possit,
1440 857 1523 911 vel
1554 856 1783 912 delectet
1823 871 1941 912 cum
1972 872 2161 912 oecur-

574 952 709 1007 rerit
731 951 754 1004 ?
780 951 913 1005 Cum
944 964 1071 1020 ergo
1098 963 1195 1004 nos
1219 965 1282 1005 ea
1309 949 1576 1004 delectant
1602 948 1794 1019 quibus
1821 948 2162 1019 proficiamus

573 1043 642 1097 ad
684 1044 888 1110 Deum,
934 1043 1224 1112 inspiratur
1267 1041 1369 1096 hoc
1417 1051 1471 1097 et
1525 1041 1788 1111 praebetur
1831 1041 1999 1111 gratia
2044 1038 2158 1105 Dei,

575 1149 684 1189 non
730 1143 861 1189 nutu
908 1144 1092 1189 nostro
1145 1133 1499 1189 et'industria
1544 1142 1636 1187 aut
1682 1148 1906 1203 Operum
1954 1134 2162 1188 meritis

578 1236 957 1298 comparatur;
1001 1227 1120 1298 quia
1158 1235 1216 1281 ut
1244 1223 1324 1281 sit
1360 1234 1521 1280 nutus
1547 1225 1865 1292 voluntatis,
1896 1234 1951 1279 ut
1975 1225 2043 1280 sit
2073 1224 2163 1280 in-

577 1319 779 1375 dustria
812 1320 1003 1386 studii,
1037 1330 1094 1375 ut
1133 1320 1240 1376 sint
1274 1334 1434 1397 opera
1464 1305 1723 1373 charitate
1752 1320 2039 1385 ferventia,
2073 1318 2162 1375 ille

576 1412 794 1479 tribuit,
829 1412 916 1466 ille
954 1412 1192 1481 largitur.
1228 1412 1417 1466 Petere
1443 1410 1694 1481 jubemur
1728 1420 1787 1464 ut
1813 1410 2157 1481 accipiamus,

575 1513 630 1560 et
656 1519 898 1575 quaerere
930 1512 987 1559 ut
1017 1504 1387 1571 inveniamus,
1439 1512 1493 1558 et
1536 1504 1751 1573 pulsare
1795 1513 1853 1558 ut
1895 1505 2162 1574 aperiatur

576 1598 731 1653 nobis
775 1596 988 1669 (Matth.
1015 1614 1120 1661 vn.
1154 1597 1229 1669 7).
1277 1597 1464 1652 Nonne
1507 1597 1793 1667 aliquando
1839 1598 1950 1668 ipsa
1993 1598 2161 1653 oratio

575 1698 756 1745 nostra
808 1692 885 1745 sic
937 1690 1111 1760 tepida
1161 1700 1281 1757 est,
1334 1691 1418 1745 vel
1467 1690 1643 1759 potius
1688 1690 1874 1759 frigida
1927 1699 1980 1745 et
2027 1707 2163 1761 pene

577 1780 719 1836 nulla
750 1783 789 1849 ι,
836 1784 942 1836 imo
986 1784 1205 1838 omnino
1249 1783 1511 1838 interdum
1559 1783 1631 1837 ita
1676 1784 1855 1851 nulla,
1902 1793 1959 1838 ut
1991 1801 2163 1854 neque

578 1874 682 1929 hoc
731 1876 783 1930 in
834 1877 987 1932 nobis
1027 1893 1145 1932 cum
1193 1877 1381 1932 dolore
1429 1876 1809 1931 advertamus?
1852 1876 1974 1947 quia
2005 1877 2049 1932 si
2078 1878 2162 1933 vel

576 1963 680 2021 hoc
715 1966 980 2032 dolemus,
1027 1968 1135 2037 jam
1178 1983 1414 2023 oramus.
1464 1966 1601 2033 Quid
1648 1982 1775 2038 ergo
1805 1967 1949 2022 aliud
1977 1977 2159 2024 osten-

575 2058 720 2112 ditur
748 2059 921 2127 nohis,
952 2061 1051 2114 nisi
1080 2060 1200 2130 quia
1227 2068 1281 2115 et
1311 2070 1490 2130 petere
1520 2069 1573 2114 et
1599 2076 1841 2131 qumrere
1869 2068 1925 2116 et
1952 2062 2161 2131 pulsare

575 2149 668 2205 ille
716 2152 994 2218 concedit,
1041 2153 1129 2222 qui
1178 2162 1237 2206 nt
1280 2151 1394 2206 haec
1439 2150 1714 2216 faciamus,
1759 2152 1949 2221 jubet?
1994 2152 2161 2225 Igitur

572 2257 674 2296 non
702 2243 945 2308 volentis,
984 2259 1142 2312 neque
1181 2244 1426 2297 currentis
1446 2284 1458 2308 ,
1492 2243 1581 2296 sed
1610 2244 1888 2299 miserentis
1917 2253 1989 2298 est
2021 2244 2115 2300 Dei
2139 2261 2159 2300 :

570 2334 1004 2405 quandoquidem
1048 2350 1145 2389 nec
1174 2336 1311 2391 velle
1355 2352 1454 2391 nec
1498 2352 1752 2405 currere,
1800 2339 1903 2394 nisi
1944 2355 2009 2394 eo
2038 2355 2158 2395 mo-

566 2434 730 2481 vente
758 2437 916 2495 atqne
944 2428 1211 2481 excitante
1231 2469 1244 2492 ,
1277 2429 1591 2497 poterimus.

636 2516 728 2570 22.
757 2518 909 2584 Quod
949 2521 991 2571 si
1037 2519 1227 2573 electio
1255 2519 1345 2572 hic
1377 2519 1433 2572 fit
1461 2520 1635 2589 aliqua
1657 2562 1672 2587 ,
1702 2528 1759 2575 ut
1788 2522 1866 2577 sic
1896 2522 2158 2596 intelliga-

566 2629 690 2669 mus
709 2615 852 2685 quod
891 2616 1089 2670 dictum
1117 2626 1198 2671 est
1218 2659 1232 2683 ,
1262 2617 1512 2689 Reliquias
1549 2636 1638 2688 per
1663 2619 1951 2672 electionem
1981 2620 2158 2689 gratia:

564 2707 721 2762 salva:
749 2708 898 2777 facta:
926 2717 1041 2762 sunt
1074 2708 1247 2779 (Rom.
1280 2726 1365 2776 x1,
1397 2708 1491 2781 5);
1524 2725 1628 2765 non
1662 2719 1718 2765 ut
1743 2708 2155 2780 justiﬁcatorum

565 2798 759 2854 electio
802 2798 894 2854 fiat
933 2798 1001 2854 ad
1030 2799 1191 2853 vitam
1222 2809 1475 2855 aeternam
1497 2842 1511 2868 ,
1551 2802 1645 2856 sed
1675 2812 1733 2856 ut
1774 2802 2038 2871 eligantur
2067 2802 2155 2871 qui

562 2888 923 2959 justiticentur
951 2908 965 2944 :
998 2899 1143 2945 certe
1172 2891 1243 2944 ita
1268 2893 1475 2946 occulta
1507 2901 1588 2947 est
1620 2890 1737 2947 hate
1761 2892 1986 2960 electio,
2019 2903 2076 2947 ut
2101 2892 2152 2947 in

564 2982 755 3038 eadem
809 2984 1195 3054 conspersione
1246 2984 1402 3039 nobis
1461 3001 1684 3056 prorsus
1738 3001 2001 3056 apparere
2046 3001 2153 3041 non

563 3075 770 3144 possit;
812 3084 903 3129 aut
947 3075 993 3131 si
1038 3084 1260 3147 apparet
1304 3077 1658 3147 quibusdam,
1711 3094 1811 3150 ego
1856 3079 1908 3133 in
1953 3078 2054 3133 hac
2093 3095 2153 3134 re

563 3166 926 3224 infirmitatem
976 3184 1152 3224 meam
1200 3169 1391 3225 fateor.
1446 3170 1561 3225 Non
1603 3171 1745 3226 enim
1791 3170 1963 3226 habeo
2010 3170 2151 3242 quod

564 3260 779 3316 intuear
805 3263 857 3317 in
889 3263 1146 3334 eligendis
1178 3265 1479 3321 hominibus
1503 3266 1569 3321 ad
1591 3267 1814 3338 gratiam
1840 3267 2149 3334 salutarem,

562 3352 609 3405 si
640 3352 707 3405 ad
735 3368 959 3409 examen
992 3354 1147 3425 hujus
1174 3356 1453 3412 electionis
1481 3358 1659 3429 aliqua
1688 3359 2011 3430 cogitatione
2038 3375 2152 3428 per-

560 3442 767 3510 mittor,
797 3445 899 3499 nisi
930 3447 1013 3501 vel
1042 3447 1211 3517 majus
1242 3449 1531 3520 ingenium,
1561 3451 1643 3505 vel
1673 3451 1880 3505 minora
1908 3461 2148 3521 peccata,

556 3535 644 3591 vel
674 3544 957 3609 utrumque
986 3556 999 3591 :
1031 3539 1290 3596 addamus
1329 3543 1488 3597 etiam
1511 3584 1523 3608 ,
1570 3542 1617 3596 si
1659 3544 1867 3612 placet,
1897 3544 2150 3599 honestas

556 3629 824 3698 utilesque
849 3631 1138 3685 doctrinas.
1168 3632 1420 3702 Quisquis
1449 3648 1575 3702 ergo
1603 3632 1761 3689 fuerit
1799 3650 1957 3704 quam
1986 3635 2148 3690 mini-

562 3718 666 3772 mis
707 3721 938 3787 peccatis
978 3723 1211 3776 irretitus
1240 3733 1399 3794 atque
1436 3725 1752 3792 maculatus,
1787 3724 1944 3797 (nam
1987 3728 2148 3783 nullis

558 3809 678 3880 quis
717 3810 952 3882 potest?)
981 3821 1035 3867 et
1072 3828 1195 3869 acer
1237 3815 1477 3885 ingenio,
1509 3827 1562 3872 et
1603 3817 1914 3875 liberalibus
1944 3822 2148 3878 artibus

556 3900 847 3970 expolitus,
897 3902 1171 3972 eligendus
1208 3906 1422 3960 videtur
1465 3908 1531 3962 ad
1577 3910 1821 3978 gratiam.
1875 3910 1980 3967 Sed
2025 3929 2146 3969 eum

555 3988 659 4045 hoc
686 4000 943 4059 statuero,
993 3994 1064 4048 ita
1112 4011 1199 4050 me
1239 3996 1435 4052 ridebit
1476 3998 1564 4054 ille
1592 4001 1680 4069 qui
1727 4002 1934 4057 infirma
1963 4004 2145 4060 mundi

556 4080 723 4151 elegit
760 4092 817 4137 ut
857 4084 1145 4139 confundat
1178 4087 1367 4157 fortia,
1409 4096 1463 4144 et
1500 4091 1655 4144 stulta
1692 4092 1874 4147 mundi
1915 4103 1976 4149 ut
2016 4109 2145 4151 con-

616 4195 633 4225 ι
658 4200 790 4255 l.ov.,
811 4195 948 4259 plene
969 4197 1121 4249 nulla.
1136 4206 1191 4250 At
1210 4208 1330 4263 Am.,
1348 4209 1423 4251 Er.
1441 4211 1492 4253 et
1515 4210 1641 4267 Mss,
1665 4219 1782 4269 pene
1806 4207 1957 4257 nulla.

553 4321 2303 4350 -—————____.___________,

1021 388 1025 391 ‘
1085 371 1173 429 DE
1211 369 1522 429 DIVERSIS
1558 363 2071 441 QU/ESTIONIBUS
2107 369 2202 427 AD
2240 370 2737 447 SIMPLICIANUM,
2779 377 2837 435 S.
2877 377 3242 440 AUGUSTINI

3779 388 3909 445 128

2270 488 2456 544 fundat
2493 492 2761 561 sapientes
2806 491 2860 564 (ῐ
2886 493 3003 549 Cor.
3030 512 3074 561 ι,
3106 496 3237 568 27),
3281 505 3339 552 ut
3376 511 3503 555 eum
3551 498 3793 557 intuens
3838 513 3903 560 et

2268 584 2471 654 pudore
2498 596 2789 653 correctus,
2820 603 2918 659 ego
2958 589 3209 646 irrideam
3252 593 3448 649 multos
3491 604 3548 651 et
3588 610 3715 667 pra:
3759 600 3900 668 qui-

2268 675 2492 732 busdam
2537 680 2906 748 peccatoribus
2948 683 3228 752 eastiores,
3279 692 3337 741 et
3378 701 3489 756 prae
3534 690 3895 759 quibusdam

2269 769 2622 839 piscatoribus
2683 782 2944 829 oratores.
3006 775 3195 833 Nonne
3254 778 3593 838 advertimus
3663 785 3897 842 multos

2267 862 2454 919 fideles
2486 872 2697 920 nostros
2723 866 3059 924 ambulantes
3089 870 3226 925 viam
3263 871 3386 940 Dei,
3425 890 3493 931 ex
3526 875 3688 931 nulla
3719 887 3896 948 parte

2270 955 2484 1027 ingenio
2512 960 2831 1028 comparari,
2862 976 2968 1015 non
3000 961 3172 1018 dicam
3203 966 3553 1035 quorumdam
3588 969 3899 1028 haeretico-

2267 1065 2409 1115 rum,
2442 1050 2534 1104 sed
2562 1050 2724 1106 etiam
2750 1052 3082 1109 mimorum?
3124 1055 3256 1111 Item
3293 1072 3399 1112 non
3421 1059 3676 1115 videmus
3710 1078 3895 1133 quos-

2266 1141 2389 1195 dam
2424 1141 2669 1199 homines
2714 1144 2991 1216 utriusque
3016 1161 3175 1204 sexus
3218 1149 3274 1203 in
3317 1151 3584 1223 conjugali
3617 1156 3892 1212 castitate

2266 1232 2508 1289 viventes
2550 1235 2665 1290 sine
2703 1238 2919 1306 querela
2946 1278 2961 1305 ,
3001 1248 3056 1294 et
3096 1248 3275 1296 tamen
3317 1243 3400 1297 vel
3443 1244 3750 1302 haereticos
3795 1247 3886 1305 vel

2266 1338 2533 1394 paganos,
2563 1327 2649 1382 vel
2675 1328 2835 1383 etiam
2872 1330 2926 1384 in
2962 1346 3088 1386 vera
3126 1332 3231 1388 ﬁde
3269 1344 3322 1389 et
3348 1351 3471 1392 vera
3496 1337 3762 1395 Ecclesia
3806 1341 3885 1397 sic

2268 1415 2495 1485 tepidos,
2531 1425 2592 1472 ut
2632 1433 2726 1473 eos
2766 1420 3023 1475 miremur
3060 1425 3401 1480 meretricum
3442 1438 3495 1483 et
3534 1428 3881 1488 histrionum

2265 1506 2442 1562 subito
2470 1523 2883 1577 conversorum,
2924 1528 3031 1567 non
3059 1514 3231 1569 solum
3274 1518 3524 1586 patientia
3551 1530 3611 1574 et
3653 1530 3881 1593 tempe-

2265 1602 2479 1669 rantia,
2538 1602 2631 1657 sed
2687 1604 2848 1659 etiam
2898 1604 3039 1670 fide,
3088 1622 3221 1677 spe,
3270 1608 3530 1666 eharitate
3572 1616 3880 1683 superari?

2266 1691 2454 1747 Restat
2500 1709 2627 1764 ergo
2675 1702 2732 1749 ut
2774 1696 3075 1753 voluntates
3122 1698 3406 1770 eligantur.
3455 1702 3561 1758 Sed
3608 1706 3879 1764 voluntas

2266 1782 2419 1852 ipsa,
2471 1785 2575 1839 nisi
2622 1785 2821 1855 aliquid
2878 1789 3174 1844 occurrerit
3220 1790 3362 1861 quod
3406 1792 3643 1850 delectet
3702 1806 3879 1868 atque

2266 1874 2456 1930 invitet
2504 1876 2782 1944 animum,
2829 1880 3033 1935 moveri
3078 1881 3223 1937 nullo
3268 1882 3430 1938 modo
3476 1893 3657 1953 potest
3706 1907 3723 1942 :
3770 1887 3877 1946 hoc

2265 1975 2441 2022 autem
2488 1979 2548 2022 ut
2589 1979 2868 2040 occurrat,
2912 1986 3017 2027 non
3063 1982 3147 2028 est
3191 1973 3243 2028 in
3289 1973 3522 2031 hominis
3568 1987 3875 2047 potestate.

2265 2057 2400 2125 Quid
2432 2060 2643 2115 volebat
2674 2061 2885 2127 Saulus,
2918 2063 3021 2118 nisi
3060 2064 3332 2133 invadere,
3364 2067 3601 2137 trahere,
3630 2070 3870 2143 vincire,

2265 2165 2457 2206 necare
2500 2151 2875 2209 Christianos?
2920 2154 3090 2221 Quam
3136 2156 3322 2213 rabida
3371 2159 3657 2230 voluntas,
3702 2180 3874 2233 quam

2263 2243 2485 2315 furiosa,
2527 2263 2685 2317 quam
2726 2250 2904 2305 caeca!
2949 2250 3037 2321 qui
3081 2258 3259 2308 tamen
3304 2268 3413 2308 una
3450 2254 3689 2327 desuper
3735 2274 3875 2315 voce

2264 2347 2581 2409 prostratus,
2609 2351 2923 2399 occurrente
2948 2344 3132 2414 utique
3164 2345 3258 2399 tali
3286 2346 3421 2413 viso,
3452 2362 3557 2418 quo
3582 2364 3753 2405 mens
3784 2351 3875 2406 illa

2263 2439 2318 2484 et
2345 2432 2591 2487 voluntas
2631 2432 2861 2489 refracta
2900 2434 3102 2489 saevitia
3144 2444 3548 2507 retorqueretur
3588 2447 3647 2494 et
3682 2442 3873 2497 corri-

2260 2534 2476 2594 geretur
2524 2524 2594 2582 ad
2645 2526 2842 2596 fidem,
2893 2537 3114 2598 repente
3168 2544 3236 2585 ex
3294 2531 3571 2602 Evangelii
3624 2533 3873 2590 mirabili

2263 2627 2603 2686 persecutore
2643 2620 2939 2676 mirabilior
2979 2621 3299 2691 prazdicator
3337 2623 3559 2682 effectus
3599 2635 3685 2683 est
3720 2628 3872 2700 (Act.

2262 2724 2355 2763 vnr
2375 2751 2390 2776 ,
2423 2711 2488 2776 5,
2518 2721 2565 2765 et
2593 2712 2764 2783 tx,i).
2787 2713 2855 2767 Et
2880 2721 3057 2769 tamen
3088 2715 3213 2785 quid
3258 2714 3540 2774 dicemus?
3584 2717 3874 2791 Numquid

2259 2804 2500 2872 iniquitas
2546 2814 2620 2859 est
2661 2805 2803 2875 apud
2844 2805 3036 2873 Deum,
3087 2808 3388 2879 exigentem
3432 2825 3465 2865 a
3506 2825 3614 2882 quo
3655 2812 3872 2882 placet,

2258 2892 2546 2950 donautem
2582 2897 2667 2951 cui
2698 2896 2908 2966 placet?
2945 2898 3039 2969 qui
3078 2914 3414 2971 nequaquam
3444 2901 3608 2972 exigit
3646 2901 3872 2960 indebi-

2261 2995 2393 3053 tum,
2433 3001 2768 3060 nequaquam
2807 2989 2972 3045 donat
3017 2990 3271 3046 alienum.
3319 2991 3585 3063 Numquid
3613 2994 3872 3068 iniquitas

2258 3088 2330 3133 est
2375 3080 2516 3149 apud
2554 3080 2769 3136 Deum?
2817 3082 2977 3138 Absit.
3030 3083 3207 3152 Quare
3255 3094 3434 3141 tamen
3484 3084 3611 3140 huic
3651 3085 3776 3156 ita,
3819 3097 3873 3145 et

2256 3169 2382 3226 huic
2417 3187 2525 3228 non
2563 3172 2681 3228 ita?
2728 3172 2773 3229 Ο
2800 3175 2968 3243 Ιιοηιο,
3004 3186 3059 3230 tu
3088 3178 3201 3248 quis
3236 3178 3335 3232 es?
3374 3178 3622 3235 Debitum
3660 3179 3713 3235 si
3757 3197 3871 3238 non

2255 3262 2437 3320 reddis
2455 3303 2471 3329 ,
2500 3263 2665 3320 habes
2695 3265 2839 3337 quod
2862 3268 3148 3337 gratuleris
3178 3287 3190 3323 :
3220 3268 3267 3324 si
3308 3269 3516 3338 reddis,
3544 3286 3655 3327 non
3688 3270 3871 3331 habes

2255 3353 2399 3422 quod
2434 3356 2696 3425 queraris.
2739 3357 3033 3415 Credamus
3072 3366 3312 3429 tantum,
3354 3361 3456 3417 etsi
3506 3376 3709 3432 capere
3755 3380 3870 3422 non

2255 3446 2516 3514 valemus,
2546 3449 2799 3518 quoniam
2826 3451 2917 3521 qui
2945 3452 3248 3509 universam
3277 3464 3575 3511 creaturam
3606 3465 3665 3513 et
3695 3460 3872 3530 spiri-

2255 3537 2453 3592 tualem
2495 3546 2551 3594 et
2599 3542 2934 3611 corporalem
2980 3543 3109 3599 fecit
3155 3554 3210 3601 et
3254 3546 3532 3616 condidit,
3575 3549 3772 3605 omnia
3813 3553 3870 3609 in

2254 3641 2575 3713 numeroet
2622 3634 2861 3705 pondere
2905 3643 2960 3691 et
3001 3652 3254 3694 mensura
3303 3639 3541 3710 disponit
3585 3640 3757 3713 (Sap.
3787 3660 3869 3715 ιι,

2252 3722 2368 3795 21).
2413 3710 2521 3782 Sed
2558 3726 2923 3782 inscrutabilia
2952 3738 3076 3784 sunt
3108 3730 3309 3801 judicia
3353 3730 3490 3800 ejus,
3534 3710 3605 3787 ct?
3629 3710 3869 3791 investi;

2252 3816 2459 3887 gabiles
2494 3817 2593 3874 viae
2632 3819 2749 3890 ejus
2779 3819 2955 3891 (Rom.
2982 3836 3057 3885 xx,
3088 3820 3200 3893 55).
3229 3822 3476 3877 Dicamus
3501 3822 3745 3880 Alleluia
3765 3868 3783 3893 ,
3815 3836 3871 3883 et

2252 3909 2616 3966 collaudemus
2661 3912 2950 3980 canticum,
2998 3922 3052 3969 et
3094 3928 3200 3969 non
3241 3913 3502 3983 dicamus,
3535 3914 3681 3982 Quid
3716 3917 3870 3973 hoc?

2252 4001 2369 4067 vel,
2399 4004 2526 4073 quid
2557 4005 2703 4059 hoc?
2748 4005 2936 4062 Omnia
2978 4008 3123 4063 enim
3166 4008 3219 4064 in
3250 4017 3494 4081 tempore
3530 4026 3634 4067 suo
3673 4024 3868 4070 creata

2251 4103 2378 4149 sunt
2414 4094 2599 4166 (Eccli.
2630 4113 2819 4165 xxxrx,
2853 4096 2941 4165 i9,
2969 4098 3087 4172 26).

2306 4334 3857 4371 ~.___...___._.._...__...___.__._._..

1477 4412 1958 4519 LIBER
2016 4415 2898 4528 SECUNDUS.

1139 4651 1192 4695 In
1213 4654 1418 4698 caeteras
1438 4650 1735 4713 quaestiones
1757 4653 1974 4717 quinque
1996 4654 2078 4705 vel
2111 4667 2202 4707 sex
2226 4669 2254 4706 a
2276 4658 2574 4721 Simpliciano
2596 4662 2864 4724 propositas
2886 4674 2949 4714 ex
2974 4664 3113 4717 libris
3134 4673 3333 4731 Regum.

1999 4792 2367 4850 MM

620 4890 926 4950 Puerum.
940 4895 1196 4969 Satisjam
1218 4902 1284 4957 de
1306 4902 1561 4975 Apostolo
1579 4920 1665 4963 me
1678 4906 1744 4961 ad
1771 4909 2038 4979 proposita
2052 4925 2135 4965 re-

546 4984 1089 5052 spondisseexistimo
1107 5009 1122 5046 τ
1140 5008 1281 5049 nunc
1296 4994 1363 5049 ad
1380 5011 1441 5051 ea
1462 5014 1579 5067 quae
1589 4997 1657 5054 de
1672 4999 1820 5055 libris
1833 5002 2136 5072 Regnorum

546 5077 813 5144 requisisti
835 5079 978 5135 aliud
1005 5084 1249 5142 volumen
1267 5089 1543 5159 aggrediar
1562 5107 1731 5161 ;qu:c,
1746 5094 1883 5148 sicut
1899 5094 2062 5149 multa
2082 5104 2137 5152 et

554 5183 723 5240 prope
752 5173 927 5228 omnia
954 5184 1195 5233 veterum
1224 5182 1524 5249 Librorum,
1558 5184 1864 5255 ﬁguratiora
1888 5197 2048 5257 sunt,
2081 5198 2137 5246 et

548 5262 923 5331 mysteriorum
959 5267 1309 5327 velaminibus
1346 5275 1601 5330 involuta.
1652 5277 1905 5343 Quamvis
1952 5290 2132 5337 autem

546 5364 612 5403 ex
639 5366 707 5406 eo
725 5353 863 5422 quod
894 5360 1262 5418 transierimus
1282 5364 1346 5419 ad
1365 5364 1659 5434 Christum,
1690 5370 1961 5426 auferatur
1986 5374 2133 5428 vela-

546 5457 669 5499 men
711 5444 790 5516 (ll
830 5446 947 5503 Cor.
984 5467 1062 5519 Ill,
1104 5455 1208 5525 16)
1243 5475 1254 5507 :
1288 5466 1467 5514 tamen
1488 5460 1729 5517 videmus
1756 5480 1898 5520 nunc
1928 5466 1978 5519 in
2007 5467 2137 5522 teni-

541 5546 741 5606 gmate,
775 5550 895 5597 tunc
920 5552 1098 5600 autem
1128 5547 1260 5604 facie
1281 5550 1347 5604 ad
1378 5551 1566 5607 faciem
1587 5556 1625 5607 ί.
1651 5555 1906 5612 Velamen
1932 5559 2130 5629 quippe

544 5631 688 5685 omni
712 5632 870 5688 modo
893 5635 1193 5694 intercludit
1222 5651 1528 5712 aspectum;
1570 5647 1795 5717 aenigma
1843 5663 1991 5714 vero,
2018 5657 2135 5703 tan-

543 5830 773 5882 Mm.

2243 4928 2402 4983 quam
2430 4930 2527 4986 per
2552 4918 2857 4988 speculum,
2893 4921 3034 4978 sicut
3061 4924 3202 4981 idem
3236 4925 3509 4997 apostolus
3539 4928 3650 4996 ait,
3694 4930 3867 4989 Vide-

2194 5034 2199 5039 ·
2242 5023 2354 5063 mus
2380 5024 2512 5063 nunc
2531 5028 2619 5082 per
2637 5015 2897 5082 speculum
2922 5025 2967 5069 et
2990 5016 3043 5070 in
3065 5018 3331 5087 aenigmate
3354 5017 3398 5091 (Ι
3426 5018 3546 5074 Cor.
3581 5037 3700 5089 xm,
3738 5026 3861 5096 12),

2241 5116 2342 5157 nec
2368 5102 2817 5160 evidentissimum
2843 5107 3043 5179 detegit
3070 5112 3302 5177 speciem
3326 5153 3341 5179 ,
3373 5127 3471 5167 nec
3498 5128 3727 5183 prorsus
3753 5118 3855 5173 oh-

2240 5194 2369 5264 tegit
2393 5195 2695 5251 veritatem.
2721 5200 3013 5269 Aggrediar
3025 5204 3183 5272 ergo‘
3208 5212 3261 5258 et
3286 5204 3405 5269 ista,
3424 5204 3560 5261 duce
3587 5206 3861 5277 Domino,

2242 5285 2345 5339 tuis
2374 5287 2548 5355 potius
2581 5288 2888 5346 sublevatus
2914 5293 3249 5352 orationibus
3269 5337 3282 5361 ,
3324 5312 3482 5367 quam
3506 5297 3863 5368 jussionibus

2239 5387 2573 5449 aggravatus.
2606 5380 2907 5436 Praesertim
2934 5386 3054 5454 quia
3080 5402 3142 5440 ex
3166 5387 3390 5458 epistola
3428 5397 3513 5442 tua
3548 5394 3694 5445 uon'
3745 5395 3862 5452 hoc

2304 5539 2319 5610 ξ
2349 5544 2398 5587 In
2414 5538 2671 5612 veteribus
2687 5536 2839 5599 libris,
2856 5541 3199 5612 aggrediamur
3219 5557 3371 5612 ergo_;
3392 5553 3443 5596 et
3460 5557 3862 5612 consequenter

2305 5554 2319 5568 ι
2349 5554 2398 5587 tn
2414 5554 2671 5587 veteribus
2689 5554 2839 5599 llDl‘lS,
2856 5554 2916 5599 aq
2952 5554 3199 5593 reatamur
3219 5557 3362 5606 erqo,‘

2237 5598 2359 5669 infra
2383 5599 2555 5662 plurali
2580 5613 2801 5659 numero,
2824 5554 3072 5669 sttbgzvnti,
3097 5598 3362 5669 aggrav'aIi.

2303 5664 2321 5734 ξ
2344 5668 2735 5734 _Locus_vete_rum
2767 5662 2984 5734 codicum
3007 5679 3102 5734 Ope
3127 5662 3509 5734 redintegratus,
3537 5672 3623 5734 qui
3645 5674 3695 5721 in
3723 5684 3861 5727 ante

890 5768 1010 5795 ""‘“"
1036 5769 1163 5795 "‘m
1186 5777 1489 5795 ηληι-Αε-μ-ε-
1530 5781 1551 5795 ι
1766 5780 1821 5795 ιο
1879 5780 1889 5791 ι
1999 5784 2009 5794 .
2089 5790 2098 5795 -
2210 5724 2592 5795 -βάῖίίεὪηιίεδέι
2624 5723 2699 5770 ιιίο
2734 5733 2947 5795 negante
2982 5723 3253 5795 particula,_
3279 5723 3353 5795 θεέ
3376 5732 3527 5795 ’ψυιο
3554 5723 3676 5795 ’ροβε
3695 5723 3860 5795 ina};

606 5760 1013 5849 meimissimus
1034 5769 1163 5825 liber
1184 5777 1507 5841 Corbeiensis,
1523 5779 1695 5843 facient
1712 5780 1777 5832 ad
1792 5780 2133 5847 faciem;juxta

2262 5738 2592 5793 tutus_0mtssa
2624 5738 2699 5770 mc
2734 5738 2947 5835 negante
2982 5738 3253 5798 particula,
3279 5738 3353 5800 sic

2262 5793 2336 5844 iat,
2383 5799 2434 5835 tn
2455 5798 2547 5849 quo
2584 5797 2752 5835 revera
2773 5798 2802 5834 ο
2833 5791 3178 5849 temperarem,
3202 5804 3294 5844 ms:
3318 5806 3405 5842 nn.

2833 5791 3178 5854 temperarem,
3202 5790 3298 5844 nisi
3318 5790 3437 5844 mihi
3454 5790 3577 5845 casei
3600 5790 3862 5855 άὶθιὶίαἱε

2236 5860 2389 5898 mum.
