3942 6416
166 344 254 406 ,η
442 292 443 297 Ν
622 396 627 401 ,
1114 398 1117 405 ,
1440 337 1704 396 LIBER!

1806 338 2065 399 IUNDUS.

162 475 212 523 te
234 460 442 520 intellexi
474 471 716 532 quatere,
753 456 879 529 quid
922 458 1073 516 haec
1112 459 1164 516 in
1200 458 1470 531 prophetia
1502 456 1706 529 signifi-

164 567 310 615 cent:
332 558 376 611 in
401 569 488 625 quo
509 567 692 608 revera
718 551 1132 623 obtemperare
1168 552 1294 607 mihi
1324 561 1464 607 esset
1494 551 1707 607 difﬁcil-

164 650 359 713 limum;
383 647 486 718 quia
511 653 564 700 et
589 644 656 700 de
685 652 794 700 tota
822 646 1157 702 eorumdem
1180 647 1514 702 contextione
1541 646 1705 701 libro-

164 758 269 797 rum
308 739 512 795 ducenda
563 747 710 794 esset
751 739 988 794 intentio
1015 780 1029 805 ,
1068 748 1124 796 et
1155 739 1201 795 si
1237 749 1378 796 esset
1414 742 1708 811 promptior

160 834 449 897 intellectus,
506 829 823 900 magnitudo
892 838 1076 886 tamen
1144 832 1320 901 operis
1389 830 1703 901 impediret;

160 940 255 994 qua:
276 925 314 978 si
336 923 593 977 subeunda
619 934 737 990 est,
776 923 1042 994 prolixius
1072 924 1237 979 otium
1265 933 1579 996 tempusque
1608 924 1706 979 fla-

157 1017 298 1085 gitat:
323 1014 401 1067 sed
422 1029 560 1069 nunc
603 1015 750 1085 ipsas
787 1030 971 1071 rerum
1012 1016 1363 1086 proprietates
1390 1026 1659 1087 gestarum
1685 1059 1702 1086 ,

157 1123 259 1180 qua
277 1107 344 1161 his
366 1106 525 1162 verbis
552 1122 786 1178 quorum
824 1124 857 1163 a
888 1117 942 1164 te
964 1108 1099 1163 facta
1126 1110 1563 1164 commemoratio
1591 1119 1701 1179 est,

156 1200 488 1269 signiﬁcantur,
512 1201 789 1271 quomodo
810 1202 1161 1272 intelligerem
1188 1215 1347 1258 nosse
1375 1202 1620 1273 dignatus
1645 1217 1705 1258 es

152 1298 196 1347 ct
211 1292 323 1345 meis
346 1291 526 1346 litteris
552 1293 777 1363 aperiri.

152 1383 373 1451 chsrto
395 1400 567 1441 eum.
589 1416 665 1428 —
686 1386 889 1458 Spiritu
909 1387 1006 1442 Dei
1033 1388 1226 1445 diverso
1247 1390 1396 1445 modo
1423 1392 1706 1462 afﬁciuntur

210 1478 455 1547 prapltette.
479 1479 761 1549 Prophetia
774 1480 953 1535 habitu
966 1492 1225 1553 perpetuo,
1262 1491 1308 1537 et
1326 1483 1514 1551 affectu
1535 1494 1706 1540 trans-

210 1569 358 1624 itoria.
387 1568 605 1640 Spiritus
638 1570 743 1626 Dei
781 1576 894 1627 sine
920 1574 1261 1631 additamenta
1290 1577 1585 1648 intelligitur
1612 1580 1704 1633 bo-

211 1678 311 1714 nus.
339 1662 412 1716 An
438 1664 607 1718 eodem
628 1666 834 1719 nomine
860 1666 1216 1739 intelligendus
1253 1669 1479 1740 Spiritus
1502 1682 1705 1726 sanctus

208 1749 343 1805 Patri
368 1762 412 1806 et
438 1752 568 1807 Filio
592 1754 1058 1811 consubstantialis.
1084 1758 1308 1829 Spiritus
1341 1759 1436 1814 Dei
1467 1762 1519 1815 in
1549 1761 1708 1817 Saiu's

209 1836 352 1889 bonus
377 1846 420 1891 et
450 1836 607 1892 malus
638 1840 911 1910 quomodo.
949 1840 1079 1896 Satil
1117 1859 1413 1914 persequens
1457 1844 1706 1902 Davidem

210 1928 378 1997 spiritu
396 1930 681 1998 prophetico
705 1942 748 1986 et
770 1934 899 1988 bona
923 1944 1200 2003 correptus.
1232 1936 1449 1993 Munera
1474 1942 1706 2010 qutedam

219 2018 427 2087 Spiritus
466 2022 615 2074 sancti
653 2022 818 2077 haberi
853 2025 960 2079 sine
992 2026 1253 2082 charitate.
1300 2029 1427 2085 Sine
1462 2032 1705 2089 charitate

226 2126 426 2163 munera
447 2113 538 2165 alia
556 2112 778 2184 Spiritus
794 2119 940 2171 sancti
952 2119 1083 2173 nihil
1100 2132 1329 2190 prosunt.
1348 2125 1423 2179 An
1441 2129 1705 2197 praphetia

226 2201 455 2256 habeatur
468 2206 569 2257 sine
595 2206 841 2263 citat-itote,
864 2209 1142 2268 Hterelicos
1171 2224 1215 2269 et
1240 2216 1578 2273 schismaticos
1607 2221 1701 2275 ha-

214 2294 323 2348 bere
336 2297 437 2350 alia
448 2298 573 2352 dona
586 2299 815 2370 Spiritus
836 2307 999 2359 sancti
1023 2318 1205 2376 praeter
1233 2310 1549 2369 charitatem.
1576 2314 1703 2386 Spi-

210 2386 325 2441 ritus
347 2390 498 2444 malas
517 2408 608 2445 cur
634 2393 801 2448 dictus
825 2397 1032 2465 spiritus
1055 2398 1283 2456 Domini.

210 2478 256 2533 1.
271 2479 330 2533 Et
346 2482 555 2551 primum
577 2486 795 2556 quidem
812 2490 954 2559 quod
972 2492 1040 2547 de
1056 2494 1229 2563 primo
1242 2496 1549 2568 Regnorum
1571 2502 1705 2559 libro

151 2569 322 2638 iussisti
342 2584 395 2628 ut
415 2591 756 2649 exponerem,
786 2586 1057 2653 quomodo
1086 2588 1284 2644 dictum
1301 2593 1391 2659 sit,
1421 2593 1489 2647 Et
1512 2596 1705 2651 insiluit

156 2666 327 2734 spiritus
367 2669 560 2726 Domini
601 2675 656 2730 in
697 2675 977 2734 Saulcum
1008 2683 1132 2738 alibi
1178 2684 1354 2753 dicat,
1388 2686 1457 2740 Et
1497 2691 1705 2759 spiritus

158 2754 330 2815 Domini
366 2763 515 2820 malus
558 2768 614 2821 in
655 2768 796 2823 Saul
834 2770 889 2841 (l
930 2772 1061 2844 Reg.
1106 2792 1228 2845 xvt,
1267 2779 1390 2851 14).
1436 2754 1702 2840 lta‘enim

158 2851 369 2922 scriptum
389 2868 460 2913 est
487 2878 502 2914 :
530 2860 599 2914 Et
627 2865 830 2932 factum
851 2873 925 2918 est
950 2884 1066 2922 cum
1102 2882 1401 2929 converteret
1440 2878 1703 2934 humerum

159 2958 301 3010 suum,
316 2958 362 2998 at
376 2949 456 3002 iret
473 2968 501 3003 a
520 2951 764 3022 Samuel,
789 2961 1029 3013 convertit
1048 2961 1185 3019 Deus
1202 2967 1256 3019 in
1279 2968 1412 3023 Saiil
1430 2986 1518 3023 cor
1537 2972 1701 3041 aliud,

160 3039 202 3082 et
225 3048 419 3091 venenat
442 3044 607 3097 mia
646 3047 799 3117 signa
826 3049 917 3107 illa
946 3054 1029 3107 die
1058 3073 1078 3110 .·
1119 3066 1167 3111 et
1194 3061 1324 3113 venit
1362 3061 1480 3115 inde
1508 3063 1559 3115 in
1597 3039 1705 3118 col;

157 3124 259 3192 ιεὰι,
282 3139 319 3180 ει
338 3152 428 3190 ecce
447 3140 635 3195 chorus
661 3147 1026 3215 prophetarum
1046 3151 1099 3203 in
1125 3152 1319 3206 obuiam
1342 3154 1419 3209 illi
1443 3198 1456 3220 ,
1502 3166 1548 3212 et
1574 3159 1702 3213 insi-

156 3220 234 3274 luit
252 3225 295 3278 in
317 3228 436 3284 illum
460 3235 677 3302 spiritus
702 3237 817 3304 Dei,
847 3250 895 3294 et
923 3245 1235 3314 praphetavit
1261 3247 1314 3301 in
1343 3250 1507 3303 medio
1531 3268 1704 3306 eorum

154 3312 306 3385 (lix,
326 3320 372 3387 9,
399 3323 517 3394 l0).
552 3327 891 3385 Praedixerat
906 3312 1049 3389 enim
1072 3336 1185 3391 luce
1207 3336 1282 3392 illi
1304 3338 1554 3410 Samuel,
1577 3359 1699 3399 cum

154 3418 252 3459 eum
274 3411 427 3478 jussus
452 3421 720 3475 unxisset.
754 3422 821 3475 Et
850 3422 952 3479 hoc
973 3426 1185 3495 quidem
1212 3445 1321 3484 non
1349 3441 1475 3501 puto
1505 3432 1701 3491 habere

150 3500 314 3571 aliquid
335 3514 653 3576 qumstionis.
683 3513 915 3585 Spiritus
932 3518 1073 3573 enim
1098 3522 1185 3575 ubi
1206 3524 1319 3577 vult
1338 3500 1501 3594 Spirat
1519 3526 1696 3596 (Joan.

151 3606 224 3658 In,
259 3596 354 3667 8):
382 3610 427 3655 et
462 3606 719 3673 Spiritum
762 3609 1061 3679 prophetiae
1104 3614 1369 3670 nullarum
1404 3618 1699 3677 animarum

146 3695 299 3753 potest
317 3695 559 3751 maculare
587 3708 899 3754 contactus.
924 3702 1147 3773 Attingit
1179 3708 1320 3761 enim
1354 3708 1546 3778 ubique
1574 3727 1697 3781 pro-

144 3782 252 3844 pter
268 3793 399 3835 suam
424 3788 739 3843 munditiam
763 3789 919 3862 (Sap.
944 3808 1035 3860 vn,
1061 3792 1175 3867 24).
1197 3796 1378 3853 Afficit
1396 3809 1571 3856 autem
1593 3818 1701 3858 non

144 3880 306 3926 omnes
330 3875 493 3932 eodem
519 3880 720 3946 modo,
740 3883 835 3937 sed
863 3884 997 3939 alios
1022 3902 1115 3955 per
1142 3886 1571 3949 informationem
1594 3896 1702 3965 spi-

144 3957 257 4013 ritus
278 3970 565 4026 eorumdetn
597 3972 883 4029 hominum
903 4018 918 4041 ,
951 3977 1037 4031 ubi
1060 3994 1237 4035 rerum
1268 3983 1702 4044 demonstrantur

144 4050 380 4125 imagines;
409 4062 538 4119 alios
572 4080 681 4135 per
706 4065 937 4123 fructum
957 4072 1148 4126 mentis
1174 4073 1240 4128 ad
1262 4075 1697 4147 intelligentiam;

146 4143 249 4199 alios
269 4161 464 4223 utraque
484 4158 854 4227 inspiratione
873 4178 887 4227 ;
906 4163 1038 4218 alios
1064 4164 1224 4219 etiam
1245 4170 1566 4226 nescientes.
1593 4172 1702 4229 Sed

144 4250 217 4303 Per
248 4241 670 4305 informationem
714 4254 931 4322 spiritus
974 4255 1182 4312 duobus
1222 4260 1397 4316 modis
1428 4280 1439 4316 :
1474 4275 1565 4318 aut
1608 4282 1703 4336 per
1740 4297 1755 4311 ο

144 4334 390 4404 somnium,
436 4342 579 4397 sicut
635 4358 743 4398 non
782 4346 951 4400 solum
1000 4348 1238 4420 plerique
1287 4356 1490 4420 sancti,
1522 4357 1615 4412 sed
1649 4368 1703 4414 et

143 4416 313 4479 Pharao
353 4438 403 4482 et
448 4430 962 4491 Nabuchodonosor
1010 4416 1109 4493 rex
1152 4416 1289 4513 vidit
1344 4416 1489 4515 quod
1542 4462 1702 4505 nemo

144 4526 293 4571 eorum
326 4520 628 4597 intelligere
665 4526 900 4597 valebat,
942 4530 1038 4588 sed
1064 4541 1242 4590 tamen
1267 4535 1452 4593 videre
1481 4548 1704 4610 uterque

140 4616 340 4676 potuerat
362 4616 514 4687 (Gen.
541 4635 664 4685 ω,
686 4629 733 4673 et
752 4619 890 4676 Dan.
914 4624 1056 4695 ιιι-ιν)
1084 4643 1097 4678 :
1129 4636 1220 4681 aut
1244 4643 1341 4698 per
1360 4627 1702 4687 demonstra-

141 4699 301 4763 tionem
324 4709 373 4764 in
401 4714 631 4779 ecstasi,
660 4714 799 4785 quod
824 4718 1063 4773 nonnulli
1092 4718 1265 4775 Latini
1289 4730 1563 4793 stuporem
1583 4726 1599 4757 ¹
1617 4726 1705 4783 in-

141 4800 485 4870 terpretantur;
530 4806 739 4860 mirum
792 4807 836 4861 si
866 4809 1111 4878 proprie,
1158 4812 1253 4868 sed
1292 4813 1464 4871 vicine
1502 4826 1701 4887 tamen,

141 4897 237 4939 cum
257 4890 316 4945 sit
338 4896 809 4967 mentisalienatio
826 4914 856 4953 a
881 4901 1394 4974 sensibuscorporis,
1414 4916 1470 4962 ut
1488 4907 1705 4978 spiritus

142 4974 330 5039 hominis
346 4985 529 5043 divino
564 4989 761 5057 spiritu
787 5001 1090 5061 assumptus
1114 4994 1386 5064 capiendis
1425 4974 1584 5068 atque
1625 5000 1706 5053 in-

143 5074 315 5131 tuendis
350 5077 679 5149 imaginibus
717 5092 904 5147 vacet;
945 5084 1081 5140 sicut
1123 5086 1327 5143 Danieli
1364 5089 1705 5146 demonstra-

146 5158 229 5209 tun
254 5167 325 5214 est
348 5163 491 5232 quod
521 5179 637 5219 non
664 5166 1012 5238 intelligebat,
1046 5178 1100 5225 et
1120 5171 1278 5227 Petro
1308 5173 1437 5229 illud
1457 5190 1552 5231 vas
1580 5176 1706 5233 sub-

145 5245 322 5337 tltissum
347 5253 415 5309 de
439 5256 589 5311 creto
618 5267 845 5327 quatuor
864 5260 1019 5316 lineis
1040 5264 1059 5293 ²
1079 5261 1215 5332 (Act.
1243 5280 1280 5319 χ
1298 5307 1313 5332 ,
1348 5266 1471 5337 ii):
1504 5282 1625 5323 nam
1651 5279 1706 5325 et

144 5333 236 5432 ipse
259 5344 369 5413 quid
402 5346 493 5403 illa
530 5348 922 5409 demonstratio
946 5354 1196 5426 figuraret
1224 5333 1701 5432 postea-cognovit.

145 5422 453 5493 Petita-tum
479 5448 668 5495 autem
709 5444 902 5501 mentis
931 5422 1007 5500 ad
1028 5422 1426 5521 intelligentiam
1455 5422 1558 5508 uno
1582 5471 1703 5511 mo-

146 5518 215 5621 de,
235 5542 338 5584 cum
358 5531 473 5589 bare
499 5535 617 5605 ipsa
638 5552 755 5607 qua:
773 5518 1217 5600 demonstrantur.
1232 5546 1551 5618 imaginibus
1576 5552 1704 5621 quid

147 5614 403 5685 {gniﬁcent
444 5637 504 5681 et
547 5644 657 5697 quo
702 5634 1004 5701 pertineant
1034 5614 1480 5715 revelatur;vqu:c
1505 5645 1703 5704 certior

497 5732 740 5781 pavorem.

198 5772 546 5845 {senapin
565 5789 670 5833 uss.
695 5794 750 5836 At.
773 5786 912 5845 editi,
938 5787 1111 5842 tuum.

198 5835 260 5898 (α)
288 5835 436 5894 Parte.
460 5835 681 5909 ductum,
706 5835 806 5911 vel,
841 5835 1129 5915 preme-tuin.

1792 5688 1795 5691 ‘
1870 5684 2052 5741 ‘Lov.,

3296 364 3401 424 150

1813 456 2091 528 prophetia
2118 469 2219 530 est;
2240 478 2361 520 nam
2387 468 2558 540 magis
2580 471 2750 542 ipsam
2784 484 2937 532 vocat
2967 478 3252 551 Apostolus
3276 502 3403 558 pro-

1812 549 2048 621 phetiam
2082 553 2134 624 (Ι
2163 555 2278 610 Cor.
2306 575 2421 625 xm,
2452 561 2517 635 2)
2555 583 2569 619 :
2597 566 2734 623 sicut
2761 568 2955 643 Ioseph
2986 549 3180 632 meruit
3204 549 3400 639 intelli-

1810 658 1953 715 gere,
1982 649 2121 718 quod
2150 650 2358 709 Pharao
2382 671 2487 712 non
2508 658 2609 713 nisi
2630 660 2878 732 videre‘;
2903 669 3155 726 etDaniel
3184 676 3403 745 exponit

1810 737 1941 807 regi,
1975 739 2113 809 quod
2134 741 2222 797 ille
2245 746 2415 801 cernit
2439 756 2492 803 et
2517 750 2705 806 nescit.
2735 750 2867 809 Cum
2893 773 3019 813 vero
3045 760 3114 815 ita
3142 737 3293 821 mens
3319 764 3401 821 af-

1810 826 2003 898 ﬁcitur,
2037 841 2095 886 ut
2120 849 2225 889 non
2246 852 2425 893 rerum
2454 840 2712 913 imagines
2742 847 3086 918 conjecturali
3122 858 3401 915 examina-

1809 923 1952 979 tione
1977 925 2252 999 intelligat,
2282 931 2377 987 sed
2403 949 2490 989 res
2512 936 2654 1005 ipsas
2679 938 2964 1012 intueatur,
2995 946 3130 1003 sicut
3153 950 3404 1025 intelligi-

1809 1021 1896 1069 tur
1922 1017 2179 1087 sapientia
2217 1031 2267 1077 et
2291 1023 2495 1093 justitia
2541 1032 2819 1102 omnisque
2857 1035 3303 1099 incommutabilis
3323 1017 3402 1102 vet

1808 1103 1984 1161 divina
2024 1111 2252 1180 species,
2302 1114 2370 1170 ad
2409 1120 2743 1188 prophetiam
2789 1124 2855 1180 de
2886 1143 2987 1197 qua
3022 1146 3162 1186 nunc
3194 1134 3402 1204 agimus

1807 1210 1916 1251 non
1960 1201 2216 1269 pertinet.
2256 1202 2490 1278 Utquue
2517 1220 2694 1266 autem
2720 1229 2939 1273 munere
2968 1201 3259 1293 prophetiae
3299 1224 3402 1280 do-

1806 1299 2002 1345 nantur
2026 1292 2080 1347 hi
2104 1295 2193 1364 qui
2220 1305 2274 1352 et
2296 1313 2473 1354 rerum
2502 1301 2755 1374 imagines
2796 1308 2849 1362 in
2875 1310 3064 1379 spiritu
3100 1312 3311 1382 vident,
3344 1326 3400 1373 et

1808 1383 1935 1453 quid
1966 1386 2179 1443 valeant
2216 1390 2373 1445 simul
2416 1394 2732 1467 intelligunt,
2781 1410 2873 1456 aut
2914 1414 3063 1461 certe
3107 1408 3400 1466 manifestis

1806 1473 2164 1533 locutionibus
2192 1480 2245 1533 in
2271 1481 2384 1551 ipsa
2404 1483 2860 1548 demonstratione
2888 1495 3261 1567 informantur,
3294 1503 3401 1557 sic-

1808 1574 1866 1621 ut
1917 1566 1971 1622 in
2024 1570 2345 1643 Apocalypsi
2387 1577 2631 1646 quaedam
2676 1595 3033 1654 exponuntur.
3082 1589 3400 1651 Nescientes

1806 1669 1986 1715 autem
2015 1662 2180 1720 afficit
2210 1668 2503 1737 prophetia:
2539 1674 2757 1743 spiritus
2779 1719 2797 1743 ,
2837 1680 2972 1735 sicut
3014 1683 3241 1754 Caiphas
3275 1704 3399 1744 cum

1807 1760 1950 1807 esset
1980 1755 2217 1824 pontifex
2255 1759 2594 1829 prophetavit
2616 1764 2684 1819 de
2713 1766 2937 1825 Domino
2961 1774 3103 1842 quod
3127 1777 3403 1846 expediret

1808 1857 1969 1899 unum
1987 1848 2121 1902 mori
2140 1863 2236 1918 pro
2259 1858 2366 1906 tota
2392 1866 2550 1923 gente
2575 1855 2749 1928 (Joan.
2774 1876 2848 1926 χι,
2874 1863 2965 1932 49,
2984 1864 3096 1937 50),
3118 1882 3238 1923 cum
3255 1871 3401 1928 aliud

1806 1936 1860 1990 in
1878 1938 2051 1994 verbis
2064 1955 2181 2010 qua:
2196 1942 2404 1999 dicebat
2419 1949 2737 2016 attenderet;
2757 1969 2877 2024 quze
2892 1971 2995 2011 non
3015 1936 3113 2013 sea
3125 1976 3183 2016 se
3194 1960 3311 2031 ipso
3327 1962 3401 2019 di-

1806 2043 1933 2085 cere
1965 2034 2253 2092 nesciebat.
2281 2037 2569 2097 Abundant
2587 2044 2637 2098 in
2661 2048 2859 2104 sanctis
2875 2049 3048 2107 Libris
3063 2056 3329 2124 exempla;
3346 2065 3402 2113 et

1806 2136 1893 2177 res
1909 2124 2199 2192 prudentia:
2218 2136 2320 2184 tuae
2332 2133 2636 2189 notissimas
2648 2138 2854 2207 loquor.
2869 2140 2983 2195 Non
2997 2144 3136 2198 enim
3150 2145 3249 2202 ista
3265 2146 3400 2204 dicis

1806 2228 1871 2270 ex
1894 2231 2000 2283 me,
2020 2218 2112 2273 sed
2135 2219 2188 2273 in
2206 2220 2283 2275 eis
2305 2237 2389 2277 me
2408 2229 2771 2292 percontando
2788 2232 3059 2300 probas,et
3076 2250 3401 2306 cognoscere

1804 2308 2028 2377 cupiens
2056 2310 2420 2379 proficientem
2443 2357 2456 2380 ,
2488 2326 2541 2371 et
2564 2320 2835 2389 corrigere
2864 2335 3079 2391 paratus
3105 2339 3397 2387 errantem.

1803 2398 1918 2453 Hoc
1944 2409 2121 2455 autem
2155 2404 2337 2471 verbo,
2368 2406 2510 2476 quod
2540 2410 2767 2478 positum
2794 2422 2897 2479 est,
2920 2413 2987 2467 Et
3006 2416 3200 2471 insiluit
3217 2420 3270 2473 in
3287 2438 3401 2476 eum

1802 2492 2042 2561 spiritus;
2073 2503 2319 2565 tanquam
2349 2512 2412 2553 ex
2442 2499 2623 2554 abdito
2648 2500 2938 2558 divinitatis
2965 2516 3174 2562 secreto
3202 2526 3399 2580 repen-

1805 2582 1947 2637 tinus
1995 2585 2326 2655 significatur
2378 2588 2604 2645 afﬂatus.
2664 2591 2864 2647 Horum
2913 2595 3070 2665 igitur
3116 2600 3399 2658 modorum

1804 2688 2035 2743 quonam
2062 2678 2236 2745 potius
2264 2679 2514 2735 affectum
2553 2696 2673 2738 esse
2699 2683 3053 2755 intelligamus
3077 2688 3204 2745 Saul
3224 2733 3239 2759 ,
3272 2694 3400 2750 satis

1804 2775 2024 2834 apparet
2050 2784 2111 2823 ex
2141 2785 2205 2824 eo
2233 2772 2374 2841 quod
2404 2773 2473 2827 ibi
2504 2777 2757 2845 scriptum
2781 2785 2882 2844 est,
2910 2776 3163 2836 Convertit
3187 2782 3323 2839 Deus
3347 2786 3402 2840 in

1808 2859 1938 2912 Sail!
1966 2877 2053 2914 cor
2081 2863 2245 2917 aliud.
2280 2866 2369 2921 Sic
2397 2867 2538 2921 enim
2570 2868 2728 2923 aliam
2764 2871 2939 2926 cordis
2965 2872 3299 2931 affectionem
3329 2878 3402 2934 si-

1804 2951 2040 3019 gniﬁcat,
2071 2969 2231 3023 quam
2252 2958 2271 2987 ³
2303 2959 2664 3014 eonvertendo
2691 2960 2818 3016 fecit
2844 2962 2982 3019 Deus
3017 2974 3074 3019 ut
3109 2966 3400 3038 imaginum

1803 3045 2214 3115 significantium
2245 3058 2299 3105 et
2328 3052 2781 3123 praeﬁgurantium
2801 3071 2971 3127 capax
2990 3057 3161 3125 fieret,
3187 3061 3254 3116 ad
3276 3078 3400 3133 pro-

1803 3138 2070 3207 pheticum
2097 3140 2498 3200 divinationem.

1873 3231 1926 3285 2.
1956 3231 2185 3287 Tantum
2218 3246 2396 3292 autem
2422 3237 2583 3294 distat
2608 3240 2747 3297 inter
2782 3243 3121 3314 pr0phetiam
3162 3246 3398 3316 prophe-

1803 3331 1999 3390 tarum,
2034 3324 2171 3378 sicut
2198 3324 2382 3393 Isaias,
2413 3328 2552 3383 sicut
2576 3330 2835 3387 Jeremias
2858 3375 2873 3400 ,
2906 3344 2961 3389 et
2986 3337 3169 3391 caeteri
3207 3337 3398 3407 hujus-

1801 3415 1946 3469 modi
1974 3414 2224 3483 fuerunt,
2260 3425 2422 3488 atque
2450 3420 2605 3474 istam
2639 3424 3002 3479 transitoriam
3041 3442 3161 3496 quae
3188 3428 3243 3481 in
3270 3428 3399 3483 Saul

1801 3507 2081 3575 apparuit,
2115 3518 2370 3578 quantum
2420 3511 2588 3567 distat
2628 3513 2767 3568 inter
2788 3514 3053 3585 loquelam
3080 3517 3394 3589 humanam,

1801 3612 1922 3653 cum
1961 3600 2248 3671 loquuntur
2284 3603 2544 3673 homines,
2573 3614 2626 3660 et
2664 3622 2785 3661 cum
2812 3608 3001 3664 eadem
3027 3609 3239 3681 loquela
3268 3627 3399 3682 pro-

1805 3699 1926 3761 pter
1952 3695 2311 3751 necessarium
2343 3698 2638 3769 prodigiam
2666 3700 2813 3754 asina
2838 3701 3015 3755 locuta
3059 3712 3161 3768 est,
3208 3704 3261 3759 in
3292 3720 3397 3777 qua

1804 3784 2027 3839 sedebat
2054 3785 2268 3841 Balaam
2298 3790 2556 3860 prapheta
2588 3791 2606 3861 (
2637 3790 2800 3847 Num.
2830 3808 2946 3847 χχιι
2965 3835 2980 3862 ,
3010 3793 3080 3849 28
3101 3793 3146 3868 ).
3177 3796 3399 3870 Accepit

1804 3877 1946 3931 enim
1978 3877 2079 3934 hoc
2109 3880 2174 3933 ad
2215 3890 2423 3951 tempus
2469 3883 2596 3937 illud
2625 3883 2925 3954 jumentum
2947 3929 2963 3955 ,
2993 3896 3050 3943 ut
3082 3889 3219 3944 Deus
3247 3891 3391 3960 quod

1803 3977 2063 4026 statuerat
2092 3972 2507 4040 demonstraret,
2540 3990 2647 4031 non
2671 3986 2730 4032 ut
2760 3978 2942 4034 habitu
2975 3990 3233 4051 perpetuo
3258 3983 3399 4039 inter

1804 4060 2048 4118 homines
2078 4064 2246 4119 bestia
2280 4066 2606 4137 loqueretur.
2632 4070 2736 4124 Aut
2762 4071 2808 4125 si
2832 4071 2934 4126 hoc
2963 4075 3263 4144 exemplum
3283 4092 3398 4134 ma-

1798 4150 1917 4221 jore
1939 4153 2235 4211 dill‘ercntia
2262 4166 2531 4213 remotum
2562 4168 2669 4226 est;
2696 4164 2864 4217 multo
2896 4164 3074 4220 minus
3092 4166 3396 4235 mirandum

1802 4253 1886 4299 est
1914 4244 2115 4301 homini
2138 4250 2369 4319 reprobo
2394 4251 2571 4305 datam
2603 4252 2765 4309 fuisse
2807 4256 2873 4310 ad
2899 4266 3228 4314 momentum
3260 4271 3396 4316 tem-

1804 4337 1950 4405 poris
1989 4338 2179 4393 affectu
2208 4343 2515 4399 transitoria
2540 4346 2872 4415 prophetiam
2899 4390 2913 4415 ,
2942 4352 3154 4420 quando
3181 4353 3271 4407 ille
3296 4354 3396 4409 de-

1804 4428 1974 4495 derat,
1996 4430 2087 4499 qui
2111 4440 2166 4485 et
2185 4434 2387 4487 asinam
2409 4449 2530 4489 cum
2555 4437 2719 4491 voluit
2738 4437 2880 4508 loqui
2899 4440 3046 4495 fecit.
3069 4442 3231 4512 Magis
3250 4445 3395 4501 enim

1805 4518 1968 4574 distat
2011 4536 2172 4591 pecus
2201 4524 2269 4579 ab
2315 4524 2569 4591 homine,
2620 4543 2782 4597 quam
2830 4528 2993 4586 homo
3023 4534 3280 4602 reprobus
3327 4536 3397 4592 ab

1806 4612 2012 4682 electis,
2044 4614 2137 4669 sed
2171 4625 2345 4672 tamen
2379 4618 2701 4674 hominibus.
2728 4619 2845 4676 Non
2875 4622 3017 4678 enim
3043 4625 3087 4679 si
3114 4627 3397 4697 quisquam

1805 4706 2000 4762 dixerit
2026 4708 2225 4779 aliquid
2255 4712 2397 4780 quod
2425 4712 2491 4768 ad
2520 4714 2837 4783 sapientiam
2861 4718 3111 4787 pertinet,
3142 4722 3398 4778 continuo

1805 4798 2019 4867 sapiens
2057 4801 2442 4858 existimandus
2468 4812 2568 4860 est.
2618 4805 2707 4862 Sic
2733 4823 2833 4863 nec
2858 4809 3135 4881 quisquam
3154 4853 3171 4879 ,
3223 4813 3269 4868 si
3300 4813 3400 4869 ali-

1805 4892 2019 4963 quando
2060 4896 2489 4966 prophetaverit,
2516 4899 2627 4970 jam
2670 4901 2809 4956 inter
2834 4904 3124 4973 prophetas
3148 4922 3399 4963 numera-

1805 4987 1949 5043 bitur
1979 5005 1991 5041 :
2022 5004 2145 5043 cum
2177 4999 2229 5045 et
2260 4992 2516 5048 Dominus
2554 4994 2606 5048 in
2630 4995 2926 5066 Evangelio
2965 4998 3109 5054 dicat
3136 5002 3396 5071 quosdam

1806 5096 1927 5137 cum
1957 5083 2150 5155 gaudio
2177 5085 2398 5140 verbum
2442 5088 2721 5158 excipere,
2763 5099 2817 5145 et
2837 5092 3035 5148 radicis
3061 5094 3397 5153 altitudinem

1806 5188 1913 5229 non
1950 5174 2182 5244 habere,
2223 5177 2319 5232 sed
2364 5193 2483 5233 esse
2530 5182 2848 5251 temporales
2883 5182 3110 5254 (Matth.
3143 5204 3276 5255 xm,
3305 5188 3395 5253 20,

1806 5264 1927 5335 21).
1962 5266 2191 5337 Ideoque
2235 5269 2370 5324 sicut
2398 5286 2733 5343 consequens
2767 5275 2967 5331 indicat
2995 5278 3170 5345 lectio,
3202 5281 3399 5338 factum

1806 5370 1889 5415 est
1913 5361 1965 5415 in
1995 5362 2321 5432 parabolam,
2344 5364 2404 5420 Si
2429 5374 2475 5418 et
2503 5365 2632 5421 Saitl
2654 5368 2784 5421 inter
2803 5370 3074 5440 prophetas
3088 5371 3109 5403 ³
3133 5370 3178 5443 (l
3196 5372 3397 5445 Reg.x,

1808 5452 1943 5526 12)?
1999 5454 2109 5510 Hoc
2140 5456 2301 5526 igitur
2328 5457 2506 5512 mirari
2549 5459 2853 5515 desinamus
2877 5504 2890 5527 ,
2931 5479 3050 5518 eum
3081 5465 3132 5518 in
3164 5465 3397 5521 homini.

1807 5545 1907 5601 bus
1944 5555 2165 5617 apparet
2199 5548 2452 5604 divinitus
2492 5552 2712 5622 aliquid,
2756 5569 2982 5623 quorum
3024 5556 3107 5610 vel
3146 5556 3398 5613 meritum

2095 5684 2222 5747 quod
2254 5686 2460 5749 Pharao
2506 5700 2597 5737 non
2644 5688 2793 5749 potuit
2838 5688 2931 5737 nisi
2965 5689 3145 5737 videre.
3183 5698 3240 5740 At
3275 5693 3399 5748 editi

1802 5744 1884 5814 alii
1928 5744 2208 5814 e_t_Mss.'non
2250 5748 2457 5814 habent,
2492 5744 2679 5813 potuit;
2711 5751 2823 5811 quia
2855 5750 3166 5814 subauditur,
3198 5744 3398 5809 meruit;

1866 5809 1891 5881 ξ
1911 5807 2046 5866 Editt,
2064 5823 2195 5881 quia.
2221 5812 2373 5881 Cujus.
2388 5807 2812 5881 loeo'_t\tss._,.qn'_am

1869 5869 1893 5903 ³
1924 5876 1991 5922 tta
2013 5877 2120 5924 uss.
2144 5880 2201 5925 At
2220 5869 2453 5934 editi,‘sic
2472 5879 2520 5933 me;
2542 5872 2655 5924 satu
2677 5871 3072 5932 tractatatracta
3092 5874 3118 5927 1’
