3942 6416
548 509 634 567 vel
673 505 909 565 habitum
934 491 1188 567 excedit,
1231 512 1351 554 eum
1392 493 1529 551 forte
1553 494 1668 548 vult
1697 493 1836 548 Deus
1867 488 2142 560 cujusdam

548 599 948 677 signiﬁcationis
972 594 1137 668 gratia
1165 592 1270 648 tale
1299 589 1496 662 aliquid
1523 585 1898 642 demonstrari.

618 674 672 754 3.
720 694 778 750 Si
824 699 1001 746 autem
1042 687 1146 744 hoc
1191 693 1398 752 movet,
1427 680 1567 754 quod
1605 688 1787 752 postea
1827 677 1952 734 Sani
1995 674 2139 732 malo

546 790 732 862 spiritu
761 785 1042 844 invadente
1069 781 1452 855 praelocabatur
1472 821 1488 848 ,
1527 776 1618 850 qui
1673 775 1819 848 prius
1844 773 2138 846 prophetia:

545 880 789 952 spiritum
830 883 1141 946 acceperat;
1192 885 1364 943 neque
1394 870 1494 924 hoc
1521 867 1821 923 mirandum
1870 874 1972 921 est.
2006 863 2136 919 Illud

543 973 688 1029 enim
714 970 914 1027 factum
938 975 1022 1024 est
1044 981 1109 1022 ex
1132 962 1528 1034 diSpensatione
1549 959 1743 1030 aliquid
1771 955 2135 1028 signiﬁcandi,

545 1065 649 1123 hoc
691 1080 757 1121 ex
807 1062 999 1120 merito
1038 1056 1358 1114 vindicandi.
1397 1055 1506 1111 Nec
1535 1067 1750 1108 movere
1800 1064 1898 1106 nos
1940 1049 2136 1104 debent

544 1159 662 1216 haec
704 1155 1018 1213 alternantia
1048 1153 1100 1206 in
1126 1151 1304 1205 animo
1348 1149 1614 1214 humano,
1646 1145 1748 1200 hoc
1785 1151 1868 1200 est
1909 1143 1960 1198 in
1985 1157 2135 1198 crea-

547 1262 663 1308 tura
694 1248 966 1314 mutabili;
998 1244 1294 1318 praesertim
1333 1258 1399 1298 eo
1427 1251 1668 1312 tempore
1697 1253 1802 1310 quo
1853 1253 1979 1294 caro
2018 1251 2135 1292 cor-

544 1344 808 1425 ruptibilis
856 1340 1202 1410 mortalisque
1248 1346 1512 1408 portatur.
1546 1336 1628 1390 An
1666 1349 1775 1389 non
1813 1333 2053 1387 videmus
2080 1330 2134 1386 in

544 1422 659 1505 ipso
705 1435 864 1489 Petro
885 1474 898 1499 ,
931 1439 1187 1502 quantum
1219 1427 1415 1484 indicat
1458 1425 1834 1496 Evangelium,
1868 1422 2135 1478 exstitisse

540 1533 743 1581 tantam
783 1524 1174 1580 confessionem
1194 1562 1209 1588 ,
1250 1528 1309 1576 ut
1335 1517 1517 1574 audire
1557 1517 1843 1583 meruerit,
1871 1511 2058 1569 Beatus
2083 1531 2136 1570 es

542 1617 726 1673 Simon
764 1616 868 1671 Bar
903 1615 1041 1669 Iona
1060 1656 1075 1682 ,
1108 1614 1227 1684 quia
1255 1629 1356 1666 non
1383 1610 1618 1666 revelavit
1659 1608 1745 1662 tibi
1784 1624 1903 1662 caro
1931 1617 1980 1661 et
2010 1623 2132 1660 san-

540 1711 652 1782 guis
673 1749 688 1775 ,
717 1709 807 1763 sed
850 1706 1008 1762 Pater
1035 1722 1176 1760 meus
1219 1705 1306 1774 qui
1348 1705 1401 1758 in
1439 1702 1576 1757 caelis
1601 1711 1673 1755 est
1696 1719 1714 1754 :
1743 1708 1795 1756 et
1834 1700 1991 1770 paulo
2015 1707 2136 1770 post

541 1811 646 1856 tam
669 1799 954 1856 carnaliter
981 1814 1102 1853 eum
1153 1795 1222 1851 de
1252 1793 1463 1849 Domini
1508 1793 1755 1864 passione
1785 1791 2017 1847 sensisse
2038 1833 2052 1858 ,
2076 1799 2136 1846 ut

540 1896 718 1952 statim
767 1891 1029 1958 audierit,
1067 1890 1210 1945 Vade
1253 1897 1364 1961 post
1411 1904 1520 1954 me,
1561 1886 1795 1951 Satana,
1836 1882 2134 1939 scandalum

540 1989 666 2044 mihi
689 2005 773 2053 es;
800 2004 901 2040 non
931 1985 1062 2041 enim
1086 1985 1224 2055 sapis
1244 1999 1357 2055 qua:
1395 1980 1488 2036 Dei
1527 1989 1678 2046 sunt,
1710 1979 1796 2034 sed
1835 1993 1948 2050 qua:
1972 1977 2135 2031 horni-

541 2099 662 2137 num
689 2080 905 2152 (Matth.
934 2095 1055 2145 xvr,
1085 2078 1181 2143 17,
1205 2075 1339 2150 ,25)ῗθ
1364 2076 1430 2130 Ει
1460 2075 1682 2129 fortasse
1712 2072 1727 2103 ¹
1755 2071 2025 2142 aliquanto
2055 2070 2135 2126 in-

543 2173 708 2229 terius
751 2171 1167 2242 intelligentibus
1197 2178 1399 2224 tantum
1428 2169 1569 2222 valet
1595 2165 1661 2222 ad
1684 2167 1794 2221 visa
1825 2164 1912 2220 illa
1942 2164 2134 2220 mentis

542 2265 659 2322 haec
683 2265 1000 2331 dill'erentia,
1020 2280 1122 2335 qua
1139 2263 1330 2318 Petrus
1348 2261 1520 2334 primo
1552 2258 1813 2314 intellexit
1843 2257 1952 2313 Deo
1977 2257 2133 2312 Patre

540 2358 833 2425 revelante,
851 2356 993 2428 quod
1013 2355 1179 2410 Filius
1199 2355 1292 2410 Dei
1309 2363 1453 2410 esset
1476 2353 1720 2408 Christus
1739 2391 1754 2417 ,
1785 2360 1839 2404 et
1863 2359 2047 2420 postea
2067 2365 2134 2404 ne

541 2461 844 2508 moreretur
862 2451 1125 2514 extimuit;
1144 2459 1400 2519 quantum
1419 2449 1557 2502 valet
1574 2447 1640 2502 ad
1657 2446 2026 2517 distinguenda
2057 2446 2135 2501 vi-

541 2558 621 2609 sa,
651 2558 768 2613 quae
795 2543 848 2596 in
888 2541 1076 2612 Spiritu
1102 2539 1333 2594 hominis
1365 2539 1592 2594 alienata
1622 2546 1800 2594 mente
1825 2538 2134 2609 imaginarie

541 2633 696 2700 ﬁunt,
726 2633 978 2690 revelatio
1007 2631 1298 2704 prophetiae
1322 2647 1425 2703 qua
1453 2632 1626 2704 primo
1651 2629 1859 2686 afﬂatus
1879 2641 1962 2687 est
1985 2631 2130 2698 Sani,

541 2722 599 2783 et
634 2725 944 2783 commixtio
989 2724 1205 2796 spiritus
1230 2724 1357 2779 mali
1403 2739 1508 2795 quo
1547 2733 1730 2794 postea
1771 2722 2128 2792 premebatur.

612 2818 666 2875 4.
699 2819 950 2874 Janivero
979 2817 1110 2872 illud
1132 2859 1147 2884 ,
1175 2816 1315 2886 quod
1342 2819 1502 2873 etiam
1531 2817 1703 2872 malus
1731 2815 2026 2886 appellatus
2051 2821 2134 2870 est

541 2911 759 2982 spiritus
787 2911 1019 2978 Domini,
1047 2911 1124 2966 sic
1149 2911 1476 2982 intelligitur,
1506 2909 1774 2981 quomodo
1800 2909 1998 2964 dictum
2025 2917 2129 2975 est,

541 3004 748 3060 Domini
777 3016 848 3060 est
894 3017 1028 3060 terra
1073 3004 1244 3077 (Psal.
1288 3021 1456 3073 xxui,
1494 3007 1550 3076 1)
1578 3023 1591 3059 :
1617 3014 1864 3076 tanquam
1888 3011 2133 3058 creatura

543 3107 596 3154 et
635 3099 686 3152 in
716 3098 832 3168 ejus
858 3098 1028 3168 posita
1056 3107 1337 3168 potestate.
1368 3098 1472 3150 Aut
1499 3097 1540 3152 si
1567 3105 1845 3167 propterea
1872 3110 1978 3150 non
2002 3110 2135 3151 con-

540 3191 684 3262 gruit
707 3190 807 3245 hoc
850 3189 1137 3245 locutionis
1179 3189 1518 3259 exemplum,
1574 3189 1696 3258 quia
1726 3195 1869 3243 terra
1913 3204 2022 3245 non
2051 3197 2135 3245 est

542 3283 716 3350 mala;
748 3286 923 3343 omnis
949 3286 1094 3342 enim
1125 3295 1368 3342 creatura
1399 3285 1492 3340 Dei
1536 3284 1676 3342 bona
1712 3293 1796 3341 est
1825 3282 1868 3357 (Ι
1894 3284 2026 3349 Tim,
2055 3299 2132 3351 ιν,

540 3377 597 3450 ι)
630 3395 644 3432 :
673 3379 806 3435 illud
834 3389 1124 3452 congruat,
1157 3378 1300 3451 quod
1340 3377 1455 3448 ipse
1486 3376 1613 3433 Sani
1638 3377 1748 3448 jam
1787 3375 2050 3446 reprobus
2079 3383 2136 3432 et

546 3470 804 3528 scelestus
856 3479 1016 3542 atque
1059 3471 1297 3542 ingratus
1351 3478 1536 3525 sancto
1579 3469 1776 3532 David,
1824 3476 2134 3538 persecutor

541 3562 702 3618 etiam
730 3561 880 3634 ejus,
924 3577 1045 3617 cum
1073 3562 1382 3618 saevissimae
1433 3559 1646 3614 invidite
1674 3559 2133 3630 tacibusagitare-

544 3663 661 3722 tur,
693 3664 871 3710 tamen
895 3653 1070 3708 adhuc
1113 3653 1358 3708 Christus
1389 3651 1600 3707 Domini
1652 3651 1965 3719 dicebatur;
1996 3651 2134 3707 sicut

541 3761 664 3806 eum
713 3747 1000 3818 appellavit
1049 3746 1163 3815 ipse
1207 3745 1411 3811 David,
1443 3760 1567 3800 cum
1607 3744 1896 3800 vindicavit
1924 3745 2132 3801 exstin-

539 3848 684 3894 ctum
711 3837 777 3910 (ll
811 3839 939 3909 Reg.
973 3853 1028 3905 ι,
1070 3837 1172 3905 14,
1211 3837 1325 3906 15).
1359 3836 1468 3892 Sed
1510 3837 1677 3908 magis
1705 3839 1936 3894 arbitror
1979 3840 2134 3894 mali-

540 3945 702 4002 gnum
741 3929 985 4000 spiritum
1013 3944 1045 3984 a
1081 3943 1189 4000 quo
1230 3927 1523 3988 vexabatur
1567 3929 1722 3995 Saul,
1770 3929 1891 3986 ideo
1929 3931 2131 3988 dictum

540 4022 785 4094 spiritum
809 4021 1051 4086 Domini,
1085 4019 1229 4091 quod
1274 4020 1487 4077 occulto
1535 4020 1743 4076 Domini
1765 4021 1968 4091 judicio
1993 4021 2130 4079 Safi-

539 4115 644 4170 lem
671 4113 912 4169 vexabat.
939 4113 1114 4170 Utitur
1140 4113 1282 4169 enim
1309 4115 1450 4170 Deus
1471 4113 1727 4171 ministris
1747 4115 1910 4171 etiam
1923 4117 2129 4187 spiriti-

536 4198 638 4264 bus
664 4206 818 4269 malis
838 4209 858 4238 ²
879 4205 948 4262 ad
983 4206 1272 4262 vindictam
1315 4206 1595 4275 malorum,
1624 4207 1709 4263 vel
1756 4208 1824 4263 ad
1867 4208 2131 4266 bonorum

537 4301 940 4372 probationem;
1005 4300 1111 4355 alio
1147 4300 1332 4356 modo
1389 4300 1458 4356 ad
1501 4301 1644 4357 illam
1705 4318 1853 4370 rem,
1905 4305 2012 4360 alio
2062 4305 2131 4362 ad

537 4395 716 4452 istam.
744 4394 997 4464 Quamvis
1023 4395 1166 4458 enim
1196 4394 1319 4451 inde
1343 4397 1414 4452 sit
1455 4396 1681 4468 quisque
1706 4399 1971 4471 malignus
2016 4403 2128 4472 spi-

534 4487 671 4546 ritus
697 4487 739 4557 ³,
785 4489 908 4560 quia
952 4488 1094 4544 mala
1131 4489 1403 4546 voluntate
1447 4505 1641 4547 nocere
1685 4495 1917 4563 appetit;
1949 4502 2128 4550 tamen

535 4580 766 4638 nocendi
805 4588 1123 4650 potestatem
1145 4595 1252 4635 non
1299 4581 1510 4651 accipit,
1542 4582 1645 4637 nisi
1673 4583 1741 4639 ab
1767 4585 1862 4640 illo
1899 4586 1998 4640 sub
2021 4601 2128 4656 quo

536 4679 665 4728 sunt
692 4671 870 4727 omnia
899 4672 1060 4726 certis
1083 4678 1138 4726 et
1167 4671 1324 4741 justis
1366 4675 1678 4730 meritorum
1705 4675 1956 4746 gradibus
1977 4678 2125 4732 ordi-

538 4771 685 4818 nata.
723 4762 860 4830 Quia
901 4761 1040 4817 sicut
1067 4777 1173 4818 non
1203 4771 1285 4819 est
1327 4766 1468 4821 maia
1516 4769 1763 4825 voluntas
1788 4784 1819 4824 a
1847 4770 1991 4837 Deo,
2043 4773 2128 4829 sic

539 4870 648 4912 non
680 4863 763 4912 est
791 4861 1025 4926 potestas
1055 4853 1157 4910 nisi
1183 4870 1214 4910 a
1239 4856 1349 4912 Deo
1379 4857 1553 4932 (Rom.
1603 4875 1698 4916 xm
1717 4901 1732 4927 ,
1763 4861 1841 4933 1).
1874 4861 2126 4931 Quamvis

534 4947 681 5004 enim
709 4946 779 5003 sit
827 4947 881 5002 in
917 4947 1174 5018 cujusque
1202 4958 1464 5020 potestate
1513 4952 1639 5022 quid
1690 4953 1848 5021 velit,
1880 4971 1989 5011 non
2041 4966 2128 5014 est

537 5047 718 5096 tamen
770 5039 824 5095 in
852 5039 1108 5111 cujusque
1145 5050 1408 5112 potestate
1450 5044 1577 5114 quid
1622 5047 1792 5116 possit
1821 5049 1904 5103 vel
1948 5049 2126 5107 facere

534 5132 783 5203 cuiquam
810 5132 895 5188 vel
921 5147 952 5187 a
975 5148 1239 5204 quoquam
1265 5135 1391 5205 pati.
1427 5134 1559 5192 Nam
1590 5146 1645 5192 et
1674 5139 1787 5208 ipse
1811 5140 1980 5196 Filius
2005 5143 2124 5198 uni-

533 5241 630 5282 cus
659 5221 753 5282 Dei
779 5240 1032 5299 passurus
1059 5227 1123 5282 ad
1158 5236 1364 5298 tempus
1405 5229 1674 5286 humiliter
1703 5230 1905 5288 homini
1939 5251 2124 5305 supcr-

533 5318 602 5375 be
645 5321 884 5391 loquenti
920 5330 974 5378 et
1002 5322 1198 5378 dicenti
1223 5321 1361 5394 quod
1385 5333 1702 5394 potestatem
1729 5327 1947 5386 haberet
1982 5333 2123 5387 occi-

534 5407 698 5470 dendi
747 5429 868 5470 eum
893 5415 978 5472 vel
1007 5415 1301 5472 dimittendi
1333 5435 1346 5472 :
1379 5415 1502 5472 Non
1541 5419 1784 5491 haberes,
1839 5423 2040 5495 inquit,
2069 5427 2125 5482 in

532 5525 614 5564 me
643 5519 968 5579 potestatem,
1011 5511 1108 5564 nisi
1137 5511 1254 5564 data
1281 5510 1368 5566 tibi
1393 5523 1518 5567 esset
1547 5515 1759 5588 desuper
1789 5517 1962 5589 (Joan.
1995 5536 2082 5576 χιιι
2100 5563 2116 5590 ,

535 5603 650 5673 il).
681 5605 929 5658 Diabolus
956 5606 1114 5658 etiam
1145 5604 1327 5660 volens
1351 5622 1545 5664 nocere
1567 5610 1711 5680 justo
1739 5615 1854 5670 viro
1877 5615 1994 5683 Job,
2020 5633 2120 5674 no-

603 5717 620 5789 ξ
650 5719 1058 5789 tqantiquissimo
1081 5721 1360 5789 Corheiensi
1385 5731 1484 5786 διδ..
1501 5732 1546 5777 et
1567 5727 1682 5789 fors.

583 5777 620 5842 ’ξ
649 5777 985 5842 Aliquot—Mss“
1013 5781 1290 5838 immundis.

531 5841 791 5955 11Δίξοιονοτ
823 5844 1028 5908 Spiritus
1075 5846 1285 5906 Domim'.
1330 5851 1508 5914 Abest.
1551 5853 1772 5920 Domini.
1807 5859 1870 5910 ab
1900 5864 1973 5912 Er.
2009 5867 2061 5915 et
2090 5875 2121 5918 α

1118 382 1205 440 nn
1243 378 1556 436 nrvnnsrs
1593 373 2111 446 QUzESTlONlBUS
2148 369 2242 431 an
2280 373 2780 451 smmcrauuu,
2842 382 2899 438 s.
2941 382 3309 442 AUGUSTlNl
3740 385 3837 448 ise

2258 493 2411 548 condi
2456 496 2668 565 quidem
2720 499 2963 553 voluntas
3004 498 3216 556 diabolo
3257 509 3373 556 erat
3400 499 3438 566 ί,
3469 497 3563 557 sed
3606 506 3836 564 tamen:

2252 587 2478 643 Domino
2507 590 2615 647 Deo
2655 601 2971 662 potestatem
3018 595 3260 664 petebat,
3297 595 3512 662 dicens,
3543 596 3689 652 Mitte
3729 616 3834 654 ma-

2252 698 2372 737 num
2401 693 2539 738 tttam
2562 725 2578 752 ,
2609 695 2655 739 et
2684 695 2830 758 tange
2851 704 3050 742 carnem
3077 689 3185 759 ejus
3213 688 3332 761 (Job
3363 706 3434 756 ιι,
3461 689 3516 759 5)
3555 707 3567 744 :
3601 695 3834 761 quamvis

2250 773 2354 830 hoc
2402 784 2581 844 esset,
2630 776 2674 832 si
2722 777 3152 848 permitteretur,
3203 780 3315 849 ipse
3363 779 3621 838 facturus.
3672 780 3834 852 Ipsam

2249 869 2388 923 enim
2428 869 2833 941 permissionem
2874 870 3088 941 petebat
3127 869 3230 926 hoc
3276 871 3469 937 modo,
3525 881 3579 927 et
3626 886 3836 931 manum

2248 962 2460 1018 Domini
2512 963 2816 1035 appellabat
2872 965 3188 1035 permissam
3241 980 3272 1020 a
3335 965 3562 1022 Domino
3626 982 3834 1024 manum

2246 1067 2428 1122 suam,
2459 1055 2511 1109 id
2536 1065 2650 1123 est,
2685 1055 2854 1126 ipsam
2881 1064 3199 1127 potestatem
3225 1071 3384 1128 quam
3428 1057 3649 1114 volebat
3701 1061 3834 1115 acci«

2246 1165 2393 1220 pere.
2417 1148 2515 1204 Cui
2544 1152 2790 1220 congruit
2813 1150 2940 1205 illud
2972 1151 3023 1208 in
3053 1152 3339 1221 Evangelio
3358 1193 3374 1220 ,
3405 1151 3548 1222 quod
3581 1153 3834 1210 Dominus

2245 1242 2520 1313 discipulis
2550 1244 2657 1308 ait,
2696 1242 2810 1297 Ilac
2839 1255 2983 1299 nocte
3009 1246 3278 1315 postularit
3303 1256 3509 1301 satanas
3538 1263 3741 1303 vexare.
3760 1263 3832 1303 vos

2243 1337 2371 1390 sicut
2401 1336 2621 1390 triticum
2645 1334 2795 1408 (Luc.
2824 1352 2934 1390 xxn
2956 1378 2970 1402 ,
3000 1336 3116 1406 51).
3150 1335 3330 1391 Dictus
3361 1344 3444 1392 est
3468 1351 3599 1407 ergo
3627 1337 3833 1406 spiritus

2247 1427 2341 1482 Dei
2377 1427 2584 1492 malus,
2633 1428 2734 1481 hoc
2773 1435 2856 1481 est
2905 1425 3150 1482 minister
3199 1426 3294 1482 Dei
3342 1425 3409 1481 ad
3450 1426 3757 1484 faciendum
3786 1430 3829 1484 in

2243 1515 2371 1575 Saﬁl
2394 1523 2413 1552 ²
2441 1519 2582 1590 quod
2622 1535 2742 1575 eum
2775 1521 2881 1592 pati
2907 1519 3073 1591 judex
3105 1521 3667 1591 omnipotentissimus
3697 1523 3832 1594 judi-

2243 1612 2418 1668 cabat.
2468 1613 2729 1681 Quoniam
2782 1612 3000 1683 spiritus
3058 1611 3146 1667 ille
3203 1611 3478 1668 voluntate
3519 1628 3630 1684 qua
3677 1615 3833 1670 malus

2241 1714 2378 1772 erat,
2411 1721 2517 1761 non
2545 1713 2660 1761 erat
2691 1705 2785 1760 Dei
2811 1723 2824 1762 :
2853 1715 3097 1761 creatura
3127 1720 3256 1761 vero
3286 1722 3390 1778 qua
3422 1706 3678 1762 conditus
3707 1716 3830 1774 erat,

2243 1809 2298 1854 et
2346 1809 2608 1870 potestate
2654 1815 2814 1871 quam
2872 1814 2980 1855 non
3025 1816 3153 1867 sua,
3203 1799 3298 1856 sed
3346 1799 3556 1856 Domini
3601 1801 3831 1856 omnium

2243 1894 2492 1965 mquitate
2524 1901 2837 1963 acceperat,
2871 1893 2963 1948 Dei
2997 1901 3130 1949 erat.
3157 1893 3332 1948 Verba
3356 1895 3517 1949 etiam
3544 1893 3666 1964 ipsa
3697 1893 3832 1949 Seri-

2243 1991 2517 2056 pturarum
2544 1987 2613 2040 ita
2636 2001 2695 2042 se
2723 1986 2922 2042 habent
2951 2004 2963 2039 :
2994 1985 3062 2040 Et
3083 1985 3334 2058 perrexit,
3359 1986 3549 2056 inquit,
3605 1986 3826 2050 Samuel,

2242 2090 2289 2135 et
2313 2081 2434 2134 abiit
2462 2081 2514 2134 in
2543 2078 2834 2145 [laniat/ta;
2861 2089 2906 2133 et
2934 2080 3147 2149 spiritus
3176 2076 3386 2132 Domini
3409 2077 3614 2132 recessit
3631 2094 3666 2130 a
3693 2076 3826 2141 Saul,

2241 2182 2289 2226 et
2327 2172 2849 2244 compreltendit‘eum
2887 2171 3097 2242 spiritus
3139 2169 3391 2239 malignus
3413 2186 3444 2222 a
3469 2167 3698 2223 Domino
3728 2168 3767 2234 ³,
3795 2174 3834 2221 et

2241 2264 2521 2331 stt/fucabat
2547 2280 2679 2317 eum.
2709 2262 2776 2316 Et
2802 2262 3039 2316 dixerunt
3075 2262 3218 2331 pueri
3256 2261 3389 2316 Sail
3426 2261 3494 2314 ad
3520 2277 3639 2316 eum
3663 2277 3683 2316 :
3711 2258 3833 2314 Ecce

2245 2357 2472 2426 Spiritus
2499 2355 2707 2410 Domini
2755 2355 3009 2425 malignus
3038 2352 3255 2420 stt/forat
3285 2362 3330 2408 te
3361 2353 3404 2425 (1
3431 2353 3560 2423 Reg.
3586 2369 3679 2409 xv:
3698 2395 3714 2419 ,
3752 2352 3835 2408 15-

2243 2450 2359 2520 15).
2404 2449 2514 2504 lloc
2545 2449 2706 2518 igitur
2737 2462 2768 2502 a
2813 2447 2994 2517 pueris
3033 2446 3148 2518 ejus
3174 2445 3441 2517 quomodo
3489 2447 3560 2500 sit
3598 2445 3796 2501 dictum
3819 2487 3833 2510 ,

2242 2541 2452 2612 spiritus
2503 2540 2710 2595 Domini
2753 2541 3040 2612 malignus,
3073 2540 3351 2610 superiora
3395 2539 3558 2594 verba
3609 2539 3837 2596 indicant

2240 2635 2506 2690 narrantis
2527 2635 2818 2704 Scripturre
2838 2643 2892 2689 et
2907 2633 3156 2700 dicentis,
3175 2631 3397 2703 Spiritus
3413 2634 3671 2704 malignus
3694 2651 3726 2686 a
3743 2634 3838 2688 Do-

2241 2729 2400 2782 mino.
2432 2727 2739 2784 Secundum
2767 2728 2910 2782 enim
2940 2725 3043 2781 hoc
3070 2725 3278 2780 Domini
3302 2723 3344 2790 ⁸,
3374 2725 3514 2795 quod
3539 2742 3570 2779 a
3599 2724 3837 2779 Domino.

2239 2819 2376 2889 Quia
2405 2835 2504 2889 per
2528 2835 2587 2874 se
2609 2819 2785 2890 ipsum
2817 2819 2955 2873 velle
2979 2832 3173 2874 nocere
3194 2816 3454 2882 trahebat,
3486 2815 3539 2871 id
3565 2825 3648 2871 est
3669 2859 3688 2884 ,
3711 2831 3838 2873 com-

2239 2912 2577 2984 prehendere
2626 2912 2972 2982 Saiil;posse
3022 2919 3202 2967 autem
3255 2925 3364 2966 non
3418 2909 3690 2978 habebat,
3745 2909 3840 2964 nisi

2242 3021 2360 3062 sum
2372 3021 2456 3060 ma
2477 3005 2686 3075 justitia
2713 3004 2999 3060 sineretur.
3017 3003 3073 3060 Si
3087 3004 3229 3060 enim
3253 3003 3399 3073 juste
3423 3002 3658 3058 vindieat
3682 3003 3838 3068 Deus,

2240 3097 2688 3172 quemadmodum
2715 3097 2829 3168 ipse
2848 3097 2977 3152 dicit
3001 3095 3312 3168 Apostolus,
3343 3109 3464 3150 cum
3489 3094 3648 3149 tradit
3683 3093 3840 3149 homi-

2240 3209 2338 3249 nes
2385 3193 2438 3247 in
2467 3189 2928 3262 concupiscentias
2974 3189 3154 3244 cordis
3196 3203 3382 3244 eorum
3414 3186 3593 3256 (Rom.
3620 3202 3678 3251 ι,
3715 3185 3837 3251 24);

2241 3299 2348 3340 non
2375 3284 2567 3339 mirum
2617 3283 2664 3339 si
2703 3281 3048 3338 nihilominus
3074 3280 3217 3351 juste
3240 3279 3516 3335 vindicans
3545 3278 3715 3334 tradit
3752 3292 3840 3334 eos

2240 3376 2402 3434 etiam
2432 3375 2487 3432 in
2519 3375 2983 3446 concupiscentias
3009 3373 3236 3428 aliorum
3279 3387 3476 3428 nocere
3520 3373 3838 3440 volentium,

2239 3483 2334 3524 sua
2361 3482 2574 3537 semper
2600 3465 3021 3522 incommutabili
3042 3465 3291 3536 aequitate
3317 3473 3548 3521 servata.

2311 3560 2365 3616 5.
2395 3558 2946 3615 Animadvertendum
2991 3573 3122 3616 sane
3168 3567 3284 3628 est,
3315 3573 3436 3614 cum
3467 3557 3842 3614 additamento

2239 3651 2373 3718 dici,
2420 3652 2627 3724 spiritus
2695 3651 2792 3706 Dei
2835 3653 3022 3708 malus.
3066 3652 3201 3708 Cum
3250 3661 3430 3708 autem
3467 3652 3845 3708 tantummodo

2239 3743 2466 3812 dicitur,
2511 3743 2726 3815 spiritus
2767 3742 2896 3811 Dei,
2945 3744 3157 3800 etiamsi
3188 3759 3297 3800 non
3345 3743 3571 3800 addatur
3625 3743 3842 3813 bonus,

2238 3852 2307 3894 ex
2335 3837 2437 3894 hoc
2456 3837 2768 3909 intelligitur
2795 3839 2988 3895 bonus.
3013 3837 3167 3894 Unde
3197 3847 3422 3910 apparet
3449 3839 3646 3894 bonum
3683 3839 3842 3910 spiri-

2238 3938 2353 3985 tum
2394 3930 2685 3986 secundum
2741 3930 3128 3997 substantiam,
3159 3932 3358 3986 malum
3405 3939 3581 3986 autem
3633 3945 3845 3988 secun-

2237 4021 2366 4078 dum
2396 4023 2749 4078 ministerium
2777 4021 2883 4078 dici
2905 4023 3155 4094 spiritum
3185 4023 3300 4079 Dei.
3326 4023 3638 4094 Quanquam
3664 4023 3846 4096 quaeri

2237 4115 2414 4172 adhuc
2434 4116 2604 4188 possit
2624 4124 2798 4172 utrum
2827 4131 2950 4172 cum
2980 4117 3200 4187 spiritus
3215 4116 3312 4171 Dei
3339 4115 3550 4181 dicitur,
3569 4126 3623 4171 et
3641 4133 3719 4172 ex
3743 4117 3848 4174 hoc

2237 4207 2510 4279 ipsojam,
2553 4209 2652 4263 etsi
2693 4208 2823 4263 nihil
2867 4207 3125 4276 addatur,
3154 4209 3478 4279 intelligitur
3507 4209 3719 4280 bonus,
3755 4212 3848 4268 ille

2236 4301 2564 4371 intelligatur
2593 4301 2681 4372 qui
2707 4309 2787 4356 est
2817 4302 2870 4354 in
2900 4300 3161 4356 Trinitate
3180 4301 3661 4356 consubstantialis
3695 4303 3844 4358 Patri

2235 4403 2290 4450 et
2314 4393 2450 4449 Filio
2475 4393 2704 4466 Spiritus
2757 4402 3005 4461 sanctus,
3037 4393 3107 4450 de
3127 4409 3233 4464 quo
3258 4393 3487 4463 dicitur,
3530 4393 3628 4450 Ubi
3665 4405 3844 4451 autem

2235 4484 2464 4556 Spiritus
2487 4484 2732 4551 Domini,
2760 4485 2829 4540 ibi
2871 4485 3072 4540 libertas
3103 4485 3169 4554 (ll
3198 4483 3315 4540 Cor.
3356 4501 3448 4551 ιιι,
3484 4485 3604 4556 17);
3632 4494 3694 4541 et
3740 4487 3846 4544 ite-

2233 4592 2352 4632 rum
2373 4619 2388 4643 ,
2423 4575 2475 4630 Ν
2479 4577 2584 4630 abis
2613 4585 2780 4631 autem
2809 4577 3044 4632 reuelauit
3071 4575 3210 4631 Deus
3235 4593 3324 4647 per
3349 4577 3604 4648 Spiritum
3637 4595 3843 4648 suum;

2233 4677 2289 4726 et
2316 4669 2477 4736 illud,
2510 4668 2597 4725 Sic
2623 4678 2669 4723 et
2701 4685 2812 4740 qua:
2837 4668 2935 4724 Dei
2979 4679 3127 4737 sunt,
3165 4687 3309 4725 nemo
3347 4671 3438 4726 scit
3465 4671 3562 4726 nisi
3600 4671 3848 4742 Spiritus

2233 4763 2331 4818 Dei
2361 4761 2539 4835 (lCor.
2570 4779 2638 4833 ιι,
2665 4763 2762 4833 10,
2799 4763 2913 4835 11).
2941 4765 3008 4820 Ει
3035 4766 3218 4820 multis
3242 4767 3373 4823 locis
3399 4767 3502 4822 hoc
3538 4767 3707 4824 modo
3760 4769 3844 4824 di-

2233 4856 2371 4911 citur
2408 4854 2636 4926 Spiritus
2679 4855 2810 4924 Dei,
2839 4865 2892 4912 et
2936 4857 3253 4929 intelligitur
3291 4859 3519 4930 Spiritus
3562 4872 3800 4917 sanctus
3825 4903 3842 4932 ,

2233 4948 2441 5004 etiamsi
2469 4964 2574 5004 non
2606 4948 2830 5005 addatur
2865 4967 2876 5004 :
2902 4951 3152 5022 quoniam
3181 4967 3242 5007 ea
3286 4968 3405 5022 quae
3435 4953 3801 5011 circumstant
3823 4997 3842 5024 ,

2233 5041 2363 5097 satis
2393 5039 2629 5095 indicant
2666 5040 2732 5098 de
2782 5056 2889 5112 quo
2934 5041 3169 5108 dicatur;
3215 5042 3288 5097 ita
3317 5053 3377 5098 ut
3411 5044 3700 5114 aliquando
3736 5063 3848 5103 nec

2232 5134 2327 5190 Dei
2364 5132 2624 5200 addatur,
2652 5142 2706 5188 et
2747 5135 3070 5205 intelligatur
3117 5143 3299 5192 tamen
3346 5137 3433 5191 ille
3471 5137 3704 5207 Spiritus
3741 5141 3848 5195 Dei

2231 5227 2596 5298 principaliter
2641 5237 2880 5283 sanctus.
2927 5228 3060 5283 Nam
3091 5245 3249 5300 quem
3291 5229 3455 5288 alium
3495 5246 3850 5289 commeare-

2231 5329 2346 5386 rat,
2391 5318 2482 5373 ubi
2511 5316 2669 5387 dicit,
2715 5318 2838 5390 Ipse
2865 5318 3090 5388 Spiritus
3119 5322 3458 5376 testimonium
3500 5321 3587 5376 dat
3611 5323 3843 5392 spiritui

2231 5420 2402 5468 nostro
2424 5452 2440 5480 ,
2471 5412 2592 5483 quia
2621 5428 2796 5468 sumus
2829 5413 2927 5483 ﬁlii
2949 5411 3085 5479 Dei;
3114 5423 3188 5481 et,
3216 5412 3339 5486 Ipse
3361 5414 3588 5488 Spiritus
3607 5417 3849 5487 adjuvat

2296 5619 2312 5649 ι
2337 5624 2410 5666 Fr.
2429 5629 2484 5666 ac
2505 5621 2610 5665 tres
2631 5621 2760 5673 Mss,
2779 5613 3013 5664 uoluntate
3032 5613 3251 5664 diabolus
3271 5619 3391 5665 erat.

2292 5681 2312 5711 ²
2347 5680 2492 5738 mliti,
2529 5679 2590 5726 αα
2625 5676 2895 5739 [ucu’nu’mi
2931 5679 3106 5725 nmium
3139 5679 3187 5727 in
3219 5678 3346 5726 Sttltl.
3397 5676 3568 5737 Abest,
3602 5675 3842 5740 malum,

2233 5750 2262 5788 a
2329 5756 2394 5789 δέ.

2287 5748 2538 5850 ἓιιῖιιίιεειιιί
2557 5800 2686 5859 libri,
2704 5802 2900 5863 spiritus
2918 5801 3072 5851 maius
3094 5813 3124 5848 (ι
3150 5802 3366 5852 Domino.

2229 5864 2314 5984 “1;
2333 5864 2510 5979 alia;
2498 5861 2766 5917 secundum
2785 5863 2912 5918 enim
2929 5865 3035 5926 hoc,
3067 5863 3237 5928 inquit,
3253 5863 3520 5925 anausim,
3541 5861 3845 5920 [suendae-
