3942 6416
178 389 273 449 155

184 500 494 575 inﬁmitatem
535 504 748 555 nostram
783 496 987 575 (Rom.
1036 498 1268 569 vrit,16,
1313 497 1439 569 26);
1490 508 1562 564 et,
1610 499 1737 555 Iltvc

188 596 343 652 omnia
381 601 587 664 operatur
629 608 758 647 unus
810 602 975 664 atque
1024 596 1159 650 idem
1215 593 1455 665 Spiritus,
1514 594 1739 649 dividens

186 690 367 761 singula
387 686 660 754 wiicuique‘
708 694 859 756 prout
890 688 1008 747 vult
1025 705 1047 753 ;
1077 697 1152 755 et,
1192 686 1468 743 Dirisiones
1498 686 1737 747 donatio-

175 797 283 835 nem
302 788 419 844 sunt,
444 776 574 831 idem
607 786 777 832 autem
823 776 1059 848 Spiritus
1088 778 1138 850 (Ι
1164 777 1283 834 Cor.
1311 795 1404 847 xu,
1434 781 1521 846 11,
1554 781 1649 852 4-)?
1675 780 1734 836 In

170 871 244 926 his
267 871 391 925 enim
411 869 653 924 omnibus
678 870 985 936 sententiis,
1016 886 1114 926 nec
1143 871 1258 938 Dei,
1284 886 1380 927 nec
1410 881 1626 928 sanctus
1652 880 1735 929 est

166 963 394 1030 additum,
419 972 470 1017 et
494 973 677 1018 tamen
709 962 824 1033 ipse
852 963 1185 1034 intelligitur.
1214 963 1321 1019 Sed
1350 965 1529 1020 nescio
1551 973 1732 1023 utrum

172 1056 419 1114 mnifesto
443 1057 627 1127 aliqua
654 1057 907 1127 exemplo
934 1057 1145 1127 probari
1174 1059 1362 1127 possit,
1393 1057 1592 1113 alicubi
1621 1060 1733 1130 spi-

168 1150 312 1209 ritum
336 1150 416 1204 Dei
445 1148 649 1203 dictum
693 1150 813 1205 sine
842 1149 1227 1217 additamenta,
1254 1150 1341 1204 ubi
1384 1150 1616 1221 Spiritus
1644 1152 1733 1207 ille

167 1251 351 1297 sanctus
374 1256 477 1296 non
516 1241 875 1312 signiﬁcetur,
902 1241 991 1297 sed
1035 1242 1227 1312 aliquis
1268 1244 1512 1313 quamvis
1539 1244 1727 1310 bonus,

160 1343 353 1389 creatus
394 1344 566 1388 tamen
611 1344 670 1388 et
716 1335 985 1389 conditus.
1028 1334 1154 1401 Quae
1200 1337 1541 1404 proferuntur
1586 1338 1729 1393 enim

162 1426 304 1483 dubia
324 1434 458 1492 sunt,
478 1436 530 1482 et
552 1426 802 1498 indigent
817 1427 1040 1483 clariore
1058 1426 1410 1494 documento;
1446 1427 1579 1484 sicin
1601 1429 1729 1485 illud

159 1519 287 1590 quod
316 1520 562 1590 scriptum
601 1528 708 1585 est,
757 1518 985 1589 Spiritus
1014 1518 1107 1574 Dei
1132 1522 1541 1590 superferebatur
1579 1539 1730 1593 super

160 1613 354 1683 aquam’
383 1610 528 1679 (Cen.
550 1627 589 1677 ι,
610 1611 669 1681 2)
684 1652 698 1665 .
718 1610 851 1664 Nam
874 1621 928 1666 et
947 1612 1018 1666 ibi
1039 1612 1296 1681 Spiritum
1317 1623 1559 1669 sanctum
1586 1617 1726 1670 acci-

161 1720 276 1775 pere
298 1704 423 1775 quid
444 1705 715 1774 impediat,
748 1720 856 1760 non
880 1704 1116 1760 invenio.
1150 1706 1280 1761 Cum
1304 1707 1444 1761 enim
1472 1723 1726 1777 aquarum

158 1797 360 1853 nomine
405 1796 490 1851 illa
532 1798 782 1851 materies
830 1796 1130 1851 insinuetur
1178 1796 1474 1866 informis’,
1513 1816 1631 1869 qua:
1660 1800 1727 1856 de

159 1889 312 1944 nihilo
338 1888 473 1942 facta
506 1898 606 1953 est,
638 1887 780 1943 unde
808 1889 983 1942 omnia
1023 1890 1247 1955 tierent;
1298 1890 1428 1960 quid
1476 1890 1728 1961 prohibet

162 1980 448 2050 intelligere
469 1980 720 2049 Spiritum
752 1990 988 2037 sanctum
1017 1979 1336 2048 Conditoris,
1372 1983 1510 2053 quod
1534 1999 1724 2054 snper-

167 2070 430 2126 [ercbatnr
452 2071 567 2126 huic
596 2073 845 2137 materize,
873 2087 976 2126 non
1008 2072 1245 2127 locorum
1276 2074 1527 2145 gradibus
1558 2076 1724 2131 inter-

172 2164 427 2234 vallisque
460 2163 760 2233 spatiorum,
792 2164 917 2233 quod
953 2180 1289 2235 nequaquam
1320 2166 1388 2221 de
1415 2168 1519 2221 ulla
1550 2183 1608 2223 re
1639 2169 1723 2224 in-

169 2270 415 2325 corporea
455 2266 593 2311 recte
632 2257 834 2324 dicitur,
874 2258 969 2313 sed
1000 2259 1315 2315 excellentia
1355 2270 1409 2315 et
1438 2262 1725 2318 eminentia

160 2346 465 2403 dominantis
490 2363 649 2417 super
685 2349 863 2405 omnia
891 2350 1201 2419 voluntatis,
1233 2360 1289 2406 ut
1315 2353 1492 2408 omnia
1522 2354 1722 2410 conde-

164 2439 369 2497 rentur?
390 2439 685 2495 Prazsertim
709 2456 828 2496 cum
858 2456 918 2496 ea
949 2442 1166 2510 locutio,
1186 2444 1323 2499 sicut
1344 2445 1553 2500 illarum
1582 2446 1725 2503 Scri-

165 2543 414 2602 pturarum
437 2549 547 2589 mos
564 2544 669 2601 est,
686 2536 849 2589 etiam
873 2536 1240 2607 prapheticnm
1267 2540 1519 2609 quiddam
1548 2549 1721 2610 sonet,

165 2626 549 2695 mysteriumque
583 2626 753 2681 futuri
806 2628 1145 2697 Baptismatis
1171 2648 1236 2686 ex
1270 2648 1404 2702 aqua
1432 2642 1486 2688 et
1523 2633 1721 2704 Spiritu

166 2726 324 2771 sancto
359 2718 596 2772 nascituri
628 2719 820 2789 p0puli
849 2721 1206 2790 pmﬁguret“.
1248 2722 1366 2778 Non
1412 2740 1540 2795 ergo
1584 2727 1724 2797 cogit

164 2808 284 2877 quod
324 2807 507 2863 dictum
558 2820 681 2876 est,
737 2809 809 2864 Et
860 2812 1087 2880 Spiritus
1150 2813 1248 2868 Dei
1309 2818 1723 2887 superferebatur

163 2915 290 2970 “per
326 2919 512 2969 aquam,
545 2903 701 2957 illum
750 2904 1053 2975 intelligere
1092 2908 1361 2976 spiritum,
1401 2911 1539 2967 sicut
1578 2928 1717 2969 non-

173 2992 284 3046 nulli
304 2994 483 3061 volunt,
499 3011 616 3065 quo
645 2995 834 3050 mundi
863 2997 1031 3053 moles
1063 2999 1303 3055 universa
1329 3002 1429 3059 ista
1460 3018 1718 3073 corporea

170 3082 290 3139 velut
309 3087 578 3153 animatur,
611 3088 683 3142 ad
711 3088 1071 3146 ministerium
1112 3108 1448 3167 quorumque
1496 3097 1721 3169 gignen-

168 3174 297 3241 tium,
331 3189 377 3231 et
415 3179 462 3232 in
497 3194 607 3233 sua
653 3179 839 3248 Specie
884 3182 1322 3240 continendarum
1364 3190 1723 3258 corporalium

162 3278 496 3326 creaturarum.
539 3271 806 3329 Creatura
850 3282 933 3328 est
972 3275 1112 3329 enim
1157 3277 1417 3348 quidquid
1464 3290 1547 3337 est
1595 3283 1718 3339 tale.

161 3358 270 3413 Illud
290 3363 433 3418 etiam
460 3364 608 3435 quod
649 3365 914 3433 scriptum
948 3376 1050 3432 est,
1094 3368 1345 3434 Quoniam
1368 3373 1593 3441 Spiritus
1615 3375 1723 3431 Do-

160 3452 263 3505 mini
290 3457 475 3524 repleuit
496 3458 682 3511 orbem
722 3466 977 3511 terrarum
1003 3459 1157 3529 (Sap.
1192 3477 1232 3529 ι,
1276 3454 1353 3532 7),
1387 3480 1492 3521 non
1533 3468 1725 3524 desunt

159 3545 235 3612 qui
259 3546 481 3602 eumdem
521 3549 787 3619 spiritum
816 3550 985 3605 velint
1012 3553 1202 3623 accipi,
1248 3554 1567 3615 invisibilem
1614 3563 1722 3617 sci-

156 3634 262 3693 licet
298 3652 577 3697 creaturam
629 3651 829 3698 cuncta
877 3644 1107 3700 visibilia
1160 3646 1447 3704 universali
1494 3652 1721 3720 quadam

154 3732 507 3799 conspiratione
555 3744 909 3805 vegetantcm
963 3746 1121 3807 atque
1174 3740 1563 3798 continentem.
1615 3744 1723 3803 Sed

156 3836 317 3891 mue
356 3824 434 3881 bic
459 3828 614 3882 video
662 3826 794 3896 quid
844 3827 1099 3898 impediat
1142 3831 1438 3903 intelligere
1466 3832 1722 3904 Spiritum

153 3926 386 3986 sanctum,
410 3936 526 3976 cum
558 3922 689 3991 ipse
716 3921 861 3975 Deus
887 3920 1029 3977 dicat
1055 3924 1197 3992 apud
1242 3928 1580 3995 prophetam,
1613 3928 1725 3984 Car-

154 4007 307 4064 lutuet
343 4019 518 4068 terram
591 4028 693 4083 ego
744 4012 932 4083 impleo
983 4012 1190 4083 (Jerem.
1239 4032 1390 4085 xxiii,
1443 4018 1561 4089 24).
1606 4020 1721 4076 Non

153 4104 275 4159 enim
311 4107 417 4163 sine
444 4123 545 4164 suo
573 4106 791 4177 Spiritu
815 4115 1001 4162 sancto
1030 4108 1216 4179 implet
1256 4110 1396 4166 Deus
1436 4112 1633 4168 etclam
1671 4122 1725 4169 et

159 4200 338 4251 terram.
361 4198 494 4267 Quid
539 4214 688 4269 ergo
718 4199 915 4253 mirum
955 4198 1002 4255 si
1027 4198 1095 4255 de
1138 4200 1338 4270 Spiritu
1381 4212 1566 4260 sancto
1607 4205 1723 4276 ejus

152 4283 319 4343 dictum
354 4301 462 4355 est,
508 4291 759 4362 Replevit
802 4291 972 4347 orbem
1021 4296 1311 4349 terrarum?
1361 4296 1534 4353 Aliter
1578 4300 1722 4354 enim

154 4382 299 4449 replet
320 4384 738 4451 sanctiﬁcando,
786 4385 926 4441 sicut
964 4385 1031 4442 de
1067 4385 1342 4458 Stephano
1372 4388 1587 4459 dicitur,
1615 4391 1722 4447 Re-

154 4472 291 4539 ﬂettu
316 4486 382 4529 est
426 4477 653 4548 Spiritu
701 4487 875 4532 sancto
901 4476 1041 4549 (Act.
1072 4494 1146 4546 vt,
1184 4480 1239 4547 5,
1275 4489 1324 4534 et
1362 4497 1456 4549 vn,
1491 4482 1620 4555 55);
1670 4494 1725 4540 et

153 4562 213 4619 de
244 4568 431 4625 ater-is
481 4570 736 4625 talibus:
776 4570 933 4626 aliter
975 4585 1105 4642 ergo
1143 4572 1315 4642 replet
1360 4574 1724 4633 sanctiﬁcante

153 4658 342 4727 [mi-‘1',
394 4661 539 4719 sicut
603 4660 868 4731 quosdam
927 4671 1187 4730 sanctos;
1232 4662 1391 4719 aliter
1439 4674 1724 4724 attestante

154 4758 285 4821 atque
300 4754 587 4809 ordinante
619 4754 959 4823 praesentia“,
984 4755 1119 4809 sicut
1142 4755 1341 4811 omnia.
1366 4755 1722 4823 Quamobrem

154 4844 304 4899 Iesu'o
338 4855 517 4901 utrum
560 4854 719 4901 certo
745 4845 923 4916 aliquo
958 4845 1283 4903 documento
1328 4847 1720 4918 Scripturarum

155 4934 296 5002 possit
326 4937 563 5005 ostendi,
634 4951 757 4992 cum
803 4938 919 4994 sine
967 4938 1076 4994 ullo
1126 4938 1486 4996 additamenta
1530 4941 1723 4998 dicitur

207 5090 221 5119 ¹
238 5089 341 5139 aliti
363 5106 483 5163 carm.
500 5091 731 5154 Vulgata,
747 5090 970 5165 sir‘tgulis.
999 5098 1053 5141 At
1076 5094 1530 5165 vetustimnnuspts.
1552 5097 1724 5165 Coer-

160 5150 285 5201 iensis
300 5153 584 5227 ,mricm'que
602 5150 627 5212 Ξ
778 5150 971 5231 plenius
985 5156 1251 5231 rcSpondct
1262 5169 1422 5227 grteco
1434 5156 1536 5231 idin
1548 5162 1720 5231 ecastr).

163 5225 332 5278 proque
345 5218 658 5280 angustiam
690 5216 950 5275 interdum,
970 5217 1170 5279 propria
1194 5216 1465 5282 animique.
1490 5222 1562 5270 sic
1583 5222 1722 5284 intra,

163 5286 201 5320 n.
227 5276 265 5320 7.

214 5300 309 5389 "ait
329 5349 431 5391 am.
464 5342 614 5404 juxta
638 5352 850 5404 graecum
888 5346 1016 5389 Lxx.
1056 5347 1111 5391 At
1143 5341 1279 5404 editi,
1309 5342 1548 5405 ferebatur
1579 5358 1724 5411 super

161 5410 560 5536 TCiubeiensis
615 5474 667 5516 et
709 5467 958 5516 Vaticanus
1014 5474 1118 5517 Mss.
1139 5501 1155 5528 ,
1199 5466 1523 5519 insinuaretur
1570 5471 1721 5536 infor-

327 5596 432 5659 ιςς
458 5590 590 5659 νέμε
794 5591 1195 5670 reserere
1654 5598 1727 5670 ρετ

166 5648 569 5724 lgilmptismatis
594 5666 655 5703 ex
687 5648 815 5715 aqua
833 5659 878 5703 et
901 5651 1080 5717 Spiritu
1113 5648 1293 5704 sancto"
1307 5648 1541 5707 noscitari
1555 5648 1724 5724 populi

162 5710 595 5850 πξὲουακξωῖί
634 5776 748 5827 editi
762 5812 778 5838 ,
822 5776 965 5831 aliter
1009 5783 1168 5832 autem
1205 5780 1358 5847 replet
1396 5781 1726 5850 sanctiﬁcante

172 5841 347 5951 wing:
364 5905 500 5965 η,
521 5898 847 5967 ρτωεεὶαιιὶα.

1477 381 1679 440 uena
1718 386 2094 448 SECUNDUS.

1847 504 2066 575 spiritus
2092 505 2187 562 Dei
2224 508 2309 565 vel
2335 511 2553 584 spiritus
2582 513 2810 584 Domini,
2841 516 3038 593 aliquid
3063 523 3205 580 aliud
3233 524 3439 598 signiﬁ-

1846 597 1954 652 cari
1990 613 2146 668 quam
2178 600 2431 671 Spiritum
2459 616 2719 664 sanetum.
2751 609 2858 667 Sed
2885 612 2983 673 etsi
3014 625 3094 669 est
3120 616 3253 674 forte
3285 597 3430 690 quod

1844 688 1898 743 in
1931 695 2212 762 praesentia
2254 711 2362 753 non
2390 710 2654 771 occurrat,
2686 703 2821 761 illud
2862 716 3006 763 certe
3049 709 3276 770 arbitror
3321 730 3431 773 non

1844 787 2047 845 temere
2075 786 2199 856 dici,
2230 791 2436 860 quoties
2464 793 2515 849 in
2551 796 2748 852 sanctis
2787 798 3010 869 eloquiis
3038 816 3431 863 commemora-

1841 881 1929 930 tur
1955 878 2170 946 spiritus
2193 880 2310 949 Dci,
2341 899 2512 956 neque
2537 886 2748 945 additur
2776 888 2994 962 aliquid,
3017 895 3132 951 sive
3163 896 3254 953 ille
3287 897 3433 954 Patri

1841 974 1895 1021 et
1918 966 2051 1023 Filio
2076 972 2543 1033 consubstantialis
2588 978 2815 1048 Spiritus
2852 992 3084 1054 sanctus,
3114 988 3228 1043 sive
3252 990 3432 1061 aliqua

1839 1068 2080 1116 Creatura
2130 1063 2410 1121 invisibilis
2454 1069 2794 1141 intelligatur,
2839 1076 3038 1132 malum
3090 1086 3269 1139 tamen
3320 1098 3429 1139 non

1836 1166 1995 1220 posse
2033 1153 2276 1228 intelligi,
2308 1161 2409 1214 nisi
2439 1162 2664 1219 addatur
2692 1167 2861 1227 etiam,
2896 1170 3085 1226 malus.
3117 1171 3256 1231 Malo
3281 1177 3424 1233 enim

1833 1244 1958 1313 quia
1990 1245 2124 1302 bene
2154 1249 2318 1305 utitur
2346 1252 2484 1308 Deus
2514 1255 2580 1310 ad
2608 1256 2960 1315 ministerium
2987 1261 3172 1332 iudicii
3197 1267 3299 1335 sui,
3327 1284 3426 1341 ap-

1834 1337 2063 1405 pellatur
2096 1343 2254 1398 etiam
2283 1346 2395 1414 ipse
2425 1348 2644 1418 spiritus
2672 1352 2788 1420 Dei,
2835 1354 2901 1409 ad
2936 1357 3221 1416 vindictam
3248 1337 3425 1419 malo-

1832 1442 1950 1483 rum
1981 1440 2035 1485 et
2058 1432 2391 1505 disciplinam
2419 1440 2502 1494 vel
2522 1442 2891 1515 probationem
2922 1446 3202 1506 bonorum.

1906 1520 1957 1574 6.
1999 1520 2109 1579 Nec
2148 1525 2274 1580 illud
2316 1544 2530 1586 movere
2560 1532 2673 1602 jam
2714 1550 2812 1592 nos
2857 1537 3034 1609 debet,
3066 1542 3205 1611 quod
3236 1553 3422 1614 postea

1804 1610 2089 1681 scriptum
2118 1624 2220 1682 cst,
2256 1620 2501 1677 eumdem
2547 1622 2761 1681 Saiilem
2803 1629 2990 1699 spiritu
3036 1610 3131 1689 Dei
3172 1610 3333 1707 super
3361 1654 3422 1696 se

1825 1700 1970 1757 facto
1998 1708 2364 1778 prophetasse,
2391 1716 2657 1783 quomodo
2679 1728 2798 1787 post
2823 1720 3018 1778 bonum
3044 1700 3290 1795 spiritum
3312 1731 3421 1801 spi-

1831 1794 1964 1850 ritus
1988 1799 2177 1864 malns,
2207 1809 2260 1857 et
2288 1820 2498 1860 rursum
2530 1818 2649 1878 post
2677 1812 2877 1868 malum
2910 1814 3099 1875 bonus.
3132 1818 3246 1875 Hoc
3274 1823 3419 1892 enim

1830 1884 1909 1953 ﬁt,
1934 1904 2040 1943 non
2064 1894 2417 1951 mutabilitate
2439 1900 2667 1968 Spiritus
2684 1906 2874 1972 sancti,
2897 1908 2987 1978 qui
3014 1920 3094 1965 est
3115 1884 3417 1970 incommu-

1830 1978 2005 2034 tabilis
2030 1997 2150 2036 cum
2184 1985 2342 2043 Patre
2369 1998 2424 2043 et
2450 1990 2604 2059 Filio,
2629 1996 2724 2050 sed
2746 1999 3097 2057 mutabilitate
3126 2005 3291 2060 animi
3313 2006 3415 2064 bu-

1831 2072 1996 2137 mani,
2034 2074 2139 2129 Deo
2167 2090 2355 2135 cuncta
2385 2082 2755 2155 distribuente,
2789 2090 2901 2146 sive
2920 2093 3076 2149 malis
3104 2110 3199 2165 pro
3221 2099 3417 2156 merito

1830 2162 2185 2225 damnationis
2205 2173 2288 2226 vel
2309 2176 2715 2248 emendationis,
2739 2182 2856 2238 sive
2872 2184 3026 2241 bonis
3047 2162 3143 2257 pro
3172 2190 3417 2262 largitate

1824 2260 2011 2331 gratiae
2037 2277 2169 2318 suae.
2199 2266 2514 2338 Quanquam
2532 2272 2698 2326 videri
2718 2277 2885 2343 possit
2905 2279 3065 2334 etiam
3094 2281 3235 2338 idem
3255 2260 3418 2343 inisse

1828 2352 1921 2410 Dei
1948 2356 2165 2424 spiritus
2205 2376 2417 2432 semper
2461 2364 2514 2419 in
2556 2364 2713 2434 Saﬁl;
2745 2370 2917 2426 malus
2945 2383 3121 2430 autem
3146 2377 3243 2444 illi,
3274 2381 3416 2449 quod

1827 2445 1942 2515 ejus
1969 2450 2264 2505 sanctitatis
2283 2453 2299 2482 ί
2336 2469 2502 2523 capax
2527 2472 2633 2512 non
2664 2469 2825 2515 esset.
2869 2462 2974 2519 Sed
3006 2480 3110 2521 non
3141 2445 3416 2528 recte—hoc

1826 2538 2053 2594 videtur.
2073 2542 2257 2598 Tutior
2272 2553 2353 2599 est
2368 2548 2508 2602 enim
2523 2548 2615 2604 ille
2634 2566 2823 2608 sensus
2838 2563 2895 2610 et
2910 2558 3104 2625 verior,
3122 2569 3285 2630 utpro
3301 2578 3418 2620 mu-

1828 2632 2084 2687 tabilitate
2110 2635 2405 2692 alicctionis
2438 2642 2682 2697 humanm
2708 2642 2939 2714 Spiritus
2962 2649 3055 2705 Dei
3078 2651 3248 2707 bonus
3280 2653 3417 2713 bene

1826 2721 2044 2788 afﬁciat,
2076 2727 2241 2782 velad
2268 2733 2625 2801 prOphctiam,
2647 2736 2727 2790 vel
2750 2737 2816 2793 ad
2832 2754 2967 2808 opus
2984 2744 3417 2811 quodlibetaliud

1824 2814 1879 2868 in
1900 2832 2125 2873 munere
2145 2819 2355 2887 divino;
2388 2824 2587 2880 afﬁciat
2612 2836 2789 2884 autem
2816 2832 2989 2888 malus
3004 2835 3162 2899 male,
3183 2838 3271 2907 qui
3294 2855 3419 2909 pro-

1827 2913 1945 2976 pter
1969 2908 2324 2966 ministerium
2350 2912 2543 2971 divinze
2563 2919 2827 2988 mquitatis
2847 2924 3024 2978 omnia
3050 2908 3418 2987 distribuentis

1827 3006 1881 3052 et
1901 3000 2148 3067 clunibus
2178 3012 2323 3059 recte
2352 3008 2551 3064 utentis
2591 3009 2783 3067 dicitur
2809 3023 2862 3068 et
2888 3014 3003 3083 ipse
3033 3019 3250 3087 spiritus
3281 3022 3413 3080 Dei:

1826 3092 2121 3158 praesertim
2143 3094 2262 3164 quia
2291 3095 2489 3153 dictum
2513 3107 2615 3166 est,
2640 3100 2862 3159 Recessit
2880 3105 2943 3159 ab
2969 3123 3026 3161 eo
3054 3108 3281 3179 Spiritus
3298 3112 3411 3181 Dei,

1827 3189 1876 3243 ct
1903 3186 2278 3254 corizpreltendit
2299 3205 2411 3244 cum
2429 3192 2639 3257 spiritus
2658 3194 2912 3265 malignus
2932 3214 2965 3251 a
2992 3198 3231 3256 Domino.
3258 3203 3417 3261 Nullo

1826 3273 1971 3329 enim
1997 3285 2152 3345 pacto
2173 3288 2350 3347 potest
2373 3282 2513 3337 idem
2532 3285 2698 3340 videri
2720 3291 3005 3349 recessisse
3028 3302 3082 3347 et
3110 3299 3415 3366 apprehen-

1827 3364 1990 3421 disse.
2024 3367 2194 3423 Porro
2222 3381 2400 3427 autem
2426 3374 2481 3429 in
2508 3378 2777 3434 nonnullis
2807 3386 3221 3455 exemplaribus,
3259 3399 3314 3445 et
3339 3392 3418 3448 eis

1827 3459 2058 3514 maxime
2084 3476 2202 3531 quae
2245 3462 2313 3518 de
2352 3464 2531 3535 lingua
2569 3467 2782 3525 hebraea
2808 3472 2877 3527 ad
2901 3476 3123 3531 verbum
3167 3479 3417 3541 videntur

1827 3564 2099 3619 expressa,
2130 3553 2395 3610 invenitur
2416 3557 2645 3628 Spiritus
2674 3562 2771 3618 Dei
2798 3565 2913 3621 sine
2937 3568 3297 3627 additamento
3314 3590 3415 3644 po-

1827 3641 1992 3707 situs;
2023 3654 2076 3699 et
2103 3645 2415 3719 intelligitur
2434 3651 2607 3707 malus
2627 3668 2693 3709 ex
2714 3669 2779 3711 eo
2796 3657 2935 3725 quod
2955 3661 3244 3730 arripiebat
3263 3641 3413 3735 sint,

1827 3741 1883 3788 et
1909 3734 2179 3792 reﬁciebat
2208 3754 2329 3795 eum
2356 3742 2524 3798 David
2570 3747 2834 3816 tangendo
2877 3750 3155 3808 citharam.
3202 3757 3419 3817 Manife~

1829 3834 1968 3881 stum
1995 3838 2079 3883 est
2105 3838 2304 3899 tamen,
2339 3833 2460 3891 ideo
2486 3851 2596 3893 non
2621 3839 2860 3897 additum
2886 3845 3081 3913 malus,
3107 3848 3228 3917 quia
3252 3853 3414 3921 paulo

1827 3922 2075 3991 superius
2102 3924 2213 3994 jam
2243 3925 2445 3995 dictum
2471 3939 2606 3997 erat,
2634 3941 2689 3988 et
2714 3932 2785 3990 de
2811 3935 3082 4007 vicinitate
3121 3940 3414 4012 Scriptura

1827 4013 2097 4069 subaudiri
2125 4025 2179 4083 et
2203 4017 2425 4090 intelligi
2464 4032 2692 4091 poterat.
2739 4026 2819 4082 lta
2845 4029 2990 4087 enim
3019 4031 3074 4087 in
3106 4033 3413 4105 huiusmodi

1827 4107 2222 4176 exemplaribus
2274 4110 2497 4181 legitur:
2526 4114 2700 4185 Igitur
2742 4121 3167 4195 quandocumque
3205 4130 3415 4199 spiritu;

1826 4194 2033 4251 Domini
2082 4201 2357 4270 arripiebat
2405 4203 2559 4273 Saul,
2616 4208 2821 4265 tollebat
2857 4210 3027 4267 Dauid
3075 4194 3325 4275 citharam
3368 4194 3417 4277 et

1828 4288 2135 4357 percutiebat
2188 4309 2347 4347 manu
2400 4311 2496 4350 sua
2523 4337 2539 4364 ,
2595 4309 2643 4352 et
2698 4302 3078 4373 refecillabatur
3138 4309 3269 4366 Saul
3290 4351 3307 4378 ,
3370 4323 3418 4370 et

1830 4376 1984 4433 levius
2031 4378 2281 4438 habebat:
2306 4386 2565 4443 recedebat
2606 4390 2739 4443 enim
2770 4393 2833 4446 ab
2874 4410 2931 4449 eo
2974 4398 3184 4467 spiritus
3228 4376 3411 4460 malum

1826 4467 1952 4526 Sive
1991 4485 2119 4541 ergo
2159 4473 2299 4543 quod
2348 4474 2437 4533 hic
2482 4493 2589 4533 non
2634 4487 2718 4535 est
2754 4482 2978 4553 dictum,
3023 4489 3241 4557 spiritus
3282 4493 3411 4564 Dei;

1828 4563 1921 4620 sed
1974 4566 2363 4636 tantummodo,
2418 4568 2638 4639 spiritus
2688 4574 2891 4633 malus:
2927 4579 3069 4648 quod
3120 4581 3195 4637 ibi
3235 4586 3413 4645 minus

1827 4657 2028 4713 dictum
2076 4668 2210 4729 erat,
2260 4668 2510 4732 tanquam
2554 4664 2822 4721 redditum
2864 4680 3105 4740 apparet,
3137 4675 3251 4731 sive
3288 4681 3411 4749 quia

1827 4749 2071 4818 superius
2114 4750 2184 4806 ita
2233 4752 2465 4822 positum
2499 4766 2649 4823 erat,
2702 4757 2770 4813 Et
2818 4760 3054 4818 dixerunt
3094 4769 3227 4822 serui
3283 4770 3416 4829 Sail

1827 4840 1895 4894 ad
1941 4859 2057 4895 eum
2094 4858 2112 4896 :
2147 4841 2279 4899 Ecce
2327 4847 2536 4916 spiritus
2573 4848 2675 4904 Dei
2720 4852 2885 4907 malus
2929 4858 3151 4928 exagitat
3192 4870 3275 4927 te;
3317 4866 3414 4934 jur-

1828 4932 1939 4987 beat
1959 4934 2192 4990 dominus
2222 4946 2410 5003 noster,
2441 4948 2489 4993 et
2514 4942 2643 4996 servi
2669 4944 2743 4997 tui
2762 4945 2849 5014 qui
2873 4962 3045 5003 coram
3068 4960 3117 5007 te
3138 4964 3256 5008 sunt
3275 4972 3413 5024 quaa-

1828 5034 1939 5081 reut
1969 5028 2220 5082 hominem
2244 5031 2481 5086 scientem
2505 5034 2723 5103 psallere
2766 5038 2980 5106 cit/rara,
3013 5051 3067 5095 ut
3089 5046 3291 5114 quando
3330 5065 3413 5103 ar-

1828 5122 2039 5192 ripuerit
2064 5130 2111 5175 te
2137 5123 2346 5192 spiritus
2368 5122 2467 5178 Dei
2492 5128 2679 5195 malus,
2708 5130 2895 5199 psallat
2933 5150 3088 5189 manu
3127 5154 3238 5205 sua,
3269 5150 3314 5195 et
3334 5144 3409 5197 le-

1829 5218 1936 5272 vius
1967 5222 2099 5289 feras
2125 5218 2170 5288 (Ι
2187 5220 2317 5290 Reg.
2344 5237 2452 5285 xvr,
2471 5222 2666 5289 25,15,
2698 5224 2815 5295 16);
2844 5242 2950 5282 non
2974 5244 3111 5300 opus
3135 5243 3267 5301 erat,
3287 5250 3410 5292 cum

1830 5325 2043 5365 rursum
2070 5310 2356 5379 diceretur,
2388 5314 2803 5386 quandocumque
2826 5320 3035 5390 spiritus
3063 5321 3164 5379 Dei
3200 5329 3414 5399 arripie-

1830 5402 1913 5455 bat
1939 5402 2092 5471 Saul,
2117 5403 2316 5462 addere
2339 5406 2559 5472 malum,
2589 5409 2711 5479 quia
2732 5420 2918 5467 notum
2940 5421 3056 5470 erat
3072 5415 3141 5472 de
3159 5432 3267 5488 quo
3290 5430 3415 5476 tunc

1831 5497 2115 5554 diceretur.
2978 5576 2981 5581 _

1904 5594 1955 5647 7.
2000 5593 2374 5649 Verumtamen
2426 5594 2517 5650 illa
2561 5599 2787 5666 qurestio
2832 5602 3004 5668 major
3043 5612 3153 5666 est,
3204 5614 3258 5659 et
3302 5621 3408 5663 non

1833 5685 2132 5739 transitoria
2162 5686 2325 5740 animi
2356 5688 2650 5744 intentione
2672 5692 2930 5754 rimanda,
2961 5693 3100 5762 quod
3135 5710 3253 5750 cum
3283 5696 3409 5756 Saiil

1833 5784 2243 5851 persequeretur
2289 5778 2455 5833 David
2501 5781 2862 5848 innocentem,
2904 5784 3091 5851 plenus
3136 5784 3415 5851 invidiaet

1901 5914 1921 5946 ί
1946 5918 2149 5967 veteres
2166 5912 2296 5977 libri,
2319 5918 2517 5968 sancte:
2542 5913 2669 5967 forte
2691 5928 2795 5979 pro,
2817 5916 2989 5973 sancti.
