3942 6416
509 325 613 384 155

506 441 674 497 livore
699 451 947 504 vesanus,
971 437 1154 507 ifactus
1180 443 1254 488 est
1291 448 1443 503 super
1480 447 1594 485 eum
1634 429 1857 500 Spiritus
1891 427 2010 492 Dei,
2041 435 2087 480 et

506 533 792 588 ambulabat
812 527 1118 600 ingrediens,
1145 535 1192 580 et
1218 523 1570 596 prophetabat.
1597 521 1714 577 Non
1742 521 1882 576 enim
1911 527 2086 590 potest

504 624 594 682 hic
621 623 724 680 nisi
752 621 972 692 Spiritus
989 615 1161 676 bonus
1189 617 1430 688 intelligi,
1462 631 1557 687 per
1583 631 1740 686 quem
1769 613 1940 670 sancti
1956 613 2088 668 Pro-

506 714 684 791 pheta:
724 717 1023 771 futurarum
1047 728 1226 770 rerum
1254 711 1508 780 imagines
1536 717 1589 766 et
1623 710 1735 764 visa
1759 707 2085 772 cernebant;

507 827 613 868 non
645 826 710 868 ex
737 825 802 867 eo
830 817 1036 865 tantum
1076 807 1198 879 quia
1238 804 1438 860 dictum
1469 813 1569 870 est,
1613 801 1681 857 Et
1718 800 2088 874 praphetabat:

509 918 631 957 nam
658 903 712 957 in
737 899 1128 970 exemplaribus
1166 912 1284 967 qua:
1310 905 1432 950 sunt
1457 911 1522 950 ex
1548 894 1785 960 hebrazo,
1826 891 2090 961 hoc‘quo-

506 1009 610 1064 que
640 993 906 1047 invenitur
930 991 996 1046 de
1022 989 1214 1060 spiritu
1258 987 1398 1041 malo
1428 986 1626 1040 dictum
1673 983 1765 1050 ita,
1799 980 1926 1036 Post
1956 982 2089 1035 diem

502 1095 669 1140 autem
686 1085 899 1138 alterum
919 1082 1098 1137 invasit
1118 1080 1326 1150 spiritus
1341 1077 1436 1132 Dei
1450 1077 1613 1131 malus
1631 1074 1782 1142 Saul,
1807 1084 1854 1129 et
1869 1073 2090 1145 prephe-

501 1179 638 1232 tabat
663 1178 717 1232 in
743 1175 907 1231 medio
924 1175 1103 1228 domus
1126 1188 1231 1226 sua:
1256 1170 1301 1242 (Ι
1329 1171 1455 1240 Reg.
1481 1185 1634 1236 xvm,
1662 1168 1776 1237 10).
1799 1167 1864 1221 Ει
1890 1167 1944 1220 in
1965 1165 2082 1220 aliis

505 1269 805 1325 divinarum
841 1267 1237 1338 Scripturarum
1281 1264 1412 1318 locis
1459 1276 1602 1330 saepe
1645 1259 1910 1314 invenitur
1949 1256 2090 1328 quod

506 1359 784 1432 prephetia
810 1373 917 1414 non
951 1365 1154 1412 tantum
1181 1356 1340 1420 bona,
1369 1353 1464 1409 sed
1509 1361 1562 1408 et
1603 1351 1740 1406 mala
1770 1350 2006 1415 dicatur;
2036 1357 2092 1404 et

503 1452 780 1522 prophetae
800 1449 926 1505 dicti
951 1457 1075 1504 sunt
1099 1446 1301 1502 Baalim
1325 1444 1413 1518 (Ill
1438 1443 1564 1513 Reg.
1587 1458 1735 1509 xvni,
1763 1440 1851 1510 l9,
1873 1441 1964 1509 22,
1995 1441 2086 1507 25,

504 1543 626 1614 40);
671 1553 726 1598 et
764 1542 1142 1612 exprobratum
1183 1547 1266 1594 est
1299 1535 1616 1608 quibusdam
1647 1534 1768 1604 quia
1796 1532 2090 1603 propheta-

503 1636 633 1691 bant
661 1635 715 1690 in
742 1635 868 1690 Baal
897 1633 1110 1707 (Jerem.
1137 1648 1197 1697 ιι,
1223 1629 1302 1700 8).
1334 1628 1452 1684 Non
1481 1643 1609 1699 ergo
1644 1641 1864 1682 necesse
1894 1635 1977 1680 est
2002 1627 2088 1679 in-

504 1727 673 1798 telligi
701 1733 982 1795 propterea
1000 1725 1196 1779 bonum
1215 1721 1480 1791 spiritum,
1512 1720 1604 1790 qui
1630 1718 1804 1773 factus
1827 1725 1910 1772 est
1929 1732 2090 1787 super

504 1818 632 1875 Salii
658 1827 863 1888 postea,
889 1815 1012 1886 quia
1038 1815 1240 1870 dictum
1261 1821 1363 1881 est,
1392 1823 1438 1867 et
1463 1811 1750 1865 ambulabat
1780 1810 2084 1882 ingrediens,

503 1921 550 1967 et
575 1909 904 1982 prophetabat
923 1925 940 1963 :
965 1908 1060 1964 sed
1081 1908 1204 1978 quia
1226 1908 1342 1962 sine
1358 1905 1718 1960 additamento
1737 1903 1969 1974 positum
1985 1911 2082 1969 est,

504 2002 573 2057 Et
603 2007 767 2074 factus
793 2003 944 2056 etiam
968 2010 1042 2055 est
1067 2016 1218 2070 super
1259 2015 1374 2054 eum
1403 1997 1627 2068 Spiritus
1653 1995 1768 2049 Dei.
1800 1995 1915 2050 Non
1946 1994 2089 2049 enim

505 2096 644 2152 sicut
669 2095 722 2150 in
751 2094 846 2149 illo
877 2094 996 2149 loco
1020 2092 1218 2147 dictum
1245 2099 1362 2145 erat
1384 2104 1566 2158 supra,
1609 2088 1832 2156 Spiritus
1860 2085 1954 2139 Dei
1977 2102 2088 2139 ma-

503 2186 614 2251 lus;
643 2194 702 2241 ut
730 2201 796 2241 ex
823 2185 924 2240 hoc
953 2193 1134 2254 posset
1159 2182 1319 2237 etiam
1342 2181 1396 2234 in
1421 2179 1869 2249 consequentibus
1896 2178 2089 2232 subau-

503 2277 639 2331 diri:
673 2277 801 2346 quin
829 2276 938 2330 imo
963 2273 1238 2344 superiora
1267 2272 1433 2342 magis
1462 2270 1734 2341 magisque
1771 2278 2089 2324 attestantur

499 2369 652 2425 illum
678 2367 922 2438 spiritum
945 2366 1042 2420 Dei
1061 2366 1256 2421 bonum
1275 2363 1439 2418 tuisse
1463 2372 1516 2418 et
1544 2377 1668 2418 vere
1697 2362 2085 2432 propheticum.

502 2461 670 2518 David
699 2461 843 2516 enim
867 2468 1123 2516 eratcum
1165 2457 1436 2525 Samuele,
1466 2464 1521 2511 et
1546 2456 1690 2510 misit
1717 2455 1842 2510 Saiil
1872 2457 2088 2511 nuntios

502 2555 594 2626 qui
635 2550 1103 2623 apprehenderent
1145 2548 1329 2603 David.
1381 2547 1603 2614 Quando
1645 2555 1824 2601 autem
1873 2545 2088 2601 Samuel

502 2654 618 2703 erat
647 2646 786 2701 inter
815 2645 1101 2716 prophetas
1129 2651 1182 2698 et
1224 2654 1422 2698 costum
1451 2641 1850 2713 prophetarum,
1879 2643 1969 2712 qui
1995 2643 2088 2697 illo

501 2747 743 2808 tempore
773 2735 1180 2808 prophetabant,
1206 2734 1377 2789 nuntii
1404 2734 1495 2803 qui
1521 2733 1675 2788 missi
1695 2742 1839 2798 sunt,
1869 2741 2088 2803 accepto

499 2829 689 2885 eodem
735 2828 922 2899 spiritu
971 2823 1775 2897 prophetaverunt,missisque
1821 2823 1937 2878 aliis
1986 2823 2088 2879 hoc

497 2919 743 2992 contigit,
774 2929 830 2974 et
857 2918 1030 2974 tertiis
1071 2916 1450 2972 nihilominus:
1482 2921 1668 2983 postea
1709 2928 1830 2968 cum
1878 2921 1932 2968 et
1972 2912 2087 2981 ipse

501 3010 631 3066 Saftl
650 3009 905 3078 venisset,
939 3011 1104 3080 factus
1129 3016 1204 3062 est
1229 3007 1379 3061 etiam
1403 3021 1552 3076 super
1574 3021 1686 3058 eum
1719 3004 1943 3075 Spiritus
1967 3002 2084 3073 Dei,

503 3114 548 3157 et
574 3101 861 3156 ambulabat
885 3100 1189 3170 ingrediens,
1215 3107 1260 3153 et
1286 3097 1632 3169 prophetabat.
1661 3096 1796 3152 Cum
1836 3095 1977 3151 enim
2007 3096 2088 3150 di-

497 3195 657 3262 citur,
691 3181 890 3249 Factus
905 3203 977 3249 est
1002 3195 1153 3248 etiam
1168 3209 1320 3263 super
1341 3193 1479 3262 ipsos
1509 3191 1733 3261 Spiritus
1752 3190 1869 3257 Dei,
1892 3201 1937 3245 et
1963 3209 2086 3262 pro-

501 3286 772 3358 phetabant
798 3296 844 3340 et
872 3286 1002 3356 ipsi;
1034 3283 1175 3339 idem
1215 3283 1399 3352 utique
1442 3291 1558 3336 erat
1585 3282 1823 3352 spiritus,
1855 3283 1945 3350 qui
1971 3290 2088 3338 erat

500 3380 555 3435 in
578 3377 871 3450 prOphetis,
899 3379 1039 3434 inter
1058 3391 1192 3448 quos
1213 3385 1268 3431 et
1291 3376 1504 3432 Samuel
1522 3376 1769 3430 inventus
1790 3386 1871 3431 est
1891 3376 1932 3447 (Ι
1955 3376 2082 3448 Reg.

500 3488 613 3538 ιιιι,
639 3471 866 3542 20-25);
900 3485 967 3526 ex
995 3468 1098 3524 hoc
1123 3469 1302 3538 itaque
1328 3483 1550 3523 necesse
1583 3477 1666 3522 est
1691 3468 1915 3538 intelligi
1937 3469 2086 3524 illum

500 3563 746 3633 spiritum
772 3562 991 3617 bonum.
1011 3561 1186 3630 Atque
1210 3559 1332 3614 ideo
1347 3559 1574 3629 quaestio
1599 3559 1884 3629 diligenter
1911 3560 2087 3616 discu-

501 3654 680 3709 tienda
705 3664 805 3720 est,
837 3653 1106 3722 quomodo
1149 3660 1204 3707 et
1243 3652 1319 3705 illi
1363 3667 1486 3706 cum
1528 3651 1679 3706 missi
1703 3661 1882 3707 essent
1906 3653 1974 3708 ad
2004 3661 2086 3708 te-

501 3745 740 3802 nendum
785 3744 1056 3799 hominem
1103 3750 1157 3797 et
1204 3742 1272 3797 ad
1318 3758 1506 3799 necem
1551 3743 1942 3812 adducendum,
1994 3744 2086 3800 tali

501 3837 690 3909 spiritu
711 3835 857 3893 afﬁci
884 3843 1218 3904 meruerunt,
1266 3845 1322 3891 et
1363 3837 1491 3892 Saul
1539 3838 1653 3906 ipse
1702 3839 1793 3908 qui
1840 3839 2082 3906 miserat,

500 3927 722 3984 veniens
747 3935 802 3982 et
824 3924 959 3995 ipse,
1005 3932 1060 3979 et
1101 3927 1417 3995 sanguinem
1460 3926 1799 3984 innocentem
1839 3945 2085 4000 quaerens

501 4015 796 4084 etl‘undere,
842 4015 1088 4085 accipere
1127 4016 1325 4071 meruit
1366 4015 1515 4072 illum
1559 4018 1825 4088 spiritum,
1871 4030 1927 4075 et
1956 4036 2084 4091 pro-

500 4108 743 4182 phetare.
1206 4121 1208 4123 ·

574 4204 629 4261 8.
668 4203 766 4259 Hic
781 4203 1032 4258 nimiriun
1050 4204 1283 4260 occurrit
1306 4203 1458 4273 illud,
1489 4205 1632 4276 quod
1660 4207 1930 4276 apostolus
1947 4209 2084 4265 Pau-

501 4297 586 4354 lus
599 4295 932 4368 apertissime
948 4296 1183 4366 exponit,
1207 4296 1576 4365 supereminen
1584 4306 1688 4354 tem
1705 4299 1844 4354 viam
1861 4299 2084 4356 demon-

499 4399 676 4446 strans
698 4405 711 4441 :
735 4384 797 4442 Si
825 4386 1011 4458 linguis
1037 4386 1296 4440 hominum
1325 4387 1523 4457 loquar,
1563 4389 1753 4459 inquit,
1787 4400 1831 4444 et
1859 4392 2084 4463 Angelo-

499 4498 635 4549 rum,
666 4479 962 4536 charitatem
989 4490 1157 4533 autem
1185 4495 1285 4534 non
1329 4479 1559 4548 habeam,
1612 4481 1778 4550 factus
1803 4500 1920 4537 sum
1949 4486 2082 4539 velut

498 4584 827 4632 atramentum
851 4589 1057 4640 sonans,
1097 4582 1182 4625 aut
1224 4573 1508 4643 cymbalum
1534 4575 1769 4629 tinniens.
1810 4575 1878 4630 Et
1905 4578 1949 4631 si
1987 4579 2083 4633 ha-

499 4668 651 4722 buero
671 4665 987 4736 prophetiam
1003 4664 1043 4728 ¹,
1067 4673 1113 4716 et
1130 4664 1286 4716 sciero
1303 4665 1472 4717 omnia
1487 4676 1799 4720 sacramenta
1819 4677 1866 4721 et
1886 4685 2084 4726 onmem

499 4757 781 4822 scientiam,
823 4762 868 4808 et
909 4754 952 4807 si
996 4752 1216 4806 habuero
1245 4769 1442 4808 omnem
1488 4756 1661 4823 ﬁdem,
1691 4759 1762 4812 ita
1797 4770 1852 4814 ut
1891 4773 2083 4818 montes

501 4844 829 4919 transferam,
850 4846 1141 4899 charitatem
1183 4854 1349 4900 autem
1377 4863 1476 4900 non
1519 4847 1747 4916 habeam,
1796 4852 1925 4906 nihil
1947 4870 2079 4909 sum.

500 4939 570 4996 Et
595 4940 640 4994 si
663 4937 959 4993 distribuero
985 4952 1180 4991 onmem
1207 4929 1536 4992 substantiam
1565 4957 1748 5007 meam,
1779 4951 1825 4995 et
1852 4945 1896 4996 si
1925 4945 2084 4997 tradi-

501 5035 622 5088 dero
660 5046 842 5100 corpus
882 5043 1049 5083 meum
1077 5039 1132 5083 ut
1177 5029 1404 5098 ardeant,
1451 5018 1745 5087 charitatem
1785 5043 1952 5090 autem
1983 5054 2084 5092 non

501 5121 732 5189 habeam,
763 5119 891 5174 nihil
932 5120 1054 5174 mihi
1083 5121 1302 5191 prodest.
1335 5121 1454 5190 Quo
1493 5123 1545 5177 in
1588 5124 1706 5179 loco
1743 5126 2081 5183 manifestum

499 5225 582 5274 est
611 5231 734 5272 eum
780 5229 1002 5269 munera
1049 5213 1138 5269 illa
1187 5229 1656 5283 commemorasse,
1704 5233 1825 5286 qum
1856 5217 2082 5287 Spiritus

502 5309 670 5364 sancti
696 5307 1043 5364 divisionibus
1066 5307 1280 5374 dantur,
1313 5307 1449 5362 sicut
1480 5309 1726 5378 superius
1762 5310 1920 5364 dicit:
1957 5310 2084 5365 Uni-

499 5403 677 5472 cuique
701 5411 869 5455 autem
899 5400 1049 5453 datur
1073 5402 1415 5471 'manifestatio
1442 5401 1667 5472 Spiritus
1693 5403 1760 5455 ad
1786 5403 2080 5472 utilitatem;

467 5493 474 5503 ’
502 5495 592 5550 alii
632 5495 829 5564 quidem
876 5510 962 5562 per
992 5494 1242 5565 Spiritum
1289 5494 1442 5547 datur
1470 5511 1632 5550 sermo
1670 5497 1964 5566 sapientiw;
1993 5501 2083 5554 alii

497 5603 661 5644 sermo
685 5585 904 5640 scientia:
927 5586 1202 5640 secundum
1229 5586 1459 5640 eumdem
1498 5587 1782 5656 Spiritum;
1811 5589 1957 5643 alteri
1991 5607 2084 5644 au-

563 5726 581 5756 ί
602 5731 733 5791 town,
755 5729 815 5791 et
831 5723 875 5774 si
909 5721 1118 5774 habuero
1150 5722 1449 5787 prophetiam
1462 5735 1666 5774 omnem.
1687 5724 1852 5788 Abest,
1875 5738 2080 5791 onmem,

498 5785 563 5836 ab
587 5787 730 5836 editis
743 5786 846 5837 aliis
870 5793 922 5836 et
940 5793 1043 5838 MSS.

1049 318 1136 374 DE
1175 311 1482 372 DlVERSlS
1518 304 2038 380 QUIESTIONIBUS
2080 303 2172 360 AD
2213 303 2715 380 SIMPLlClANUil.
2754 310 2813 368 S.
2856 310 3226 372 AUGUSTlNl

3683 317 3802 380 I38

2202 437 2299 482 tem
2336 430 2459 498 ﬁdes
2485 432 2536 486 in
2559 432 2733 488 eodem
2763 435 2992 506 Spiritu;
3034 439 3124 493 alii
3150 440 3354 495 donatio
3383 441 3708 498 curationum
3731 444 3794 500 in

2197 534 2298 573 uno
2327 519 2557 591 Spiritu;
2585 524 2676 579 alii
2713 529 3028 598 Operationes
3057 532 3315 598 virtutum,
3358 534 3450 588 alii
3494 538 3790 607 pr0phetia,

2197 610 2286 664 alii
2334 613 2630 684 dijudicatio
2679 618 2989 689 spirituum,
3041 622 3185 677 alteri
3234 641 3417 694 genera
3470 609 3791 696 linguarum.

2201 702 2384 758 Omnia
2413 716 2580 760 autem
2609 700 2716 762 haec
2745 721 2983 778 operatur
3010 729 3138 767 unus
3163 726 3314 785 atque
3354 716 3487 770 idem
3533 718 3791 791 Spiritus,

2198 794 2422 851 dividens
2458 799 2664 870 propria
2693 801 2960 873 unicuique
3003 814 3153 874 prout
3191 805 3316 858 vult.
3350 805 3493 862 Satis
3520 823 3650 880 ergo
3689 826 3797 881 ap-

2196 897 2345 957 paret
2363 889 2502 944 intcr
2517 890 2654 945 dona
2680 891 2906 963 Spiritus
2923 896 3090 950 sancti
3112 911 3231 951 esse
3250 897 3604 967 prophetiam,
3623 917 3794 971 quam

2197 988 2374 1037 tamen
2403 982 2447 1037 si
2469 984 2586 1053 quis
2610 983 2825 1052 habeat,
2851 994 2903 1040 et
2931 986 3248 1043 eharitatem
3274 1005 3378 1044 non
3407 989 3622 1060 habeat,
3652 992 3794 1048 nihil

2197 1084 2296 1128 est.
2339 1074 2418 1128 Ex
2462 1089 2568 1145 quo
2599 1075 2912 1148 intelligitur
2941 1077 3056 1134 ﬁeri
3097 1095 3257 1150 posse
3288 1091 3344 1135 ut
3379 1081 3594 1152 quidam
3620 1083 3791 1139 etiam

2196 1166 2397 1238 indigni
2438 1168 2542 1223 vita
2580 1178 2778 1224 aeterna
2821 1186 3091 1242 regnoque
3120 1173 3402 1242 cmlorum,
3433 1184 3794 1246 aspergantur

2196 1268 2375 1314 tamen
2402 1261 2715 1330 quibusdam
2737 1261 2966 1333 Spiritus
2991 1265 3160 1320 sancti
3194 1265 3506 1320 muneribus
3542 1281 3650 1321 non
3679 1266 3786 1320 ha-

2195 1348 2382 1404 bentes
2423 1350 2754 1418 charitatem,
2797 1354 2915 1408 sine
2953 1369 3057 1425 qua
3096 1355 3187 1410 illa
3231 1371 3450 1412 munera
3493 1371 3601 1412 non
3648 1357 3792 1412 nihil

2195 1448 2341 1508 sunt,
2360 1440 2455 1495 sed
2481 1442 2614 1496 nihil
2639 1443 2717 1497 eis
2737 1452 2980 1512 prosunt.
3001 1443 3286 1514 Prophetia
3305 1446 3502 1517 quippe
3521 1445 3639 1502 sine
3653 1445 3791 1502 cha-

2195 1531 2375 1599 ritate,
2409 1531 2545 1586 sicut
2570 1534 2680 1602 jam
2707 1533 3130 1590 demonstratum
3169 1545 3274 1603 est,
3306 1551 3413 1592 non
3447 1537 3690 1607 perducit
3713 1538 3789 1594 ad

2195 1639 2416 1694 regnum
2451 1625 2575 1680 Dei:
2604 1626 2837 1682 charitas
2860 1643 2988 1682 vero
3013 1628 3129 1684 sine
3155 1629 3430 1700 prophetia
3446 1631 3628 1701 utique
3654 1645 3789 1701 per-

2194 1715 2356 1771 ducit.
2411 1716 2542 1772 Cum
2595 1719 2738 1772 enim
2781 1720 3006 1789 loquens
3051 1719 3118 1776 de
3161 1720 3414 1776 membris
3447 1720 3646 1777 Christi
3677 1722 3779 1787 ait,

2196 1807 2461 1880 Numquid
2489 1828 2658 1866 omnes
2689 1813 2942 1882 apostoli?
2986 1813 3228 1884 numquid
3270 1830 3440 1868 omnes
3482 1814 3792 1885 prophetw?

2193 1899 2554 1957 indubitanter
2579 1903 2809 1958 ostendit
2844 1905 3005 1959 etiam
3037 1920 3158 1960 eum
3194 1904 3283 1975 qui
3315 1903 3646 1974 prophetiam
3677 1921 3793 1960 non

2193 1993 2371 2061 habet,
2402 2011 2559 2066 posse
2589 1997 2640 2050 in
2663 1997 2916 2052 membris
2945 1997 3142 2053 Christi
3180 1999 3482 2053 numerari:
3505 1999 3593 2053 ubi
3620 2015 3793 2070 quem

2193 2086 2368 2142 locum
2409 2088 2650 2156 haberet,
2692 2090 2736 2144 si
2777 2089 3111 2157 charitatem,
3166 2091 3280 2146 sine
3330 2105 3434 2162 qua
3463 2089 3626 2146 homo
3650 2091 3792 2146 nihil

2193 2189 2294 2244 est,
2346 2195 2452 2235 non
2496 2181 2750 2237 haberet?
2794 2182 2948 2239 Nullo
2986 2193 3163 2239 autem
3213 2184 3374 2239 modo
3430 2184 3503 2238 ita
3543 2183 3789 2253 diceret,

2194 2270 2404 2341 quando
2429 2271 2495 2326 de
2523 2273 2778 2328 membris
2804 2274 2994 2344 agebat
3022 2274 3215 2344 quibus
3245 2273 3445 2329 Christi
3473 2288 3671 2344 corpus
3690 2274 3792 2328 im-

2191 2363 2388 2432 pletur,
2420 2362 2685 2433 Numquid
2707 2379 2896 2420 omnes
2917 2365 3117 2419 habent
3140 2364 3488 2419 charitatem?
3517 2365 3790 2435 quemad-

2192 2453 2409 2508 modum
2431 2454 2581 2519 dixit,
2603 2455 2869 2526 Numquid
2886 2472 3056 2510 omnes
3076 2456 3326 2526 apostoli?
3346 2455 3588 2525 numquid
3608 2471 3794 2510 omnes

2195 2545 2488 2615 praphetw?
2536 2547 2780 2616 numquid
2818 2563 2988 2600 omnes
3033 2547 3284 2601 virtutes?
3321 2547 3564 2616 numquid
3607 2562 3792 2600 omnes

2193 2637 2330 2690 dona
2352 2637 2532 2690 habent
2557 2639 2873 2692 curationum
2901 2637 2944 2708 (ι
2974 2637 3091 2693 Cor.
3126 2654 3226 2706 xu,
3255 2638 3409 2704 7-11,
3437 2638 3658 2706 29,xut,
3689 2637 3792 2709 5)?

2192 2739 2247 2786 et
2266 2738 2457 2786 cmtera
2490 2731 2816 2800 hujusmodi.
3353 2731 3357 2736 ’

2265 2822 2318 2877 9.
2359 2821 2465 2877 Sed
2491 2821 2620 2877 dicit
2643 2822 2832 2891 aliquis
2864 2836 3020 2890 posse
3048 2816 3263 2892 quidem
3289 2821 3406 2877 ﬁeri
3445 2829 3501 2875 ut
3540 2819 3790 2890 prophe-

2193 2913 2320 2969 tiam
2367 2915 2593 2985 quisque
2620 2929 2729 2969 non
2768 2913 2979 2978 habeat,
3025 2922 3078 2968 et
3112 2922 3292 2968 tamen
3322 2911 3513 2966 habeat
3553 2911 3795 2966 charita-

2193 3013 2322 3069 tem,
2355 3015 2516 3075 atque
2534 3005 2655 3060 idco
2674 3005 2874 3060 Christi
2899 3005 3159 3060 membris
3195 3011 3576 3059 annumeratus
3607 3002 3793 3058 inhze-

2191 3107 2308 3154 reat
2330 3117 2343 3151 :
2367 3098 2461 3153 sed
2479 3098 2591 3153 ﬁeri
2617 3113 2722 3153 non
2746 3113 2904 3168 posse
2933 3106 2989 3151 ut
3017 3095 3348 3167 prophetiam
3368 3095 3579 3163 habeat,
3599 3102 3656 3150 ct
3672 3111 3794 3152 non

2192 3189 2387 3244 habeat
2410 3190 2755 3255 charitatem;
2789 3189 2917 3243 nihil
2944 3189 3088 3243 enim
3119 3196 3200 3242 est
3227 3187 3386 3241 homo
3418 3187 3621 3242 habens
3649 3202 3796 3256 pro-

2191 3281 2428 3351 phetiam
2454 3282 2570 3335 sine
2613 3280 2888 3335 charitale.
2931 3278 3006 3333 lla
3048 3278 3296 3344 fortasse,
3325 3277 3797 3345 quemadmodum

2192 3385 2477 3441 possumus
2503 3371 2700 3438 dicere,
2730 3370 2862 3424 nihil
2890 3383 3010 3424 esse
3040 3368 3312 3423 hominem
3339 3367 3625 3422 habentem
3654 3370 3797 3425 ani-

2190 3479 2333 3519 mam
2360 3465 2474 3519 sine
2498 3471 2708 3518 mente:
2737 3479 2842 3517 non
2881 3463 3003 3532 quia
3029 3469 3208 3532 potest
3233 3460 3460 3514 inveniri
3490 3460 3654 3515 homo
3684 3462 3793 3531 qui

2191 3564 2426 3611 mentem
2455 3569 2560 3608 non
2588 3554 2779 3609 habeat
2815 3553 3013 3607 habens
3040 3551 3301 3618 animam;
3353 3550 3447 3606 sed
3486 3552 3609 3621 quia
3640 3551 3789 3608 nihil

2191 3655 2352 3713 esset,
2379 3647 2426 3700 si
2453 3646 2676 3701 inveniri
2701 3653 2900 3715 posset.
2929 3643 3015 3699 Sic
3035 3644 3193 3698 etiam
3217 3641 3321 3696 diei
3349 3649 3540 3712 potest,
3568 3641 3628 3696 Si
3647 3656 3788 3698 cor-

2191 3753 2292 3807 pus
2319 3739 2539 3809 tiguram
2568 3737 2777 3803 habeat,
2811 3737 3046 3791 colorem
3072 3751 3177 3789 non
3200 3719 3419 3801 habeat,
3466 3732 3634 3789 videri
3665 3750 3790 3791 non

2191 3837 2399 3898 potest:
2423 3843 2528 3884 non
2558 3828 2680 3899 quia
2710 3837 2792 3884 est
2816 3843 3010 3898 corpus
3031 3828 3116 3882 cui
3146 3827 3286 3882 desit
3311 3827 3487 3894 color;
3529 3825 3623 3881 sed
3651 3828 3789 3897 quia

2191 3921 2236 3977 si
2266 3929 2432 3987 esset,
2454 3920 2598 3975 cerni
2626 3935 2732 3974 non
2750 3927 2948 3990 posset.
2973 3919 3048 3974 ita
3074 3918 3298 3973 fortasse
3317 3918 3515 3972 dictum
3534 3926 3617 3972 est
3634 3917 3789 3987 quod

2191 4013 2237 4068 si
2263 4013 2384 4083 quis
2413 4011 2613 4069 habeat.
2629 4011 2980 4082 prophetiam,
3007 4021 3063 4066 et
3086 4011 3398 4066 charitatem
3428 4026 3533 4065 non
3559 4010 3785 4079 habeat,

2191 4105 2324 4160 nihil
2349 4115 2464 4160 est:
2489 4119 2594 4160 non
2621 4105 2743 4175 quia
2770 4113 2943 4176 potest
2971 4106 3026 4159 in
3051 4119 3316 4176 quoquam
3341 4119 3464 4160 esse
3490 4101 3785 4175 pr0phetia

2191 4196 2310 4252 sine
2334 4195 2627 4261 charitate;
2662 4194 2760 4250 sed
2786 4195 2908 4265 quia
2935 4195 2982 4249 si
3007 4203 3186 4260 esset,
3232 4195 3488 4264 prodesse
3513 4210 3622 4250 non
3653 4211 3791 4265 pos-

2192 4295 2292 4343 set.
2321 4286 2466 4356 Opus
2485 4296 2566 4342 est
2592 4286 2750 4358 igitur
2777 4285 2844 4340 ad
2875 4284 3186 4342 solvendam
3213 4285 3368 4340 istam
3392 4284 3778 4356 quaastioncm,

2192 4387 2252 4433 ut
2269 4378 2612 4434 ostendamus
2628 4378 2859 4448 aliquem
2879 4378 3166 4449 reprobum
3188 4377 3288 4433 hoc
3306 4377 3504 4433 donum
3525 4377 3788 4435 habuisse

2191 4469 2487 4540 prephetiaa
2520 4487 2533 4523 :
2565 4467 2708 4539 quod
2738 4469 2785 4523 si
2805 4469 3075 4524 neminem
3112 4468 3506 4535 inveniremus,
3540 4468 3644 4524 hoc
3675 4468 3785 4525 iste

2191 4562 2308 4632 ipse
2335 4560 2462 4616 Saiil
2491 4561 2624 4615 satis
2653 4560 2978 4616 ostenderet.
3021 4560 3126 4616 Sed
3159 4570 3334 4615 tamen
3366 4561 3457 4616 ille
3481 4560 3642 4616 etiam
3673 4559 3790 4615 Ba-

2191 4653 2330 4708 laam
2372 4653 2631 4722 reprobus
2671 4661 2924 4723 apparet;
2959 4668 3064 4708 non
3107 4654 3248 4708 enim
3291 4669 3412 4710 eum
3453 4663 3593 4710 tacet
3630 4649 3787 4710 Scri-

2190 4754 2344 4815 ptura
2371 4743 2551 4799 divino
2570 4744 2769 4814 judicio
2793 4759 2914 4825 esse
2942 4745 3250 4800 damnatum
3281 4764 3293 4799 :
3335 4755 3391 4801 et
3427 4755 3604 4802 tamen
3641 4761 3783 4816 pro-

2190 4837 2424 4908 phetiam
2468 4836 2726 4902 habebat;
2767 4845 2821 4892 ct
2857 4838 2979 4907 quia
3019 4837 3250 4892 charitas
3275 4839 3324 4892 ei
3365 4837 3566 4904 deerat,
3601 4839 3789 4894 inerat

2188 4929 2434 4984 voluntas
2459 4928 2808 4984 maledicendi
2835 4930 3031 4999 populo
3047 4927 3231 4994 Israel,
3263 4945 3423 4999 quam
3454 4929 3624 4985 hostis
3638 4945 3787 5000 pre-

2190 5024 2265 5078 tio
2289 5029 2708 5090 comparaverat,
2736 5021 2823 5090 qui
2849 5036 2969 5075 eum
2997 5021 3060 5075 ad
3089 5021 3511 5077 maledicendum
3531 5022 3787 5079 mercede

2190 5115 2550 5178 conduxerat;
2581 5112 2719 5168 dono
2747 5121 2926 5167 tamen
2955 5112 3046 5166 illo
3075 5113 3448 5182 prophetandi,
3477 5129 3581 5184 quo
3597 5130 3764 5185 asper

2190 5207 2431 5277 gebatur,
2471 5204 2822 5260 benedicebat
2848 5205 3047 5259 invitus
3089 5204 3280 5275 (Num.
3325 5205 3639 5279 xxn-xxrv).
3668 5207 3786 5264 Nec

2191 5299 2355 5353 verba
2384 5297 2471 5351 illa
2501 5312 2684 5367 parum
2731 5303 3049 5373 attestantur
3092 5296 3214 5350 huic
3244 5298 3544 5365 sententiae,
3572 5313 3693 5368 qua:
3723 5299 3783 5355 in

2192 5389 2481 5459 Evangelio
2501 5389 2695 5458 scripta
2717 5397 2858 5452 sunt,
2890 5388 3084 5442 multos
3103 5387 3339 5443 dicturos
3361 5389 3410 5442 in
3430 5389 3516 5443 illa
3534 5389 3641 5457 die,
3661 5390 3782 5448 Do-

2193 5484 2345 5547 mine,
2371 5480 2598 5544 Domine,
2624 5481 2676 5532 in
2697 5480 2995 5534 nominetuo
3010 5479 3418 5535 manducavimus
3438 5491 3484 5534 ct
3500 5476 3712 5538 bibimus
3729 5483 3778 5553 ',

2193 5583 2240 5626 et
2261 5572 2312 5626 in
2334 5571 2533 5625 nomine
2555 5581 2640 5624 tuo
2662 5570 3090 5640 prophetavimus,
3115 5580 3160 5624 et
3194 5571 3247 5624 in
3273 5571 3477 5627 nomine
3509 5582 3593 5627 tne
3615 5572 3779 5629 virtu-

2257 5687 2273 5716 ι
2301 5685 2436 5744 mliti,
2461 5697 2623 5734 coram
2643 5691 2688 5734 te
2710 5685 3120 5734 manducavimus.
3145 5691 3198 5734 At
3222 5691 3348 5742 Mss.
3387 5684 3440 5734 in
3473 5685 3659 5736 neruine
3691 5691 3782 5738 tuo

2191 5746 2735 5818 manducapt'nms_;_quo
2750 5747 2904 5818 modo.
2913 5755 3080 5818 postea
3092 5750 3391 5818 Augustinus
3407 5749 3457 5800 in
3478 5747 3601 5801 libro
3613 5748 3678 5800 de
3691 5755 3779 5801 οι-

2196 5810 2483 5865 techizamlis
2509 5807 2730 5871 uadibus,
2755 5821 2860 5873 cap.
2887 5807 2964 5873 {6,
2991 5818 3041 5862 et
3062 5807 3188 5864 alibi
3200 5821 3353 5872 saepe.
