3956 6524
124 126 159 159 5

154 325 223 382 iii
1424 317 1624 372 LLER
1654 316 2023 372 SECL‘NUUS.

144 453 203 494 tu
224 438 386 491 multa:
407 435 601 505 pimus
630 449 651 487 :
692 433 897 503 quibus
941 442 1121 488 tamen
1154 431 1384 486 dicturus
1425 442 1527 493 est.
1564 430 1683 485 Non

145 530 358 587 acciret;
382 525 575 579 receditc
602 542 638 576 α
669 540 772 587 me,
807 524 1039 593 operarii
1062 525 1334 595 iniquitatis
1361 522 1569 592 (Matth.
1591 539 1681 587 vn,

144 620 221 679 ἓ.
244 618 340 687 23).
364 617 461 670 Non
487 616 631 669 enim
650 630 749 669 eos
776 615 1110 669 mentientes
1137 625 1376 683 putamus
1402 614 1500 667 ista
1523 613 1685 668 dictu-

145 711 376 764 rosinitlo
397 706 611 776 judicio,
661 706 753 761 ubi
788 706 971 760 nullus
997 706 1101 761 erit
1141 704 1349 758 fallendi
1394 705 1558 767 locus,
1593 715 1685 759 aut

140 804 273 856 ullam
310 816 474 854 vocem
514 799 706 852 talium
762 797 1018 868 legimus,
1049 796 1358 858 dicentium,
1392 796 1683 850 Dileximns

136 906 192 948 te.
227 894 454 947 Poterunt
480 908 610 961 ergo
638 891 850 956 dicere,
887 888 953 943 In
996 890 1197 942 nomine
1236 898 1323 942 tuo
1364 888 1692 959 prophetari-

131 1006 244 1049 ιω,
267 1003 375 1041 enim
405 986 504 1039 sint
531 986 769 1054 improbi
812 993 866 1038 et
898 981 1145 1049 reprobi:
1171 997 1274 1037 non
1306 990 1481 1035 autem
1531 994 1683 1050 pute-

133 1091 242 1134 runt
265 1080 434 1141 dicere,
460 1078 819 1132 Dilectionem
863 1092 1023 1143 quam
1064 1073 1346 1138 mandasti,
1391 1074 1679 1127 tenuimus.

136 1174 250 1226 Nam
272 1173 311 1225 si
329 1172 484 1225 dicent
503 1171 544 1235 ¹,
573 1184 683 1222 non
712 1169 795 1222 eis
826 1167 1257 1236 respondebitur,
1293 1166 1413 1220 Non
1441 1168 1555 1220 novi
1575 1184 1679 1220 vos.

134 1263 295 1317 labet
350 1264 483 1316 enim
522 1270 881 1329 cognoscetur,
926 1260 1109 1327 inquit,
1152 1260 1268 1328 quia
1306 1260 1545 1327 discipuli
1586 1261 1683 1313 nui

128 1355 243 1417 aris,
262 1355 301 1405 si
318 1369 398 1404 vos
420 1350 879 1420 ineicem'diligatis
902 1350 1078 1421 (Joan.
1112 1367 1225 1415 xui,
1254 1350 1368 1421 35).

191 1444 269 1498 l0.
296 1444 592 1512 Exemplum
632 1442 819 1511 itaque
849 1440 1011 1506 hujus
1037 1440 1164 1495 Saul
1198 1441 1398 1495 resistit
1435 1443 1679 1512 superbis

127 1534 364 1589 mmudlis
409 1533 703 1595 hmreticis,
735 1532 829 1601 qui
869 1530 1068 1600 aliquid
1100 1532 1220 1584 boni
1263 1532 1331 1585 de
1371 1532 1680 1587 muneribus

127 1623 271 1677 sancti
298 1622 511 1691 Spiritus
556 1632 751 1690 negant
782 1635 945 1688 posse
989 1621 1101 1675 dari
1129 1621 1206 1675 eis
1240 1622 1328 1691 qui
1369 1620 1434 1675 ad
1479 1630 1678 1675 sortem

125 1725 397 1769 sanctorum
438 1732 539 1768 non
578 1715 848 1783 pertinent
880 1732 895 1768 :
928 1728 1049 1768 cum
1096 1713 1174 1767 eis
1217 1713 1443 1768 dicimus
1483 1712 1681 1768 habere

126 1807 233 1861 illos
260 1823 405 1876 posse
428 1819 811 1863 sacramentum
840 1806 1097 1875 Baptismi
1116 1848 1131 1871 ,
1170 1806 1311 1876 quod
1342 1822 1462 1861 cum
1488 1807 1555 1861 ad
1576 1808 1682 1862 Ec-

124 1900 318 1953 clesiam
346 1900 648 1953 catholicam
670 1899 922 1962 veniunt,
953 1900 1060 1951 non
1087 1906 1169 1951 est
1197 1898 1246 1951 in
1275 1898 1354 1953 eis
1382 1898 1490 1952 ullo
1519 1899 1679 1955 modo

126 1991 436 2054 variandum,
472 2000 562 2044 aut
600 1991 744 2059 quasi
786 2006 893 2042 non
943 1989 1173 2043 habeant
1203 1989 1549 2053 tradendum;
1581 1990 1675 2044 sed

132 2094 302 2137 tamen
319 2098 409 2135 eos
430 2100 530 2134 non
554 2083 670 2135 ideo
703 2082 850 2136 saiuti
877 2080 1080 2136 debere
1106 2081 1395 2143 conﬁdere,
1420 2083 1540 2151 quia
1572 2098 1676 2137 non

138 2173 481 2242 inipmbamus
524 2174 658 2241 quod
694 2174 805 2227 illos
842 2172 1115 2241 accepisse
1164 2172 1537 2238 Concedimus;
1583 2173 1678 2228 sed

135 2278 372 2335 opanere
395 2280 702 2333 Cognoscere
725 2265 933 2318 unitatis
970 2265 1282 2319 societatem
1318 2264 1528 2317 vinculo
1548 2264 1677 2318 rha-

126 2357 285 2410 ritatis
311 2356 615 2420 iucundam,
658 2355 768 2410 sine
806 2371 909 2426 qua
947 2357 1164 2410 omnino
1192 2356 1445 2425 quidquid
1483 2356 1680 2412 habere

124 2448 389 2515 potuerint,
414 2449 649 2517 quamvis
687 2464 778 2517 per
804 2464 862 2503 se
902 2455 1145 2502 sanctum
1189 2464 1252 2501 ac
1282 2447 1676 2515 venerandum,

126 2540 211 2607 ipsi
238 2550 401 2593 tamen
429 2539 556 2593 nihil
592 2548 748 2604 sunt,
781 2549 930 2593 tanto
976 2539 1298 2609 indigniores
1336 2540 1511 2595 ell'ecti
1558 2541 1680 2596 vita:

128 2643 313 2686 aeterna:
338 2632 577 2701 praemio,
609 2640 811 2701 quanto
832 2633 938 2687 illis
963 2631 1118 2686 donis
1146 2648 1248 2685 non
1267 2634 1403 2688 bene
1421 2633 1499 2686 usi
1529 2641 1676 2701 sunt,

129 2738 233 2791 qua:
268 2724 315 2776 in
355 2723 451 2776 hac
492 2724 593 2776 vita
619 2767 635 2789 ,
658 2740 781 2793 qure
832 2724 1138 2777 transitoria
1186 2732 1265 2777 est
1290 2726 1310 2755 '
1334 2731 1675 2793 acceperunt.

130 2812 229 2868 Non
268 2826 427 2868 autem
475 2815 606 2869 bene
655 2816 844 2878 utitur,
889 2814 992 2869 nisi
1035 2814 1300 2879 Charitas;
1345 2824 1401 2870 et
1446 2814 1679 2870 Charitas

128 2906 283 2958 omnia
311 2906 482 2959 tolerat
508 2905 549 2976 (1
578 2904 699 2959 Cor.
736 2921 836 2959 xm
857 2946 871 2968 ,
901 2904 982 2975 7),
1012 2914 1168 2974 atque
1196 2905 1313 2959 ideo
1344 2921 1447 2959 nou
1485 2904 1680 2959 scindit

129 2997 395 3062 unitatem,
422 2998 559 3066 cuius
582 2997 700 3067 ipsa
745 3008 832 3052 est
872 2997 1215 3052 fortissimum
1246 2998 1535 3052 vinculum.
1561 2997 1677 3053 Non

131 3088 261 3140 enim
286 3098 335 3140 et
362 3104 527 3142 servus
548 3090 633 3143 ille
673 3105 784 3141 non
818 3086 1025 3157 accepit
1051 3088 1333 3153 talentum,
1363 3098 1453 3141 aut
1480 3088 1678 3157 aliquid

125 3179 256 3231 aliud
292 3180 568 3250 intelligitur
600 3182 866 3235 talentum
898 3194 1054 3250 quam
1099 3195 1293 3234 mimus
1336 3179 1547 3249 aliquod
1575 3181 1679 3234 uti-

120 3287 216 3339 que
256 3271 471 3326 divinum
504 3291 516 3325 :
548 3272 642 3326 sed
667 3314 683 3338 ,
721 3272 825 3337 Qui
850 3272 1027 3336 habet,
1060 3273 1260 3324 dabitur
1287 3272 1331 3325 ei
1352 3289 1369 3337 ;
1394 3273 1479 3342 qui
1510 3282 1680 3326 autent

118 3378 208 3413 non
231 3364 385 3427 habet,
403 3376 445 3415 et
469 3365 602 3432 quod
622 3366 774 3416 habet
802 3368 1059 3433 auferetur
1108 3364 1169 3417 ab
1197 3380 1255 3417 eo
1309 3362 1519 3434 (Matth.
1546 3380 1676 3428 xxv,

114 3451 217 3522 29').
247 3454 387 3520 Quod
434 3472 536 3510 non
584 3457 747 3509 habet
774 3454 970 3508 auferri
1015 3463 1116 3508 non
1158 3463 1367 3523 potest;
1412 3456 1505 3511 sed
1536 3456 1679 3510 aliud

112 3560 212 3597 non
239 3544 384 3598 habet
402 3587 417 3609 ,
443 3557 495 3599 ut
517 3547 709 3599 merito
733 3546 1008 3598 auferatur
1049 3547 1188 3615 quod
1214 3546 1374 3601 habet
1400 3564 1413 3599 :
1444 3562 1548 3601 non
1583 3548 1678 3600 ba-

114 3632 197 3687 bet
237 3634 528 3691 claritatem
576 3636 802 3701 utendi,
846 3646 904 3689 ut
938 3635 1209 3690 auferatur
1254 3637 1510 3708 quidquid
1539 3638 1679 3692 aliud

111 3726 297 3785 habet.
320 3730 450 3795 quod
477 3730 591 3782 sine
619 3728 890 3783 charitate
920 3745 1023 3781 non
1045 3728 1282 3798 prodest.
1670 3726 1671 3729 “

181 3819 268 3871 ii.
296 3817 401 3872 Non
422 3821 570 3890 igitur
607 3821 807 3873 mirunt
856 3830 970 3881 est,
1003 3835 1179 3889 regem
1208 3820 1333 3876 Sail!
1363 3829 1416 3875 et
1450 3836 1518 3876 eo
1548 3831 1683 3874 tem-

106 3923 233 3975 pore
257 3925 354 3978 quo
376 3912 599 3979 primum
628 3923 825 3963 unctus
854 3918 963 3973 est,
990 3911 1256 3980 accepisse
1284 3911 1529 3980 spiritum
1558 3928 1680 3981 pro-

107 4002 373 4068 phetandi,
401 4016 454 4057 et
503 4012 689 4072 postea
739 4018 862 4056 cum
913 4011 1056 4056 esset
1099 4013 1316 4072 propter
1366 4002 1677 4057 inobedicn-

107 4091 223 4142 tiam
258 4094 593 4162 reprobatus,
619 4093 911 4147 recedente
938 4093 1008 4146 ab
1039 4108 1104 4148 eo
1130 4093 1318 4163 spiritu
1350 4094 1556 4148 Domini
1587 4112 1676 4149 ar-

109 4195 297 4250 reptum
341 4200 458 4239 esse
507 4184 747 4255 maligno
784 4184 973 4252 spiritu
1012 4198 1043 4237 a
1083 4184 1308 4239 Domino
1339 4202 1351 4237 :
1386 4184 1474 4254 qui
1519 4187 1677 4240 ctiaut

106 4273 306 4338 spiritus
334 4275 541 4329 Domini
572 4275 873 4346 appellatus
902 4284 985 4329 est
1022 4287 1238 4344 propter
1285 4276 1674 4342 ministerium;

107 4364 220 4429 quia
247 4367 482 4420 euntibus
520 4368 684 4420 etiam
726 4366 999 4435 Spiritibus
1043 4368 1197 4422 malis
1220 4368 1355 4421 bene
1383 4371 1548 4422 utitur
1572 4369 1674 4421 Do—

112 4455 307 4519 minus,
345 4459 427 4512 vel
478 4458 547 4510 ad
593 4458 995 4511 damnationem
1041 4443 1443 4528 quorumdam:
1482 4462 1566 4514 vel
1610 4461 1675 4514 ad

111 4547 535 4615 mutilationem,
565 4550 650 4603 vel
681 4549 747 4602 ad
773 4550 1139 4618 probationem
1171 4568 1184 4602 :
1218 4560 1271 4604 et
1298 4553 1539 4620 quamvis
1571 4570 1673 4607 nun

110 4637 177 4689 sit
197 4640 479 4710 malignitas
504 4658 534 4695 a
568 4641 827 4702 Domino,
860 4657 966 4695 non
995 4651 1079 4696 est
1108 4650 1282 4695 tamen
1313 4650 1545 4710 potestas
1574 4646 1673 4698 nisi

113 4742 137 4777 θ
165 4729 266 4784 Deo
291 4732 455 4802 (Rom.
494 4750 588 4787 xui
611 4775 625 4797 ,
656 4732 729 4803 1).
767 4733 1051 4802 Dictusque
1084 4742 1164 4787 est
1190 4734 1347 4787 etiam
1378 4749 1539 4802 sopor
1569 4734 1676 4786 Du-

120 4822 231 4869 u-Jmi
256 4863 269 4881 ,
296 4826 377 4889 qni
404 4834 757 4893 occupaverat
778 4825 972 4876 milites
997 4823 1234 4892 ejusdem
1259 4824 1407 4889 Saul,
1428 4839 1548 4878 cum
1571 4824 1677 4879 Da-

120 4910 195 4958 tid
221 4912 404 4966 laetam
431 4927 479 4968 et
510 4908 772 4985 scyphum
800 4914 1148 4966 abstulisseta
1168 4913 1338 4982 capite
1365 4915 1676 4968 dormientis

124 4996 305 5071 lllieg.
333 5021 483 5069 nrt,
520 5006 607 5075 12)
643 5022 656 5034 ο
686 5022 794 5059 non
837 5006 960 5074 quia
993 5013 1118 5059 tunc
1160 5020 1321 5073 sopor
1363 5004 1413 5057 iu
1451 5004 1677 5059 Domino

128 5102 255 5149 ent.
281 5107 331 5149 ut
368 5104 474 5167 ipse
500 5100 794 5163 dormiret;
823 5098 917 5152 sed
948 5098 1067 5166 quia
1098 5097 1186 5151 ille
1220 5112 1401 5163 sopor,
1428 5102 1517 5167 qui
1550 5107 1675 5151 tunc

130 5180 339 5240 inmunes
373 5191 834 5259 apprehenderat,
871 5200 995 5243 nutu
1046 5174 1135 5243 Dei
1184 5196 1299 5242 erat
1344 5188 1575 5252 inlusus,
1610 5204 1677 5242 ne

133 5269 271 5327 Itath
306 5284 433 5335 seni
467 5284 580 5352 t‘jus
611 5283 633 5314 ³
666 5284 719 5337 in
772 5298 838 5336 eo
884 5282 1002 5335 loco
1046 5280 1326 5350 pra-sentin
1368 5281 1673 5336 sentiretur.

189 5450 545 5520 {erumna
567 5464 644 5505 ειη
710 5465 768 5520 δι-

190 5511 427 5590 ἶβξέάιιίέ
445 5518 868 5590 »πεδιειηωιδίιιση
886 5524 981 5587 αις

170 5572 210 5637 ,³
226 5572 409 5633 manu
434 5572 584 5631 1)ωεῖἑέ
600 5588 649 5631 et
668 5593 922 5630 servarunt
939 5580 1061 5642 eius
1080 5589 1134 5630 At
1156 5588 1356 5642 ttss.,ne
1383 5580 1536 5632 Darid
1550 5581 1677 5633 serrt‘

138 5643 239 5706 gas.
266 5645 386 5689 terte
434 5642 720 5704 legendum.
752 5655 811 5691 ne
838 5639 1014 5706 Αυᾳυίιι
1041 5650 1104 5706 _et
1157 5639 1278 5695 sciri
1314 5646 1452 5706 ejus;
1490 5645 1679 5693 scilicet

140 5704 263 5805 ἓκῖ
286 5706 433 5808 A'tuisai.
460 5703 539 5765 qui
565 5717 676 5802 magn
702 5703 849 5825 ιξινὲι
872 5704 933 5751 ad
952 5703 1058 5753 sail
1081 5706 1095 5754 i
1152 5715 1309 5756 castra
1330 5703 1675 5767 desCenderat,

253 5788 271 5807 ι.
335 5782 547 5825 Magum,
571 5802 585 5814 .
614 5783 695 5823 αι),
758 5800 772 5811 ο
832 5799 847 5813 ο

140 5770 187 5802 υ
206 5768 271 5807 ιι...
297 5768 308 5808 Ι
335 5782 344 5808 ι
366 5784 547 5827 ιιίςηιςιΔ
571 5802 585 5814 .
612 5768 695 5823 2’5,
719 5768 772 5825 ᾗ.
796 5768 847 5813 ὕ.

333 5852 399 5907 15s
416 5871 483 5910 xc
501 5871 547 5909 τ.
594 5858 880 5909 Αιςιδτ.
934 5848 1038 5909 VI.

3268 330 3371 397 138

1792 429 1971 499 Neque
1999 431 2122 483 illud
2162 432 2350 485 mirum
2381 443 2460 487 est
2481 476 2494 497 ,
2527 451 2735 493 rursum
2783 440 3027 495 eunuletn
3059 441 3183 498 Sail!
3214 460 3373 500 acce-

1794 523 1933 590 pisse
1959 523 2201 591 Spiritnm
2234 525 2541 593 propltetim,
2572 544 2688 581 cum
2713 544 3119 601 persequeretur
3146 534 3373 603 Ῑιιμιιιιιι,

1793 627 1845 669 et
1869 632 1991 670 eum
2038 618 2521 685 comprehensurus
2548 630 2604 673 et
2644 633 2923 676 necaturus
2949 627 3178 680 venisset
3208 628 3257 681 in
3292 628 3374 682 lo-

1793 720 1913 759 cum
1942 706 2025 761 nbi
2057 718 2171 761 erat
2206 711 2544 778 congregatio
2577 715 2966 779 prapbelarum.
3000 714 3087 771 Sic
3122 720 3262 773 enim
3289 735 3377 774 sa—

1793 797 1858 851 tis
1886 798 2303 853 denionstrattuu
2348 812 2428 856 est
2472 804 2735 857 nemiuem
2765 806 2833 859 de
2877 808 2962 860 tali
3010 825 3229 864 munere
3262 811 3373 880 jam

1791 904 2032 944 securum
2057 907 2177 947 esse
2204 893 2419 959 debere,
2446 907 2691 965 tanquam
2724 898 2787 949 sit
2818 900 3217 967 :lCCt!pll5>illlll§
3242 903 3371 970 lleu,

1791 983 1831 1036 si
1865 1000 1966 1036 non
1993 984 2183 1039 habeat
2212 986 2521 1041 charitatem
2542 1007 2553 1040 :
2574 990 2997 1058 quamloquidem
3027 992 3152 1045 illttd
3174 994 3371 1050 donum

1790 1089 1843 1131 et
1870 1078 2012 1132 Sauli
2040 1080 2151 1133 dari
2191 1081 2393 1148 potuit,
2424 1093 2641 1151 propter
2669 1100 2919 1136 arcanum
2969 1085 3180 1153 quidem
3213 1088 3375 1142 alicu-

1784 1169 1871 1236 jus
1893 1174 2239 1236 sacramenti;
2284 1174 2376 1227 sed
2422 1186 2595 1228 tamen
2629 1177 2739 1229 dari
2772 1178 2941 1245 potuit
2972 1179 3252 1245 reprobato
3276 1221 3291 1245 ,
3320 1190 3376 1235 et

1789 1260 1987 1327 invido,
2020 1272 2072 1316 et
2103 1264 2326 1333 ingrato,
2358 1274 2410 1318 et
2449 1266 2688 1320 reddenti
2730 1268 2862 1320 mala
2898 1284 2989 1335 pro
3015 1268 3199 1333 bouis,
3227 1280 3280 1324 et
3309 1288 3376 1327 ne

1789 1363 1908 1421 post
1949 1352 2116 1421 ipsam
2154 1355 2365 1424 quidem
2393 1358 2756 1426 acceptionem
2806 1360 3023 1428 spiritus
3053 1374 3294 1416 correcta
3321 1362 3372 1416 lu

1789 1442 1977 1497 melius
2002 1457 2159 1513 atque
2181 1455 2399 1499 mutato.
3408 1436 3419 1452 ⁸

1786 1531 2003 1599 ρυλεετ.
2032 1534 2095 1588 Il.
2124 1566 2194 1575 —
2221 1536 2298 1590 De
2321 1534 2586 1592 Deoni/u'l
2613 1530 2822 1611 dignum
2849 1541 3052 1596 dicitur.
3084 1542 3369 1600 Prtescien-

1857 1625 1927 1677 tia
1954 1642 2020 1679 an
2050 1628 2253 1696 praprie
2287 1629 2351 1683 sit
2392 1630 2443 1682 in
2480 1628 2602 1683 Deo.
2637 1631 2861 1685 Scientia
2899 1633 3040 1703 quid,
3078 1644 3123 1688 et
3161 1653 3376 1705 quomo-

1856 1717 1922 1770 do
1972 1718 2023 1771 in
2067 1717 2193 1772 Deo.
2255 1719 2381 1783 Ira,
2433 1721 2807 1787 misericordia,
2857 1734 2903 1776 et
2950 1724 3087 1778 zelus
3134 1725 3234 1779 Dei
3268 1744 3371 1797 quo

1854 1825 2005 1863 sensu
2037 1809 2237 1864 dicitur.
2286 1810 2452 1865 Rebus
2502 1812 2684 1866 divinis
2734 1814 2976 1868 vocabula
3013 1815 3235 1870 humana
3276 1819 3372 1872 tri-

1854 1902 2102 1967 buuntur,
2136 1903 2225 1956 sed
2284 1904 2351 1957 tbi
2402 1906 2604 1959 remotis
2656 1905 3114 1977 imperfectionibus
3172 1910 3373 1965 intelli-

1855 1990 2039 2059 genda.
2070 1991 2335 2062 Sapientia
2367 2004 2413 2047 et
2442 1995 2647 2048 scientia
2674 1997 2807 2049 unde
2828 1996 3084 2063 di/ferunt.
3120 1998 3373 2055 Puenitere

1856 2082 2107 2149 quomodo
2146 2084 2372 2135 convenit
2414 2083 2541 2138 Deo.
2592 2084 2894 2141 Paenitentia
2931 2100 2977 2141 et
3005 2090 3142 2144 zelus
3168 2108 3258 2143 cur
3280 2096 3375 2144 mi-

1856 2187 1953 2223 nus
2002 2172 2266 2226 videantur
2296 2172 2400 2227 Deo
2429 2164 2701 2246 congruere
2741 2194 2891 2246 quant
2922 2182 3236 2249 prwsoientia
3255 2225 3269 2249 ,
3292 2184 3375 2239 ira

1856 2271 1903 2315 et
1930 2263 2136 2315 similia.

1857 2358 1909 2408 1.
1933 2356 2063 2423 Age,
2083 2354 2192 2424 jam
2230 2355 2503 2412 videamus
2544 2358 2811 2427 quomodo
2840 2358 3036 2415 dictum
3064 2363 3133 2417 sit
3154 2404 3167 2423 ,
3199 2361 3375 2418 Ρωιή-

1785 2454 1851 2498 tet
1873 2446 2094 2515 mequod
2106 2447 2446 2501 constituerint
2466 2465 2629 2519 regem
2645 2448 2777 2503 δαᾶί
2791 2449 2830 2520 (Ι
2848 2450 2974 2521 Reg.
2993 2468 3083 2518 xv,
3094 2454 3114 2507 1
3125 2454 3199 2522 1).
3218 2455 3375 2523 Quat-

1784 2535 1860 2589 ris
1890 2539 2054 2599 enim,
2085 2552 2191 2591 non
2230 2537 2410 2607 utique
2449 2539 2500 2592 in
2550 2539 2732 2593 talium
2778 2542 3059 2596 verberent
3099 2544 3376 2600 intellectu

1786 2624 1931 2679 rudis
1951 2667 1965 2690 ,
1989 2626 2085 2681 sed
2128 2626 2430 2681 rudimenta
2461 2628 2745 2698 explorans
2787 2646 2905 2685 mea
2952 2642 3173 2700 paterno
3195 2633 3374 2690 studio

1784 2728 1838 2771 et
1867 2717 2092 2787 benigna
2123 2734 2250 2773 cura
2274 2760 2289 2783 ,
2336 2720 2601 2789 quomodo
2645 2720 2898 2791 poeniteat
2934 2722 3134 2793 aliquid
3165 2724 3330 2778 Deum
3351 2766 3369 2791 ,

1786 2807 1837 2862 in
1867 2825 1971 2878 quo
1992 2810 2060 2863 sit
2101 2810 2274 2866 omnis
2318 2813 2671 2882 prmscientia.
2697 2814 2807 2883 Ego
2837 2828 2962 2869 vero
2984 2856 3000 2881 ,
3032 2831 3152 2870 cum
3178 2816 3278 2872 hoc
3305 2818 3377 2874 de

1787 2897 1899 2952 Deo
1924 2899 2140 2966 dicitur,
2172 2900 2444 2971 indignum
2474 2901 2672 2971 aliquid
2715 2902 2819 2958 dici
2864 2904 3172 2971 arbitrarer,
3198 2908 3242 2962 si
3272 2908 3375 2962 ali-

1788 2991 1911 3060 quid
1944 2990 2159 3061 dignum
2194 2992 2519 3046 inveniretur
2542 2992 2680 3062 quod
2712 2993 2779 3049 de
2804 2994 2896 3050 illo
2924 2995 3208 3052 diceretur.
3240 3000 3375 3056 Cum

1787 3098 1914 3139 vero
1937 3085 2095 3136 verba
2121 3084 2317 3149 omnia,
2338 3085 2529 3153 quibus
2551 3084 2778 3138 humana
2790 3086 3053 3156 colloquia
3080 3104 3375 3146 conserun-

1789 3183 1876 3228 tur
1900 3176 1914 3206 ¹
1937 3216 1952 3242 ,
1985 3174 2127 3227 illius
2154 3177 2474 3243 sempiterna
2504 3177 2671 3231 virtus
2694 3186 2749 3231 et
2776 3176 3022 3234 divinitas
3054 3183 3374 3239 mirabiliter

1786 3277 1945 3335 atque
1986 3266 2354 3320 incunctanter
2393 3269 2644 3333 excedat,
2673 3271 2926 3341 quidquid
2963 3273 3029 3329 de
3060 3274 3148 3328 illo
3180 3278 3371 3329 huma-

1789 3361 1928 3415 niter
1956 3361 2183 3423 dicitur,
2216 3361 2359 3429 quod
2390 3362 2548 3414 etiam
2581 3362 2886 3418 hominibus
2931 3368 3265 3435 aspernabile
3293 3368 3371 3423 vi-

1787 3449 1996 3515 deatur,
2026 3449 2137 3517 ipsa
2168 3449 2393 3502 humana
2422 3449 2739 3505 admonetur
2764 3452 3064 3516 inﬁrmitas,
3094 3456 3253 3511 etiam
3284 3457 3372 3513 illa

1786 3560 1905 3612 qua:
1931 3553 2285 3613 eongrttentcr
2335 3543 2384 3595 iu
2432 3542 2720 3612 Scripturis
2762 3545 2957 3598 sanctis
2994 3546 3059 3599 de
3105 3547 3210 3599 Deo
3235 3548 3374 3605 dicta

1789 3634 2078 3699 existimat,
2101 3634 2340 3687 qunalnc
2368 3634 2864 3704 capacitatiaptiura
2892 3650 3011 3690 csse
3047 3651 3206 3705 quam
3234 3638 3342 3693 divi
3362 3669 3374 3677 -

1790 3742 1872 3777 na:
1902 3724 2215 3778 sublimitati
2239 3739 2253 3787 ;
2279 3741 2340 3778 ac
2368 3740 2461 3793 per
2489 3727 2587 3779 hoc
2609 3725 2767 3779 etiam
2800 3726 2912 3795 ipsa
2943 3728 3368 3786 trausceudenda

1786 3832 1907 3871 esse
1952 3816 2264 3871 sereniore'
2312 3817 2620 3885 intellectu,
2662 3817 2800 3872 sicut
2854 3818 2952 3873 ista
3000 3820 3374 3892 qualicumque

1789 3915 2094 3960 trauscensa
2122 3915 2265 3959 sunt.

1856 3999 1912 4051 2.
1967 3998 2097 4063 Quis
2151 4006 2234 4051 cst
2282 3996 2425 4052 enim
2473 3997 2784 4066 hominum,
2835 4001 2920 4055 cui
2975 4018 3079 4056 non
3123 4014 3372 4062 occurrat

1790 4089 1841 4142 in
1868 4089 1974 4142 Deo
1998 4098 2186 4142 cuncta
2216 4089 2560 4157 przesciente,
2584 4091 2945 4158 paenitentiam
2967 4107 3089 4148 esse
3116 4110 3221 4149 non
3245 4110 3370 4164 pos-

1785 4179 1877 4233 se?
1907 4179 1972 4232 Et
1991 4190 2135 4234 certe
2158 4189 2331 4233 tamen
2366 4181 2479 4235 lucc
2507 4179 2613 4233 duo
2640 4181 2800 4236 verba
2820 4192 2963 4249 sunt,
2984 4186 3292 4251 paenitentia
3312 4196 3369 4244 et

1789 4271 2142 4341 praescientia,
2172 4284 2400 4339 quorum
2422 4270 2543 4339 quia
2576 4286 2737 4323 unum
2763 4286 3059 4342 congruere
3097 4275 3370 4333 credimus

1789 4362 1919 4424 Deo,
1952 4360 2003 4414 id
2031 4369 2112 4413 est
2134 4360 2518 4428 pnuscientiam
2541 4402 2555 4423 ,
2591 4376 2845 4430 negamus
2872 4364 2923 4416 in
2955 4379 3020 4418 eo
3051 4380 3170 4419 esse
3192 4368 3367 4435 pteni-

1788 4451 2024 4505 tcntiam.
2045 4449 2175 4503 Cum
2204 4465 2330 4503 vero
2354 4451 2489 4503 alius
2520 4451 2799 4519 liquidiore
2824 4453 3247 4509 consideratione
3267 4459 3366 4514 ista

1787 4549 2118 4611 pertractans
2141 4581 2157 4607 ,
2186 4538 2456 4609 qu:esierit
2482 4540 2928 4610 quemadmodqu
2971 4544 3054 4598 vel
3081 4546 3194 4615 ipsa
3222 4563 3363 4617 pne-

1784 4633 2006 4687 scientia
2041 4633 2148 4687 Deo
2163 4642 2419 4702 congruat
2441 4672 2456 4697 ,
2480 4642 2534 4687 et
2559 4632 2819 4688 invenerit
2846 4634 3000 4704 hujus
3024 4639 3183 4693 etiam
3213 4642 3361 4696 verbi

1785 4726 2055 4779 notionem
2094 4725 2233 4779 illius
2264 4724 2512 4779 ineffabili
2540 4724 2813 4780 divinitate
2835 4726 2989 4797 lenge
3013 4728 3225 4800 lateque
3267 4746 3362 4787 su-

1785 4813 1993 4883 perari;
2024 4830 2128 4869 non
2159 4816 2383 4869 miratur
2410 4825 2692 4885 utrumque
2724 4814 2791 4870 de
2821 4817 2910 4869 illo
2945 4830 3161 4889 pr0pter
3187 4820 3360 4878 homi-

1786 4922 1881 4960 nes
1911 4905 2014 4960 dici
2065 4906 2334 4975 potuisse,
2365 4905 2431 4960 de
2474 4921 2580 4977 quo
2622 4915 2903 4976 utrumque
2951 4920 3165 4979 propter
3190 4912 3362 4983 ipsum

1785 4999 2072 5067 incongrue
2100 4997 2381 5051 diceretur.
2410 4996 2544 5065 Quid
2572 5006 2655 5052 est
2697 4998 2839 5052 enim
2871 5002 3197 5068 prae-scientia
3224 5046 3236 5069 ,
3262 5007 3363 5060 nisi

1784 5092 2003 5145 scientia
2052 5088 2553 5157 futurorumiQuid
2600 5098 2779 5144 autem
2831 5090 3061 5146 futurum
3099 5106 3181 5148 est
3210 5095 3319 5151 Deo
3345 5140 3360 5164 ,

1784 5182 1873 5251 qui
1900 5182 2076 5237 omnia
2124 5181 2521 5251 supergreditur
2561 5180 2916 5250 tempora?Si
2957 5185 3097 5238 enim
3143 5185 3363 5241 scientia

1784 5274 1880 5331 Dei
1928 5290 2014 5330 res
2063 5274 2207 5343 ipsas
2236 5272 2394 5328 habet
2414 5274 2453 5339 ¹,
2482 5289 2586 5327 non
2613 5282 2735 5327 sunt
2770 5274 2819 5329 ei
2848 5272 3037 5328 futunc
3061 5316 3075 5342 ,
3098 5277 3190 5331 sed
3224 5294 3363 5346 prm-

1847 5496 1864 5528 ⁸
1888 5497 2088 5559 SicMss.
2106 5494 2224 5559 ιεὰὶιὶ
2246 5502 2428 5559 autem,
2452 5494 2758 5559 conferuntur
2773 5506 2792 5544 :
2808 5502 2861 5546 et
2880 5493 3001 5545 intra
3025 5494 3127 5546 loco
3145 5494 3362 5547 Inuitum“—

1783 5563 1884 5626 ter_,
1906 5558 2168 5626 habebant,
2183 5556 2470 5626 Itunumitus.
2539 5556 2547 5559 ⁷
2630 5620 2639 5626 _
3005 5618 3014 5626 _

1846 5616 1941 5684 "In
1964 5619 2125 5677 editis,
2148 5616 2369 5678 saniore;
2401 5632 2486 5681 pro
2508 5632 2605 5684 quo
2628 5620 2676 5667 in
2698 5626 2838 5684 Mss,
2856 5618 3114 5668 sereniore.
3183 5676 3208 5684 η
3238 5678 3243 5683 .

1849 5684 1865 5714 ι
1891 5681 1963 5730 sic
1984 5687 2090 5731 Mss.
2112 5676 2326 5742 excepto
2343 5676 2440 5730 uno
2456 5694 2486 5729 e
2505 5676 2737 5729 Vaticanis
2758 5681 2840 5741 qui
2862 5693 2971 5728 cum
2995 5687 3109 5727 aute
3133 5676 3273 5726 editis
3293 5676 3363 5729 lo-

1784 5743 1943 5804 rebat,
1963 5756 2013 5794 tn
2031 5740 2230 5793 scientia
2246 5740 2328 5793 res
2351 5741 2479 5803 ipsas
2497 5742 2651 5791 habet.

2825 5846 2906 5926 KC
2916 5847 3079 5928 ina-1
