3942 6416
540 258 663 315 ’159

558 380 758 433 sentes;
791 384 851 423 ac
892 385 935 439 ιγ
958 385 984 424 r
1014 369 1115 424 hoc
1157 385 1260 424 non
1284 372 1396 440 jam
1429 371 1780 440 prmscieutia,
1805 372 1899 426 sed
1930 382 2132 427 tantum

558 459 777 513 scientia
804 459 908 513 dici
947 467 1139 528 potest.
1166 458 1223 514 Si
1251 468 1429 515 autem
1465 461 1604 516 sicut
1630 462 1682 515 in
1711 462 1897 517 ordine
1930 473 2136 533 tempo-

558 550 746 602 ralium
763 559 1148 619 creaturarum,
1173 550 1244 605 ita
1260 559 1350 605 eta
1358 550 1460 620 pud
1482 565 1602 606 eum
1623 551 1854 606 nondum
1871 564 1993 607 sunt
2019 569 2138 624 quae

557 644 739 717 latura
778 650 932 704 sunt,
962 639 1056 694 sed
1102 654 1166 695 ea
1206 641 1463 711 pratvenit
1510 641 1748 706 sciendo;
1782 642 1864 697 bis
1904 658 2031 713 ergo
2075 657 2138 699 ea

556 732 748 792 sentit,
781 745 890 782 uno
917 730 1126 799 quidem
1157 732 1316 786 modo
1354 732 1646 788 secundum
1673 733 1969 789 futurorum
2005 750 2137 805 pra:-

556 819 854 883 scientiam,
883 820 1053 873 altero
1084 837 1209 875 vero
1250 822 1540 877 secundum
1581 826 1922 893 praesentium
1966 825 2139 880 scicn-

557 908 704 961 tiam.
775 909 986 979 Aliquid
1036 926 1164 980 ergo
1213 914 1581 982 tctnporaliter
1635 915 1841 970 accedit
1901 916 2139 972 scientia:

557 997 649 1054 Dei
679 1000 738 1066 ¹;
781 999 925 1070 quod
972 1001 1411 1058 absurdissimum
1456 1013 1614 1074 atque
1643 1006 1981 1062 falsissimum
2034 1020 2135 1064 cst.

546 1089 669 1145 Nec
694 1091 839 1146 enim
869 1101 1046 1162 potest
1073 1108 1192 1162 qute
1226 1105 1447 1148 ventura
1491 1098 1774 1165 praenoscit
1815 1112 1974 1153 nosse
2016 1113 2136 1152 cum

554 1184 842 1249 venerint;
869 1182 973 1238 nisi
995 1183 1078 1239 bis
1113 1184 1485 1240 innotescaut'
1504 1228 1520 1253 ,
1550 1196 1602 1241 et
1633 1188 2014 1256 przenoscendo
2039 1205 2138 1242 an-

558 1281 773 1342 tequam
802 1275 938 1340 sint,
966 1283 1021 1329 et
1046 1278 1418 1344 cognoscendo
1444 1292 1562 1331 curn
1583 1278 1693 1346 jam
1724 1287 1864 1331 sunt.
1895 1278 1970 1332 lta
1995 1278 2053 1332 [it
2083 1287 2140 1332 ut

562 1363 739 1434 (quod
767 1364 923 1435 longe
964 1380 993 1419 a
1036 1365 1260 1421 veritate
1305 1370 1569 1422 seclusum
1613 1368 1731 1440 est)
1782 1371 2139 1439 tetnporaliter

554 1454 753 1526 aliquid
797 1455 1016 1511 accedat
1061 1456 1297 1513 scientia:
1347 1459 1476 1525 Dei,
1519 1474 1639 1512 cum
1682 1461 1991 1529 temporalia
2020 1475 2139 1529 qua:

557 1547 914 1613 pratscinntttr
963 1549 1124 1603 etiam
1177 1551 1455 1617 praesentia
1503 1552 1840 1616 sentiuntur,
1870 1568 1989 1621 qua:
2032 1568 2137 1605 non

555 1636 923 1692 sentiebantur
947 1648 1232 1708 antequam
1251 1638 1459 1704 tierent,
1478 1640 1571 1694 sed
1606 1642 1973 1695 tantummodo
1999 1658 2133 1711 prae-

554 1727 879 1784 sciebantur.
923 1731 981 1786 Si
1026 1746 1152 1785 vero
1176 1731 1336 1786 etiam
1384 1748 1505 1786 cum
1539 1735 1815 1798 venerint,
1847 1750 1965 1804 qua:
1997 1750 2135 1803 pra:-

552 1817 862 1873 sciebantur
905 1833 1026 1876 esse
1052 1831 1294 1887 ventura,
1325 1821 1455 1875 nihil
1488 1824 1609 1875 novi
1637 1825 1856 1877 accedet
1899 1824 2137 1877 scientia:

549 1911 686 1980 Dei,
717 1911 812 1968 sed
845 1914 1082 1968 mancblt
1136 1914 1222 1968 illa
1264 1916 1591 1984 pra-scicntia
1635 1917 1771 1969 sicut
1817 1926 1930 1970 erat
1977 1916 2136 1969 etiam

556 2003 863 2074 priusquam
909 2006 1152 2060 venirent
1199 2022 1318 2075 qua:
1372 2007 1819 2075 praescieltantur;
1871 2007 2138 2075 quomodo

549 2094 660 2162 jam
692 2092 1040 2165 .prazscientia
1089 2096 1330 2163 dicetur,
1361 2096 1574 2165 quando
1610 2112 1716 2150 non
1741 2107 1823 2151 est
1851 2112 2025 2150 rerum
2058 2098 2141 2149 lu-

554 2194 792 2240 lttrarutn
813 2185 837 2239 ἲ
860 2184 978 2241 Jam
1008 2187 1151 2241 enim
1191 2187 1471 2255 praascntia
1500 2195 1627 2242 sunt
1666 2203 1784 2256 qua:
1811 2187 1983 2240 futura
2015 2202 2136 2241 eor-

552 2273 751 2341 nebat,
780 2282 836 2331 et
873 2277 1030 2345 paulo
1069 2285 1189 2346 post
1214 2285 1372 2330 erunt
1410 2278 1694 2345 praeterita.
1728 2277 2137 2331 Prmteritartun

551 2374 731 2420 autem
770 2381 950 2421 rerum
971 2406 987 2433 ,
1012 2367 1150 2421 sicut
1189 2368 1569 2436 praesentium,
1603 2368 1748 2420 nullo
1787 2368 1945 2422 modo
1970 2377 2140 2437 mtest

552 2457 658 2514 dici
690 2459 1042 2530 prtescientia.
1066 2459 1287 2514 Reditur
1314 2474 1443 2528 ergo
1468 2459 1533 2514 ad
1562 2460 1634 2525 id,
1663 2470 1717 2513 ut
1738 2462 1828 2513 liat
1855 2461 2011 2514 rebus
2025 2460 2137 2530 jam

550 2542 907 2619 pra-sentibus
949 2546 1342 2620 scientia,qtm:
1381 2550 1580 2604 eisdem
1624 2551 1783 2604 rebus
1809 2549 1998 2605 futuris
2025 2561 2139 2605 erat

548 2638 884 2709 ’pm'scientis
913 2648 1006 2694 :et
1044 2654 1166 2694 cum
1199 2655 1261 2693 ca
1290 2639 1770 2709 queprwscicntia
1801 2651 1915 2695 erat
1951 2642 2096 2712 prius
2117 2681 2134 2710 ,

552 2739 737 2801 postea
765 2731 984 2788 scientia
1012 2731 1104 2786 flat
1139 2731 1193 2785 in
1225 2730 1353 2797 Deo,
1371 2731 1600 2786 admittit
1639 2731 2038 2787 mutabilitatem
2084 2743 2141 2789 et

549 2822 862 2892 temporalis
875 2833 977 2889 est;
994 2837 1115 2877 cum
1145 2821 1215 2876 sit
1241 2822 1402 2888 Deus,
1424 2824 1510 2892 qui
1542 2837 1669 2877 vere
1683 2837 1993 2891 summeque
2020 2830 2135 2887 est,

546 2927 654 2969 nec
681 2914 788 2968 ulla
825 2930 894 2970 ex
930 2925 1080 2983 parte
1112 2914 1380 2969 mutabilis
1404 2953 1420 2978 ,
1459 2929 1560 2969 nec
1601 2913 1709 2968 ullo
1755 2924 1899 2968 motu
1939 2915 2139 2970 novitio

552 3005 880 3075 temporalis.
900 3004 1079 3060 Placet
1105 3020 1234 3076 ergo
1260 3017 1319 3059 ιιι
1346 3020 1452 3058 ιιοιι
1481 3004 1721 3059 dicamus
1742 3004 2137 3074 prtescientiam

550 3093 648 3149 Dei
671 3135 687 3159 ,
714 3093 808 3149 sed
853 3095 1216 3150 tantummodo
1252 3096 1529 3150 scientiam
1563 3110 1903 3165 :qumramns
1945 3106 2000 3150 et
2034 3095 2138 3151 hoc

550 3185 841 3255 quomodo.
870 3184 987 3242 Non
1012 3186 1154 3241 enim
1185 3186 1462 3241 scientiam
1499 3186 1733 3241 solemus
1760 3186 1939 3242 dicere
1968 3188 2019 3239 in
2044 3202 2136 3240 no-

549 3275 655 3342 bis,
683 3274 785 3330 nisi
807 3289 929 3331 cum
950 3289 1107 3330 sensa
1131 3285 1187 3331 et
1208 3276 1477 3330 intellecta
1518 3276 1776 3330 memoria
1808 3277 2134 3341 retinemus;

548 3378 672 3421 cum
697 3366 1036 3421 meminimus
1060 3365 1258 3436 aliquid
1282 3367 1516 3437 sensisse
1538 3381 1634 3420 nos
1665 3367 1747 3420 vel
1776 3366 2098 3420 intcllrmse
2115 3405 2133 3432 ,

550 3468 611 3515 ut
640 3459 693 3515 id
711 3474 834 3516 cum
857 3460 1104 3515 volumus
1120 3461 1439 3515 recolamus.
1472 3460 1624 3528 Quod
1649 3461 1692 3515 si
1720 3461 1788 3514 ita
1821 3461 1870 3513 in
1899 3462 2005 3514 Deo
2030 3469 2132 3527 est,

546 3564 607 3609 ιιι
635 3554 804 3626 possit
852 3553 1065 3625 proprie
1112 3552 1252 3619 dici,
1286 3552 1536 3624 lntelligit
1561 3561 1616 3608 et
1656 3554 1945 3617 itellcxit,
1977 3560 2138 3607 sentit

546 3654 607 3701 et
628 3645 830 3710 sensit;
858 3644 1091 3699 admittit
1132 3648 1372 3714 tempus,
1418 3654 1473 3698 et
1518 3644 1754 3713 subrepit
1795 3645 2136 3699 nihilominus

549 3734 641 3790 illa
685 3735 1040 3797 mutabilitas,
1083 3750 1203 3804 qua:
1234 3735 1388 3804 longe
1426 3751 1461 3790 a
1493 3735 1586 3789 Dei
1631 3736 1926 3791 substantia
1955 3752 2131 3791 remo-

540 3824 719 3881 venda
747 3832 850 3882 est.
892 3824 959 3880 Et
1002 3833 1180 3880 tamen
1217 3834 1272 3879 et
1299 3826 1401 3880 scit
1445 3824 1582 3881 Deus
1605 3866 1620 3889 ,
1650 3836 1703 3881 et
1740 3826 1953 3895 prmscit
1999 3827 2137 3882 Deus

550 3918 801 3975 ineli‘abili
831 3917 992 3973 modo
1023 3935 1036 3973 :
1066 3917 1144 3972 sic
1171 3933 1292 3972 eum
1317 3929 1372 3973 et
1413 3919 1629 3987 pamitet
1670 3918 1920 3973 ineffabili
1953 3920 2131 3974 modo.

550 4014 682 4068 Cum
708 4011 850 4066 enim
878 3994 1099 4065 scicntia
1124 4010 1215 4064 Dei
1241 4010 1396 4080 longe
1421 4010 1573 4063 distet
1603 4011 1670 4064 ab
1697 4009 1925 4064 humana
1957 4010 2134 4065 scien-

549 4105 646 4169 tia,
675 4104 747 4159 ita
785 4114 843 4158 ut
884 4102 1149 4158 irridenda
1192 4104 1261 4158 sit
1279 4102 1638 4172 comparatio,
1684 4117 1906 4173 utraque
1957 4116 2132 4161 tamen

549 4196 772 4252 scientia
799 4205 1139 4251 vocaturzet
1180 4193 1296 4250 ham
1342 4196 1554 4266 quidem
1600 4197 1825 4250 lnnnana
1872 4198 1990 4251 talis
2017 4211 2129 4262 εει,
2175 4232 2188 4249 .

551 4300 609 4346 ιιι
630 4290 772 4346 dicat
811 4290 880 4346 de
907 4290 992 4344 illa
1025 4288 1312 4360 Apostolus
1355 4292 1517 4345 etiam
1540 4331 1556 4354 ,
1591 4288 1818 4344 Scientia
1849 4290 2132 4343 destruetur

549 4382 593 4451 (l
621 4381 740 4437 Cor.
768 4396 882 4451 xm,
902 4380 984 4451 8);
1001 4380 1142 4453 quod
1170 4381 1317 4435 nullo
1343 4380 1676 4444 modorecte
1703 4381 1769 4435 de
1792 4383 2010 4437 scientia
2039 4380 2131 4435 Dei

547 4464 651 4531 dici
679 4483 874 4545 potest.
905 4472 995 4529 Sic
1022 4482 1079 4529 et
1097 4474 1175 4528 ira
1197 4472 1429 4528 hominis
1458 4460 1664 4529 turbida
1692 4483 1773 4528 est
1801 4483 1856 4529 et
1874 4490 1981 4530 non
2015 4474 2132 4529 sine

545 4586 592 4622 ιιι
610 4567 782 4631 ιιεί.ιιιι
809 4566 971 4620 animi
997 4584 1010 4618 :
1035 4565 1113 4620 ira
1136 4581 1266 4620 vero
1288 4565 1404 4633 Dei,
1417 4565 1485 4620 de
1499 4582 1603 4637 qua
1618 4567 1813 4621 dicitur
1829 4568 1878 4621 in
1895 4569 2135 4638 Evange-

556 4670 641 4722 ιιι».
659 4658 763 4714 Sed
780 4658 857 4713 ira
879 4656 971 4712 Dei
998 4666 1165 4712 manet
1184 4674 1337 4729 super
1361 4674 1473 4712 eum
1487 4659 1666 4729 (Joau.
1693 4676 1768 4721 ut.
1789 4660 1907 4730 56);
1922 4668 1976 4715 et
1991 4664 2131 4729 Apo-

552 4753 740 4815 stolus,
776 4749 1037 4804 Revelatur
1055 4748 1187 4803 enim
1208 4750 1287 4802 ira
1309 4747 1401 4803 Dei
1426 4749 1489 4802 de
1506 4751 1628 4804 cmlo
1644 4767 1795 4819 super
1822 4769 2016 4806 onmem
2037 4754 2134 4806 int-

556 4845 784 4908 pietatem
822 4838 1007 4913 (Rom.
1036 4854 1090 4906 ι,
1118 4837 1247 4911 i8);
1279 4838 1370 4895 illo
1419 4840 1472 4893 in
1522 4841 1897 4913 tranquillitate
1934 4843 2132 4913 jugiter

551 4938 818 4994 manente,
833 4928 886 4984 in
914 4939 1159 4985 creatura
1186 4928 1394 4984 subdita
1413 4943 1627 4986 exercet
1647 4934 1941 4989 admirabili
1967 4938 2128 5005 tequi-

548 5032 660 5077 tate
699 5019 1005 5076 vindictam.
1035 5020 1395 5077 Misericordia
1440 5038 1650 5093 quoque
1699 5025 1928 5079 hominis
1971 5027 2127 5081 habet

551 5111 859 5167 nonnullam
884 5110 1060 5167 cordis
1083 5106 1374 5180 miseriam,
1400 5112 1541 5168 unde
1579 5114 1737 5170 etiam
1768 5117 1820 5169 in
1846 5117 2001 5169 latina
2029 5118 2130 5171 liu-

550 5216 649 5269 gna
683 5217 879 5260 nomen
913 5202 1152 5275 accepit:
1184 5219 1305 5258 nam
1337 5204 1458 5259 inde
1484 5215 1570 5261 cst
1604 5206 1762 5261 etiam
1787 5248 1801 5271 ,
1833 5209 1973 5277 quod
2021 5225 2125 5263 non

548 5296 720 5350 solum
747 5293 976 5366 gaudere
998 5288 1118 5350 cum
1144 5294 1515 5365 gaudentibus,
1541 5293 1635 5351 sed
1661 5298 1818 5351 etiam
1848 5296 1975 5353 [lere
2004 5313 2123 5352 cum

551 5385 802 5444 ﬂentibus
827 5386 1067 5443 hortatur
1082 5386 1368 5456 Apostolus
1387 5385 1498 5458 (Id.
1532 5401 1628 5451 xu,
1651 5388 1757 5457 lii).
1785 5389 1913 5456 Quis
1949 5398 2127 5445 autem

616 5542 632 5607 ξ
658 5547 788 5607 tum,
813 5536 992 5591 accidit
1008 5537 1222 5607 scientia:
1370 5548 1425 5593 Et
1446 5541 1570 5592 infra
1594 5541 1794 5601 habent,
1813 5542 2021 5607 accidat,
2042 5562 2123 5598 ar-

548 5603 713 5664 cidet;
736 5602 859 5664 ιοφ,
880 5602 1097 5658 accedat.
1122 5602 1337 5664 accedet.

610 5666 634 5697 s
651 5663 702 5714 ω
723 5663 887 5714 codice
911 5663 1237 5715 semissium
1255 5664 1552 5725 Corbeiensi,
1572 5665 1845 5717 ἔιιιιοιεδιγις.

1108 258 1213 313 ’ΒΕ
1254 257 1558 313 υιγειιδιε
1595 258 2105 324 ρυΕδΤΙΟΝΙΒυΞ
2144 263 2233 315 AD
2271 262 2776 334 SIMPLICIANUM,
2817 270 2871 325 S.
2914 272 3285 331 AUGUSTINI

3727 285 3829 341 140

2247 389 2377 428 sano
2419 378 2592 447 capite
2618 380 2808 437 dixerit
2829 425 2845 448 ,
2879 385 2983 439 ulla
3020 388 3228 444 miseria
3267 393 3408 463 tangi
3433 393 3599 449 Deum
3621 396 3646 451 τ
3670 413 3826 469 quem

2246 472 2421 521 tamen
2450 469 2642 539 ubique
2681 471 2952 544 Scriptura
2988 479 3385 537 misericordem
3424 499 3546 540 esse
3583 496 3828 545 testatur.

2247 556 2321 612 ita
2349 561 2516 614 zelum
2545 561 2835 619 humanum
2862 583 2967 622 non
3015 569 3132 626 sine
3171 582 3321 640 peste
3370 575 3554 631 livoris
3580 578 3828 652 intelligi-

2246 662 2368 702 mus
2391 666 2404 704 :
2424 651 2681 706 zelantcm
2711 670 2839 709 vero
2860 656 3026 713 Deum
3050 674 3156 714 non
3183 662 3284 729 ita,
3314 664 3409 719 sed
3430 666 3620 723 eodem
3646 651 3829 738 verbo,

2247 754 2354 794 non
2383 740 2572 796 eodem
2605 744 2781 798 modo.

2219 890 2227 896 ,
2314 830 2368 884 5.
2395 829 2633 903 Longum
2661 847 2744 889 εει
2767 850 3076 905 percurrere
3103 851 3293 897 cmtera
3314 884 3330 909 ,
3354 853 3410 900 et
3433 857 3558 902 sunt
3578 848 3828 907 innume-

2243 923 2428 977 rabilia
2459 927 2650 993 quibus
2672 929 2971 985 ostenditur
2988 933 3154 986 multa
3177 933 3352 990 divina
3384 937 3572 994 iisdem
3600 943 3831 997 nomini-

2243 1010 2342 1065 bus
2364 1016 2622 1082 appcllari
2648 1018 2838 1085 quibus
2881 1019 3146 1089 humana,
3172 1039 3294 1079 cum
3320 1026 3722 1098 incomparabili
3748 1035 3832 1089 tli-

2242 1105 2492 1158 versitate
2515 1106 2754 1175 seiuncta
2782 1110 2885 1164 sint
2910 1127 3042 1167 :nec
3072 1124 3248 1170 tamen
3280 1116 3473 1173 frustra
3496 1121 3683 1178 eadem
3711 1137 3835 1180 sunt

2243 1194 2401 1248 rebus
2423 1199 2657 1267 utrisque
2684 1200 2847 1255 indita
2876 1184 3132 1260 vocabula
3152 1247 3167 1273 ,
3202 1202 3300 1262 nisi
3326 1211 3446 1279 quia
3474 1211 3586 1266 haec
3618 1217 3833 1285 cognita

2243 1302 2361 1356 qua:
2384 1287 2435 1341 in
2483 1290 2794 1373 quotidiana
2827 1296 3212 1352 consuetudine
3256 1313 3554 1369 versantur,
3586 1316 3642 1360 et
3669 1321 3836 1376 espe-

2243 1377 2485 1434 ritnentis
2511 1379 2876 1438 usitatioribus
2914 1385 3279 1456 innotescunt,
3312 1395 3620 1450 nonnullam
3662 1399 3729 1451 ad
3754 1399 3836 1452 in-

2244 1468 2524 1537 telligenda
2585 1471 2673 1525 illa
2719 1473 2964 1529 sublimia
3010 1479 3250 1546 przebent
3297 1482 3456 1536 viam.
3507 1486 3641 1540 Cum
3689 1489 3834 1544 enim

2241 1555 2524 1629 detnpsero
2542 1560 2609 1616 de
2625 1561 2855 1619 humana
2877 1566 3097 1622 scientia
3128 1572 3552 1642 mutabilitatem,
3574 1586 3628 1631 et
3658 1586 3838 1635 trans-

2244 1644 2350 1699 itus
2373 1648 2630 1717 quosdam
2663 1666 2693 1705 a
2738 1654 3059 1723 cogitatione
3080 1656 3133 1711 in
3158 1660 3532 1728 cogitationem
3552 1706 3568 1730 ,
3596 1680 3716 1721 cum
3747 1683 3839 1723 re-

2240 1735 2484 1803 coliutus,
2514 1748 2572 1792 ut
2599 1755 2883 1799 cernamus
2921 1746 3102 1801 animo
3142 1749 3286 1819 quod
3326 1752 3377 1805 in
3430 1758 3672 1811 contuitu
3714 1758 3839 1828 ejus

2244 1827 2403 1894 paulo
2427 1838 2551 1883 ante
2599 1847 2704 1886 non
2752 1843 2904 1901 erat,
2935 1844 3094 1906 atque
3135 1839 3203 1893 ita
3254 1840 3322 1896 de
3363 1853 3512 1912 parte
3539 1846 3590 1899 in
3624 1827 3834 1915 partem

2238 1919 2445 1974 crebris
2489 1923 2950 1982 recordationibus
2987 1932 3352 1999 transilitnus;
3384 1938 3524 1993 unde
3565 1940 3725 1995 etiam
3767 1958 3835 1997 ex

2242 2020 2395 2080 parte
2420 2011 2549 2068 dicit
2574 2030 2694 2070 esse
2717 2017 3006 2087 Apostolus
3047 2033 3282 2087 nostram
3310 2030 3586 2086 scientiam
3613 2033 3631 2102 (
3656 2033 3674 2086 ι
3705 2033 3833 2088 Cor.

2240 2116 2334 2154 aut
2360 2144 2374 2166 ,
2407 2103 2464 2175 9)
2499 2118 2656 2158 :cmn
2700 2122 2828 2173 ergo
2874 2108 2989 2164 inec
3050 2125 3240 2169 cuncta
3285 2116 3588 2186 detraxero,
3630 2133 3688 2177 et
3754 2140 3842 2180 re-

2243 2192 2449 2261 liptcro
2494 2196 2657 2248 solam
2707 2199 3038 2255 vivacitatem
3108 2214 3271 2260 certa:
3333 2217 3492 2278 atque
3545 2213 3841 2268 inconcus-

2233 2299 2315 2338 sa:
2346 2285 2580 2340 veritatis
2636 2305 2734 2341 una
2790 2302 2947 2362 atque
3001 2305 3198 2350 mterna
3229 2304 3676 2375 contemplatione
3697 2324 3843 2363 etut-

2242 2383 2324 2427 cta
2368 2375 2842 2443 lttslt':tnli5';ittttt
2885 2400 2989 2436 non
3029 2385 3333 2456 reliquero,
3383 2408 3486 2446 non
3541 2396 3683 2450 enim
3738 2400 3844 2452 ha-

2242 2463 2328 2519 bet
2375 2465 2476 2520 hoc
2521 2468 2751 2524 humana
2811 2474 3066 2541 scientia,
3119 2480 3214 2534 sed
3278 2497 3375 2550 pro
3443 2486 3644 2542 viribus
3694 2492 3843 2561 cogi-

2244 2564 2454 2621 tat-ero;
2513 2559 2814 2615 insinuatur
2858 2565 2990 2619 mihi
3060 2577 3348 2642 utcumque
3422 2576 3639 2632 scientia

2239 2647 2383 2718 quod
2427 2657 2601 2705 tamen
2653 2668 2883 2721 nomen,
2928 2672 2993 2711 ex
3054 2673 3122 2714 eo
3169 2664 3311 2732 quod
3369 2667 3585 2723 sciendo
3636 2670 3846 2740 aliquid

2242 2756 2346 2797 non
2370 2741 2498 2797 latet
2526 2743 2835 2814 hominem,
2870 2752 3036 2817 potttit
3059 2768 3179 2807 esse
3225 2756 3305 2809 rei
3334 2758 3546 2828 utrique
3590 2775 3850 2818 commu-

2241 2846 2328 2885 nc.
2349 2836 2660 2903 Quanquam
2683 2844 2737 2890 et
2767 2837 2816 2890 in
2868 2838 2994 2907 ipsis
3018 2840 3321 2899 hominibus
3366 2850 3503 2903 solet
3537 2851 3784 2907 discerni
3811 2870 3843 2910 ι

2240 2925 2499 2992 sapientia
2527 2928 2779 2996 scientia,
2811 2938 2868 2983 ut
2894 2930 3054 2986 etiam
3083 2934 3370 3004 Apostolus
3391 2938 3549 3007 dicit,
3578 2941 3684 2995 Atii
3713 2946 3847 3013 qui-

2240 3016 2355 3071 dem
2405 3034 2494 3085 per
2524 3018 2775 3087 Spiritum
2812 3020 2966 3075 datur
3004 3040 3168 3080 sermo
3203 3028 3494 3097 sapientia,
3544 3033 3634 3087 alii
3662 3050 3847 3090 sermo

2240 3108 2463 3162 scientia:
2503 3110 2776 3163 secundant
2836 3102 3065 3168 eumdem
3107 3115 3360 3188 Spiritum
3401 3121 3535 3190 (Id.
3589 3139 3702 3191 xu,
3737 3125 3848 3199 8):

2242 3196 2294 3270 in
2328 3198 2437 3253 Deo
2464 3209 2642 3254 autem
2670 3201 2919 3257 nimirum
2943 3219 3046 3258 non
3067 3218 3189 3261 sunt
3217 3207 3329 3262 lucc
3349 3209 3455 3263 duo
3474 3251 3489 3276 ,
3520 3214 3614 3266 sed
3644 3196 3847 3270 unum.

2242 3286 2309 3341 Et
2331 3288 2381 3341 in
2413 3289 2718 3367 hominibus
2743 3292 2955 3362 quidem
2998 3296 3111 3350 haec
3135 3296 3203 3350 ita
3228 3299 3453 3353 discerni
3485 3302 3854 3371 probabiliter

2236 3380 2448 3446 solent,
2482 3388 2537 3434 ut
2558 3383 2814 3453 sapientia
2847 3385 3108 3452 pertineat
3142 3386 3206 3440 ad
3237 3388 3560 3444 intellectum
3590 3402 3849 3451 aeterno-

2236 3483 2390 3536 rum,
2420 3470 2640 3526 scicntia
2669 3488 2796 3527 vero
2821 3475 2886 3528 ad
2904 3489 2966 3528 ea
2989 3491 3105 3545 qua:
3130 3478 3375 3534 sensibus
3396 3484 3642 3552 corporis
3667 3501 3855 3557 expe-

2229 3561 2426 3616 rimur.
2471 3562 2578 3617 Sed
2627 3564 2750 3619 licet
2786 3567 2923 3620 alius
2963 3567 3118 3621 altam
3158 3569 3506 3626 dillcrentiam
3554 3576 3848 3649 proferat,

2232 3654 2340 3706 nisi
2385 3662 2560 3709 tamen
2604 3654 2812 3710 diversa
2843 3652 3053 3724 essent,
3086 3676 3190 3714 non
3222 3662 3300 3717 sic
3342 3664 3409 3719 ab
3437 3667 3699 3735 Apostolo
3731 3673 3853 3727 dis-

2176 3798 2177 3803 η
2242 3744 2625 3814 tinguerentur.
2656 3748 2807 3814 Quoi
2841 3763 2970 3803 sane
3008 3749 3051 3802 si
3098 3752 3166 3803 ita
3194 3761 3310 3818 est,
3338 3764 3395 3808 ut
3419 3771 3613 3813 nomen
3646 3763 3852 3818 δοίειι-

2240 3830 2325 3890 tia:
2347 3837 2504 3907 rebus
2531 3854 2663 3907 quas
2685 3855 2780 3909 per
2804 3855 2993 3894 sensus
3014 3846 3254 3913 corporis
3280 3848 3585 3918 experimur
3602 3893 3618 3919 ,
3650 3854 3847 3925 depu-

2238 3936 2403 3982 tatum
2430 3929 2530 3994 sit;
2571 3930 2712 3984 nulla
2740 3939 2821 3985 est
2840 3984 2843 3987 ,
2865 3934 3084 3989 omnino
3128 3938 3350 3992 scientia
3376 3940 3486 3995 Dei.
3528 3941 3640 3997 Non
3670 3948 3841 4002 enim

2240 3974 2403 3982 -..ηνς--.υ
2430 3974 2500 3983 -συψ
2516 3974 2530 3994 ν
2571 3974 2712 3984 --ι-ι--ι
2742 3974 2843 3987 νινε,
2866 3974 3083 3989 νιυ-ιιουν
3128 3974 3350 3992 “usuusu:
3376 3974 3486 3995 IIUIO
3528 3974 3640 3997 L‘Ull
3670 3974 3841 4002 Cllllll

2240 4016 2378 4072 Deus
2406 4034 2498 4088 per
2525 4035 2584 4073 sc
2623 4020 2796 4089 ipsum
2826 4037 2891 4077 ex
2922 4038 3149 4094 corpore
3176 4037 3231 4082 et
3254 4030 3431 4086 anima
3459 4011 3690 4105 constat,
3726 4038 3850 4092 sic-
3886 3974 3926 4131 \

2240 4118 2289 4131 .-ι
2322 4108 2475 4131 In”-.-
2569 4111 2673 4131 οΑι
2723 4114 2904 4131 ,_,_s-,_
2982 4114 3015 4131 ι·
3055 4118 3086 4131 ο.
3226 4120 3257 4131 η
3610 4127 3619 4131 -
3736 4130 3741 4131 ,

2237 4118 2291 4164 ul
2321 4108 2500 4165 homo.
2569 4111 2675 4166 Sed
2721 4114 2909 4168 melius
2964 4114 3158 4172 dicitur
3189 4120 3347 4175 aliam
3392 4138 3512 4180 esse
3547 4127 3850 4185 scientiam

2238 4199 2332 4256 Dei
2353 4242 2365 4264 ,
2395 4211 2449 4256 et
2480 4218 2583 4257 non
2614 4204 2851 4273 ejusdem
2871 4210 3083 4277 generis
3102 4251 3119 4276 ,
3147 4211 3299 4280 cujus
3327 4213 3426 4269 ista
3456 4225 3538 4269 est
3564 4233 3685 4286 qua:
3738 4222 3849 4273 im-

2240 4292 2444 4347 miuum
2470 4293 2665 4349 dicitur
2695 4312 2710 4348 :
2744 4297 2877 4350 sicut
2903 4299 3062 4352 etiam
3092 4299 3318 4371 idipsum
3346 4306 3487 4373 quod
3515 4307 3655 4362 Deus
3686 4310 3849 4369 dici-

2239 4392 2360 4449 tur,
2417 4384 2574 4455 longe
2609 4386 2748 4439 aliud
2776 4398 2887 4451 est,
2923 4405 3081 4458 quam
3128 4394 3574 4462 quemadmodum
3620 4398 3851 4459 dictum

2234 4483 2317 4529 est
2346 4475 2466 4543 quia
2511 4476 2644 4529 stetit
2676 4477 2727 4531 in
2773 4494 3031 4550 synagoga
3075 4481 3283 4536 deorum
3308 4483 3477 4554 (Psal.
3504 4503 3668 4543 um
3690 4531 3710 4554 ,
3753 4493 3843 4562 Ι).

2237 4562 2437 4617 Tamen
2476 4564 2542 4619 ad
2572 4581 2677 4619 non
2705 4566 2872 4622 latere
2901 4584 3111 4640 quoquo
3136 4572 3295 4627 modo
3324 4576 3553 4643 pertinet
3570 4593 3851 4637 commit.

2237 4655 2431 4710 nicatio
2472 4656 2582 4727 ipsa
2628 4660 2891 4713 vocabuli.
2926 4661 3015 4717 Sic
3058 4664 3217 4719 etiam
3246 4665 3313 4721 de
3342 4668 3418 4723 ira
3460 4669 3695 4729 hominis
3742 4677 3857 4732 de-

2238 4745 2391 4798 traho
2420 4746 2778 4802 turbnlentutn
2807 4761 3007 4804 metum
3029 4793 3044 4816 ,
3088 4764 3143 4806 ut
3170 4767 3438 4813 remaneat
3471 4760 3729 4817 vindictae
3758 4766 3853 4819 vi-

2235 4852 2361 4905 gor;
2392 4847 2554 4904 atque
2582 4838 2650 4892 ita
2704 4848 2988 4910 utcumque
3027 4857 3250 4911 assurgo
3300 4847 3352 4901 itt
3392 4850 3632 4904 notitiam
3678 4853 3852 4913 illius

2235 4944 2352 4995 qua:
2394 4931 2690 4998 appellatur
2716 4931 2790 4985 ira
2837 4933 2950 4986 Dei.
2985 4934 3113 4989 item
3154 4936 3222 4992 de
3250 4939 3614 4998 misericordia
3651 4948 3704 5000 si
3740 4963 3856 5002 au-

2235 5017 2375 5073 feras
2395 5022 2819 5088 compassionem
2840 5064 2854 5086 .
2876 5040 2996 5078 cum
3023 5042 3089 5079 eo
3123 5044 3279 5097 quem
3324 5032 3592 5091 miseratis
3609 5076 3624 5094 .
3653 5043 3853 5106 parti-

2237 5111 2425 5181 cipatte
2449 5113 2675 5168 miseria:
2700 5115 2742 5177 ⁸,
2760 5122 2820 5166 ιιι
2845 5129 3117 5171 remaneat
3139 5122 3416 5191 tranquilla
3448 5124 3655 5193 bonitas
3690 5133 3844 5185 sub-

2237 5201 2481 5256 veniendi
2519 5212 2574 5256 et
2616 5217 2645 5256 a
2696 5203 2905 5258 miseria
2953 5206 3243 5277 liberandi,
3291 5210 3588 5270 insinuatur
3624 5216 3856 5276 divina:

2236 5292 2613 5348 miscricortlim
2648 5296 3047 5369 qualiscumque
3084 5301 3337 5371 cognitio.
3381 5305 3563 5362 Zelum
3607 5326 3855 5379 quemue

2236 5384 2326 5438 Dei
2371 5399 2475 5438 non
2516 5385 2853 5454 repudiemus
2881 5397 2936 5441 et
2977 5405 3359 5462 aspernemur,
3402 5413 3521 5452 cum
3559 5400 3853 5469 scriptum

2296 5558 2312 5627 ξ
2337 5559 2410 5609 sic
2432 5560 2659 5627 praecipui
2682 5567 2789 5612 Mss.
2810 5570 2864 5627 ᾼι
2887 5562 3027 5627 editi,
3044 5566 3383 5624 collttstranlis.

2288 5622 2755 5703 insessas?!"
2772 5623 2901 5703 stas,-
2920 5622 3066 5703 rtém
3108 5622 3398 5703 miserearis
3428 5634 3772 5703 ραι-τετίεινιιυε
3791 5660 3855 5700 α

2230 5685 2440 5731 utimur
2468 5693 2748 5747 :corrupte,
2772 5687 2841 5734 uti
2866 5685 3020 5750 liquet
3045 5703 3108 5738 ex
3129 5702 3233 5742 mss.
