3942 6416
170 232 232 284 lil
1446 211 1643 266 LIBEli
1686 206 2055 265 Sl‘itlllNI/L'S.

177 340 400 395 invenimus
424 337 440 367 ί
483 352 498 385 '.
529 332 633 389 sed
664 331 995 387 auferamus
1037 329 1107 384 de
1137 328 1354 381 humano
1401 325 1517 380 zelo
1559 326 1711 395 palli-

178 437 269 488 dam
303 432 452 484 tabem
491 426 742 487 doloris,
799 434 857 477 et
916 420 1209 475 morbidum
1262 416 1707 485 perturbationem

184 525 331 585 auitui;
352 526 722 586 remaneatque
774 513 905 566 illud
937 512 1110 566 solum
1136 510 1416 579 judicium,
1450 522 1558 574 quo
1584 520 1709 560 cor-

182 620 313 688 ruptio
354 611 604 668 castitatis
654 606 924 675 impunita
974 619 1096 658 esse
1144 617 1241 655 non
1268 598 1489 659 sinitur,
1542 606 1594 651 et
1625 614 1712 647 as-

178 711 385 779 wrgintus
425 714 482 757 ut
530 700 863 768 incipiamus
907 696 1088 764 aliquo
1115 693 1271 746 modo
1306 704 1499 759 capere
1535 689 1707 742 zelum

173 803 259 856 Dei.

220 894 261 946 ι.
293 890 622 958 Quapropter
647 898 769 937 cum
793 880 1020 948 legimus
1043 877 1203 932 etiam
1230 874 1397 930 Deum
1417 872 1705 933 dicentem,

168 984 339 1038 Ρετιιηα
356 994 465 1042 me;
502 975 911 1032 consideremus
933 969 1074 1041 quod
1102 982 1226 1023 esse
1251 967 1421 1021 soleat
1448 964 1500 1019 in
1536 963 1709 1017 homi-

168 1076 295 1129 nibus
313 1084 434 1139 opus
456 1064 776 1137 ptenitendi.
809 1063 999 1117 Procul
1036 1058 1202 1113 dubio
1233 1056 1497 1125 reperitur
1526 1054 1711 1107 volun-

165 1158 500 1217 tasmutandi'
530 1175 545 1209 :
579 1154 674 1209 sed
704 1154 760 1208 in
784 1151 1003 1207 homine
1036 1164 1159 1205 cum
1189 1147 1379 1202 dolore
1404 1145 1564 1199 animi
1596 1154 1706 1207 est;

159 1249 461 1323 reprehendit
487 1247 637 1303 enim
662 1246 718 1300 in
740 1259 802 1299 se
836 1241 977 1313 quod
1006 1249 1206 1296 temere
1230 1238 1452 1295 fecerat.
1483 1236 1709 1290 Aufera-

156 1359 255 1400 tnus
275 1356 392 1411 ergo
412 1342 537 1404 ista,
555 1352 679 1408 quae
700 1335 771 1391 de
792 1334 1024 1389 humana
1050 1331 1354 1386 infirmitate
1377 1338 1533 1398 atque
1563 1328 1711 1397 igno-

156 1434 297 1489 rantia
319 1433 557 1494 veniunt,
591 1437 648 1484 et
668 1436 945 1482 remaneat
971 1425 1144 1478 solum
1164 1422 1303 1477 velle
1327 1430 1386 1475 ut
1408 1436 1514 1475 non
1541 1420 1613 1474 ita
1640 1420 1709 1472 sit

154 1523 340 1593 aliquid,
366 1518 824 1591 quemadmodum
863 1525 981 1571 erat
1009 1533 1021 1568 :
1046 1515 1123 1569 sic
1163 1520 1338 1584 potest
1377 1512 1708 1581 aliquantum

156 1616 355 1671 intitnari
390 1613 559 1669 menti
598 1623 816 1674 nostrae,
844 1624 946 1679 qua
992 1607 1174 1678 regula
1218 1606 1541 1675 intelligatur
1566 1603 1707 1673 quod

155 1710 349 1779 penitet
379 1708 566 1761 Deum.
592 1702 726 1758 Cum
762 1703 905 1757 enim
935 1701 1194 1770 pmuitere
1222 1698 1436 1763 dicitur,
1465 1698 1577 1751 vult
1605 1712 1709 1751 non

153 1814 257 1855 esse
277 1796 488 1866 aliquid,
518 1798 653 1851 sicut
681 1793 881 1849 fecerat
899 1803 957 1847 ut
976 1800 1118 1847 esset
1146 1809 1159 1844 :
1184 1790 1278 1845 sed
1306 1799 1482 1844 tamen
1510 1796 1564 1841 et
1589 1802 1708 1841 enm

156 1891 217 1945 ita
235 1897 385 1952 esset,
414 1888 486 1940 ita
511 1901 633 1940 esse
661 1884 921 1947 debebat;
961 1890 1017 1936 et
1042 1896 1164 1936 cum
1208 1882 1279 1934 ita
1318 1893 1440 1933 esse
1464 1879 1573 1947 jam
1604 1892 1709 1931 non

156 1983 347 2041 sinitur,
377 1981 484 2048 jam
509 1993 615 2032 non
636 1976 792 2032 debet
832 1975 903 2029 ita
947 1989 1085 2035 esse,
1118 1980 1373 2041 perpetuo
1400 1969 1625 2040 quodam
1656 1976 1711 2023 et

162 2071 435 2141 tranquillo
462 2068 721 2137 :equitatis
756 2066 967 2134 judicio,
1011 2080 1117 2131 quo
1150 2063 1287 2117 Deus
1315 2068 1504 2115 cuncta
1535 2070 1708 2113 muta-

164 2161 281 2216 bilia
310 2158 716 2218 incommutabili
746 2157 1003 2210 voluntate
1030 2153 1285 2221 diSpouit.

222 2251 273 2306 5.
310 2250 415 2304 Sed
453 2250 697 2317 quoniam
745 2245 1131 2315 przescientiam
1170 2254 1225 2297 et
1266 2243 1541 2298 scientiam
1586 2257 1706 2297 cum

154 2340 295 2397 laude
344 2341 577 2393 solemus
640 2337 693 2392 in
755 2335 1059 2392 hominibus
1115 2333 1418 2403 appellare,
1474 2333 1711 2401 iramque

159 2434 301 2503 ipsam
327 2434 460 2485 solet
492 2431 785 2484 humanum
815 2442 986 2498 genus
1026 2427 1078 2479 in
1122 2425 1325 2495 magnis
1359 2424 1710 2495 potestatibus

158 2524 352 2578 ᾕρητ’
381 2523 555 2593 potius
577 2536 739 2590 quam
773 2516 1187 2588 reprehendere,
1231 2523 1592 2584 congruenter
1618 2528 1713 2583 pu-

162 2625 305 2668 tamus
323 2616 435 2666 talia
461 2613 566 2667 dici
589 2612 659 2666 de
685 2611 817 2666 Deo.
843 2612 944 2676 Qui
967 2618 1143 2662 autem
1169 2609 1325 2670 zelat,
1354 2616 1406 2661 et
1428 2621 1585 2676 quem
1611 2605 1710 2659 ali-

165 2706 267 2773 quid
292 2706 514 2774 pt'euilet,
554 2704 813 2773 quoniam
858 2702 942 2756 vel
976 2700 1179 2770 culpari
1228 2700 1388 2763 solet,
1418 2698 1510 2752 vel
1560 2699 1611 2752 in
1651 2714 1712 2753 se

166 2797 343 2863 culpam
388 2794 676 2862 corrigere,
726 2801 892 2862 atque
948 2791 1069 2845 ideo
1114 2805 1239 2845 cum
1292 2788 1711 2860 reprehensione

169 2888 250 2940 ista
277 2887 335 2940 de
370 2886 670 2939 hominibus
697 2885 840 2948 dici;
867 2892 1152 2953 prepterea
1186 2892 1384 2947 movet,
1414 2896 1538 2936 cum
1580 2881 1713 2951 legi-

173 2992 387 3032 musase
410 2978 608 3047 aliquid
637 2978 694 3031 in
728 2976 840 3030 Deo
865 2975 1149 3044 ejusmodi.
1178 2974 1285 3029 Sed
1316 2973 1409 3028 illa
1440 2974 1711 3041 Scriptura

169 3071 378 3123 omnibus
394 3071 700 3133 consulens,
736 3077 1015 3137 propterea
1044 3068 1210 3137 magis
1233 3075 1287 3120 et
1317 3067 1416 3121 ista
1441 3067 1612 3134 ponit,
1648 3080 1714 3118 ne

170 3160 244 3215 illa
269 3176 370 3228 qua:
410 3162 616 3229 placent
655 3159 741 3213 sic
770 3158 1133 3228 intelligantur
1170 3157 1225 3211 in
1270 3158 1401 3221 Deo,
1445 3156 1715 3227 quomodo

165 3260 517 3306 cousumerunt
553 3253 608 3305 in
639 3249 948 3304 hominibus
993 3249 1238 3319 intelligi.
1282 3249 1384 3304 Per
1427 3249 1541 3302 luec
1571 3250 1712 3302 enim

162 3359 264 3412 qua
283 3343 569 3412 displicent,
592 3359 716 3397 cum
740 3357 802 3396 ea
832 3357 935 3396 nou
958 3341 1215 3396 audemus
1243 3341 1321 3395 sic
1342 3341 1638 3404 intelligere
1663 3341 1713 3393 in

161 3435 277 3499 Deo,
314 3444 365 3487 ut
410 3435 752 3488 inveniuntur
794 3431 846 3486 itt
877 3430 1114 3497 homine,
1144 3431 1398 3484 discimus
1436 3430 1594 3484 etiam
1627 3430 1714 3483 illa

155 3524 225 3578 sic
250 3540 502 3593 qurere,
528 3540 649 3593 qua:
678 3534 802 3593 apta
833 3536 952 3576 esse
986 3531 1146 3590 atque
1170 3520 1538 3575 convenientia
1568 3529 1718 3588 puta-

150 3614 347 3666 batnus.
372 3612 497 3667 Nam
525 3614 569 3666 si
590 3623 875 3682 propterea
899 3626 1004 3665 non
1030 3621 1113 3665 est
1139 3610 1272 3665 illud
1295 3610 1365 3665 de
1397 3609 1506 3664 Deo
1533 3609 1717 3664 dicen-

146 3702 295 3767 dum,
322 3690 440 3771 quia
470 3704 519 3757 in
556 3704 770 3757 homine
794 3702 1069 3771 displicet;
1106 3716 1209 3755 non
1242 3701 1484 3755 dicamus
1510 3701 1714 3754 incom-

142 3794 445 3848 mutabilem
473 3794 651 3858 Deutn,
681 3794 805 3863 quia
830 3794 897 3847 de
939 3792 1239 3847 hominibus
1264 3807 1387 3847 cum
1422 3793 1685 3860 reprelteu
1705 3822 1717 3831 -

140 3887 290 3939 sione
336 3885 525 3937 dictum
590 3894 671 3937 est
694 3925 710 3946 ,
759 3881 880 3936 Non
926 3883 1059 3936 enim
1114 3891 1189 3935 est
1238 3882 1341 3937 illis
1395 3882 1718 3935 commutatio

140 3975 307 4043 (Ρωι.
344 3993 449 4042 uv,
474 3977 590 4046 20).
637 3976 769 4030 ltetn
808 3985 932 4029 sunt
977 3974 1217 4043 qtttndam
1242 3989 1365 4045 qua:
1407 3975 1460 4029 in
1504 3974 1719 4028 homine

140 4066 413 4121 laudabilia
456 4079 607 4134 sunt,
663 4070 716 4122 in
751 4067 862 4122 Deo
912 4076 1088 4122 autem
1137 4081 1257 4122 esse
1303 4082 1409 4122 non
1449 4077 1715 4136 possunt:

136 4160 270 4213 sicin.
306 4163 498 4231 pudor,
548 4160 695 4230 quod
733 4169 950 4215 arcuum
997 4158 1307 4213 viridiorum
1346 4174 1592 4228 maguum
1638 4168 1722 4214 est

132 4263 505 4306 ornamentum
537 4269 550 4303 :
585 4253 725 4304 sicut
758 4251 913 4303 timor
946 4249 1056 4315 Dei,
1100 4265 1203 4304 non
1241 4250 1382 4303 enim
1428 4257 1629 4303 tantum
1669 4251 1717 4303 in

132 4345 399 4396 veteribus
437 4343 613 4397 Libris
641 4341 903 4405 laudatur,
931 4342 1023 4396 sed
1066 4341 1354 4411 Apostolus
1382 4343 1539 4394 etiam
1568 4343 1713 4403 dicit,

130 4429 462 4501 Perﬁdentes
495 4433 946 4499 mortiﬁcationem
981 4432 1030 4483 in
1055 4433 1232 4484 timore
1265 4430 1358 4485 Dei
1383 4430 1446 4503 (ll
1476 4433 1591 4485 Cor.
1624 4448 1717 4495 vtt,

129 4524 182 4587 1)
205 4540 221 4587 ;
246 4526 336 4593 qui
362 4526 549 4592 utique
583 4525 635 4576 in
669 4523 777 4576 Deo
815 4522 990 4576 nullus
1026 4530 1126 4576 est.
1158 4521 1306 4577 Sicut
1331 4536 1456 4590 ergo
1477 4522 1717 4591 quietiam

126 4613 421 4669 laudabilia
466 4616 748 4669 hominum
786 4628 891 4667 non
936 4622 1080 4667 recte
1106 4613 1351 4667 dicuntur
1386 4614 1437 4667 in
1473 4614 1613 4678 Deo‘;
1644 4617 1719 4666 sic

122 4708 374 4772 quatdam
420 4707 707 4776 culpabilia
748 4704 1021 4759 hominum
1066 4716 1211 4759 recte
1257 4705 1622 4773 intelliguntur
1669 4721 1720 4758 tn

127 4796 241 4851 lico
269 4818 282 4851 :
313 4815 428 4853 non
454 4801 524 4852 ita
560 4807 618 4851 ιιι
646 4798 697 4850 iu
728 4795 1050 4861 hominibus,
1081 4794 1174 4851 sed
1199 4797 1465 4849 vocabulis
1495 4805 1722 4847 tantum—

126 4888 295 4940 modo
317 4889 722 4951 unumunibus,
751 4888 906 4956 longe
941 4888 1041 4939 alia
1068 4888 1274 4939 ratione
1303 4897 1355 4939 ct
1388 4890 1561 4939 modo.
1594 4888 1720 4938 Nam

128 4977 293 5041 paulo
324 4990 449 5046 post
467 4980 609 5033 idem
640 4978 877 5041 Samuel,
908 4978 991 5031 cui
1018 4976 1225 5031 dixerat
1250 4978 1521 5042 Dominus,
1556 4977 1727 5030 Pumi-

132 5079 204 5119 ιρι
242 5086 323 5122 me
343 5074 479 5140 quod
508 5072 849 5125 constituerim
874 5086 1039 5140 regem
1079 5069 1229 5132 Satil,
1258 5070 1354 5140 ipsi
1381 5071 1525 5123 Suilli
1558 5072 1628 5123 ait
1660 5072 1725 5123 de

140 5156 276 5219 lien,
329 5162 581 5225 Quoniam
620 5180 721 5214 non
760 5170 833 5214 est
875 5162 1003 5214 sicut
1032 5160 1203 5225 homo,
1252 5171 1304 5213 ut
1339 5162 1569 5227 pmttitrat
1611 5178 1725 5213 eum

140 5249 187 5301 ιι
224 5250 351 5320 Reg.
384 5271 471 5320 xv,
508 5254 601 5327 19)
641 5272 657 5307 :
689 5256 775 5308 ubi
819 5252 1072 5309 videlicet
1110 5254 1238 5307 satis
1277 5253 1513 5307 ostendit
1565 5256 1722 5305 etiam

213 5380 1354 5454 tas.e-ammsmsttmv-.Wem-
1467 5446 1480 5454 .
1577 5445 1637 5454 ..

218 5445 240 5467 ‘
263 5448 383 5493 will
416 5464 433 5517 :_
459 5451 812 5517 tauri/terentur
850 5446 976 5513 quid
1004 5444 1314 5517 essesoleat.
1364 5454 1416 5517 In
1460 5445 1725 5517 hominibus

152 5509 663 5615 ονταῆῗηιὶιιηαήειιι,
687 5524 790 5557 non
834 5506 1013 5573 procul
1053 5506 1198 5556 dubia
1236 5507 1471 5569 repetitur
1518 5509 1726 5557 velutius

158 5576 239 5609 90‘
358 5584 393 5617 ι.

158 5576 393 5617 turmam.

226 5630 245 5657 '
266 5636 394 5689 ιδ..
413 5636 625 5680 tremere.

3301 216 3396 268 li‘l

1820 337 1939 375 cum
1973 321 2107 374 Drns
2136 319 2281 385 dicit,
2321 321 2528 375 l’mnitct
2566 341 2678 389 me;
2721 342 2823 381 nou
2858 328 3091 384 humano
3128 346 3277 386 more
3304 347 3395 386 at:-

1813 414 2114 480 cipimtdttm
2154 430 2289 475 esse,
2324 416 2461 470 sicut
2498 418 2607 485 jam
2637 430 2887 488 quantum
2918 420 3180 476 valuimus
3209 422 3395 493 dispu-

1816 518 2060 561 ιτινηιιυε.

1813 597 2027 666 Qtuzsr.
2070 597 2152 653 lll.
2192 629 2262 639 —-
2290 597 2502 653 Sumne!
2535 617 2622 669 per
2658 603 2998 672 pythoniumn
3030 607 3226 660 vocati
3261 623 3394 676 quo-

1888 689 2035 743 modo
2073 691 2307 758 potuerit.
2345 690 2597 745 Samuelis
2635 692 2762 760 forte
2804 695 3102 761 phantasma
3129 697 3245 767 fuit,
3289 714 3389 751 non

1884 780 2107 847 spiritus.
2135 779 2399 834 Ihemoncs
2418 781 2668 849 quomodo
2699 783 2867 835 norint
2896 784 3092 852 futuro.

1885 873 1937 926 l.
1978 870 2107 925 ltetn
2138 875 2333 941 quatris
2374 882 2551 927 utrum
2579 873 2799 943 Spiritus
2824 875 3129 931 immundus
3162 879 3251 949 qui
3281 889 3395 933 erat

1814 963 1869 1017 in
1894 962 2224 1035 pythonissa,
2255 966 2483 1032 potuerit
2506 980 2665 1035 agere
2692 977 2747 1021 ut
2767 967 2979 1022 Samuel
3010 983 3039 1022 a
3065 969 3225 1025 Saﬁle
3250 972 3396 1025 vide-

1812 1063 1960 1108 retur
1994 1064 2049 1109 et
2069 1055 2372 1125 loqueretur
2387 1071 2507 1111 cum
2536 1073 2602 1112 eo
2630 1059 2671 1128 (Ι
2695 1058 2822 1129 lieg.
2856 1076 3039 1126 xxvtu,
3070 1060 3251 1131 7-19).
3285 1061 3392 1115 Sed

1815 1144 1981 1197 multo
2006 1144 2223 1213 majoris
2243 1146 2485 1200 miraculi
2507 1157 2590 1201 est
2615 1148 2753 1217 quod
2778 1150 2889 1218 ipse
2916 1160 3126 1204 satanas
3147 1151 3396 1219 princeps

1812 1236 2049 1289 omnium
2098 1236 2489 1291 innuundorum
2536 1238 2819 1308 spirituum
2861 1241 3033 1310 potuit
3080 1240 3224 1311 loqui
3272 1256 3392 1296 cum

1815 1327 1944 1393 Deo,
2001 1336 2056 1382 et
2094 1336 2277 1399 petere
2330 1328 2635 1385 tentandum
2679 1330 2782 1385 Job
2814 1330 3170 1402 iustissimum
3222 1331 3395 1386 virum

1817 1418 1955 1485 (Job.
2001 1435 2038 1483 ι,
2075 1418 2323 1493 ll):qui
2375 1422 2532 1476 etiam
2580 1422 2863 1479 tentandos
2916 1424 3202 1495 Apostolos
3250 1426 3401 1495 petiit

1813 1509 1964 1582 (Luc.
1995 1528 2124 1577 xxu,
2152 1512 2263 1584 5i).
2296 1513 2402 1568 Aut
2430 1514 2474 1568 si
2499 1513 2601 1571 hoc
2642 1531 2747 1570 nou
2784 1516 2903 1571 ideo
2940 1516 3099 1572 habet
3124 1518 3394 1573 difficilem

1812 1604 2182 1673 qumstionem,
2212 1606 2331 1675 quia
2373 1623 2467 1675 per
2493 1622 2651 1678 quam
2692 1609 2920 1663 voluerit
2960 1618 3281 1676 creaturam,
3309 1612 3395 1667 cui

1812 1693 2037 1748 voluerit
2071 1705 2352 1761 creaturas,
2384 1697 2577 1767 ubique
2619 1714 2855 1768 przeseus
2897 1700 3095 1755 veritas
3138 1700 3393 1771 loquitur,

1814 1799 1913 1839 nec
1954 1795 2233 1857 propterea
2274 1788 2451 1857 magni
2486 1789 2661 1843 meriti
2705 1799 2789 1844 est
2818 1790 2902 1844 cui
2944 1790 3181 1861 loquitur
3216 1793 3394 1845 Deus:

1814 1875 2036 1931 interest
2072 1878 2216 1933 enim
2246 1880 2371 1948 quid
2403 1880 2681 1950 loquatur;
2704 1883 2826 1952 quia
2853 1893 2903 1936 et
2937 1882 3227 1953 imperator
3262 1884 3399 1938 ntul-

1815 1967 1882 2020 tis
1902 1967 2272 2023 innocentibus
2300 1985 2407 2024 uon
2436 1972 2689 2041 loquitur,
2717 1972 2910 2042 quibus
2935 1973 3399 2043 providentissime

1812 2057 2044 2111 consulit
2063 2058 2129 2112 ad
2158 2059 2420 2123 salutem;
2449 2069 2503 2115 et
2530 2076 2650 2115 cum
2682 2063 2861 2118 multis
2889 2066 3204 2119 nocentibus
3228 2066 3402 2135 loqui-

1816 2158 1920 2212 tur,
1948 2164 2080 2218 quos
2104 2148 2255 2219 jubet
2281 2150 2506 2204 interfici
2538 2170 2551 2204 :
2577 2152 2621 2206 si
2649 2168 2775 2222 ergo
2797 2153 2921 2209 hinc
2949 2166 3227 2225 propterea
3253 2158 3398 2213 uttlla

1814 2239 2038 2306 quzeslio
2079 2249 2190 2302 est;
2230 2240 2370 2294 nulla
2419 2242 2488 2296 sit
2524 2244 2751 2311 qumstio
2788 2245 3057 2314 quomodo
3098 2248 3257 2301 etiam
3300 2249 3402 2302 im-

1813 2328 2045 2383 mundus
2073 2329 2290 2395 Spiritus
2316 2346 2436 2385 cum
2453 2334 2626 2386 anima
2650 2336 2815 2387 sancti
2844 2335 2942 2389 viri
2968 2336 3109 2406 loqui
3144 2339 3399 2406 potuerit.

1814 2418 2075 2475 Omnibus
2110 2422 2253 2476 enim
2289 2425 2487 2478 sanctis
2532 2425 2672 2479 Deus
2713 2438 2925 2482 creator
2966 2436 3019 2482 et
3045 2429 3404 2486 sanctificator-

1817 2510 1971 2581 longe
1994 2512 2176 2581 utique
2220 2512 2391 2582 major
2417 2524 2515 2568 est.
2548 2515 2701 2583 Quod
2732 2517 2775 2571 si
2806 2518 2906 2572 hoc
2942 2528 3141 2585 movet,
3169 2521 3311 2591 quod
3336 2523 3402 2576 li-

1815 2601 1987 2656 cuerit
2015 2603 2248 2673 maligno
2269 2604 2476 2673 spiritui
2504 2608 2738 2660 excitare
2762 2609 2996 2663 animam
3019 2608 3167 2678 justi,
3200 2621 3253 2664 et
3282 2620 3403 2666 tan-

1814 2707 1972 2762 quam
2002 2694 2071 2748 de
2107 2695 2301 2750 abditis
2335 2706 2665 2751 mortuorum
2714 2700 3063 2768 receptaculis
3100 2706 3403 2768 evocare‘;

1816 2795 1993 2839 nonne
2021 2784 2189 2855 magis
2232 2785 2530 2840 mirandum
2567 2800 2647 2842 est
2678 2789 2816 2855 quod
2847 2800 3060 2847 satanas
3087 2792 3260 2861 ipsum
3296 2794 3401 2846 Do-

1816 2873 2018 2927 minum
2059 2877 2345 2944 assumpsit
2373 2886 2427 2947 et
2468 2881 2744 2934 constituit
2784 2896 2949 2951 super
2976 2885 3187 2952 pinnam
3217 2886 3401 2951 templi

1819 2964 2031 3035 (Matth.
2076 2983 2160 3031 tv,
2209 2970 2303 3039 5)?
2346 2972 2591 3038 Quolibet
2629 2973 2769 3027 enim
2832 2974 2991 3028 modo
3043 2976 3263 3039 fecerit,
3312 2977 3402 3031 ille

1817 3057 1977 3110 etiam
2014 3058 2203 3113 modus
2229 3075 2337 3128 quo
2366 3062 2599 3117 Samueli
2646 3064 2838 3118 factum
2866 3074 2949 3119 est
2979 3077 3033 3121 ut
3058 3070 3404 3131 excitaretur.

1818 3148 2064 3204 similiter
2090 3150 2237 3204 latet.
2269 3151 2379 3206 Nisi
2418 3154 2553 3208 forte
2591 3156 2709 3224 quis
2744 3156 2938 3211 dixerit
2968 3157 3258 3214 faciliorem
3293 3160 3407 3213 dia-

1824 3239 1947 3294 bolo
1975 3239 2142 3296 fuisse
2175 3244 2438 3297 licentiam
2464 3245 2530 3298 ad
2556 3246 2834 3300 Dominum
2863 3249 3039 3310 vivum
3071 3251 3213 3306 unde
3244 3253 3407 3306 voluit

1819 3334 2217 3397 assumendum,
2256 3343 2310 3389 et
2350 3336 2436 3389 ubi
2474 3337 2643 3391 voluit
2670 3340 3123 3403 constituendum,
3156 3358 3311 3412 quam
3338 3345 3404 3397 ad

1817 3422 2079 3478 Samuelis
2127 3424 2359 3479 defuncti
2396 3427 2641 3496 spiritum
2683 3443 2711 3480 a
2763 3430 2873 3483 suis
2916 3431 3130 3485 sedibus
3173 3435 3407 3487 excitau-

1820 3514 1966 3569 tlum.
2008 3514 2158 3582 Quod
2200 3515 2245 3569 si
2276 3516 2403 3570 illud
2444 3516 2499 3571 itt
2530 3519 2822 3588 Evangelio
2866 3534 2963 3574 nos
2991 3521 3111 3575 ideo
3151 3538 3255 3577 non
3286 3539 3409 3593 per-

1822 3604 2017 3670 turbat,
2044 3606 2167 3675 quia
2192 3606 2448 3662 Dominus
2483 3609 2648 3663 voluit
2677 3617 2836 3680 atque
2875 3610 3114 3679 permisit
3153 3613 3292 3667 nulla
3322 3615 3402 3668 di-

1822 3696 2115 3752 minutione
2140 3711 2251 3752 sute
2276 3699 2555 3767 potestatis
2597 3709 2652 3754 et
2689 3700 2980 3755 divinitatis
3009 3702 3060 3756 id
3090 3704 3238 3769 fieri;
3271 3706 3409 3759 sicut

1822 3787 1890 3841 ab
1916 3788 2042 3858 ipsis
2069 3787 2609 3863 Judaeis,quauquam
2635 3792 2908 3860 perversis
2936 3801 3093 3863 atque
3123 3794 3408 3849 immundis

1823 3894 1875 3937 et
1899 3882 2032 3938 facta
2063 3861 2259 3939 diaboli
2285 3882 2622 3951 facientibus,
2643 3894 2701 3939 et
2730 3885 2900 3941 teneri
2928 3861 3093 3951 se,vet
3119 3890 3326 3953 vinciri,
3355 3896 3409 3944 et

1824 3973 1991 4039 illudi,
2023 3983 2078 4027 ct
2103 3973 2339 4044 crucifigi
2373 3984 2533 4045 atque
2572 3975 2798 4031 interfici
2830 3992 3018 4046 passus
3041 3987 3124 4033 est
3152 3995 3167 4034 :
3195 3996 3300 4035 non
3326 3992 3410 4036 est

1823 4060 2110 4118 absurdum
2128 4064 2348 4120 credere
2371 4066 2644 4136 exialiqua
2668 4066 3071 4136 dispensatione
3098 4070 3290 4126 divina:
3317 4088 3411 4125 νοσ-

1824 4157 2039 4212 luntatis
2071 4158 2386 4227 permissum
2426 4157 2614 4225 fuisse,
2646 4168 2707 4215 ut
2735 4176 2840 4215 non
2880 4161 3079 4217 invitus
3104 4179 3205 4219 nec
3234 4164 3410 4219 domi-

1825 4256 1986 4303 nante
2019 4260 2179 4318 atque
2221 4249 2536 4319 subjugante
2576 4252 2777 4320 magica
2804 4255 3063 4321 potentia.
3096 4256 3190 4308 sed
3225 4258 3409 4309 volens

1824 4351 1984 4409 atque
2010 4340 2383 4407 obtrmprrans
2409 4341 2633 4395 occulta:
2655 4342 3039 4410 diSpeusationi
3066 4347 3179 4405 Dei.
3209 4363 3327 4413 qum
3358 4359 3409 4400 et

1828 4428 2188 4499 pytltonissatu
2221 4430 2364 4482 illam
2389 4440 2442 4484 et
2468 4430 2682 4485 Sai'tlent
2706 4432 2922 4493 latebat,
2950 4438 3411 4505 ςοηερηιίιεριενὶο

1826 4519 1959 4574 ritus
1984 4518 2261 4587 PI‘Opltela}
2284 4520 2456 4574 sancti
2487 4535 2546 4575 se
2570 4521 2780 4576 ostendi
2808 4524 3111 4595 aspectibus
3136 4528 3295 4596 regis,
3323 4527 3407 4581 di-

1824 4608 1946 4662 vina
1992 4625 2113 4663 eum
2150 4611 2411 4664 sententia
2467 4626 2835 4680 petcussurus.
2889 4615 2995 4668 Cur
3046 4617 3188 4670 enim
3234 4618 3408 4673 anima

1827 4698 1950 4754 boni
1979 4699 2228 4765 hominis,
2260 4718 2289 4755 a
2317 4703 2470 4755 malis
2500 4701 2635 4757 vivis
2668 4716 2885 4760 evocata
2917 4707 2961 4760 si
2995 4710 3217 4775 venerit,
3247 4713 3408 4766 amit-

1828 4801 1943 4846 tere
1970 4791 2208 4847 videatur
2236 4792 2545 4863 dignitatem
2575 4810 2760 4858 suam;
2806 4813 2925 4851 cutn
2955 4810 3003 4853 et
3036 4801 3137 4855 vivi
3180 4804 3411 4870 plerum-

1828 4899 1932 4953 que
1957 4882 2083 4938 boni
2116 4885 2288 4938 vocati
2315 4884 2381 4940 ad
2414 4886 2585 4940 malos
2609 4888 2842 4954 veniant,
2889 4900 2942 4944 et
2975 4902 3134 4960 agant
3172 4909 3291 4948 cum
3332 4904 3411 4951 eis

1828 4974 1968 5042 quod
1999 4973 2231 5029 officium
2262 4976 2495 5044 postulat
2533 4979 2818 5048 aequitatis,
2862 4993 3076 5036 servato
3117 4995 3280 5054 atque
3326 4988 3411 5041 in-

1830 5079 2088 5119 concusso
2125 5064 2321 5121 decore
2356 5067 2564 5123 virtutis
2604 5086 2737 5135 sum,
2782 5082 2836 5127 cl
2879 5074 3087 5129 illorum
3136 5078 3277 5132 vitiis
3317 5096 3411 5148 pro

1832 5171 2008 5209 rerum
2037 5158 2371 5224 praesentiunt
2391 5159 2475 5213 vel
2502 5175 2599 5214 usu
2621 5164 2700 5215 vel
2725 5166 3042 5223 necessitate
3071 5172 3340 5223 tractatis?

1902 5247 1957 5302 2.
1996 5247 2303 5319 Quanquam
2334 5249 2383 5301 in
2415 5251 2514 5306 hoc
2534 5252 2670 5306 facto
2702 5263 2876 5323 potest
2903 5271 3023 5312 esse
3048 5259 3184 5315 allus
3205 5261 3412 5317 facilior

1830 5339 2004 5393 exitus
2027 5349 2079 5392 ct
2106 5340 2401 5409 expeditior
2440 5342 2758 5413 intellectus,
2800 5356 2856 5402 ut
2883 5364 2987 5404 non
3013 5368 3137 5407 vere
3164 5356 3406 5422 spiritum

1833 5431 2090 5485 Samuelis
2117 5435 2399 5489 excitatum
2443 5451 2470 5490 a
2514 5439 2696 5509 requie
2740 5455 2829 5496 sua
2859 5444 3156 5507 credamus,
3189 5449 3279 5498 srtl
3312 5449 3403 5501 ali-

1835 5643 1869 5683 υ
1899 5577 2075 5686 liftliti,
2110 5591 2345 5630 remeare.
2386 5590 2433 5632 At
2470 5591 2599 5645 “ss,
2626 5598 2822 5635 nocere
2860 5598 2877 5634 .·
2917 5596 2966 5637 et
3001 5593 3067 5636 sic
3109 5591 3153 5635 ia
3196 5586 3316 5637 liluo
3354 5592 3411 5640 ad

1872 5652 1904 5686 ιι
1922 5653 1961 5685 α
1986 5653 2097 5686 llllll.

1872 5652 2079 5687 ιιιαυιιιιι
2088 5674 2097 5684 .
