3956 6524
529 358 628 415 N3

521 470 662 538 quod
699 469 1030 539 phantasma,
1079 476 1133 521 et
1174 464 1535 534 imaginariam
1584 459 1882 528 illusionem
1911 454 2104 509 diaboli

521 559 1001 614 machinationibus
1044 555 1257 618 factam,
1312 569 1467 623 quam
1514 561 1794 620 propterea
1837 547 2106 614 Scriptura

522 650 736 703 nontine
777 647 1039 719 Samuelis
1074 647 1329 716 appellat,
1366 645 1487 712 quia
1529 643 1704 696 solent
1742 641 1998 710 imagines
2023 654 2108 692 re-

521 757 638 797 rum
685 757 866 794 carum
913 741 1215 794 nominibus
1245 735 1536 814 appellari,
1580 750 1802 805 qnarutu
1852 731 2106 800 imagines

519 845 662 889 sunt.
692 833 840 890 Sicut
873 833 1051 886 omnia
1080 849 1198 902 qua:
1229 833 1515 901 pinguntur
1555 838 1713 898 atque
1744 827 2010 896 finguntur
2040 839 2104 876 ex

517 927 693 996 aliqua
740 925 962 980 ntaterie
1008 923 1205 977 metalli
1247 931 1338 976 aut
1377 920 1647 996 ligni,g_vel
1688 920 1945 988 cujusque
1988 918 2004 946 ¹
2029 915 2102 968 rei

516 1027 656 1086 apta:
683 1018 750 1071 ad
782 1031 943 1085 Opera
976 1013 1296 1085 hujusmodi,
1327 1028 1550 1084 qumque
1587 1013 1746 1066 etiam
1784 1009 2027 1062 videntur
2053 1007 2103 1059 itt

516 1109 742 1172 somnis,
775 1117 831 1162 et
867 1122 1056 1162 omnes
1080 1108 1195 1173 iere
1231 1106 1506 1176 imagines,
1539 1120 1721 1158 earum
1764 1116 1942 1155 rerum
1971 1115 2128 1171 qua-i

517 1215 636 1254 rum
667 1199 922 1268 imagines
952 1209 1094 1264 sunt,
1123 1198 1376 1267 appellari
1411 1196 1713 1267 nominibus
1741 1194 1936 1248 solent.
1974 1192 2130 1259 Quis,

517 1301 600 1346 est
628 1291 769 1345 enim
796 1291 884 1360 qtti
925 1290 1196 1345 hominem
1245 1291 1443 1360 pictum
1467 1287 1676 1349 dubitet
1713 1299 1902 1340 vocare
1935 1282 2134 1343 homi-,

518 1384 682 1438 neut?
722 1381 1160 1452 Quandoquidem
1207 1392 1262 1435 et
1302 1380 1630 1450 singulorum
1674 1390 2003 1446 quorumque
2029 1373 2131 1443 pi-.

515 1487 723 1531 eturam
759 1492 879 1530 cum
928 1475 1236 1544 aSpicinuts,
1275 1474 1488 1542 propria
1532 1483 1745 1541 quoque
1782 1467 1994 1540 nomina
2027 1465 2132 1529 in-,

521 1577 837 1624 cunctanter
854 1567 1208 1622 adhibemus:
1243 1565 1387 1619 velut
1421 1580 1541 1618 cum
1581 1563 1846 1638 intuentes
1873 1557 2137 1630 tabulam.

515 1671 608 1715 ant
631 1661 904 1730 parietem,
937 1659 1186 1723 dicimus,
1218 1656 1311 1730 llle
1337 1656 1526 1710 (lit-ero
1552 1663 1653 1720 est,
1686 1653 1775 1708 ille
1803 1649 2102 1714 Sallustius,
2136 1709 2140 1713 η

516 1751 606 1806 ille
649 1751 909 1815 Achilles,
968 1748 1059 1803 ille
1104 1749 1322 1814 llector,
1371 1747 1473 1801 hoc
1517 1744 1714 1825 ﬂumen
1757 1741 1974 1806 Simois,
2017 1738 2136 1800 illa,

517 1845 714 1906 Roma;
766 1861 887 1898 cum
925 1843 1066 1897 aliud
1103 1842 1233 1896 nihil
1275 1841 1383 1895 sint
1418 1855 1574 1913 quam
1622 1839 1778 1908 picta:
1825 1835 2104 1906 imagines.

517 1938 670 1994 Unde
712 1937 1002 2001 Clterttbim
1043 1953 1163 1992 eum
1205 1936 1313 1990 sint
1346 1935 1596 1989 emlestes
1635 1918 1941 2001 potestates,
1986 1929 2107 1984 [icta

519 2043 694 2096 tamen
724 2033 743 2061 ³
781 2046 843 2084 ex
878 2029 1114 2094 metallo,
1147 2028 1288 2104 quod
1317 2026 1600 2097 imperavit
1630 2025 1792 2090 Deus,
1832 2038 1992 2093 super
2017 2038 2105 2076 ar-
2137 2054 2144 2080 ;

517 2139 634 2193 eam
666 2123 1012 2184 Testatneuti,
1044 2138 1247 2191 magn-.2
1283 2121 1360 2174 rei
1395 2117 1756 2190 signiﬁcanda:
1783 2115 1969 2187 gratia,
1999 2129 2104 2168 non
2141 2154 2146 2168 ι

516 2215 662 2268 aliud
693 2231 850 2284 quam
888 2213 1178 2270 Chrrultint
1217 2213 1301 2265 illa
1342 2226 1554 2282 quoque
1590 2208 1839 2278 ﬁgmenta
1866 2207 2105 2260 vocitan-
2139 2249 2143 2259 .

513 2316 604 2360 tur
641 2306 836 2378 (ιςα-οιι.
864 2321 998 2372 xxv,
1036 2306 1146 2374 18).
1192 2305 1320 2359 Item
1361 2303 1603 2374 quisquis
1644 2300 1790 2354 videt
1816 2298 2104 2359 somnium,

515 2416 624 2453 non
654 2399 803 2462 dicit,
840 2397 955 2451 Vidi
987 2399 1268 2467 imaginem
1312 2395 1591 2465 Augustini
1628 2401 1718 2446 aut
1744 2390 2105 2461 Simpliciani;
2142 2423 2148 2433 ι

449 2530 455 2535 .
517 2491 634 2557 sed,
685 2491 806 2544 Vidi
850 2490 1204 2559 Augustinum
1255 2496 1349 2541 aut
1393 2487 1796 2558 Simplicianuut
1826 2501 1840 2537 :
1869 2499 1991 2538 cum
2041 2498 2108 2537 eo

520 2594 762 2651 tempore
803 2582 946 2650 quod
994 2581 1098 2634 tale
1136 2580 1334 2650 aliquid
1364 2580 1515 2644 vidit,
1560 2593 1658 2633 nos
1702 2578 2107 2648 ignoraremus;

519 2688 688 2743 ttSqtlc
713 2673 848 2727 adeo
889 2671 1229 2726 manifestum
1261 2682 1366 2738 est,
1409 2686 1515 2725 non
1544 2671 1688 2742 ipsos
1715 2668 1980 2732 homines,
2013 2667 2108 2722 sed
2147 2694 2150 2696 -

521 2765 781 2834 imagines
802 2779 989 2818 eorum
1022 2763 1208 2818 \ideri.
1243 2763 1307 2816 Et
1340 2763 1553 2816 Pharao
1581 2762 1754 2828 Spieas
1784 2776 1842 2814 se
1870 2759 2002 2814 dixit
2030 2759 2110 2813 vi-
2153 2795 2155 2797 -

519 2841 662 2920 disse
690 2859 739 2910 itt
771 2857 974 2911 somnis
1001 2865 1055 2910 et
1076 2856 1238 2912 boves
1260 2854 1411 2928 (Gen.
1436 2871 1544 2915 xta,
1570 2854 1910 2922 17-28),tnon
1931 2852 2109 2922 spica-

520 2965 637 3001 rum
686 2959 777 3002 ant
821 2949 976 3002 boum
1027 2947 1304 3018 imagines.
1355 2945 1410 3002 Si
1459 2947 1617 3024 igitur
1660 2945 1860 3015 liquido
1901 2951 2155 2998 constat.

521 3041 828 3094 nominibus
856 3055 1039 3094 earum
1073 3055 1248 3093 rerum
1279 3053 1501 3108 quarum
1531 3037 1786 3107 imagines
1818 3039 2110 3100 suttg'eas-

520 3131 643 3185 dem
686 3130 942 3201 imagines
971 3130 1264 3200 appellari;
1310 3144 1414 3184 non
1457 3126 1650 3182 mirum
1679 3135 1764 3182 est
1786 3125 1930 3196 quod
1966 3124 2112 3181 Seri-

521 3233 678 3293 ptttra
697 3223 828 3278 dicit
854 3222 1160 3278 Samuelem
1191 3223 1382 3287 visunt,
1412 3219 1618 3276 etiamsi
1645 3216 1782 3272 forte
1809 3216 2126 3288 iumgoﬂak
2151 3235 2156 3244 ·

521 3319 714 3374 tnttelis
747 3318 1012 3389 apparuit,
1043 3316 1471 3370 machinamento
1503 3313 1619 3383 ejus
1647 3313 1734 3383 qui
1777 3311 2114 3381 transﬁgurat

522 3427 580 3466 se
603 3415 742 3465 velut
771 3411 1018 3481 angelum
1048 3409 1199 3472 lueis,
1239 3417 1295 3464 et
1336 3406 1610 3462 ministros
1639 3419 1765 3459 suos
1786 3405 1931 3459 velut
1959 3404 2115 3458 mini-
2157 3442 2161 3446 .

523 3504 902 3572 strosjustitite
929 3503 996 3570 (ll
1019 3500 1138 3557 Cor.
1167 3517 1242 3566 xt,
1269 3501 1356 3566 Η,
1393 3501 1501 3570 l5).
1555 3533 1581 3552 .-

591 3598 646 3650 5.
688 3597 938 3652 Jamvero
969 3595 1014 3650 si
1044 3593 1176 3649 illud
1216 3601 1419 3653 movet,
1447 3589 1715 3661 quomodo
1745 3597 1800 3642 et
1826 3603 1853 3640 a
1884 3587 2116 3656 maligno

523 3691 713 3758 spiritu
741 3689 888 3743 Sai‘tli
919 3702 1046 3742 vera
1075 3685 1327 3756 przedieta
1358 3691 1510 3746 sunt;
1555 3689 1732 3752 potest
1757 3683 1812 3734 c't
1850 3679 1976 3733 illud
1999 3678 2116 3732 'mi-

526 3800 644 3838 rum
669 3781 857 3845 videri,
885 3778 1154 3849 quomodo
1181 3777 1454 3831 daemones
1495 3774 1812 3846 agnoverint
1845 3773 2116 3827 Christum

527 3874 740 3943 (Matth.
767 3889 860 3928 vui
880 3914 896 3938 ,
925 3871 1044 3940 ‘29),
1075 3885 1234 3940 quem
1255 3867 1425 3924 Judtei
1447 3882 1550 3923 non
1576 3867 1952 3937 agnoscebant.
1984 3865 2118 3920 Cum

527 3966 674 4020 enim
701 3971 816 4019 vuzt
853 3960 1305 4030 Deusetiamper
1345 3958 1558 4013 intimos
1595 3956 1938 4026 infernosque
1965 3957 2123 4026 spiri-

532 4071 616 4111 tus
657 4055 888 4124 aliquem
932 4068 1056 4108 vera
1087 4039 1454 4121 cognoscere,
1503 4049 1812 4119 temporalia
1865 4049 2122 4102 duntaxat

529 4159 692 4219 atque
717 4151 784 4202 ad
815 4148 969 4201 istam
996 4143 1369 4199 mortalitatem
1403 4140 1914 4211 pertinentia,'l'acile
1938 4149 2040 4203 est,
2069 4148 2124 4194 et

534 4258 638 4295 non
679 4242 1050 4308 incongruum,
1085 4235 1507 4304 tit-omnipotens
1536 4242 1590 4288 et
1621 4232 1799 4301 justus
1833 4230 1900 4285 ad
1933 4243 2121 4285 eorum

536 4347 769 4398 poenam,
800 4329 992 4399 quibus
1015 4327 1118 4382 ista
1146 4325 1550 4396 prmdiouutur,
1570 4333 1626 4376 ut
1658 4321 1852 4376 malum
1879 4320 2018 4391 qttod
2045 4321 2124 4374 eis

533 4425 828 4496 impendet,
867 4431 1154 4490 antequam
1186 4419 1364 4474 veniat
1407 4415 1792 4487 pramoscendo
1835 4415 2120 4484 patiantur,

532 4519 745 4574 oet-ulto
775 4526 1032 4586 apparatu
1063 4514 1477 4569 ministeriorum
1501 4509 1522 4541 ³
1549 4525 1764 4565 suorum
1807 4511 1967 4564 etiam
2011 4508 2122 4576 Spi-

535 4613 724 4666 ritibns
747 4611 942 4664 talibus
969 4605 1171 4677 aliquid
1202 4605 1542 4660 divinationis
1570 4603 1859 4672 impertiat,
1891 4610 1950 4654 ut
1983 4599 2125 4670 quod

535 4703 762 4756 audiunt
782 4701 850 4754 ab
877 4699 1110 4768 Angelis,
1145 4696 1500 4766 praenuntient
1537 4691 1863 4748 hominibus.
1896 4691 2122 4746 Tantum

535 4806 713 4847 autem
743 4789 985 4854 audiunt,
1009 4795 1262 4858 quantum
1282 4782 1525 4839 monium
1560 4783 1812 4836 Dominus
1827 4790 1992 4851 atque
2013 4798 2127 4835 tuo-

536 4883 755 4937 derator
783 4880 868 4935 vel
891 4879 1044 4948 jubet
1080 4877 1166 4932 vel
1211 4877 1356 4931 sinit.
1403 4874 1558 4931 Unde
1589 4874 1757 4928 etiam
1787 4873 2126 4944 spirituspy-
2165 4881 2168 4900 ί

540 4975 756 5030 tltouius
793 4971 814 5004 ⁸
844 4973 896 5027 in
945 4970 1166 5026 Actibus
1193 4969 1584 5039 Apostolorum
1627 4963 1909 5020 attestatur
1953 4967 2126 5021 Paulo

540 5066 801 5134 apostolo,
842 5072 896 5118 et
933 5061 1250 5132 evangelista
1279 5075 1400 5116 esse
1439 5051 1664 5113 conatur
1693 5057 1830 5125 (Act.
1869 5073 1974 5121 xvi,
2008 5057 2122 5129 17').

542 5163 766 5217 Miscent
793 5167 972 5213 tamen
1000 5153 1086 5210 isti
1115 5154 1368 5220 lallacias,
1393 5161 1447 5208 et
1472 5150 1658 5207 verum
1680 5149 1819 5221 quod
1849 5139 2006 5205 nosse
2028 5165 2127 5221 ρει-

603 5337 620 5367 ί
644 5333 764 5382 mliti
785 5365 801 5391 ,
845 5329 1237 5393 cujuscumque;
1253 5341 1339 5393 pro
1377 5339 1475 5390 quo
1507 5327 1836 5393 _Augustinus,
1875 5327 2123 5392 cujusque,

539 5395 667 5460 quod
697 5394 776 5460 hic
929 5388 1209 5460 constantetj
1228 5388 1431 5460 habent,
1449 5388 1577 5460 solet
1592 5388 1846 5460 usurpare.

603 5461 623 5491 ³
643 5456 950 5506 (‘orbeiensis
969 5460 1072 5502 Ms;
1103 5451 1236 5502 Lude
1259 5450 1540 5514 cherubim,
1565 5463 1675 5514 cum
1702 5449 1795 5500 sint
1827 5449 2007 5503 cwlites
2042 5466 2128 5514 po-

537 5525 727 5586 ιστηηρδ
750 5553 766 5580 ν
811 5516 926 5586 ﬁgi“
965 5521 1140 5586 ιωνεεη,
1181 5522 1277 5586 etc.
1303 5521 1383 5586 .In
1422 5513 1582 5586 editis
1621 5512 1906 5586 legebatur”,
1949 5512 2126 5586 fidat;

540 5586 588 5632 in
606 5574 1105 5648 qtt'tbttsetiautpaulo
1116 5584 1240 5648 post,
1251 5574 1821 5648 cherubimliltaeqtioqug
1831 5574 2030 5648 effigies;
2046 5580 2128 5628 tibi

543 5635 648 5695 bss.
675 5651 727 5708 et
749 5642 875 5708 liber
896 5635 1232 5708 ad'liulcit'ium
1251 5639 1451 5708 habent,
1473 5636 1560 5708 illo
1571 5635 1764 5708 quoque
1773 5635 2028 5708 ﬁgmenta.

604 5708 625 5738 ³
648 5705 787 5764 Editl,
810 5701 1165 5768 mysteriorum.
1205 5708 1259 5751 Αι
1295 5700 1526 5768 ροιὶοιτεε⁸
1546 5699 2126 5764 Μςςηπιὶηἱδιενίοηιηυ

539 5781 638 5832 quo
661 5761 995 5832 ttotninealias
1015 5761 1356 5827 nonnunquam
1379 5761 1587 5832 Angelos
1597 5771 1746 5832 .vocat
1764 5769 2070 5832 A_ttgusti_ttus.

605 5830 623 5860 δ
639 5828 778 5890 aliti,
799 5826 1096 5892 pytltouicus.
1121 5823 1389 5888 Mssivero,
1410 5823 1698 5890 pytltmtitts;
1723 5823 1824 5885 vel,
1840 5823 2091 5890 ’pytltouis.

1089 351 1175 407 DE
1217 309 1524 405 ntvsnms
1562 337 2076 415 ρυίιςδγιυκιιςιδ
2115 335 2203 389 Al)
2236 337 2744 428 sztwttcntvuu,
2789 346 2846 402 s.
2879 346 3246 404 AUGUSTth

3715 349 3838 404 ιιι

2219 455 2434 520 iuerint,
2465 474 2567 511 non
2583 459 2806 516 docendi
2835 463 3001 532 magis
3021 479 3178 534 quam
3195 462 3498 534 decipiendi
3526 464 3634 519 (ine
3662 479 3834 534 pne-

2217 548 2479 603 ntmtiant.
2528 550 2594 603 Et
2624 551 2760 606 forte
2796 555 2896 609 hoc
2928 565 3010 610 est
3051 557 3191 626 quod
3222 572 3340 612 cum
3370 559 3456 611 illa
3494 558 3677 628 imago
3713 558 3833 612 Sa-

2214 641 2404 701 muelis
2429 640 2640 698 Saiilem
2671 647 2984 713 praediceret
3013 650 3350 714 moriturum,
3374 641 3514 705 dixit
3531 651 3704 705 etiam
3732 664 3833 705 se-

2211 743 2334 799 cum
2358 731 2592 788 futurum
2626 737 2803 806 :quod
2830 739 3014 809 utique
3042 741 3228 795 falsum
3259 752 3359 796 est.
3394 742 3588 813 Magno
3601 742 3828 814 quippe

2212 820 2492 877 intervallo
2539 836 2655 894 post
2699 839 2924 882 mortem
2977 833 3213 900 separari
3253 831 3422 886 bonos
3463 848 3494 885 a
3549 834 3716 887 malis
3768 834 3825 887 in

2212 913 2506 987 EVangelio
2524 919 2770 988 legimus,
2785 937 2904 975 cum
2922 922 3176 982 Dominus
3195 923 3335 978 inter
3346 925 3640 1000 superbum
3656 925 3824 980 illum

2209 1007 2448 1074 divitem,
2470 1026 2591 1065 cum
2609 1015 2718 1080 jam
2746 1015 2883 1083 apud
2913 1015 3111 1070 inferos
3140 1027 3402 1072 tormenta
3427 1026 3736 1088 pateretur,
3767 1029 3825 1073 et

2209 1100 2356 1156 illum
2399 1105 2488 1173 qui
2528 1105 2595 1160 ad
2626 1109 2744 1176 ejus
2768 1108 2986 1176 jauuam
3024 1111 3296 1165 ulcerosus
3337 1111 3566 1180 jacebat,
3595 1111 3718 1182 jam
3767 1114 3821 1166 in

2210 1195 2392 1263 requie
2418 1198 2798 1262 constitutun't,
2829 1215 3077 1271 magnum
3117 1202 3283 1268 chaos
3313 1202 3654 1270 interiectum
3685 1219 3824 1260 esse

2211 1293 2432 1349 testatur
2457 1285 2604 1358 (an.
2622 1289 3008 1360 _xw,26).-Aut
3027 1293 3071 1346 si
3103 1302 3382 1362 propterea
3405 1293 3622 1349 Samuel
3656 1293 3840 1350 Sauli.

2209 1378 2370 1456 dixit,
2383 1379 2580 1434 Mecum
2592 1382 2708 1444 eris,
2727 1392 2904 1438 utnon
2921 1385 2986 1438 ad
3003 1386 3362 1455 .a-qualit'atem
3384 1385 3680 1451 felicitatis.
3716 1389 3819 1444 sed
3837 1407 3840 1410 ‘

2209 1471 2274 1526 ad
2301 1489 2479 1542 parem
2501 1475 2865 1533 conditionem
2887 1480 3075 1534 mortis
3095 1479 3375 1548 referatur,
3415 1481 3557 1552 quod
3579 1492 3820 1553 uterque

2212 1565 2374 1625 homo
2406 1568 2584 1634 fuerit,
2616 1579 2672 1624 et
2701 1579 2926 1642 uterque
2960 1574 3096 1627 mori
3125 1570 3373 1642 potuerit,
3399 1569 3821 1646 jamque'mor-

2213 1670 2336 1715 tuus
2366 1671 2589 1717 mortetn
2631 1665 2754 1719 vivo
2785 1665 3515 1738 prtennntiabat;'perspicit,‘
3539 1662 3818 1740 quantum

2210 1752 2421 1821 opinor,
2463 1754 2741 1824 prudentia
2787 1766 2894 1821 tua,
2931 1758 3221 1813 secundum
3269 1754 3821 1831 utruntque'intelle-

2210 1855 2353 1899 ctum
2383 1845 2582 1904 habere
2607 1850 2808 1904 exitum
2844 1849 2990 1904 illam
3020 1851 3302 1907 lectionem
3325 1841 3548 1923 quiinon
3579 1855 3650 1910 sit
3679 1871 3817 1911 con-

2215 1949 2292 1994 tra
2334 1937 2490 1994 [idem
2521 1959 2541 2012 ε,
2565 1942 2664 1996 nisi
2698 1941 2833 1997 forte
2851 1943 3194 2013 profundiore
3222 1954 3277 2001 et
3306 1946 3645 2016 perplexiore
3664 1951 3687 1982 ⁸
3727 1951 3812 2005 in-

2211 2031 2494 2101 quisitione
2519 2053 2540 2097 ,'
2563 2050 2680 2103 quae
2702 2036 2787 2089 vel
2827 2035 3016 2090 virium
3049 2053 3289 2092 mearum
3315 2039 3400 2094 vel
3424 2029 3687 2108 temperis
3714 2057 3814 2096 ex-

2211 2124 2352 2180 cedit
2380 2127 2670 2194 angustias,
2696 2127 2995 2183 inveniatur
3018 2129 3085 2184 ad
3113 2129 3391 2200 liquidum,
3421 2130 3505 2185 vel
3529 2146 3697 2201 posse
3726 2133 3815 2187 vel

2212 2229 2316 2269 non
2345 2231 2502 2284 posse
2531 2217 2762 2272 animam
2807 2218 3112 2285 humanam,
3154 2236 3274 2274 cum
3315 2237 3381 2277 ex
3418 2222 3517 2277 hac
3559 2223 3668 2278 vita
3707 2227 3813 2279 mi-

2211 2310 2460 2378 graverit,
2502 2309 2719 2380 magicis
2755 2313 3081 2367 carminibus
3124 2323 3396 2368 evocatam
3429 2315 3674 2370 vivorum
3707 2332 3812 2385 ap-

2210 2416 2401 2471 parere
2444 2403 2837 2470 conspectibus,
2879 2404 3036 2456 etiam
3079 2399 3319 2473 corporis
3350 2405 3815 2478 lineamenta'ge-

2212 2500 2462 2556 stantem,
2488 2502 2546 2546 ut
2575 2508 2679 2547 non
2710 2495 2881 2547 solmn
2910 2493 3076 2548 videri
3103 2495 3294 2558 valeat,
3345 2494 3437 2549 sed
3467 2505 3522 2549 et
3558 2497 3810 2562 agnosci.

2214 2583 2279 2638 Et
2305 2585 2347 2638 si
2379 2593 2591 2654 potest,
2617 2595 2812 2640 utrutn'
2846 2588 3004 2640 etiam
3039 2585 3168 2654 justi
3209 2586 3406 2652 anima,
3448 2601 3554 2641 non
3583 2587 3810 2657 quidem

2212 2688 2434 2743 cogatur
2462 2677 2679 2746 magicis
2701 2678 2888 2743 sacris,
2913 2677 3007 2732 sed
3035 2678 3280 2748 dignetur
3309 2679 3813 2734 'ostendi‘occultio-

2213 2768 2362 2822 ribus
2392 2768 2629 2838 imperiis
2649 2762 3046 2840 summatlegis
3077 2772 3454 2841 obtemperans
3482 2789 3495 2824 :
3529 2781 3586 2826 ut
3611 2774 3656 2826 si
3691 2773 3811 2828 ﬁeri

2216 2874 2320 2913 non
2360 2875 2514 2928 posse
2545 2862 2840 2925 claruerit,
2891 2877 2995 2915 non
3042 2869 3268 2932 uterque
3298 2877 3499 2917 sensus
3547 2862 3601 2916 iu
3639 2863 3814 2934 hujus

2216 2947 2505 3022 Scriptum
2533 2953 2857 3005 tractatione
2889 2962 3050 3021 atque
3093 2952 3428 3022 expositione
3467 2952 3810 3021 admittatur,

2217 3041 2310 3094 sed
2345 3041 2433 3094 illo
2458 3035 2703 3104 excluso,’
2749 3031 3072 3112 iittaginaria
3097 3043 3362 3098 simulatio
3387 3043 3656 3099 Samuelis
3686 3046 3809 3099 dia-

2218 3130 2404 3186 bolico'
2428 3133 2529 3186 ritu
2559 3132 2696 3188 facta
2733 3134 3075 3204 intelligatur.
3105 3135 3210 3189 Sed
3225 3137 3508 3206 quoniam,
3539 3137 3655 3191 sive
3677 3137 3814 3192 illud

2220 3223 2334 3279 ﬁeri
2377 3225 2562 3294 possit,
2609 3229 2720 3280 sive
2761 3222 3109 3296 non'possit,
3141 3215 3321 3281 tamen
3364 3226 3566 3282 fallacia
3608 3231 3814 3282 satana:

2218 3327 2378 3387 atque
2400 3308 2702 3388 imaginum
2730 3317 3148 3372 simulandarum
3161 3317 3365 3372 rallida
3397 3314 3638 3389 operatio
3659 3320 3815 3376 deci-

2222 3408 2430 3480 piendis
2473 3411 2719 3465 humanis
2760 3411 3007 3466 sensibus
3045 3413 3388 3468 multiformis
3412 3414 3690 3485 invigilat,
3727 3433 3818 3486 pe-

2220 3500 2479 3556 detentim
2516 3502 2752 3571 quidem,
2781 3505 2884 3557 ne?
2911 3502 3819 3576 ittqu‘isitiOnibtts'diligentioribus

2223 3582 2667 3664 praescribamus,
2697 3595 2797 3649 sed
2849 3606 3023 3649 tamen
3076 3597 3252 3666 potius
3303 3598 3668 3653 existimemus
3703 3603 3820 3657 tale

2222 3687 2420 3756 aliquid
2441 3714 2445 3720 ι
2466 3687 2660 3741 factum
2695 3687 2927 3756 maligno
2967 3687 3295 3762 pythonissa:
3327 3688 3466 3744 illius
3491 3690 3819 3757 ministerio,

2225 3765 2477 3850 quamdiu
2507 3779 2660 3835 nobis
2688 3765 2888 3850 aliquid
2929 3779 3160 3850 amplius
3185 3780 3488 3852 excogitare
3526 3791 3690 3853 atque
3722 3800 3821 3839 ex-

2226 3872 2422 3941 plicare
2448 3887 2550 3925 non
2577 3871 2752 3925 datur.
3340 3891 3344 3895 ·

2393 3963 2610 4032 ρυιιεετ.
2653 3965 2969 4033 iV.—'Quo
2994 3967 3092 4020 situ
3122 3969 3348 4035 corporis
3378 3968 3647 4023 orandum.

2299 4056 2448 4121 Quod
2475 4059 2650 4110 autem
2673 4059 2888 4127 quartis,
2912 4059 3034 4128 qttid
3057 4061 3125 4113 sit
3149 4060 3289 4128 quod
3316 4061 3568 4129 scriptum
3591 4071 3701 4128 est,
3735 4061 3766 4115 1
3773 4082 3824 4114 ης

2228 4150 2376 4202 travit
2397 4166 2485 4203 rea:
2504 4149 2686 4216 David,
2708 4160 2754 4204 et
2771 4145 2895 4204 sedit
2911 4161 3028 4204 ante
3045 4150 3316 4205 Dominum
3333 4153 3398 4223 (ΙΙ
3425 4152 3548 4222 Reg.
3576 4169 3672 4220 vn,
3700 4156 3823 4222 ϐεδε

2229 4242 2352 4312 qttid
2384 4241 2524 4295 aliud
2558 4240 2955 4313 intelligendum
2986 4255 3088 4307 est,
3142 4244 3239 4297 nisi
3263 4245 3383 4315 quia
3425 4245 3563 4299 sedit
3605 4246 3658 4298 itt
3681 4262 3825 4299 cott-

2231 4349 2415 4410 Spcclu
2452 4340 2692 4404 Domini;
2739 4334 2850 4394 sive
2882 4339 2967 4392 ubi
3008 4351 3122 4394 erat
3171 4356 3290 4394 arca
3333 4340 3683 4404 Testztuteuti,
3733 4357 3818 4408 pet

2231 4450 2390 4502 quam
2433 4416 2779 4486 sacratior-et
2807 4420 3228 4486 conuuéndatior
3259 4432 3498 4500 quaedam
3539 4434 3828 4501 praesentia

2236 4526 2442 4579 Domini
2470 4525 2635 4592 accipi
2666 4532 2866 4592 potest;
2905 4519 3018 4577 sive
3045 4523 3166 4592 quia
3198 4533 3446 4576 oraturus
3474 4522 3634 4589 sedit,
3679 4523 3830 4593 quod

2237 4634 2339 4670 non
2374 4617 2431 4670 lit
2459 4626 2605 4670 recte
2633 4615 2730 4668 nisi
2761 4616 2810 4668 in
2839 4615 3128 4686 etiIISpecltt
3151 4615 3276 4676 'Dei,
3300 4615 3412 4668 'hoe
3433 4623 3512 4667 est
3542 4613 3591 4666 itt
3623 4614 3832 4668 intimis

2232 4708 2443 4764 cordis?
2480 4709 2663 4763 Potest
2708 4708 2850 4762 enim
2891 4718 2946 4762 et
2990 4709 3067 4762 sic
3095 4707 3262 4775 περὶ,ιὶ
3292 4706 3430 4777 quod
3469 4707 3670 4760 dictum
3724 4719 3832 4769 est.

2233 4815 2350 4856 ante
2381 4789 2690 4864 Dominum;
2722 4801 2808 4855 ubi
2840 4791 3011 4855 nullus
3053 4811 3192 4856 esset
3225 4801 3522 4866 hominum,
3550 4801 3640 4871 qui
3669 4803 3833 4855 audi-

2235 4909 2309 4950 rel
2335 4879 2596 4949 oratttetu.
2621 4895 2897 4964 Siveergo
2921 4907 3326 4965 propterarcam
3347 4892 3697 4955 Testamenti,
3720 4895 3836 4947 siie

2238 4999 2453 5057 ptopter
2494 4998 2757 5040 seet-etum
2803 4986 2978 5040 locum
3019 4996 3280 5040 semotum
3319 4985 3386 5038 ab
3433 4985 3671 5050 arbitris,
3720 4985 3838 5039 sive

2235 5089 2451 5150 prepter
2478 5079 2717 5132 intimum
2748 5079 2922 5133 cordis
2945 5078 3030 5132 ubi
3057 5086 3171 5131 erat
3209 5078 3410 5130 orantis
3433 5076 3679 5141 affectus,
3700 5092 3838 5131 con-

2238 5173 2515 5227 venienter
2532 5172 2728 5225 dictum
2759 5178 2863 5237 est,
2898 5169 3041 5224 Sedit
3068 5181 3188 5222 ante
3229 5167 3527 5222 Dominum.
3555 5161 3666 5222 Nisi
3694 5167 3841 5222 forte

2167 5261 2170 5264 λ
2241 5263 2381 5334 quod
2409 5265 2602 5318 sedens
2627 5263 2816 5323 oravit,
2851 5251 3190 5325 ltoe'movet;
3218 5275 3336 5315 cum
3359 5271 3415 5315 et
3439 5273 3660 5316 sanctus
3689 5261 3838 5316 Elias

2237 5358 2339 5413 hoc
2361 5358 2562 5421 fecerit,
2579 5357 2789 5427 quando
2803 5355 3032 5425 pluviam
3051 5353 3252 5408 orando
3268 5343 3572 5423 impetravit
3593 5353 3680 5424 (Ill
3708 5355 3838 5425 Itrg.

2237 5468 2383 5516 xvut,
2415 5449 2624 5519 42-45).
2644 5447 3208 5522 Quibusadn‘tonemur
3236 5445 3531 5514 exempiis,
3580 5460 3687 5500 non
3719 5461 3842 5500 csse

2237 5546 2598 5618 praescriptum
2612 5540 2878 5613 quomodo
2894 5521 3088 5612 corpus
3101 5541 3451 5594 constituatur
3465 5538 3534 5592 ad
3551 5539 3841 5606 orandum,

2299 5706 2315 5736 ι
2341 5701 2531 5763 Aliquot
2549 5705 2676 5758 Mss,
2700 5694 2980 5763 prolixiora.

2295 5768 2316 5798 ³
2341 5754 2596 5820 Pariicula,
2633 5754 2712 5817 ne,
2735 5759 3006 5807 restituitur
3029 5756 3106 5820 hic
3131 5769 3193 5806 ex
3220 5764 3329 5820 Mss.
3350 5754 3523 5820 Confer
3559 5755 3740 5808 librum
3766 5755 3843 5807 de

2235 5835 2346 5878 octo
2368 5825 2556 5875 Dulcitii
2577 5818 2948 5884 Qua-sticitibus,
2972 5821 3022 5870 in
3042 5818 3138 5869 tiae
3160 5818 3444 5882 quaestionis
3465 5819 3514 5871 6.
