3942 6416
177 326 260 383 ,ιε
1507 314 1707 370 Lmen
1743 313 2117 370 secuunus.

182 442 290 495 dum
314 437 514 494 animus
533 435 652 506 Deo
682 449 935 504 praesens
960 441 1176 503 peragat
1203 430 1540 485 intentionem
1581 445 1751 482 suam.

188 535 303 588 Nam
327 542 374 586 et
398 523 591 585 stantes
608 543 860 586 oramus,
893 526 1037 580 sicut
1055 524 1298 592 scriptum
1319 519 1420 584 est,
1451 519 1758 574 Publicaan

191 636 334 678 autem
358 623 417 674 de
446 621 727 690 longinquo
776 616 944 670 stabat
988 615 1142 680 (Luc.
1187 629 1344 676 XVIII,
1378 612 1504 682 i5);
1553 620 1607 665 et
1642 611 1760 664 ﬁxis

187 717 404 788 genibus,
430 715 569 768 sicut
619 712 676 766 in
709 711 936 765 Actibus
965 707 1335 778 Apostolorum
1363 705 1587 779 legimus
1617 703 1756 776 (Act.

185 827 267 873 vu,
295 808 382 873 59,
414 816 465 860 ει
493 822 588 868 xs,
618 805 744 873 '56);
775 813 827 858 et
851 802 1120 864 sedentes,
1154 801 1289 855 sicut
1318 814 1446 854 ecce
1473 798 1658 865 David,
1702 806 1758 852 et

179 902 324 956 Elias.
372 897 486 952 Nisi
545 905 730 950 autem
788 895 949 948 etiam
994 887 1598 968 jacentesforarenius,
1651 907 1757 945 non

177 996 415 1060 scriptum
443 998 597 1044 esset
630 989 684 1042 in
711 987 958 1042 Psalmis.
991 984 1196 1039 Lavabo
1226 1001 1314 1053 per
1340 973 1568 1053 singulas
1593 991 1760 1036 noctes
1785 976 1790 982 ’

181 1085 347 1137 lectitat
381 1097 593 1146 mm;
634 1081 686 1133 in
713 1078 952 1148 locrym‘is
982 1077 1104 1129 meis
1133 1078 1348 1129 stratum
1376 1079 1555 1134 meum;
1586 1075 1759 1144 rigabo
1811 1078 1817 1082 ’

182 1173 335 1243 (Ρωι.
383 1188 457 1237 τι,
491 1172 571 1241 7).
612 1170 748 1225 Cum
779 1169 919 1223 enint
955 1167 1180 1236 quisque
1217 1165 1510 1219 orationem
1545 1166 1756 1234 qua-rit,

173 1265 384 1319 collocat
413 1261 679 1324 membra,
707 1261 847 1316 sicut
865 1259 914 1313 ei
935 1257 1228 1312 occurrerit
1247 1255 1642 1310 accommodata
1663 1272 1759 1325 pro

172 1366 413 1424 tempore
477 1354 678 1424 positio
735 1351 1008 1422 corporis‘
1041 1350 1105 1405 ad
1135 1349 1455 1404 movendum
1499 1350 1756 1403 animum.

171 1445 293 1499 Cum
333 1455 516 1500 autem
575 1460 682 1498 non
737 1442 1038 1513 qumritur,
1074 1440 1176 1494 sed
1222 1439 1462 1494 infertur
1495 1433 1758 1510 appetitus

170 1535 497 1597 oraudiJioc
521 1546 767 1600 est,cum
793 1531 991 1602 aliquid
1011 1540 1228 1600 repente
1257 1531 1404 1586 venit
1431 1529 1756 1608 intuentem,

173 1640 272 1695 quo
291 1625 626 1696 supplicandi
645 1611 1157 1680 moveatural'fectus
1180 1621 1468 1692 gemitibus
1486 1617 1760 1675 inenarra-

173 1718 378 1782 hilibus,
407 1733 747 1787 quocumque
766 1717 924 1771 modo
946 1715 1206 1770 invenerit
1230 1714 1524 1782 hominem,
1544 1730 1650 1768 non
1676 1722 1760 1769 est
1837 1781 1842 1785 ,

174 1813 345 1880 utique
371 1809 665 1864 dilfcrenda
711 1808 919 1869 oratio,
947 1817 1005 1861 ut
1039 1793 1340 1878 quaeraunts
1381 1822 1487 1876 quo
1542 1806 1758 1860 seceda-

174 1916 288 1956 Inus
302 1901 345 1967 ³,
379 1912 475 1956 aut
505 1902 598 1956 ubi
627 1912 857 1966 stemus,
883 1910 977 1953 aut
1005 1899 1099 1952 nbi'
1128 1890 1546 1969 prosternamur.
1580 1898 1757 1968 Gignit

177 1993 318 2047 enim
342 1993 444 2046 sibi
471 1993 660 2046 mentis
689 1992 908 2046 intentio
938 1990 1299 2054 solitudinem,
1339 1998 1392 2043 ct
1421 2005 1563 2060 s:epe
1596 1990 1754 2059 etiam
1794 2039 1800 2046 .

186 2083 553 2136 obiiviscitur‘
573 2083 660 2137 vel
672 2083 734 2136 ad
752 2067 911 2151 quam
939 2082 1060 2136 celi
1090 2072 1314 2150 partem,
1340 2081 1425 2134 vel
1456 2081 1506 2134 in
1534 2073 1636 2149 qna
1663 2074 1756 2151 po-

194 2175 383 2229 sitione
411 2176 645 2244 Corporis
674 2175 890 2228 membra
915 2174 1040 2227 illud
1065 2171 1270 2242 tempus
1297 2171 1578 2226 invenerit.
1649 2170 1672 2240 ξ

185 2264 397 2332 ωεδτ.
435 2264 571 2318 ν.-
586 2263 654 2318 In
683 2266 822 2319 verba
855 2251 989 2319 Elite
1021 2258 1272 2336 querentis
1291 2263 1398 2318 Deo
1415 2263 1478 2316 de
1492 2272 1647 2317 morte
1659 2264 1756 2333 ﬁlii

181 2355 187 2358 ’
523 2349 527 2352 ’
880 2355 1068 2410 vidum.

245 2444 298 2499 In
326 2445 499 2500 verbis
519 2453 696 2499 autem
727 2445 867 2499 beati
896 2445 1046 2511 Eliaa,
1089 2445 1279 2515 quibus
1306 2447 1402 2512 ait,
1435 2446 1479 2502 Ο
1518 2447 1751 2511 Domine,

184 2539 308 2590 ustis
348 2538 503 2606 hujus
540 2538 884 2610 vidua-{cum
916 2554 1017 2605 qua
1042 2555 1131 2608 ego
1155 2537 1380 2592 inhabito
1405 2541 1544 2609 apud
1567 2542 1751 2611 ipsum,

187 2637 233 2679 tu
259 2629 380 2681 male
402 2629 564 2698 feciin
595 2638 650 2681 ut
676 2628 932 2703 occideres
965 2627 1126 2697 ﬁlium
1148 2630 1292 2698 ejus;
1323 2629 1452 2684 nihil
1494 2611 1751 2695 moveret,

191 2718 232 2770 si
271 2733 380 2770 vera
410 2719 776 2786 pronuntiatio
807 2709 1131 2773 servaretur.
1180 2719 1291 2774 Vox
1323 2730 1406 2774 est
1455 2723 1596 2775 enim
1648 2712 1753 2774 non

192 2808 433 2862 credentis
459 2808 600 2878 quod
635 2819 745 2862 tam
777 2795 1143 2876 malefaceret
1172 2810 1311 2864 Deus
1332 2826 1452 2866 cum
1483 2829 1544 2865 ea
1571 2801 1751 2879 vidua,

193 2915 293 2967 qua:
319 2909 416 2953 tam
465 2902 554 2968 pie
600 2897 926 2970 Prophetam
985 2889 1312 2969 susceperat,
1362 2917 1427 2955 eo
1456 2899 1751 2971 pralsmtiin

200 2999 406 3060 tempore
427 3008 530 3061 quo
561 2991 634 3045 ibi
659 3001 798 3055 erat,
821 2993 904 3046 cui
931 2994 1218 3061 protulerat
1247 2994 1330 3047 illa
1362 3003 1527 3047 totum
1558 2994 1753 3049 vietum

201 3098 327 3136 suum
351 3096 448 3137 tam
475 3086 732 3155 exiguum
766 3086 819 3138 itt
853 3094 956 3140 tam
1003 3101 1188 3155 magna
1228 3094 1282 3140 et
1305 3097 1524 3141 summa
1555 3082 1762 3158 inopia.

198 3174 264 3229 lla
304 3194 419 3246 ergo
455 3178 659 3233 dictum
694 3187 808 3242 est,
838 3194 910 3244 ac
938 3179 982 3232 si
1012 3179 1229 3245 diceret,
1266 3179 1312 3232 0
1336 3178 1571 3246 Domine,
1617 3183 1755 3236 testis
1803 3229 1810 3234 .

197 3269 329 3338 hujus
349 3271 524 3333 ridae,
551 3288 671 3324 cum
697 3287 799 3340 qua
826 3287 918 3341 ego
956 3271 1181 3325 inhabile
1221 3271 1364 3342 apud
1398 3271 1583 3341 ipsam,
1627 3281 1756 3328 tunc

193 3361 312 3443 αριε
330 3365 479 3432 fecisti
505 3373 562 3415 ut
599 3363 856 3417 occideres
880 3363 1044 3432 ﬁlium
1064 3365 1212 3433 ejus?
1248 3372 1304 3417 ut
1329 3363 1756 3433 subintelligalur

192 3452 322 3520 quod
351 3454 521 3520 utique
551 3454 814 3508 Dominus
836 3456 986 3509 testis
1005 3455 1183 3509 cordis
1214 3456 1354 3510 illius
1375 3456 1632 3516 mulieris.
1665 3458 1752 3511 ubi

193 3543 394 3598 videbat
413 3554 604 3614 quanta
630 3554 777 3600 esset
799 3552 988 3614 pietas,
1015 3547 1154 3601 unde
1169 3547 1328 3602 etiam
1345 3547 1527 3602 Eliam'
1547 3547 1659 3617 ipse
1687 3549 1754 3603 ad

191 3650 303 3689 eam
323 3637 550 3700 miserat,
598 3638 1106 3696 non-malet’aciettdi
1134 3655 1317 3695 causa
1345 3637 1756 3697 mortilicavemt

195 3730 354 3782 ﬁlium
378 3731 505 3800 eius,
524 3731 618 3787 sed
636 3731 922 3786 exhibendi
950 3731 1187 3800 miraculi
1219 3733 1283 3785 ad
1324 3733 1548 3804 gloriam
1580 3735 1757 3792 uomi-

189 3820 275 3872 nis
299 3821 398 3883 sui,
441 3838 540 3890 quo
582 3831 792 3875 tantum
824 3822 1181 3892 Prophetam‘
1219 3834 1273 3879 et
1307 3833 1432 3878 tunc
1460 3825 1766 3880 viventibus-
1841 3849 1843 3852 ‘

185 3920 242 3963 et
263 3913 476 3978 posteris
499 3913 901 3967 Commendaret
940 3915 1119 3968 :sicnt
1144 3915 1273 3969 dicit
1319 3915 1605 3978 Dominus,
1651 3933 1755 3971 non

185 3999 250 4054 ad
275 4013 495 4058 mortem
526 4013 792 4056 mortuum
824 4003 985 4059 fuisse
1013 4004 1289 4068 Lazarum,
1333 4007 1425 4060 sed
1457 4017 1513 4081 ut
1551 4009 1757 4079 gloriﬁ-

185 4104 383 4146 caretur
413 4095 554 4148 Deus
585 4096 638 4147 in
665 4093 799 4148 Filio
827 4110 923 4149 suo
948 4095 1126 4164 (Joau.
1155 4113 1229 4159 XI,
1255 4097 1288 4151 4
1307 4096 1346 4167 ).
1380 4097 1448 4152 Ει
1477 4099 1596 4154 ideo
1622 4115 1757 4155 con-

184 4188 444 4253 sequentia
471 4187 721 4255 probant,
753 4197 806 4241 et
834 4187 944 4256 ipsa
987 4189 1144 4243 etiam
1174 4188 1362 4243 ﬁducia
1389 4205 1489 4258 qua
1532 4190 1759 4246 credidit
1801 4211 1811 4219 ·

184 4275 336 4341 Elias,
362 4295 467 4330 non
494 4278 569 4329 ad
585 4278 686 4355 hoc
714 4278 838 4332 illud
865 4279 1167 4355 contigisse,
1190 4288 1250 4333 ut
1272 4279 1465 4351 acerbo
1491 4281 1632 4346 luctu
1660 4279 1758 4334 ho-

179 4366 309 4432 spita
333 4367 453 4435 ejus
476 4354 802 4436 alﬁigéretur
825 4385 838 4420 ;
861 4354 961 4422 sed
983 4369 1156 4436 potius
1177 4367 1242 4422 ad
1271 4368 1370 4424 hoc
1392 4368 1584 4424 factum
1615 4385 1757 4437 esse,

179 4467 237 4510 ut
263 4459 395 4512 Dens
424 4460 850 4528 magniﬁcentius
894 4460 1199 4515 ostenderet
1227 4461 1399 4514 vidum
1425 4459 1634 4531 qualem
1668 4462 1757 4516 Dei

179 4548 426 4603 (amulum
464 4545 812 4619 suscepisset.
853 4551 1098 4620 Sequitur
1138 4550 1432 4622 Scriptura,
1459 4547 1518 4608 et
1545 4554 1668 4609 dicit
1696 4557 1717 4588 ⁵
1743 4574 1756 4609 :

178 4637 246 4690 Et
273 4641 542 4711 insufﬂauit
571 4658 727 4711 puero
753 4652 845 4704 ter,
876 4653 921 4696 et
946 4643 1189 4696 invocavit
1215 4642 1506 4708 Dominmn,
1533 4655 1580 4698 et
1608 4646 1756 4710 dixit,

179 4729 393 4784 Domine
421 4731 556 4785 Deus
583 4749 742 4798 meus,
771 4744 1044 4786 revertatur
1068 4750 1202 4786 nunc
1229 4736 1399 4788 anima
1424 4737 1568 4805 pueri
1610 4737 1761 4807 hujus

178 4823 231 4873 in
262 4839 397 4876 aut.
416 4858 420 4861 -
439 4821 508 4875 Et
529 4814 735 4894 factum
773 4835 843 4877 est
873 4825 964 4877 sic;
1000 4825 1120 4879 lla'c
1149 4819 1275 4892 ergo
1302 4826 1625 4896 deprecatio,
1656 4845 1760 4898 qua

183 4912 332 4979 petiit
361 4912 506 4966 Elias
534 4925 640 4965 tam
673 4914 904 4967 breviter
929 4923 983 4968 et
1024 4924 1128 4966 tam
1173 4915 1395 4969 ﬁdenter
1436 4927 1488 4969 ιιι
1520 4927 1763 4987 resurgat

188 5007 492 5068 [accusatis
520 5005 720 5059 indicat
755 5017 862 5075 quo
898 5005 1090 5060 aliectu
1131 5005 1273 5060 dicta
1317 5010 1423 5060 sint
1463 5009 1758 5076 superiora.

191 5093 256 5148 Et
278 5097 386 5164 ipsa
418 5099 610 5152 mulier
643 5098 874 5152 ostendit
917 5097 997 5169 ad,
1031 5098 1132 5153 hoc
1176 5099 1546 5153 tuortiﬁcatunt
1593 5100 1758 5156 ﬁlium

193 5201 341 5242 suum
371 5178 548 5253 fuisse,
579 5174 645 5245 ad
683 5192 820 5261 quod
848 5192 991 5246 Elius
1025 5191 1218 5245 factum
1252 5208 1371 5246 esse
1410 5208 1763 5262 pra:suntpse-

205 5315 208 5320 '
258 5300 366 5364 {Sic
387 5310 486 5350 HS.
515 5309 566 5350 Αι
589 5302 724 5352 απυδ
744 5300 885 5364 positi
905 5300 1136 5364 corporis

256 5361 278 5390 '
300 5363 430 5426 fditi,
452 5377 543 5426 quo
564 5361 825 5426 sedeamus.
851 5370 910 5412 At
934 5361 1058 5422 mss,
1082 5375 1174 5426 quo
1193 5362 1490 5414 secedantus.
1513 5369 1654 5415 Forte
1675 5363 1762 5414 ad-

233 5422 397 5470 eudun
418 5422 514 5479 hic.
529 5431 577 5474 et
598 5423 678 5474 ubi
695 5426 963 5474 sedemnus.
991 5447 998 5451 -
1094 5422 1104 5426 '
1138 5451 1142 5454 -
1308 5433 1310 5436 '

264 5493 285 5512 ⁸
305 5485 428 5544 illiti,
448 5485 730 5536 obliviscitur
750 5501 815 5538 se.
847 5492 1016 5542 Abest,
1040 5499 1109 5545 se,
1129 5499 1156 5535 a
1171 5493 1276 5538 Mss.

263 5545 286 5611 ξ
307 5551 424 5611 g£55.;
444 5562 535 5610 qua
552 5556 731 5611 unitum
751 5548 1058 5611 Iircplretmn,

264 5606 529 5673 '_Plures'_et
561 5609 777 5673 meliores
797 5606 936 5660 atas..-
967 5615 1021 5657 bl
1044 5607 1153 5658 ideo
1182 5609 1512 5673 consequentia
1542 5610 1760 5673 probant.

209 5665 386 5726 εεὶρω
400 5671 519 5720 cnim
549 5669 722 5733 ﬁducia
755 5687 966 5731 qua...“
1011 5665 1342 5733 susceptis-if
1375 5665 1584 5722 seanithr
1637 5672 1765 5722 διτίὶ-

208 5731 563 5843 “arcadia;
603 5739 730 5785 Forte
751 5733 1036 5799 legendum
1063 5746 1074 5781 :
1104 5731 1157 5782 El
1192 5731 1243 5783 id
1285 5741 1612 5796 consument“!
1654 5748 1764 5798 pro-

208 5804 326 5843 ιιι-ι..

207 5804 326 5853 ⁸⁸⁸³1

2483 400 2496 404 φ
3345 330 3368 394 ¹ι
3394 329 3460 383 ιδ.

1866 443 1967 500 rat,
2009 450 2130 490 cum
2159 434 2245 490 illa
2282 436 2440 492 verba
2471 453 2578 494 nou
2613 429 2998 510 eouﬁnuando,
3035 443 3128 498 sed
3172 448 3444 500 renuendo

1863 527 2250 581 cuuntiaverat.
2305 517 2637 584 Cumcnim
2693 532 2871 586 vivum
2935 523 3226 602 recepisset
3282 533 3443 587 liliutu

1863 609 2040 684 Suum,
2065 617 2163 684 ait,
2192 616 2326 672 Ecce
2360 621 2568 690 cognovi
2601 622 2838 692 quoniam
2865 623 3014 678 homo
3057 623 3154 678 Dei
3181 641 3234 678 es
3275 637 3326 678 tu
3346 666 3361 689 ,
3403 633 3446 678 et

1864 711 2063 764 verbum
2080 710 2287 765 Domini
2305 712 2359 766 in
2377 729 2464 767 ore
2482 723 2570 766 tuo
2592 714 2925 769 certissimum
2947 717 3045 786 (lil
3067 718 3194 788 Reg.
3215 733 3378 773 vaI-s
3389 735 3437 775 κ.

1862 802 2024 859 21-24
2045 803 2087 875 ).
2114 803 2275 858 Multa
2306 814 2431 859 sunt
2461 815 2638 860 autem
2670 805 2720 859 in
2748 805 3058 874 Scripturis,
3077 824 3198 878 qua:
3228 810 3327 863 nisi
3357 810 3448 864 illo

1867 895 2024 949 modo
2053 883 2486 964 pronuntientur,
2517 896 2569 950 in
2610 898 2929 951 contrariam
2959 899 3276 953 sententiam
3315 902 3448 954 reci-

1864 986 2033 1040 dunt:
2063 987 2218 1042 sicuti
2252 997 2352 1051 est,
2386 987 2514 1055 Quis
2539 988 2794 1042 accusabit
2831 988 3068 1042 adversus
3105 990 3281 1044 electos
3321 990 3447 1044 Dei?

1865 1075 2003 1131 Deus
2030 1077 2115 1148 qui
2152 1075 2418 1148 justi/icat'
2440 1078 2459 1148 (
2485 1077 2633 1132 Rom.
2663 1093 2788 1141 -vuI,
2827 1079 2897 1134 55
2919 1080 2957 1146 ),
3005 1079 3048 1132 si
3076 1081 3224 1148 quasi
3253 1084 3446 1134 contir-

1867 1183 2022 1223 utaus
2059 1168 2406 1238 respondeas,
2451 1169 2600 1224 vides
2628 1180 2836 1239 quanta.
2868 1172 3185 1239 perversitas
3223 1174 3444 1227 oriatur.

1867 1260 1967 1314 Sic-
1985 1275 2112 1330 ergo
2141 1261 2590 1330 pronuntiandum
2616 1270 2717 1326 est,
2755 1277 2819 1317 ac
2847 1263 2890 1316 si
2919 1262 3206 1329 diceretur,
3237 1265 3444 1320 DCIIS’tC

1864 1354 2265 1422 quijustiﬁcat?
2289 1363 2346 1408 ιιι
2370 1343 2734 1434 subaudiatur,
2759 1354 2873 1410 Non
2897 1355 3096 1424 utique.
3123 1357 3198 1410 Ac
3226 1374 3319 1427 per
3347 1359 3446 1412 hoc

1818 1512 1820 1516 τ
1864 1454 2102 1512 apertam
2132 1437 2258 1520 puto
2283 1460 2403 1500 esse
2433 1446 2576 1521 illam
2609 1445 2738 1500 Elia:
2767 1448 3111 1514 sententiam,
3141 1464 3300 1518 quam
3340 1466 3446 1504 non

1863 1548 2075 1591 servata
2104 1537 2466 1606 pronuntiatio
2496 1536 2722 1615 faciebat
2749 1537 3055 1592 obscuram.

1862 1650 2084 1718 QUES‘D.
2105 1649 2189 1705 Ἣ.
2212 1679 2285 1691 -
2321 1649 2398 1705 De
2422 1651 2602 1720 spiritu
2625 1652 2872 1712 mendacii
2897 1652 3049 1707 misso
3085 1653 3153 1706 ad
3188 1653 3445 1724 decipien-

1981 1763 1984 1766 ‘
2166 1783 2168 1786 -
2444 1744 2566 1797 dum
2588 1740 2786 1798 Achab.

1936 1855 2012 1911 De
2037 1855 2225 1926 spiritu
2255 1871 2385 1912 vero
2415 1857 2672 1910 mendacii
2693 1849 2735 1922 *,
2780 1872 2876 1925 per
2899 1873 3056 1927 quem
3083 1857 3337 1928 deceptus
3363 1870 3444 1914 est

1863 1947 2045 2002 Achab
2090 1947 2197 2019 (111
2229 1942 2368 2018 Reg.
2411 1965 2564 2012 χχιι,
2603 1948 2848 2017 20-25),
2898 1948 2999 2003 hoc
3047 1949 3441 2018 intelligamus,

1860 2039 2000 2108 quod
2033 2039 2142 2109 jam
2181 2038 2426 2109 superius
2463 2041 2593 2094 satis
2631 2051 2811 2111 aperte
2851 2050 3132 2096 tractatum
3170 2043 3439 2097 arbitror:

1771 2168 1777 2173 ο
1864 2131 2029 2184 Deum
2060 2131 2264 2184 setlicet
2288 2131 2704 2199 omnipotentem
2740 2140 2794 2185 et
2813 2132 3014 2200 iustum
3044 2133 3442 2187 distributorem

1861 2235 2136 2288 pomorum
2162 2214 2612 2290 'pra-miorumque
2637 2236 2733 2289 pro
2759 2222 2982 2284 meritis,
3013 2239 3116 2276 non
3145 2225 3316 2276 solum
3346 2225 3442 2276 bo-

1863 2312 1944 2365 nis
1965 2321 2020 2366 et
2038 2313 2236 2365 sanctis
2257 2312 2512 2365 IniniSIris
2533 2313 2604 2363 uti
2627 2311 2691 2363 ad
2714 2325 2874 2380 opera
2895 2328 3148 2381 congrua,
3167 2314 3258 2365 sed
3281 2315 3441 2366 etiam

1863 2401 2015 2456 malis
2035 2401 2100 2455 ad
2123 2417 2283 2471 opera
2307 2401 2494 2471 digna;
2519 2417 2639 2455 cum
2685 2401 2758 2454 illi
2802 2417 2896 2469 pro
2934 2415 3026 2453 sua
3072 2418 3317 2470 perversa
3344 2418 3443 2456 cu-

1861 2485 2080 2561 piditate
2109 2493 2139 2524 ³·
2172 2485 2364 2545 nocere
2408 2500 2692 2561 appetant,
2735 2492 2976 2545 sinuntur
3015 2501 3190 2546 autem
3239 2503 3439 2546 tantum

1860 2591 2112 2652 quantum
2153 2583 2251 2636 ille
2272 2581 2474 2652 judicat
2496 2624 2510 2644 ,
2543 2583 2632 2649 qui
2661 2583 2839 2636 omnia
2866 2583 2918 2637 in
2946 2599 3192 2637 mensura
3223 2593 3274 2638 et
3306 2602 3440 2653 pon-

1859 2672 1988 2727 dere
2012 2683 2066 2727 et
2093 2689 2314 2726 numero
2341 2673 2574 2742 disponit
2603 2673 2774 2743 (Sap.
2815 2689 2892 2740 XI,
2916 2673 2979 2727 2|
3009 2671 3050 2745 ).
3100 2675 3232 2727 Dixit
3265 2685 3441 2728 autent

1862 2763 1960 2818 hoc
1994 2757 2242 2817 Michteas
2275 2763 2533 2833 propheta
2571 2754 2838 2833 Quomodo
2874 2764 2974 2817 sibi
3029 2764 3185 2818 luerit
3213 2765 3440 2819 demon-

1805 2889 1810 2898 ι
1858 2865 2102 2910 stratum.
2147 2855 2371 2910 Occulta
2399 2856 2540 2909 enim
2572 2871 2660 2910 res
2698 2856 2952 2910 et-nimis
2995 2867 3199 2934 secreta
3245 2857 3314 2910 ita
3342 2855 3442 2911 dci-

1858 2957 2184 3004 Inoustratur
2210 2948 2504 3019 prophetis,
2534 2949 2669 3003 sicut
2697 2958 2872 3018 potest
2897 2963 3089 3019 capere
3119 2965 3307 3003 sensus
3347 2949 3443 3003 ltu-

1828 3083 1832 3086 .
1860 3056 2071 3104 manus,
2111 3055 2232 3095 cum
2274 3041 2434 3094 etiam
2465 3055 2643 3093 rerum
2675 3040 2989 3116 imaginibus
3018 3041 3070 3094 in
3117 3040 3442 3096 revelatione

1861 3145 2110 3203 tanquam
2141 3132 2318 3188 verbis
2348 3119 2644 3187 instruitur.
2673 3131 2802 3186 Nam
2834 3133 3100 3202 quomodo
3145 3133 3282 3191 Deus
3329 3135 3442 3190 haec

1859 3235 1999 3294 agat,
2028 3224 2223 3292 ubique
2249 3234 2391 3279 totus
2425 3240 2488 3279 ac
2521 3223 3037 3294 semperz'przesens;
3081 3236 3136 3279 et
3173 3227 3441 3295 quomodo

1859 3318 1977 3385 ejus
2006 3318 2302 3386 simplicem
2329 3326 2383 3371 et
2413 3317 2894 3372 incommutabilem
2925 3329 3282 3388 aeternamque
3303 3321 3442 3373 veri-

1861 3419 2021 3466 tatem
2067 3408 2348 3463 consulant
2388 3410 2554 3463 sancti
2579 3410 2786 3479 Augeli,
2818 3426 3109 3480 omnesque
3146 3414 3213 3465 ab
3251 3412 3439 3466 eodem

1863 3503 1972 3558 Deo
2019 3503 2182 3558 creati
2223 3501 2478 3556 sublimes
2519 3509 2574 3555 et
2618 3501 2951 3556 mundissitui
2995 3503 3231 3570 spiritus,
3282 3514 3442 3572 atque

1861 3593 1913 3649 id
1957 3592 2098 3663 quod
2147 3592 2198 3646 in
2236 3583 2302 3647 eo
2349 3592 2674 3661 sempiterna
2711 3592 2914 3662 justum
2942 3593 3142 3657 vident,
3182 3610 3276 3662 pro
3321 3610 3443 3648 con-

1860 3673 2104 3754 gruentia
2152 3669 2352 3738 rerum.
2381 3667 2691 3738 inferiorum
2744 3684 3107 3754 temporaliter
3153 3696 3437 3756 peragant:

1862 3773 2130 3854 quomodo
2155 3775 2316 3829 etiam
2341 3774 2478 3848 lapsi
2504 3775 2742 3844 spiritus,
2765 3776 2855 3846 qui
2881 3776 2934 3830 in
2957 3776 3178 3831 veritate
3205 3793 3308 3832 non
3334 3788 3443 3832 ste-

1864 3874 2062 3936 terunt,
2082 3877 2299 3938 propter
2314 3867 2698 3924 immunditiam
2720 3878 2774 3924 et
2800 3869 3158 3925 inﬁrmitatem
3185 3873 3441 3941 concupi-

1861 3958 2188 4013 scentiarum
2219 3967 2275 4014 et
2313 3974 2588 4029 pteuarum
2628 3975 2841 4015 suarum
2871 3976 2976 4016 non
3020 3963 3258 4018 valentes
3302 3980 3440 4033 pra:-

1863 4047 2069 4108 sentem
2100 4053 2421 4108 intrinsecus
2449 4054 2688 4108 contueri
2732 4063 2786 4108 et
2829 4055 3107 4110 consulere
3141 4057 3440 4123 veritatem,

1863 4145 2011 4215 signa
2048 4143 2345 4199 forinsecus
2383 4160 2479 4213 per
2523 4135 2822 4216 creaturam
2865 4157 3214 4216 exspectent,
3261 4149 3443 4218 eisque

1865 4243 2180 4288 moveantur
2221 4234 2333 4289 sive
2366 4235 2435 4288 ad
2475 4234 2772 4289 faciendum
2801 4224 3027 4306 aliquid,
3068 4237 3180 4291 sive
3223 4238 3290 4292 ad
3336 4255 3440 4294 non

1865 4324 2196 4388 laciendum;
2241 4313 2414 4392 quove
2450 4323 2612 4378 modo
2651 4334 2903 4394 cogantur
2935 4335 3130 4379 aeterna
3175 4327 3307 4396 lege.
3340 4345 3442 4396 qua

1866 4415 2187 4470 universitas
2230 4414 2454 4484 regitur,
2498 4415 2658 4469 vincti
2699 4425 2858 4484 atque
2905 4417 3196 4480 constricti,
3245 4418 3327 4471 vel
3372 4419 3445 4472 si-

1868 4517 2094 4562 oeutem'
2112 4507 2278 4561 Deum
2309 4506 2530 4577 operiri,
2557 4505 2646 4560 vel
2680 4506 2873 4560 cedere
2910 4506 3151 4576 jubenli;
3199 4516 3250 4560 et
3293 4523 3446 4561 com-

1868 4600 2023 4670 plecti
2066 4599 2287 4654 arduum
2307 4641 2331 4659 ..
2353 4607 2408 4654 et
2447 4597 2715 4667 explicare
2750 4597 3113 4669 longissimum
3156 4607 3240 4654 est
3262 4599 3303 4653 ⁸.
3339 4600 3446 4656 Ve-

1867 4708 1991 4746 reor
2013 4700 2190 4746 autem
2225 4706 2291 4746 ne
2316 4691 2414 4745 ista
2442 4691 2552 4759 ipsa
2579 4705 2697 4759 que
2721 4700 2847 4744 sunt
2872 4706 2900 4744 a
2929 4706 3014 4744 me
3041 4690 3203 4757 dicta,
3245 4701 3301 4746 et
3341 4709 3448 4748 uou

1865 4782 2223 4839 satisfecerint
2259 4781 2663 4851 exspectationi,
2691 4789 2746 4835 ct
2787 4781 2943 4835 taedio
2973 4782 3168 4836 fuerint
3195 4784 3440 4853 gravitati

1868 4887 2006 4941 tuaa;
2033 4874 2462 4946 quandoquidem
2485 4887 2604 4928 cum
2632 4882 2686 4927 tu
2711 4889 2776 4928 ex
2801 4873 3047 4929 omnibus
3073 4889 3191 4943 qua:
3220 4876 3448 4930 interro-

1865 4967 1998 5040 gasti
2015 5007 2031 5031 ,
2061 4981 2222 5021 unum
2249 4980 2279 5019 a
2309 4980 2396 5019 me
2423 4964 2651 5019 libellum
2678 4965 2815 5020 mitti
2843 4965 3003 5020 velles
3027 5006 3042 5030 ,
3082 4980 3184 5036 ego
3211 4966 3346 5020 duos
3383 4968 3440 5022 lio

1815 5095 1817 5100 ι
1868 5059 1992 5113 bros
2027 5055 2350 5126 eosdemque
2379 5055 2715 5124 longissimos
2743 5055 2898 5122 misi,
2942 5065 2996 5111 et
3031 5055 3254 5110 fortasse
3294 5073 3445 5126 quae-

1867 5147 2127 5204 stionibus
2159 5145 2262 5200 tuis
2285 5159 2618 5214 nequaquam
2666 5145 2944 5216 diligenter
2971 5145 3328 5216 expediteque
3355 5164 3441 5203 re-

1932 5304 1953 5366 ιί
1977 5301 2106 5364 Apud
2129 5307 2203 5366 Er.
2229 5298 2376 5363 Lugd.
2400 5306 2518 5349 Ven.
2561 5306 2613 5350 et
2651 5305 2759 5350 Lov.
2785 5301 2988 5366 quagstio
3008 5307 3149 5350 sexta
3172 5313 3269 5366 non
3306 5313 3452 5366 sepa-

1864 5360 2057 5426 ratim—3
2078 5365 2244 5426 quinta
2261 5360 2511 5426 tractatur.
2535 5369 2621 5426 l_‘t‘0
2644 5376 2668 5414 ε.
2681 5370 2752 5412 De
2763 5360 2940 5426 spiritu
2969 5375 3080 5413 vero
3100 5360 3454 5426 mendacitfle-

1865 5422 2319 5489 giutrgsiuipliciter,
2345 5432 2416 5474 De
2436 5422 2610 5485 spiritu
2629 5422 2890 5489 mendacii,
2915 5431 3144 5489 totusque
3166 5423 3311 5489 liber,
3336 5422 3452 5474 eon-

1861 5485 2043 5550 functis
2061 5485 2230 5550 quinta
2252 5493 2492 5550 sextaque
2513 5487 2878 5548 qttzestiouibus,
2903 5485 3120 5550 quinque
3141 5485 3300 5536 solum
3319 5501 3452 5550 quat:-

1866 5547 2052 5598 stiones
2071 5547 2454 5610 comprehendit.
2521 5547 2576 5596 IlI.

1932 5613 1951 5640 ³
1975 5611 2048 5659 sic
2070 5609 2257 5660 MssJAt
2279 5609 2417 5668 editi,
2434 5622 2523 5670 pro
2544 5622 2638 5672 sua,
2655 5615 2974 5672 perversitate.

1933 5672 1953 5703 ³
1979 5678 2040 5720 Ita
2065 5671 2281 5720 melioris
2302 5669 2556 5722 noue'ntss.
2583 5669 2700 5720 Editi
2721 5679 2904 5732 autem,
2929 5669 3200 5732 vel-cmch
3227 5675 3451 5732 Detrime-

1869 5745 1996 5802 mrt,
2015 5731 2088 5803 vel
2111 5738 2284 5783 cedere
2296 5733 2540 5794 jubenttet
2562 5730 2857 5795 compellenti
2869 5744 2888 5794 ;
2908 5731 3118 5782 arduum
3139 5738 3183 5782 et
3205 5730 3452 5796 explicare

1868 5807 2191 5857 w'tgtssunum
2213 5808 2297 5845 est.
