3956 6562
533 435 631 489 HT
1270 428 1360 484 DE
1400 428 1576 484 OCTO
1617 425 1907 483 DULClTll
1946 420 2486 490 QUIESTlONIBUS,
2526 420 2581 475 S.
2621 416 2982 475 AUGUSTINI
3729 417 3814 474 “8

533 543 747 614 spondi.
766 543 1118 611 Quamobrem
1138 556 1323 612 preces
1352 551 1468 596 tuas
1491 555 1589 610 pro
1609 539 1797 595 erratis
1818 537 1951 593 meis
1970 536 2112 592 mul-
2219 548 2383 603 opere
2421 540 2563 587 tuam
2605 531 3009 594 brevissimam,
3037 526 3129 583 sed
3161 524 3561 597 gravissimam
3603 525 3769 597 ﬂagito
3798 548 3812 593 ;

537 647 619 689 tas
644 644 697 689 et
726 633 965 689 assiduas
1001 641 1127 707 peto
1168 632 1283 688 ﬂeri
1337 649 1351 687 :
1391 631 1706 686 sententiam
1748 644 1873 685 vero
1900 627 1977 685 de
2011 627 2113 682 hoc
2220 634 2274 680 et
2296 625 2419 679 dum
2443 625 2510 679 sit
2536 624 2809 678 verissima
2831 664 2845 688 ,
2874 619 3276 677 severissimam
3311 631 3425 671 non
3458 632 3672 673 recuso.

1680 898 2733 1034 ADMONITIO

1237 1115 1321 1178 IN
1360 1114 1661 1178 LIBRUM
1700 1114 1806 1174 DE
1848 1110 2054 1175 OCTO
2094 1110 2441 1173 DULClTll
2484 1109 3104 1184 QUIESTIONIBUS.

552 762 3814 825 Μ

1990 1288 2361 1346 suam

632 1428 709 1484 De
737 1428 964 1483 Dulcitio
993 1430 1251 1499 primum,
1293 1430 1383 1500 qui
1420 1430 1538 1486 libri
1569 1429 1727 1499 hujus
1750 1430 2018 1487 scribendi
2046 1439 2412 1499 argumentum
2447 1428 2744 1500 Augustino
2771 1428 3021 1498 praebuit,
3064 1428 3192 1482 nulli
3228 1427 3550 1483 dubitamus
3576 1428 3696 1497 quin
3730 1428 3802 1484 ille

551 1520 666 1591 ipse
694 1521 763 1575 sit
789 1520 1029 1576 tribunus
1053 1530 1106 1574 et
1136 1521 1373 1575 notarius
1400 1521 1451 1574 in
1484 1521 1617 1577 libro
1640 1523 1676 1576 2
1716 1521 2198 1585 Retractationum,
2236 1537 2354 1590 Cap.
2385 1522 2474 1585 59,
2511 1523 2772 1586 laudatus,
2801 1522 2888 1591 qui
2921 1521 3133 1576 circiter
3170 1537 3389 1576 annum
3422 1520 3550 1585 420,
3578 1520 3721 1575 sicuti
3747 1536 3800 1575 ex

550 1613 740 1668 eodem
770 1613 889 1668 loco
919 1612 1248 1683 intelligitur,
1278 1612 1329 1666 in
1356 1612 1533 1667 Africa
1562 1613 1786 1683 agebat,
1817 1613 1954 1667 datis
1979 1612 2046 1667 ab
2072 1612 2393 1681 imperatore
2423 1613 2657 1667 llonorio
2687 1622 2869 1667 contra
2900 1612 3201 1666 Donatistas
3230 1612 3451 1682 legibus
3477 1612 3803 1680 exsequendis

546 1705 851 1776 prmfectus.
880 1706 963 1761 Ad
988 1706 1256 1772 eumdem,
1286 1723 1406 1763 cum
1433 1707 1644 1762 edoceri
1673 1717 1892 1777 cuperet
1908 1706 2046 1777 quid
2076 1707 2340 1761 haereticis
2368 1707 2472 1760 illis
2498 1706 2806 1775 responderi
2836 1713 3138 1774 Oporteret,
3180 1706 3393 1774 scripta
3424 1704 3526 1758 fuit
3550 1703 3799 1773 Augustini

550 1796 777 1864 epistola
802 1795 945 1863 204,
970 1796 1055 1851 cui
1087 1794 1303 1862 titulus,
1342 1816 1361 1849 ε
1390 1798 1614 1852 Domino
1643 1797 1839 1851 eximio
1858 1839 1870 1862 ,
1907 1808 1961 1852 et
1990 1796 2286 1867 honorabili
2316 1797 2421 1850 tilio
2452 1798 2706 1861 Dulcitio,
2739 1815 2758 1848 ι
2794 1796 3097 1866 prmligitur.
3132 1796 3498 1851 Mercator-em
3527 1810 3707 1865 porro,
3731 1796 3799 1848 cui

550 1903 648 1958 per
671 1887 921 1943 Albinum
953 1888 1207 1943 Romana:
1248 1890 1500 1944 Ecclesiae
1529 1889 1831 1960 acolythum
1872 1903 1937 1944 ex
1972 1887 2147 1942 Africa
2195 1888 2613 1957 proficiscentem
2660 1888 2892 1950 litteras,
2939 1887 3040 1941 hoc
3076 1887 3128 1939 in
3170 1901 3345 1955 opere
3386 1886 3454 1940 ad
3485 1888 3800 1955 quatstionem

550 1982 588 2037 ‘5
611 1980 819 2045 citatas,
847 1982 995 2036 misit
1020 1982 1366 2051 Augustinus,
1398 1981 1624 2035 Dulcitio
1651 1981 1984 2034 notissimum
2019 1978 2305 2035 credebat:
2340 1980 2682 2034 Laurentium
2714 1994 2870 2043 vero,
2905 1978 2989 2032 cui
3017 1978 3164 2031 urbis
3195 1978 3394 2032 Romze
3425 1977 3716 2047 primicerio
3732 1977 3797 2031 in-

551 2073 804 2128 scribitur
827 2073 1035 2129 libellus
1060 2072 1233 2128 dictus
1258 2073 1625 2138 Eucliiridion,
1660 2073 1867 2127 Dulcitii
1908 2071 2127 2126 fratrem
2182 2072 2266 2125 hic
2296 2071 2363 2124 ad
2392 2072 2735 2140 quaestionem
2765 2072 2790 2124 1
2827 2069 3159 2139 respondens
3184 2070 3455 2139 appellat.

624 2163 740 2217 Jam
764 2163 833 2219 de
853 2163 1223 2233 subsequentis
1250 2164 1429 2233 operis
1452 2172 1627 2225 relate,
1657 2162 1707 2216 id
1735 2163 1952 2217 omnino
1979 2170 2220 2228 constat,
2257 2160 2458 2215 editum
2486 2176 2604 2216 esse
2629 2170 2752 2230 post
2777 2159 2972 2215 Christi
3014 2175 3212 2212 annum
3248 2159 3382 2225 419,
3417 2160 3527 2213 imo
3557 2166 3667 2228 post
3690 2155 3797 2231 42ος

552 2255 983 2326 quandoquidem
1006 2259 1202 2311 citatus
1227 2256 1279 2309 in
1309 2256 1643 2326 lquzestione
1667 2254 1799 2309 liber
1812 2254 2153 2309 Enchiridion
2181 2268 2322 2306 anno
2368 2253 2466 2324 (uti
2491 2270 2587 2306 suo
2613 2254 2802 2307 dicturi
2833 2268 3016 2309 sumus
3044 2254 3205 2321 loco),
3239 2271 3348 2307 non
3379 2254 3530 2323 prius
3553 2252 3643 2306 421
3668 2248 3798 2319 prod-

554 2344 634 2398 iit.
695 2344 852 2399 Aliud
900 2345 1061 2400 etiam
1088 2360 1193 2399 non
1221 2344 1397 2399 minus
1423 2346 1607 2414 liquet,
1640 2345 1929 2413 perfectum
1957 2345 2161 2399 scilicet
2190 2342 2352 2397 fuisse
2377 2343 2648 2412 aliquanto
2675 2353 2801 2399 ante
2837 2360 3034 2398 annum
3063 2345 3198 2409 450;
3229 2344 3437 2414 quippe
3480 2357 3599 2397 cum
3642 2340 3685 2393 in
3712 2337 3797 2392 Re-

555 2436 927 2490 tractationum
958 2436 1107 2491 libris
1133 2450 1276 2489 anno
1304 2434 1414 2490 fere
1442 2435 1544 2489 427
1574 2435 1832 2490 absolutis
1854 2442 2217 2489 recenseatur.
2243 2433 2578 2502 Quapropter
2605 2433 3043 2509 haudi‘mmcrito
3083 2443 3313 2488 censent
3338 2430 3697 2501 corrigendam
3729 2427 3797 2480 hic

556 2526 609 2579 in
632 2525 851 2580 exordio
872 2526 1236 2594 consignatam
1264 2525 1499 2594 (tametsi
1528 2524 1740 2579 codices
1764 2524 1944 2579 excusi
1970 2534 2025 2580 et
2048 2524 2228 2593 scripti
2259 2524 2499 2579 eamdem
2523 2540 2709 2580 omnes
2738 2524 2987 2595 habeant)
3020 2536 3196 2580 notam
3222 2526 3528 2589 Paschatis,
3552 2523 3688 2592 cujus
3712 2520 3795 2574 Do-

557 2613 809 2666 minicum
839 2627 905 2666 eo
930 2627 1071 2666 anno
1098 2627 1204 2681 quo
1232 2613 1422 2669 librum
1456 2613 1596 2668 hunc
1621 2614 1959 2668 concinnavit
1982 2614 2328 2683 Augustinus,
2367 2615 2418 2668 in
2450 2616 2660 2669 tertium
2690 2616 2937 2670 calendas
2962 2618 3143 2686 aprilis
3167 2617 3430 2672 incidisse
3460 2616 3646 2669 ferunt.
3670 2611 3717 2666 ld
3738 2612 3795 2663 si-

555 2701 768 2771 quidem
799 2716 892 2771 per
917 2702 1276 2771 episcopatum
1309 2703 1589 2773 Augustini
1630 2720 1736 2759 non
1766 2706 1985 2776 contigit
2012 2721 2268 2775 unquam,
2297 2707 2397 2761 nisi
2424 2709 2576 2767 annis
2604 2708 2707 2764 H9
2732 2718 2786 2763 et
2813 2709 2939 2774 430,
2967 2712 3157 2779 quibus
3186 2711 3333 2764 istud
3356 2709 3662 2779 Opusculum
3686 2704 3793 2758 assi-

555 2794 704 2861 gnari
732 2807 836 2846 non
863 2807 1019 2862 posse
1039 2792 1193 2848 facile
1219 2793 1582 2849 concedimus.
1613 2795 1726 2849 Erit
1746 2795 1905 2865 igitur
1929 2810 2025 2865 pro
2052 2796 2117 2849 lli
2143 2795 2246 2850 cal.
2274 2796 2574 2867 legendum,
2600 2810 2655 2852 ut
2675 2798 2889 2868 quidam
2912 2800 3114 2865 volunt,
3147 2799 3240 2853 Vll
3262 2799 3371 2855 cal.
3402 2798 3601 2867 aprilis,
3621 2803 3672 2848 ut
3688 2804 3793 2861 opus

557 2884 625 2937 ad
644 2882 749 2937 422
767 2898 964 2936 annum
994 2883 1285 2949 pertineat;
1316 2894 1409 2939 aut
1445 2894 1593 2941 certe
1617 2886 1982 2956 reponendum
2017 2885 2089 2942 XI
2114 2887 2215 2942 cal.
2247 2888 2448 2957 aprilis,
2480 2904 2587 2959 quo
2625 2889 2712 2945 die
2738 2890 2943 2946 Pascha
2982 2906 3123 2947 anno
3147 2891 3258 2947 425
3299 2891 3623 2946 celebratum
3649 2901 3675 2939 a
3701 2884 3793 2953 qui-

556 2975 780 3031 busdam
807 2974 1116 3030 Latinorum
1141 2975 1306 3031 fuisse
1330 2976 1521 3032 asserit
1542 2976 1855 3034 Eucherius.

637 3110 721 3168 In
747 3108 977 3172 librum
1003 3110 1081 3173 dc
1110 3118 1255 3173 octo
1279 3112 1539 3175 Dulcitii
1572 3112 2071 3191 Qumstionibus,
2102 3115 2242 3179 cide
2268 3116 2377 3179 lib.
2399 3115 2471 3189 2,
2506 3135 2641 3195 cap.
2677 3116 2780 3188 65,
2812 3117 3402 3190 Retractationum,
3442 3123 3584 3175 tam.
3612 3112 3663 3183 1,
3692 3106 3785 3169 col.

556 3214 700 3290 656,
732 3236 772 3278 α
804 3215 1008 3280 verbis
1030 3262 1046 3285 .
1075 3218 1269 3279 Liber
1294 3236 1490 3298 quem
1518 3219 1875 3299 pernotavi,
1906 3238 2099 3300 usque
2122 3220 2204 3283 ad
2229 3220 2433 3289 verba,
2466 3221 2586 3281 Fili
2614 3220 2871 3282 Dulciti.
3037 3220 3124 3280 M.

572 3415 3765 3481 Ἥ

693 3470 843 3480 ψ
1015 3471 1125 3481 -——'
1146 3472 1591 3481 ἡ*
1619 3474 2215 3484 Wo»
3388 3467 3554 3480 ﬂ

1015 3471 1591 3481 ,κω-η’...-

1084 3474 3331 3732 ὲῖ-ᾸῖῑῆἓῖἷῖἈυρυδΤΙΝΙ

1552 3816 2313 3900 HIPPONENSIS
2348 3820 2877 3906 EPISCOPI

1810 4015 2048 4127 DE
2125 4015 2584 4128 OCTO

956 4237 1844 4390 DULCITII
1932 4238 3463 4422 QU/ESTIONIBUS

1746 4486 1751 4489 ’
1861 4503 2136 4597 ‘itiber
2182 4526 2402 4601 unus
2428 4491 2573 4629 (α),

1956 4676 2428 4735 ί-Ὀίἷῦθῆ

634 4818 941 4906 Prien-rio.
967 4815 1230 4906 Quantum
1251 4814 1382 4869 mihi
1410 4814 1990 4906 videtur.dilectissime
2016 4816 2030 4847 ¹
2065 4816 2138 4871 iiIi
2253 4826 2409 4880 tertio
2431 4829 2682 4885 calendas
2709 4832 2912 4901 aprilis,
2938 4848 2969 4888 a
3003 4832 3321 4906 Carthagine
3353 4832 3482 4889 mihi
3518 4829 3690 4885 missas
3714 4820 3787 4874 lit-

566 4905 890 4972 l)ulciti,non
912 4904 1114 4959 tardavi
1139 4908 1461 4973 respondere
1485 4904 1985 4973 interrogationibus
2015 4906 2137 4961 tuis.

2253 4928 2391 4974 teras
2423 4930 2524 4975 tum
2543 4922 2842 4979 dilectionis
2868 4926 3068 4995 accepi.
3097 4927 3223 4981 Post
3242 4942 3335 4983 eos
3358 4934 3527 4978 autem
3555 4919 3660 4974 dies
3680 4925 3781 4967 san-

564 5001 663 5053 l‘cr
678 4997 879 5053 Pascha
904 4997 1097 5067 quippe
1119 4997 1219 5052 hoc
1234 5012 1394 5062 anno,
1423 5011 1528 5066 quo
1549 4997 1888 5051 Dominlcus’
1905 4997 2019 5066 ejus
2043 4997 2141 5052 fuit
2204 5005 2207 5009 '

2259 5022 2374 5067 ctos
2415 5014 2695 5070 confesum
2732 5016 3100 5088 Carthaginem
3144 5034 3259 5075 sum
3301 5017 3597 5090 profectus:
3633 5010 3681 5062 in
3703 5014 3783 5072 0"“

1790 5121 2049 5158 ADIONITIO
2079 5123 2152 5157 PP.
2187 5122 2608 5158 BENEDICTINORUII.

624 5191 738 5239 IIuic
752 5188 817 5238 de
840 5198 948 5240 octo
963 5189 1148 5240 Dulcitii
1164 5188 1832 5251 Quastiouibusemendando
1854 5189 1976 5239 libro
1992 5190 2189 5251 adhibiti
2212 5200 2324 5240 sunt
2343 5199 2539 5240 veteres
2557 5191 2763 5240 Vaticani
2792 5198 2895 5241 tres
2916 5192 3045 5251 libri,
3067 5194 3385 5244 Corbeienses
3403 5191 3510 5249 duo,
3522 5183 3703 5251 totidetlI
3723 5175 3784 5251 νβ’

558 5251 747 5323 (τινυι-ἰιξί,
771 5252 939 5324 codex_
951 5253 1150 5324 Regius,
1164 5251 1465 5324 sorbonicus,
1484 5249 1808 5324 Floriacensis,
1836 5250 2152 5324 Miichaelinus,
2174 5260 2225 5302 et
2240 5266 2367 5301 unus
2388 5251 2610 5302 Ecclesizc
2634 5254 2985 5324 Iauduuensis;
3014 5249 3249 5324 lectiones
3264 5258 3406 5324 etiam
3426 5249 3783 5324 variaptesﬂij;

560 5296 885 5379 "musaea;
896 5296 1499 5379 "asigtsg’ii‘sgi“¢a5iaagg
1516 5296 1808 5379 gaudeas;
1821 5296 2690 5379 enim;iisin}."tiaris:
2698 5296 2754 5364 ἷιῑ
2763 5296 3248 5379 ὦῖἰῖέιίεᾘιὶῖἷιῖ
3266 5296 3534 5377 mima;
3544 5304 3716 5358 Joannis
3731 5296 3782 5345 (ιθ

561 5374 843 5433 Amerbach,
865 5371 1099 5423 Desidet-ii
1121 5371 1314 5434 Erasmi,
1341 5381 1392 5424 et
1411 5371 1764 5437 Theologortun
1790 5374 2168 5423 Lovaniensium.

640 5453 1151 5534 Comparat't'mus
1169 5467 1468 5536 praeterea
1495 5474 1593 5516 eas
1624 5475 1828 5517 omnes
1856 5456 2153 5519 editiones
2181 5459 2364 5521 initio
2401 5461 2566 5520 Rctr.
2594 5467 2647 5518 r!
2670 5455 2983 5526 Confass.,
3009 5470 3051 5521 ι.
3090 5462 3145 5529 1,
3172 5464 3542 5521 memoratas.
3637 5444 3706 5507 Μ.

626 5579 641 5641 ἦ
673 5577 857 5641 Aliquot
877 5584 1004 5638 διεδ,
1026 5577 1315 5641 dulcissime.

624 5640 647 5703 Ἴ
670 5645 717 5703 {ll
741 5637 988 5703 plerisque
1011 5648 1139 5699 Mss,
1168 5638 1481 5703 Danuuium.

625 5698 701 5760 (ο)
721 5698 932 5766 Scriptus
953 5702 1077 5754 forte
1099 5698 1178 5753 an.
1205 5701 1314 5763 422,
1336 5709 1419 5751 aut
1442 5699 1549 5750 423.
