3942 6416
151 365 226 422 η,
1547 353 1750 408 LIBER
1790 354 1990 411 unus.

152 479 330 535 civitate
349 473 474 528 nihil
506 485 594 525 me
621 471 842 525 dictare
870 470 1111 538 permisit
1135 467 1554 534 occupationum,
1585 481 1704 535 qum

157 571 219 624 ibi
252 581 342 620 non
380 570 546 634 potest
569 559 792 623 deesse,
819 559 992 613 nimia
1021 556 1315 611 multitudo.
1347 554 1452 610 Sed
1503 565 1712 624 postea...

154 673 289 728 quam
331 653 443 708 inde
495 664 782 720 regressus
827 664 986 712 sum,
1041 645 1266 716 peractis
1313 644 1453 714 apud
1503 654 1715 699 nostros

151 744 416 816 quindecim
443 741 664 805 diebus,
695 739 790 808 qui
819 754 909 794 me
940 747 1063 807 pust
1087 736 1377 790 absentiam
1407 736 1713 790 diuturnam

147 851 310 892 curare
346 834 449 887 alia
478 823 864 899 compulerunt
904 829 1059 898 (nam
1079 836 1196 896 post
1217 835 1324 880 tres
1354 841 1568 881 menses
1594 825 1718 880 red-

146 929 211 980 ire
253 923 544 996 permissus
586 919 777 990 sum);
821 919 1124 972 rescribere
1151 917 1251 970 ista
1295 930 1402 970 non
1429 915 1638 982 distuli,
1662 923 1718 969 et

143 1019 231 1071 abs
265 1027 314 1069 te
347 1013 530 1068 missis
561 1009 972 1082 quaestionibus,
999 1023 1119 1078 quae
1160 1024 1190 1062 a
1241 1022 1327 1062 me
1370 1022 1466 1076 per
1507 1007 1715 1062 diversa

145 1107 370 1176 opuscula
423 1120 550 1159 mea
600 1104 713 1173 jam
765 1103 976 1156 fuerant
1024 1109 1382 1172 pertractatas,
1407 1115 1475 1154 ex
1513 1099 1731 1154 eisdem~~

143 1195 388 1266 optscalis
417 1193 658 1249 reddere
686 1191 767 1246 vel
809 1191 1134 1246 solutionem
1164 1189 1248 1242 vel
1275 1198 1422 1243 certe
1449 1188 1713 1258 discepta:

141 1289 316 1342 tionem
342 1300 547 1340 meam.
575 1283 814 1348 Denique
838 1279 965 1334 illud
996 1277 1390 1342 tantummodo,
1409 1278 1496 1331 ubi
1521 1277 1716 1347 quaeris

136 1392 286 1445 quare
311 1375 512 1429 dixerit
543 1373 809 1427 Dominus
838 1369 1086 1424 nimirum
1121 1368 1372 1439 praescius
1396 1368 1732 1433 futurorum,

138 1463 271 1536 Elegi
301 1463 466 1517 David
503 1461 785 1516 secundum
823 1475 911 1512 cor
956 1475 1123 1512 meum
1155 1456 1250 1529 (lli
1300 1455 1428 1527 Reg.
1465 1455 1729 1526 vm,16),

136 1572 248 1610 cum
275 1555 370 1610 ille
409 1555 536 1607 talia
574 1562 632 1606 et
674 1561 820 1606 tanta
849 1549 1194 1612 commiserit,
1222 1547 1308 1600 ubi
1351 1545 1712 1611 tractaverim,

139 1660 189 1705 et
215 1648 479 1718 quomodo
530 1646 585 1699 id
631 1643 996 1713 exposuerim,
1030 1655 1133 1692 non
1187 1637 1329 1707 potui
1380 1639 1635 1707 reperire,
1661 1645 1716 1691 et

137 1751 299 1794 utrum
323 1738 396 1792 sit
435 1739 490 1791 in
519 1736 701 1805 aliquo
723 1733 858 1788 libro
887 1746 1009 1786 meo
1037 1731 1118 1784 vel
1149 1727 1372 1796 epistola
1404 1727 1604 1789 nescio.
1636 1727 1715 1781 Ac

140 1847 226 1900 per
265 1830 365 1883 hoc
390 1825 645 1898 quoniam
684 1823 814 1876 mibi
845 1822 910 1876 de
952 1823 1053 1874 hoc
1095 1817 1316 1874 intulisti
1347 1832 1497 1870 novre
1526 1815 1713 1884 dispu-

139 1919 343 1974 tationis
371 1915 769 1978 necessitatem,
801 1913 852 1966 in
881 1911 983 1964 bac
1010 1925 1127 1963 mea
1160 1907 1509 1976 rescriptione
1545 1905 1596 1960 id
1628 1906 1713 1959 ul-

141 2011 322 2064 timum
347 2007 472 2069 ieci,
500 2006 647 2074 prius
675 2003 854 2056 volens
881 2016 950 2055 ea
987 2014 1182 2068 ponere
1207 2014 1328 2068 qua:
1371 1997 1626 2051 habebam
1659 1996 1716 2050 in

147 2099 267 2152 aliis
296 2097 432 2152 meis
458 2093 801 2148 voluminibus
835 2099 1129 2161 praeparata
1155 2107 1168 2143 :
1198 2098 1380 2144 utnec
1408 2088 1584 2142 studio
1608 2097 1713 2142 tum

149 2188 443 2244 sanctitatis
487 2185 776 2249 deessetn‘,
820 2182 960 2253 quod
1014 2182 1143 2236 tttilti
1189 2191 1274 2237 est
1319 2181 1708 2250 gratissimum;

143 2294 242 2334 nec
259 2279 365 2331 alio
388 2276 551 2331 modo
568 2275 748 2331 eadem
776 2273 956 2329 dicere
985 2287 1226 2341 cogerer,
1249 2272 1389 2342 quod
1421 2272 1551 2325 mihi
1570 2280 1713 2327 esset

141 2367 622 2430 laboriosissimum,
656 2379 753 2418 nec
773 2375 824 2417 te
851 2364 1028 2433 aliquo
1048 2362 1273 2432 amplius
1297 2361 1592 2432 adiuvaret.

143 2461 375 2528 Quarto
411 2475 589 2513 ratu.
621 2486 698 2497 —
729 2457 810 2510 An
836 2455 1076 2527 baptizati
1091 2463 1373 2522 peccatores
1394 2453 1576 2508 exituri
1611 2453 1711 2506 sint

207 2554 262 2606 de
283 2554 526 2622 gehenna.
563 2550 732 2604 Locus
761 2547 994 2618 Apostoli
1017 2546 1230 2617 difficilis
1254 2546 1386 2601 male
1409 2544 1706 2600 intellectus.

209 2644 464 2714 Rcfutatur
490 2644 663 2710 opinio
707 2639 1100 2695 edstimantium
1143 2639 1296 2706 fidem
1335 2639 1452 2692 sine.
1475 2636 1708 2705 operibus

213 2735 428 2806 prodesse
449 2735 518 2786 ad
543 2734 784 2787 salutent.
814 2730 978 2784 Locus
1006 2730 1252 2800 Apostoli,
1279 2728 1530 2798 quomodo
1555 2728 1705 2781 intel-

215 2825 442 2895 ligendus.
465 2824 610 2876 Alius
637 2821 871 2890 Apostoli
893 2820 1033 2872 locus
1061 2823 1249 2890 frustra
1267 2817 1330 2870 ab
1354 2819 1416 2871 iis
1437 2818 1705 2882 adductus,

215 2917 286 2984 qui
324 2916 466 2985 ﬁdem
502 2914 617 2967 sine
661 2911 897 2981 operibus
935 2910 1129 2962 salvare
1165 2909 1363 2961 docent.
1407 2905 1711 2962 Chanana'te

222 3007 499 3075 ﬁdesquth
541 3005 760 3058 laudata
787 3012 879 3056 est.
912 3001 1106 3071 Opinio
1137 2999 1492 3070 quorumdam,
1535 2999 1708 3066 ﬁdeles

223 3099 485 3166 baptizatos,
509 3094 838 3160 quantumvis
863 3101 1168 3162 peccatores.
1196 3091 1466 3144 salvandos
1493 3106 1602 3144 esse
1621 3105 1709 3158 per

217 3187 377 3254 ignem.
418 3184 563 3256 Ignis
613 3185 865 3254 cujusque
915 3198 1042 3250 opus
1087 3181 1304 3251 probans
1345 3180 1400 3234 in
1449 3180 1545 3234 Itac
1582 3181 1706 3233 vita.

218 3275 526 3346 Pargatorius
551 3277 687 3345 ignis
715 3285 829 3345 post
858 3275 990 3328 hanc
1016 3275 1186 3328 vitam.

218 3373 262 3422 ι.
297 3368 464 3423 Prima
508 3370 692 3436 itaque
735 3365 1027 3435 propositio
1058 3373 1144 3417 tua
1187 3371 1289 3429 est,
1329 3379 1348 3414 t
1397 3360 1582 3418 Utrum
1613 3361 1709 3415 ali-

154 3461 364 3529 quando,
405 3463 488 3530 qui
524 3469 651 3514 sunt
697 3466 817 3525 post
865 3456 1186 3524 Bnptismum
1235 3463 1576 3523 peccatores,
1608 3469 1710 3507 ex-

157 3553 358 3608 cantde
385 3552 641 3619 gebenna.
682 3551 1088 3618 Aliquantorum
1128 3561 1358 3616 namque
1397 3560 1562 3614 super
1583 3544 1704 3610 hoc,

155 3643 339 3712 inquis,
374 3643 574 3698 diversa
613 3639 883 3696 sententia
921 3647 1035 3703 est,
1075 3636 1508 3706 respondentium
1530 3677 1543 3695 .
1571 3635 1710 3689 sicut

140 3732 393 3801 hastarum
426 3732 730 3800 premium,
767 3731 839 3783 ita
886 3737 1220 3799 peccatorum
1273 3728 1434 3783 tinem
1475 3727 1706 3780 non-ba-

136 3823 267 3878 bere
298 3831 564 3876 lamenta.
597 3824 922 3876 Assevcrare
963 3821 1168 3874 etenim
1190 3817 1412 3886 cupiunt
1454 3826 1561 3870 tam
1587 3831 1706 3884 per-

137 3924 306 3982 petem
343 3915 620 3969 vindictam
677 3926 926 3974 manere,
963 3925 1119 3978 quam
1179 3909 1476 3978 praemium.
1505 3905 1708 3976 Quibus

136 4013 313 4059 contra
353 4001 712 4074 priscribilur
750 4001 1051 4072 evangelica
1106 4000 1190 4054 illa
1251 3998 1538 4065 sententia,
1585 4013 1705 4067 quze

133 4096 222 4160 ait,
264 4094 376 4148 Non
419 4096 545 4148 inde
582 4093 736 4156 acies,
776 4092 934 4145 donec
981 4091 1163 4144 reddas
1224 4091 1546 4143 nouissimum
1577 4103 1707 4156 qua-

134 4186 348 4238 drantem
391 4184 610 4254 (Matth.
657 4199 708 4247 τ,
744 4182 861 4251 26).
907 4181 1160 4250 Superest
1198 4194 1328 4250 ergo
1363 4189 1419 4232 ut
1445 4178 1548 4233 hoc
1583 4177 1706 4232 red-

131 4275 235 4330 dito
271 4278 434 4345 possit
473 4276 646 4330 exire.
689 4273 970 4327 Credimus
1009 4271 1111 4325 boc
1153 4281 1206 4325 et
1235 4269 1476 4339 Apostoli
1519 4267 1709 4322 delini-

128 4368 265 4422 tioue
297 4367 524 4421 dicentis
549 4407 565 4429 ,
604 4363 727 4434 Ipse
759 4372 923 4416 autem
949 4362 1116 4415 salvus
1138 4361 1254 4423 erit,
1275 4361 1348 4414 sic
1367 4368 1532 4413 tamen
1556 4359 1702 4428 quasi

127 4474 215 4524 per
249 4459 408 4528 ignem
448 4455 502 4528 (l
543 4454 663 4509 Cor.
701 4469 780 4518 ιιι,
811 4454 924 4521 15).
967 4452 1070 4508 Sed
1107 4451 1359 4522 quoniam
1407 4449 1534 4516 alibi
1569 4449 1704 4518 legi-

124 4564 270 4612 mus,
335 4548 547 4616 inquis,
583 4545 653 4598 Et
706 4561 805 4597 non
858 4544 1082 4612 cognovit
1122 4558 1254 4604 eam,
1297 4539 1455 4594 donec
1514 4539 1706 4610 peperit

120 4636 327 4702 (lauti.
367 4653 404 4703 ι,
431 4635 554 4704 ‘25).
591 4634 733 4704 quod
775 4634 844 4686 ita
875 4632 1207 4701 interpretari
1230 4646 1337 4685 non
1380 4644 1697 4700 possumus;

120 4729 315 4784 idcirco
345 4730 414 4784 de
455 4729 560 4782 hoc
598 4728 840 4796 cupimus
882 4723 990 4776 iicri
1021 4725 1298 4779 certiores.
1333 4741 1355 4776 ι
1385 4721 1499 4776 Huc
1538 4735 1706 4790 usque

119 4831 204 4873 est
225 4822 522 4890 propositio
549 4830 662 4872 tua.

189 4910 243 4962 2.
280 4893 724 4977 Cui—respondeo
759 4923 826 4962 ex
871 4907 1006 4960 libro
1044 4921 1185 4971 meo,
1227 4905 1317 4975 qui
1367 4905 1700 4969 inscribitur,

127 4997 192 5052 de
218 4998 346 5054 Fide
386 5011 440 5056 et
463 5000 749 5069 Operibus,
778 4998 866 5053 ubi
898 4998 964 5052 de
992 4999 1090 5052 hac
1129 5014 1188 5051 re
1213 4997 1280 5050 ita
1312 4997 1520 5050 locutus
1546 5010 1663 5049 sum
1688 5013 1702 5049 :

137 5107 156 5137 ι
199 5088 439 5157 lacubus,
469 5094 704 5159 inquam,
735 5099 838 5142 tam
867 5088 1215 5142 vehementer
1258 5087 1479 5140 infestus
1505 5095 1589 5140 est
1625 5086 1706 5140 eis

135 5183 218 5245 qui
240 5184 448 5250 sapiunt
479 5182 634 5235 (idem
663 5183 777 5234 sine
796 5179 1054 5249 operibus
1086 5177 1263 5232 valere
1282 5177 1349 5230 ad
1377 5176 1624 5240 salutem,
1646 5186 1705 5230 ut

141 5270 253 5322 iilos
289 5273 440 5325 etiam
479 5273 803 5327 daemonibus
837 5279 1136 5338 comparet,
1169 5269 1373 5330 dicens,
1402 5265 1482 5320 Tu
1511 5269 1698 5328 credis.

143 5363 363 5426 quoniam
395 5381 522 5417 unus
558 5375 630 5416 cst
664 5363 825 5418 Deus:
851 5363 980 5417 bene
1024 5361 1180 5431 facis;
1223 5371 1268 5413 et
1306 5360 1558 5412 dwmones
1593 5374 1704 5411 cre-

147 5450 280 5509 dunt,
308 5463 354 5504 et
391 5455 780 5507 contremiscunt.
830 5453 977 5522 Quid
1027 5450 1261 5514 brevius,
1293 5450 1492 5513 verius,
1535 5452 1700 5503 velte-

151 5546 363 5599 martius
383 5547 475 5600 dici
503 5548 688 5615 potuit,
712 5563 828 5602 cum
851 5554 912 5603 et
941 5544 996 5598 in
1027 5542 1316 5612 Evangelio
1346 5541 1582 5611 legamus
1604 5541 1704 5594 hoc

153 5629 333 5688 dixisse
355 5635 623 5701 dtemonia,
649 5650 758 5692 cum
785 5634 1077 5694 Christum
1109 5631 1304 5686 Filium
1347 5632 1434 5686 Dei
1476 5632 1700 5683 confite-

153 5731 336 5788 rentur,
374 5737 422 5781 et
460 5727 526 5782 ab
573 5726 660 5782 illo
692 5729 1107 5799 corriperentur
1156 5722 1346 5796 (Marc.
1395 5739 1430 5791 t,
1460 5723 1550 5787 Sit,
1582 5722 1700 5790 :55),

202 5813 218 5842 ⁸
255 5815 471 5876 Potiorcs
493 5821 634 5891 “55.,
660 5825 866 5878 deesset
881 5864 894 5877 .

3297 365 3426 423 {Str

1823 465 1961 536 quod
2001 468 2053 522 in
2085 467 2224 523 Petri
2252 468 2587 525 confessione
2617 470 2885 530 laudatum
2923 485 3004 530 est
3043 473 3255 550 (Matth.
3283 495 3394 547 xvr,

1825 558 1911 621 l6,
1945 556 2074 627 l7)?
2118 557 2269 623 Quid.
2293 559 2536 628 proderit,
2573 561 2649 615 ait
2694 561 2944 630 Jacobus,
2987 567 3172 636 fratres
3201 572 3315 634 mei,
3353 575 3399 626 si

1823 647 1974 714 ﬁdem
1998 648 2133 701 dicat
2157 664 2211 703 se
2252 649 2363 718 quis
2388 649 2586 717 habcre,
2618 667 2771 722 opera
2817 667 2984 711 autem
3023 675 3125 714 non
3169 660 3347 716 habeat
3367 665 3396 718 1

1825 736 2089 806 Numquid
2115 740 2294 808 poterit
2322 740 2451 808 ﬁdes
2477 742 2672 796 sulcare
2709 759 2822 798 eum
2839 747 2867 802 2
2908 747 3046 802 Dicit
3066 750 3248 818 etiam,
3275 755 3418 821 quia.

1823 829 1948 898 fides
1974 831 2084 884 sine
2109 832 2342 900 operibus
2369 842 2566 888 mortua
2593 844 2666 890 est
2698 834 2897 907 (Jacobi
2927 855 2984 907 tt,
3018 842 3106 906 l9,
3156 845 3242 909 14,
3272 847 3390 916 20).

1821 918 2106 990 Quousque
2133 936 2262 990 ergo
2303 923 2576 990 falluntur,
2606 926 2695 996 qui
2729 927 2798 983 de
2825 928 2928 986 title
2955 943 3162 988 mortua
3188 935 3286 990 sibi
3319 940 3399 992 vi.

1823 1018 1931 1066 tam
1959 1021 2270 1082 perpetuam
2303 1014 2622 1082 pollicentur
2641 1018 2688 1068 τ’

1893 1103 1945 1156 5.
1992 1121 2012 1155 t
2045 1104 2382 1175 Quapropter
2405 1106 2688 1178 diligenter
2716 1119 2928 1180 oportet
2953 1113 3227 1169 attendi-re
3259 1131 3396 1184 quo-

1821 1192 1980 1247 modo
1999 1194 2305 1264 accipienda
2327 1197 2395 1252 sit
2419 1198 2642 1265 apostoli
2665 1199 2812 1254 Pauli
2833 1201 2917 1254 illa
2943 1205 3224 1268 sententia,
3243 1207 3398 1275 plane

1821 1283 1888 1336 ad
1935 1284 2337 1354 intelligendum
2382 1287 2643 1354 difficilis,
2693 1289 2780 1345 ubi
2817 1291 2893 1345 ait
2929 1309 2944 1346 :
2984 1291 3396 1350 Fundamentum

1822 1374 1953 1428 enim
1975 1376 2116 1429 aliud
2138 1392 2282 1430 nemo
2309 1387 2469 1448 potest
2499 1396 2700 1450 ponere,
2718 1391 2902 1450 praeter
2932 1382 2988 1437 id
3009 1385 3147 1453 quod
3177 1387 3398 1456 positum

1821 1474 1914 1528 est,
1941 1467 2075 1535 quod
2101 1475 2176 1520 est
2204 1467 2430 1522 Christus
2466 1469 2634 1524 Iesus.
2671 1470 2733 1526 Si
2767 1472 2879 1539 quis
2920 1482 3088 1528 autem
3115 1477 3398 1548 superadi-

1821 1555 1939 1623 ﬁcat
1964 1571 2116 1623 super
2139 1557 2520 1628 fundantentum
2539 1560 2651 1625 hoc,
2671 1578 2871 1626 aurum,
2896 1575 3182 1634 argentum,
3201 1567 3401 1637 lapides

1820 1645 2083 1714 pretiosas,
2121 1647 2282 1717 ligna,
2314 1651 2505 1719 fenum,
2545 1651 2802 1719 stipulam,
2834 1655 3232 1727 uniuscujusque
3267 1676 3400 1728 opus

1820 1736 2237 1805 ntanifestabitur.
2263 1737 2386 1793 Dies
2411 1742 2545 1795 enim
2569 1742 2862 1810 declarabit,
2889 1746 3012 1814 quia
3037 1747 3090 1800 in
3113 1749 3229 1818 igne
3251 1765 3390 1804 reue-

1820 1826 2022 1892 labitur,
2049 1839 2096 1882 et
2121 1830 2511 1901 uniuscujusque
2537 1848 2666 1902 opus
2703 1835 2850 1901 quale
2887 1837 2955 1889 sit
2980 1838 3112 1907 ignis
3142 1841 3393 1908 probabit.

1821 1915 1884 1971 Si
1908 1919 2056 1988 cujus
2098 1935 2227 1988 opus
2266 1922 2524 1990 manserit,
2555 1923 2690 1994 quod
2729 1928 3171 1996 superadificarit,
3203 1947 3396 1987 mercc-

1819 2005 1934 2060 dem
1973 2008 2206 2078 accipiet.
2253 2011 2314 2066 Si
2358 2013 2518 2080 cuius.
2547 2023 2714 2068 autem
2758 2032 2886 2085 opus
2921 2019 3121 2086 arserit,
3153 2021 3397 2077 damnum

1819 2099 2076 2167 patietur:
2107 2099 2218 2168 ipse
2256 2111 2424 2157 autem
2449 2105 2618 2159 saluus
2649 2106 2763 2170 erit,
2802 2107 2876 2160 sic
2917 2117 3084 2163 tamen
3119 2114 3266 2180 quasi
3307 2129 3404 2180 per

1816 2189 1983 2259 ignem
2013 2189 2066 2261 (l
2093 2191 2210 2246 Cor.
2241 2207 2320 2260 ιιι,
2368 2194 2581 2266 11-15).
2624 2196 2777 2263 Quod
2822 2199 3037 2268 quidam
3081 2202 3152 2256 ita
3199 2203 3398 2258 intelli-

1816 2279 2047 2348 gendum
2075 2290 2283 2349 putant,
2313 2292 2370 2336 ut
2399 2283 2476 2336 illi
2505 2283 2788 2340 videantur
2809 2287 3072 2344 aediﬁcare
3101 2305 3264 2360 super
3292 2292 3404 2348 hoc.

1818 2367 2246 2437 fundamentum,
2285 2386 2496 2438 aurum,
2536 2383 2836 2443 argentum,
2867 2376 3071 2446 lapides
3109 2380 3394 2448 pretiosos,

1815 2459 1907 2528 qui
1930 2459 2054 2514 tidei
2074 2476 2198 2530 qua:
2219 2460 2272 2515 in
2290 2460 2504 2516 Christo
2523 2473 2625 2528 est,
2646 2463 2785 2519 bona
2812 2479 2975 2534 opera
2993 2467 3284 2538 adjiciunt;
3319 2471 3395 2529 illi
3412 2515 3415 2518 -

1815 2557 1992 2604 autem
2021 2549 2222 2618 fenum,
2241 2552 2401 2622 ligna,
2423 2553 2694 2622 stipulam,
2711 2556 2802 2626 qui
2821 2571 2942 2610 cum
2964 2558 3206 2612 eamdem
3233 2559 3400 2618 ﬁdem

1817 2639 2069 2706 habeant,
2089 2642 2230 2697 male
2245 2653 2553 2712 operantur.
2583 2644 2733 2700 Unde
2753 2645 3082 2702 arbitrantur
3108 2663 3206 2720 per
3227 2665 3393 2720 quas-

1815 2728 1938 2784 dam
1981 2723 2172 2800 pinnas
2193 2733 2329 2802 ignis
2345 2749 2442 2788 eos
2468 2749 2622 2804 posse
2645 2737 2860 2807 purgari
2883 2736 2951 2793 ad
2971 2739 3194 2795 salutem
3221 2741 3396 2810 perci-

1815 2819 2064 2889 piendam
2095 2823 2286 2877 merito
2313 2823 2658 2880 fundamenti.

1885 2913 1942 2968 4.
1985 2933 2004 2964 t
2047 2915 2159 2970 lloc
2182 2915 2228 2968 si
2258 2915 2328 2969 ita
2358 2925 2458 2980 est,
2483 2916 2710 2972 fatemur
2750 2918 2881 2974 istos
2923 2918 3171 2973 laudabili
3213 2921 3392 2976 chari-

1816 3009 1926 3060 tate
1951 3005 2155 3071 Conari,
2189 3013 2246 3059 ut
2283 3019 2470 3060 omnes
2501 3006 2790 3072 indiscrete,
2820 3007 3166 3062 admittuntur
3193 3011 3260 3064 ad
3291 3009 3390 3064 Ba-

1815 3096 2090 3165 ptismum,
2138 3111 2247 3151 non
2297 3097 2471 3153 solum
2521 3098 2747 3152 adulteri
2798 3108 2852 3154 et
2900 3098 3175 3166 adulterae,
3205 3112 3414 3159 contra
3486 3085 3490 3088 Α

1814 3188 2130 3242 sententiam
2161 3187 2368 3243 Domini
2395 3189 2556 3243 falsas
2587 3189 2797 3257 nuptias
2835 3189 3263 3260 prmtendentes;
3295 3207 3389 3246 ve-

1814 3291 1932 3331 rum
1970 3276 2130 3330 etiam
2163 3277 2386 3346 publica:
2426 3278 2734 3332 meretrices
2771 3278 2822 3331 in
2856 3280 3158 3348 turpissima
3190 3281 3392 3350 proles-

1814 3368 1968 3422 sione
1992 3376 2420 3438 perseverantes,
2437 3382 2568 3436 quas
2591 3377 2737 3423 certe
2763 3369 2926 3423 etiam
2955 3370 3095 3424 nulla
3120 3372 3394 3442 negligen-

1815 3455 2020 3509 tissima
2073 3455 2307 3510 Ecclesia
2364 3457 2645 3510 consuevit
2687 3457 2990 3523 admittere,
3036 3459 3136 3512 nisi
3183 3461 3251 3514 ab
3303 3461 3390 3514 illa

1815 3549 2059 3619 primitus
2087 3549 2457 3617 prostitutione
2485 3548 2753 3603 liberatas.
2781 3549 2886 3603 Sed
2929 3549 3028 3603 ista
3068 3551 3274 3605 ratione
3297 3567 3392 3606 cur

1815 3655 1922 3695 non
1945 3640 2256 3694 omnimodo
2281 3640 2649 3702 admittuntur,
2679 3641 2895 3694 omnino
2923 3655 3026 3694 non
3056 3641 3230 3696 video.
3261 3642 3392 3709 Quis

1813 3732 1955 3785 enim
1999 3745 2103 3784 non
2149 3731 2295 3784 malit
2319 3746 2410 3786 eas
2456 3731 2629 3799 posito
2678 3730 3048 3804 fundamento,
3078 3732 3200 3788 licet
3226 3733 3389 3803 ligna,

1814 3819 1994 3876 fenum
2019 3828 2074 3875 ct
2095 3820 2341 3890 stipulam
2373 3831 2686 3892 congeram,
2708 3822 2981 3891 aliquanto
3006 3832 3154 3877 certe
3182 3823 3393 3878 diutur-

1813 3913 1966 3968 niore
2015 3913 2136 3983 igne
2183 3913 2415 3982 purgari,
2449 3929 2608 3984 quam
2654 3915 2706 3968 in
2737 3925 2994 3968 mternum
3043 3915 3255 3984 perire?
3295 3917 3390 3971 sed

1814 4003 1944 4058 falsa
1983 4014 2138 4059 erunt
2186 4004 2294 4069 illa,
2324 4021 2442 4075 qua:
2473 4007 2846 4060 obscuritatem
2889 4006 3393 4078 ambiguiuttemque

1813 4109 1918 4147 non
1953 4094 2149 4147 habent
2178 4111 2191 4146 :
2226 4095 2288 4148 Si
2327 4094 2538 4148 habeam
2573 4111 2768 4149 onmem
2798 4096 2970 4165 ﬁdem,
2999 4099 3070 4150 ita
3117 4108 3171 4150 ut
3197 4111 3392 4154 montes

1813 4188 2133 4256 transferam,
2173 4184 2467 4238 charitatem
2508 4196 2672 4238 autent
2716 4202 2815 4238 non
2861 4187 3090 4254 habeam,
3125 4189 3254 4242 nihil
3280 4206 3394 4244 sum

1813 4273 1934 4345 (Id.
1991 4291 2106 4341 xm,
2156 4275 2249 4342 2);
2297 4284 2380 4341 et,
2433 4276 2570 4342 Quid
2621 4276 2873 4346 proderit,
2934 4278 3118 4345 fratres
3175 4280 3293 4344 mei,
3341 4281 3387 4334 si

1813 4367 1965 4435 ﬁdem
2004 4367 2116 4434 quis
2149 4366 2282 4419 dicat
2317 4383 2372 4420 se
2412 4367 2611 4428 habere,
2635 4384 2789 4436 opera
2825 4379 2994 4421 autem
3031 4386 3130 4422 non
3173 4371 3392 4424 habent?

1815 4455 2079 4524 Numquid
2131 4457 2311 4525 poterit
2359 4457 2486 4524 fides
2531 4457 2728 4510 salvare
2761 4459 2920 4510 eum?
2967 4457 3180 4511 Falsum
3211 4460 3313 4512 erit
3340 4471 3396 4514 et

1814 4546 1974 4600 illud:
2021 4545 2196 4600 Nolite
2235 4562 2620 4613 errare;neque
2665 4549 3012 4617 fornicatores,
3043 4565 3200 4618 neque
3243 4549 3395 4604 idolis

1810 4638 2096 4704 servientes,
2138 4653 2297 4705 neque
2339 4638 2492 4705 fures.
2537 4653 2694 4707 neque
2741 4639 2903 4704 avari,
2950 4654 3108 4707 neque
3151 4639 3391 4705 adulteri,

1812 4743 1969 4796 neque
2012 4727 2206 4790 molles,
2253 4743 2408 4796 neque
2450 4728 2787 4780 masculorum
2833 4729 3192 4793 concubitores,
3234 4747 3395 4801 neque

1810 4817 2022 4882 ebriosi,
2074 4833 2230 4887 neque
2279 4817 2529 4876 maledici,
2576 4834 2733 4888 neque
2778 4834 2988 4888 rapaces
3043 4835 3250 4888 regnum
3301 4821 3395 4875 Dei

1812 4905 2132 4976 possidebunt
2155 4905 2264 4976 (Id.
2296 4909 2438 4972 ",9,
2468 4907 2572 4974 10).
2599 4906 2809 4960 Falsum
2841 4908 3040 4961 t-tillud
3067 4926 3081 4962 :
3115 4908 3393 4982 Manifesta

1809 5004 1926 5052 sunt
1953 5012 2106 5066 opera
2135 4998 2323 5062 carnis,
2358 5013 2470 5067 qua:
2495 5009 2610 5050 sunt
2639 4998 3016 5069 fornicationes,
3039 4999 3390 5067 immunditiar,

1809 5087 2142 5158 impudicitia,
2173 5087 2396 5152 luxuria,
2428 5087 2681 5140 idolorum
2724 5089 2959 5154 servitus,
3001 5090 3256 5158 veneficia,
3288 5090 3393 5143 ini-

1810 5179 2032 5244 micitia,
2069 5179 2422 5242 contentiones,
2462 5179 2828 5244 tumulatioues,
2877 5181 3236 5244 animositates,
3287 5182 3389 5234 dis-

1809 5270 2060 5323 sensiones
2083 5309 2096 5331 ,
2125 5268 2336 5322 htereses
2371 5308 2385 5329 ,
2415 5268 2615 5321 invidia:
2632 5308 2646 5331 ,
2675 5268 2952 5334 ebrietates,
2985 5270 3390 5335 comessationes,

1811 5371 1856 5414 et
1883 5362 1958 5414 his
1981 5360 2188 5422 sintilia,
2217 5374 2331 5430 quae
2360 5359 2580 5428 prwdico
2607 5360 2762 5420 vobis,
2786 5361 2915 5414 sicut
2940 5371 2986 5415 et
3010 5361 3242 5430 prtedixi,
3267 5379 3392 5431 quo-
3432 5355 3438 5364 ’
3490 5381 3501 5394 ι

1810 5453 1946 5504 niant
1973 5451 2060 5520 qui
2085 5451 2210 5504 talia
2237 5459 2415 5520 agunt,
2439 5467 2647 5520 regnum
2673 5451 2768 5504 Dei
2793 5467 2893 5506 non
2917 5451 3241 5523 possidebunt
3265 5453 3394 5523 (Ga-

1811 5544 1899 5598 lat.
1924 5559 1979 5608 v,
2002 5543 2213 5614 19-21).
2245 5542 2398 5597 Falsa
2426 5551 2583 5598 erunt
2608 5544 2743 5598 haec.
2766 5542 2822 5598 Si
2850 5544 2993 5598 enim
3026 5543 3390 5598 tantummodo

1807 5634 2029 5690 credant
2059 5643 2115 5690 et
2140 5627 2496 5704 baptizcntur,’
2520 5636 2760 5705 quamvis
2786 5634 2838 5688 in
2865 5633 3017 5688 malis
3047 5633 3240 5688 talibus
3271 5649 3390 5700 per-

1809 5736 2082 5794 severent,
2100 5726 2231 5783 salvi
2252 5736 2411 5782 erunt
2436 5743 2529 5797 per
2554 5729 2728 5798 ignem
2749 5743 2763 5781 :
2782 5736 2938 5794 atque
2959 5724 3081 5780 ideo
3097 5724 3150 5780 in
3166 5724 3388 5783 Christo

1812 5817 2084 5888 baptismi.
2109 5816 2276 5875 etiam
2298 5822 2388 5892 qui
2415 5822 2538 5878 talia
2567 5831 2748 5890 agunt,
2778 5835 2996 5889 regnum
3025 5817 3114 5875 Dei
3149 5818 3385 5890 posside-
